4696 6408
772 316 876 369 235

2072 312 2129 366 S.
2176 310 2459 366 HENRICI
2497 309 2973 365 IMPERATORIS

4168 312 4259 362 236

777 434 934 490 ribus
980 433 1183 489 vestris
1235 434 1358 505 jam
1400 434 1621 490 dudum
1675 450 1778 505 per
1823 433 2146 488 donationis
2199 433 2472 505 paginam
2505 437 2550 488 Α
2587 434 2810 488 soribus
2865 434 3009 504 ejus,
3061 436 3234 502 prout
3288 431 3434 486 boue
3497 431 3776 487 memorie
3839 436 3988 503 pa‘pe
4035 433 4265 488 Iohanni

780 524 1169 587 contulerunt,
1218 523 1328 578 hoc
1349 528 1434 577 est
1480 522 1768 577 civitatem
1823 523 2169 586 Ravennam,
2198 529 2255 576 et
2320 523 2478 576 Emi-

783 614 943 677 liam,
977 613 1243 675 Bobium,
1303 613 1599 678 Cesenam,
1652 613 2083 683 Forutnpopuli,
2130 612 2476 678 Forumlivii,

788 701 1138 768 Faventiam,
1207 702 1463 767 lmolam,
1522 700 1860 768 Bononiam,
1901 700 2241 767 Ferrariam,
2281 701 2480 755 Coma-

786 791 962 856 clum,
989 789 1276 855 Adrianis,
1317 795 1491 860 atque
1530 788 1846 852 Caballum,
1878 804 2006 841 cum
2037 789 2305 842 omnibus
2349 789 2479 842 fini-

786 876 914 945 bus,
937 877 1245 931 territoriis
1273 883 1442 948 atque
1473 876 1675 930 insulis
1704 884 1853 930 terra
1883 877 2144 947 marique
2174 878 2243 931 ad
2279 894 2480 947 supra-

789 965 969 1020 dictas
1010 966 1267 1020 civitates
1305 965 1744 1036 pertinentibus,
1791 965 1962 1018 simul
1989 970 2047 1019 et
2100 966 2479 1036 Pentapolim,

787 1054 1053 1108 videlicet
1101 1054 1446 1120 Ariminum,
1506 1054 1878 1120 Pensaurum,
1941 1052 2181 1120 Fanum,
2215 1054 2484 1123 Senogal-

788 1142 946 1208 liam,
1004 1146 1317 1202 Anconam,
1369 1142 1689 1208 Ausimum,
1733 1142 2077 1205 Humanam,
2111 1142 2329 1210 Hesim,
2382 1144 2481 1196 l-‘o-

789 1230 1239 1299 rumsimpronii,
1295 1230 1716 1295 Montemfeltri,
1780 1228 2097 1295 Urbanum,
2151 1238 2208 1283 et
2250 1231 2478 1285 territo-

788 1318 936 1371 rium
1007 1316 1354 1382 Balvensem,
1407 1317 1577 1371 Callis
1630 1319 1694 1383 ³⁸,
1732 1316 1997 1378 Luciolis,
2032 1323 2089 1370 et
2133 1318 2479 1387 Eugubium,

784 1420 911 1457 cum
947 1404 1213 1457 omnibus
1243 1404 1456 1457 tinibus
1486 1419 1549 1457 ac
1581 1404 1888 1457 territoriis
1937 1404 2009 1458 ad
2060 1406 2291 1459 easdem
2338 1405 2483 1459 civi-

784 1497 925 1546 tates
954 1490 1395 1562 pertinentibus.
1457 1492 1664 1546 Eodem
1711 1492 1885 1546 modo
1932 1493 2287 1547 territorium
2327 1494 2483 1548 Sabi-

783 1596 977 1643 nense,
1007 1579 1152 1633 sicut
1182 1594 1216 1633 a
1238 1579 1509 1649 predictis
1553 1580 1997 1649 imperatoribus
2031 1583 2481 1636 antecessoribus

780 1668 988 1722 nostris
1029 1666 1195 1721 beato
1222 1669 1386 1722 Petro
1434 1670 1693 1738 apostolo
1719 1684 1822 1738 per
1846 1668 2175 1722 donationis
2203 1671 2480 1739 scriptum

782 1769 1111 1809 concessum
1154 1760 1240 1809 est
1295 1755 1400 1809 sub
1439 1756 1789 1826 integritate,
1822 1756 1878 1810 id
1909 1761 1994 1810 est
2059 1755 2106 1792 ³⁸
2137 1757 2194 1810 in
2223 1758 2481 1828 partibus

779 1842 976 1896 Tuscia
1048 1843 1554 1913 Langobardorum
1632 1844 1933 1897 castellum
1999 1844 2322 1909 Felicitatis,
2387 1847 2483 1901 Ur-

776 1930 1184 1997 bemveterem,
1245 1932 1523 1985 Balneum
1581 1932 1773 2001 Regis,
1838 1932 2081 1998 Ferenti,
2143 1934 2478 2000 Viterbium,

777 2018 994 2077 Ortem.
1064 2020 1303 2073 Martem
1357 2022 1422 2084 ³⁷,
1483 2021 1734 2085 Pladam,
1810 2020 2149 2086 Tuscanam,
2208 2022 2477 2086 Suanam,

781 2106 1192 2177 Populonium,
1224 2108 1497 2175 Roselles,
1527 2123 1658 2161 cum
1690 2107 2035 2161 suburbanis
2056 2115 2228 2179 atque
2262 2110 2477 2175 viculis,

779 2201 837 2248 et
865 2195 1134 2249 omnibus
1168 2196 1471 2249 territoriis
1516 2212 1579 2250 ac
1610 2196 1915 2249 maritimis
1954 2197 2197 2266 oppidis,
2227 2213 2325 2250 seu
2357 2198 2484 2251 tini-

782 2282 893 2336 bus
913 2284 1206 2337 omnibus.
1234 2284 1492 2353 Itemque
1523 2301 1553 2337 a
1589 2283 1758 2337 Lunis
1777 2300 1905 2338 cum
1939 2284 2125 2338 insula
2150 2286 2393 2352 Corsica,
2422 2287 2481 2340 in

785 2370 1057 2437 Suriano,
1080 2372 1286 2425 deinde
1309 2373 1369 2425 in
1391 2376 1582 2424 monte
1607 2371 1899 2435 Bardonis,
1933 2371 2137 2425 deinde
2172 2372 2229 2425 in
2257 2374 2483 2426 Berceto

787 2459 1068 2513 exindein
1096 2462 1317 2526 Parma,
1351 2459 1556 2513 deinde
1590 2460 1650 2513 in
1690 2459 1947 2529 Regiam,
1996 2460 2200 2514 exinde
2232 2461 2290 2515 in
2336 2464 2484 2516 Man-

788 2553 908 2613 tua,
956 2552 1126 2620 atque
1158 2549 1217 2603 in
1248 2550 1432 2603 Monte
1460 2548 1663 2614 Silicis,
1689 2554 1859 2618 atque
1893 2549 2186 2617 provincia
2218 2550 2485 2605 Venetia-

787 2652 940 2701 rum,
974 2637 1156 2704 lstria,
1187 2653 1291 2691 nec
1332 2653 1443 2690 non
1478 2642 1534 2691 et
1578 2641 1846 2690 cunctum
1890 2636 2263 2707 Spoletanum
2312 2642 2483 2691 duca-

787 2729 933 2787 tum,
978 2740 1080 2778 seu
1130 2727 1589 2779 Beneventanum
1637 2740 1756 2778 una
1807 2740 1937 2778 cum
1996 2726 2233 2779 ecclesia
2290 2734 2483 2781 sancte

784 2812 1070 2869 Cbristine
1118 2814 1304 2884 posita
1334 2830 1514 2884 prope
1547 2814 1778 2884 Papiam
1804 2814 1969 2882 juxta
2019 2814 2236 2868 Padum
2277 2822 2482 2886 quarto

2515 1714 2552 1766 Β

2588 524 2820 593 suisque
2877 521 3296 575 successoribus
3326 536 3357 573 a
3412 520 3907 591 predecessoribus
3944 522 4150 575 nostris
4180 523 4262 576 Ot~

2589 611 2818 664 tonibus
2852 610 3065 664 factum
3097 615 3184 662 est
3231 609 3484 661 civitates
3534 615 3592 662 et
3621 610 3832 680 oppida
3871 626 3998 664 cum
4031 611 4270 679 piscariis

2590 700 2706 752 suis
2738 699 2990 763 Reatem,
3041 699 3419 759 Amiternum,
3455 697 3791 761 Furconem,
3841 699 4117 764 Nursiam,
4156 700 4266 753 Bal-

2589 803 2741 854 vam,
2768 793 2823 840 et
2878 787 3158 848 Marsiain,
3192 790 3249 838 et
3285 786 3421 839 alibi
3451 786 3735 840 civitatem
3782 788 4096 842 Tarannem
4151 804 4273 840 cum

2589 875 2952 946 pcrtinentiis
2982 875 3118 929 suis.
3174 875 3282 927 Has
3314 890 3513 927 omnes
3562 874 3915 944 supradictas
3945 876 4273 947 provincias,

2590 964 2761 1017 urbes
2802 969 2858 1016 et
2905 963 3179 1027 civitates,
3213 963 3425 1032 Oppida
3478 968 3647 1033 atque
3696 965 3944 1027 castella,
3985 965 4194 1018 viculos
4222 982 4277 1017 ac

2592 1052 2898 1117 territoria,
2933 1052 3218 1121 simulque
3236 1051 3580 1121 patrimonia
3612 1068 3718 1121 pro
3743 1058 3891 1105 statu
3915 1053 4076 1121 regni
4103 1058 4276 1107 nostri

2590 1145 2908 1209 cunctaque
2967 1139 3407 1192 cliristianorum
3468 1141 3682 1208 populo
3719 1139 4104 1193 conservando
4159 1140 4272 1208 jam

2591 1228 2738 1280 dicte
2795 1227 3029 1280 ecclesia
3080 1233 3197 1290 tua,
3252 1227 3412 1279 beate
3480 1227 3666 1294 Petra,
3736 1229 3946 1281 vicario
4024 1233 4120 1281 tuo
4183 1228 4274 1281 Be-

2592 1316 2836 1381 nedicto,
2901 1331 2965 1368 ac
2996 1314 3415 1367 successoribus
3468 1315 3592 1383 ejus
3630 1330 3813 1385 usque
3852 1315 3911 1369 in
3975 1314 4147 1369 tinem
4198 1332 4272 1367 se-

2589 1405 2698 1457 culi
2728 1420 2795 1456 eo
2830 1402 3000 1457 modo
3031 1405 3455 1464 confirmamus.
3504 1408 3564 1456 ut
3596 1402 3653 1455 in
3685 1419 3788 1456 suo
3817 1403 4109 1456 detineant
4130 1404 4275 1472 jure.

2590 1492 2938 1562 principatu,
2975 1497 3144 1560 atque
3166 1490 3402 1544 ditione.
3433 1490 3616 1544 Simili
3638 1491 3811 1544 modo
3838 1506 3938 1561 per
3956 1491 4061 1545 hoc
4095 1498 4280 1545 nostra

2590 1580 2966 1650 delegationis
3014 1585 3240 1648 pactum
3295 1578 3705 1632 confirmamus
3753 1579 4110 1643 donationes,
4144 1596 4282 1650 quas

2592 1668 2685 1738 pie
2710 1667 3121 1721 recordationis
3161 1667 3396 1736 Pipinus
3428 1682 3545 1731 rex,
3576 1672 3633 1720 et
3664 1673 3858 1737 postea
3895 1666 4140 1721 domnus
4176 1668 4280 1720 Ka-

2591 1756 2747 1809 rolus
2768 1756 3277 1809 excellentissimus
3310 1754 3639 1825 imperator,
3672 1771 3736 1808 ac
3766 1755 4032 1825 deinceps
4054 1755 4282 1810 Ottones

2591 1844 2833 1915 piissimi
2870 1846 3036 1898 beato
3084 1845 3251 1898 Petro
3282 1843 3491 1898 Christi
3541 1844 3801 1914 apostolo
3843 1849 4159 1914 spontanea
4190 1861 4281 1897 γοα

2592 1933 2811 1986 luntate
2856 1933 3245 1996 contulerunt,
3294 1948 3396 1985 nec
3439 1948 3558 1985 non
3587 1937 3644 1985 et
3672 1948 3929 1998 censum,
3961 1938 4018 1986 et
4060 1934 4279 2003 pensio.

2591 2036 2746 2084 nem,
2780 2038 2876 2073 seu
2900 2028 3117 2073 ceteras
3159 2020 3437 2083 dationes,
3459 2036 3570 2090 que
3593 2020 3890 2074 annuatim
3928 2020 3985 2074 in
4006 2021 4279 2091 palatium

2592 2111 2742 2178 regis
2774 2108 3273 2177 Langobardorum
3310 2108 3510 2161 inferri
3531 2108 3806 2172 solebant,
3829 2108 3943 2161 sive
3973 2108 4042 2160 de
4063 2109 4279 2169 Tuscia,

2593 2196 2708 2248 sive
2735 2194 2804 2248 de
2846 2196 3055 2248 ducatu
3086 2196 3410 2265 Spoletano,
3453 2197 3597 2248 sicut
3635 2194 3696 2249 in
3737 2195 4077 2266 supradictis
4104 2198 4281 2249 dona-

2592 2283 2844 2337 tionibus
2875 2286 3219 2347 continetur,
3266 2288 3321 2336 et
3352 2284 3502 2337 inter
3532 2292 3722 2337 sancte
3772 2285 4046 2338 memorie
4090 2284 4283 2337 Adria-

2593 2388 2731 2426 num
2765 2389 2970 2443 papam
2998 2380 3053 2426 et
3075 2373 3352 2426 domuum
3390 2373 3661 2426 Karolum
3708 2372 4115 2442 imperatorem
4150 2388 4283 2425 con-

2593 2460 2767 2523 venit,
2789 2460 3018 2530 quando
3052 2461 3201 2513 idem
3229 2461 3482 2530 pontifex
3505 2461 3692 2514 eidem
3721 2461 3790 2514 da
3821 2460 4166 2531 supradictis
4190 2460 4285 2512 du-

2592 2550 2825 2610 catibus,
2861 2549 3006 2601 idest
3045 2549 3300 2602 Tuscano
3327 2555 3385 2602 et
3430 2549 3754 2619 Spoletano,
3777 2564 3877 2602 sue
3934 2549 4285 2602 auctoritatis

2591 2642 2927 2705 preceptum
2953 2635 3333 2701 confirmavit,
3396 2651 3462 2689 eo
3519 2635 3731 2688 scilicet
3773 2635 3945 2689 modo
3993 2640 4056 2688 ut
4123 2651 4286 2687 annis

2592 2724 2836 2794 singulis
2876 2724 3162 2794 predictus
3205 2740 3409 2776 census
3454 2724 3523 2777 ad
3555 2732 3776 2794 partem
3828 2724 4058 2777 ecclesia
4111 2726 4286 2775 sancti

2594 2813 2744 2866 Petri
2766 2814 3152 2882 parsolvatur;
3177 2815 3330 2865 salva
3359 2827 3531 2882 super
3576 2812 3808 2865 eosdem
3829 2811 4065 2865 ducatus
4091 2816 4286 2863 nostra

784 2901 1049 2955 miliario.
1112 2902 1254 2955 Item
1306 2901 1364 2955 in
1396 2901 1656 2971 partibus
1709 2901 2020 2970 Campania
2076 2903 2233 2963 Sora,
2291 2907 2478 2965 Arcas,
2518 2928 2557 2990 ε
2594 2900 2654 2953 in
2677 2900 2943 2953 omnibus
2973 2900 3391 2966 dominatione,
3423 2907 3480 2955 ct
3514 2901 3747 2954 illorum
3778 2900 3848 2953 ad
3880 2904 4134 2953 nostram
4160 2915 4285 2969 par-

783 2989 1096 3060 Aquinum,
1127 2989 1432 3060 Arpinum,
1477 2989 1754 3055 Teanum,
1803 2989 2080 3059 Capuam,
2112 3006 2217 3043 nec
2264 3006 2379 3045 non
2428 2996 2484 3045 et

782 3077 1196 3147 patrimonium
1246 3077 1316 3131 ad
1372 3081 1716 3147 potestatem
1787 3082 1845 3130 et
1895 3077 2177 3131 ditionem
2234 3084 2481 3132 vestram

789 3165 1150 3231 pertinentia,
1177 3162 1324 3217 sicut
1370 3167 1455 3216 est
1484 3162 1899 3232 patrimonium
1933 3162 2396 3217 Beneventanum
2428 3170 2481 3218 et

786 3251 1248 3321 Neapolitanum,
1280 3255 1451 3321 atque
1492 3250 1839 3320 patrimonio
1889 3251 2144 3305 Calabria
2174 3254 2483 3322 superioris

788 3344 846 3393 et
870 3338 1188 3405 inferioris;
1221 3339 1291 3392 de
1339 3338 1564 3393 civitate
1595 3344 1789 3391 autem
1824 3339 2195 3409 Neapolitana
2224 3357 2353 3395 cum
2389 3358 2478 3395 ca-

790 3428 986 3493 stellis,
1010 3433 1068 3480 et
1114 3426 1436 3491 tarritoriis,
1464 3442 1529 3480 ac
1560 3426 1789 3493 finibus,
1824 3432 1880 3481 et
1916 3427 2119 3481 insulis
2171 3428 2276 3483 sibi
2305 3432 2480 3499 perti-

790 3515 1058 3569 nentibus
1087 3515 1232 3569 sicut
1250 3514 1318 3569 ad
1368 3515 1597 3569 easdem
1627 3515 1880 3585 aspicere
1919 3516 2203 3579 videntur,
2229 3533 2334 3571 nec
2364 3534 2482 3572 non

784 3603 1195 3675 patrimonium
1233 3602 1442 3666 Sicilia.
1487 3604 1536 3657 si
1592 3604 1742 3657 Deus
1770 3590 1979 3657 nostris
2012 3604 2154 3658 illud
2186 3606 2484 3660 tradiderit

783 3693 1068 3747 manibus.
1121 3690 1304 3747 Simili
1356 3692 1525 3746 modo
1586 3692 1874 3746 civitatem
1923 3693 2201 3759 Gaietam,
2234 3701 2291 3748 et
2333 3696 2481 3749 Fun-

780 3786 940 3847 dum,
980 3795 1112 3833 cum
1166 3780 1435 3833 omnibus
1465 3795 1663 3834 earum
1721 3781 2101 3850 pertinentiis.
2164 3782 2348 3853 Super
2375 3783 2482 3838 hoc

780 3868 1191 3921 confirmamus
1223 3869 1386 3922 vobis
1418 3868 1697 3922 Fuldense
1752 3869 2186 3936 monasterium,
2224 3875 2281 3922 et
2311 3870 2480 3923 abba-

783 3958 855 4008 tis
901 3956 1025 4024 ejus
1077 3957 1591 4019 consecrationem,
1658 3961 1833 4025 atque
1872 3956 2064 4009 omnia
2115 3958 2479 4023 monasteria,

782 4049 991 4107 cortes,
1013 4049 1071 4097 et
1101 4044 1282 4110 villas,
1316 4059 1458 4114 quas
1487 4043 1547 4096 in
1577 4044 2017 4097 ultramontanis
2064 4046 2321 4115 partibus
2351 4064 2480 4099 san-

783 4136 908 4183 ctus
965 4132 1164 4185 Petrus
1206 4130 1414 4184 habere
1470 4130 1787 4183 dinoscitur
1818 4131 2033 4202 absque
2075 4136 2327 4187 Antesna
2371 4135 2481 4187 Wi-

2594 2993 2711 3041 tem
2728 2989 3081 3059 subjectione
3095 3031 3107 3043 .
3129 2990 3415 3051 Ceterum,
3432 2989 3577 3042 sicut
3596 2989 3863 3052 diximus,
3881 2987 4074 3041 omnia
4087 3005 4286 3059 supra-

2591 3077 2800 3147 scripta
2825 3078 3062 3131 nomina
3101 3078 3180 3131 ita
3211 3078 3276 3131 ad
3312 3084 3562 3131 nostram
3585 3083 3806 3148 partem
3829 3093 3934 3147 per
3959 3078 4063 3131 hoc
4094 3086 4286 3131 nostra

2589 3166 3036 3220 confirmationis
3081 3171 3313 3237 pactum
3342 3166 3859 3231 corroboravimus,
3906 3170 3967 3219 ut
4012 3166 4069 3219 in
4104 3175 4288 3219 vestro

2586 3261 2961 3324 permaneant
2979 3257 3125 3325 jura,
3159 3256 3481 3325 principatu
3500 3262 3672 3325 atque
3697 3253 3937 3318 ditione,
3969 3258 4025 3307 et
4044 3271 4241 3326 neque
4262 3274 4288 3307 a

2590 3343 2756 3396 nobis
2794 3359 2980 3413 neque
3010 3360 3043 3395 a
3069 3343 3488 3396 successoribus
3534 3342 3740 3395 nostris
3771 3358 3873 3413 per
3899 3344 4163 3413 quolibet
4202 3361 4288 3396 ar-

2589 3437 2930 3499 gumentum
2961 3432 3077 3485 sive
3125 3432 3608 3485 machinationem
3645 3431 3703 3484 in
3730 3446 4095 3501 quacumque
4126 3440 4288 3501 parte

2589 3524 2771 3571 vestra
2794 3524 3043 3588 potestas
3073 3517 3469 3583 imminuatur,
3503 3523 3600 3572 aut
3624 3533 3658 3571 ι
3700 3518 3858 3570 vobis
3888 3518 4020 3572 inde
4066 3520 4288 3589 aliquid

2588 3606 2974 3671 subtrahatur,
3040 3607 3109 3660 de
3181 3605 3578 3675 suprascriptis
3633 3605 3895 3658 videlicet
3958 3607 4288 3675 provinciis,

2585 3695 2841 3761 urbibus,
2867 3694 3213 3757 civitatibus,
3246 3694 3497 3764 oppidis,
3536 3694 3755 3759 castris,
3788 3693 4006 3761 viculis,
4055 3698 4288 3749 territo-

2587 3781 2687 3834 riis
2726 3798 2789 3834 ac
2838 3781 3219 3851 patrimoniis,
3261 3797 3364 3835 nec
3416 3797 3531 3835 non
3562 3787 3618 3834 et
3668 3780 4065 3850 pensionibus,
4116 3791 4287 3853 atque

2588 3870 2872 3936 censibus,
2917 3869 2995 3922 ita
3040 3875 3104 3923 ut
3148 3886 3335 3941 neque
3381 3886 3487 3924 nos
3538 3869 3739 3923 facturi
3782 3869 3978 3935 simus,
4014 3884 4213 3940 neque
4270 3889 4288 3923 ε

2589 3958 2942 4028 quibuslibet
2980 3975 3047 4012 ea
3089 3960 3275 4012 facere
3320 3959 3642 4011 volentibus
3692 3958 4144 4023 consentiamus,
4197 3962 4288 4012 sec”

2589 4048 2781 4117 potius
2802 4048 2995 4101 omnia
3019 4064 3130 4117 que
3152 4047 3414 4117 superius
3439 4050 3725 4117 leguntur,
3774 4046 3828 4098 id
3851 4052 3936 4098 est
3974 4049 4280 4115 [.rovincie

2589 4135 2861 4201 civitates,
2893 4138 3086 4198 urbes,
3118 4137 3368 4201 castella,
3398 4136 3630 4205 oppida,
3662 4140 3865 4199 terras,
3911 4138 4277 4203 patrimonia

784 4217 1090 4287 niheringa
1122 4217 1170 4252 ³⁸
1207 4218 1325 4270 sive
1376 4218 1732 4282 Willinbacb,
1765 4234 1876 4289 que
1908 4235 1941 4271 a
1986 4220 2162 4273 sancti
2210 4221 2359 4274 Petri
2390 4238 2475 4275 ec-
2507 4213 2550 4266 Ι)
2588 4227 2759 4293 atque
2786 4223 2988 4286 insula,
3022 4240 3361 4294 censusque,
3392 4223 3695 4294 pensiones
3745 4223 3811 4273 ad
3847 4228 4069 4291 partem
4108 4227 4288 4276 eccle-

783 4304 956 4357 clesia
1001 4320 1108 4375 per
1151 4305 1615 4358 commutationis
1655 4308 1926 4377 paginam
1964 4309 2227 4377 episcopo
2284 4317 2480 4363 nostro

784 4393 1189 4464 Bambergensi
1218 4394 1420 4447 collata
1454 4399 1605 4459 sunt,
1641 4410 1742 4464 pro
1787 4396 1994 4465 quibus
2023 4396 2306 4465 sepedicta
2328 4399 2476 4451 ecle-

780 4482 862 4535 sie
890 4482 1067 4536 sancti
1110 4481 1263 4536 Petri
1301 4482 1751 4550 transcribimus,
1791 4485 2157 4538 concedimus
2187 4491 2244 4539 et
2282 4485 2474 4540 tirma-

780 4586 908 4625 mus
962 4586 1191 4625 omnem
1242 4570 1400 4624 illam
1458 4577 1690 4639 terram,
1748 4588 1925 4643 quam
1976 4574 2132 4627 inter
2181 4575 2477 4642 Narniam,

777 4659 1112 4721 Terannem,
1175 4661 1259 4713 val
1298 4659 1590 4730 Spoletum
1616 4677 1682 4714 ex
1731 4661 1894 4730 regni
1953 4662 2133 4715 nostri
2168 4667 2330 4732 parte
2369 4665 2479 4717 ba-

780 4747 1027 4802 buimus.
1053 4747 1170 4803 Sub
1200 4748 1440 4802 tuitione
1468 4754 1728 4819 preterea
1754 4749 1934 4802 sancti
1967 4749 2141 4814 Petri,
2174 4755 2231 4803 et
2269 4757 2475 4818 vestra,

779 4842 1212 4906 vestrorumqua
1249 4852 1660 4903 successorum,
1704 4842 2061 4906 pretaxatum
2119 4838 2479 4909 episcopium

780 4923 1196 4993 Bainbergense
1243 4923 1555 4976 offerimus.
1589 4924 1745 4978 Unde
1774 4925 1880 4978 sub
1914 4928 2208 4994 pensionis
2240 4928 2478 4981 nomine

779 5025 995 5080 equum
1026 5025 1207 5063 unum
1256 5011 1450 5064 album
1481 5011 1778 5065 faleratum
1806 5029 1874 5066 ex
1923 5014 2180 5082 ejusdem
2213 5016 2316 5068 loci
2360 5016 2478 5085 epi-

781 5114 953 5167 scopo
1002 5113 1101 5151 vos
1129 5098 1454 5152 annualiter
1492 5106 1854 5168 suscepturus
1913 5102 2218 5157 sancimus.
2267 5103 2478 5157 Ofieri-

783 5201 912 5239 mus
957 5185 1214 5256 insuper,
1264 5187 1585 5250 ﬁrmamus,
1615 5193 1672 5240 et
1710 5188 2145 5241 corroboramus
2174 5190 2277 5244 tibi
2310 5191 2477 5246 beato

785 5275 975 5341 Petro,
1007 5290 1073 5328 ac
1116 5273 1328 5328 vicario
1362 5281 1462 5328 tuo
1517 5274 1732 5329 domno
1783 5276 2106 5344 Benedicto,
2157 5283 2213 5332 et
2258 5296 2476 5334 succes-

2588 4310 2667 4363 sie
2698 4311 2850 4363 beati
2886 4312 3032 4365 Petri
3066 4312 3308 4382 apostoli
3340 4322 3511 4381 atque
3561 4307 3900 4379 pontificum
3926 4309 3986 4361 in
4036 4313 4287 4364 sacratis

2584 4398 2729 4452 sima
2753 4398 2885 4452 sede
2918 4399 3071 4452 illius
3119 4400 3494 4454 residentium
3525 4417 3628 4455 nos
3657 4400 3717 4453 in
3766 4404 4048 4468 quantum
4083 4416 4288 4470 possu-

2586 4502 2714 4541 mus
2763 4487 3087 4541 defensores
3143 4506 3264 4542 esse
3314 4495 3616 4555 testamur,
3648 4491 3721 4545 ad
3761 4492 3865 4546 hoc
3921 4497 3986 4544 ut
4016 4506 4153 4543 eam
4188 4494 4288 4543 illi:

2586 4574 2867 4630 ditionem
2922 4578 2989 4629 ad
3025 4579 3301 4631 utendum
3357 4584 3529 4648 atque
3589 4579 4012 4650 disponendum
4045 4579 4287 4633 tirmite:

2585 4667 2811 4719 valeant
2857 4665 3140 4735 optineri;
3172 4666 3324 4719 salva
3355 4667 3413 4720 in
3463 4669 3731 4722 omnibus
3770 4675 4052 4738 potestate
4100 4677 4288 4721 nostri

2588 4755 3065 4823 posterorumque
3091 4762 3437 4815 nostrorum.
3472 4757 3786 4810 secundum
3826 4757 3977 4827 quod
4006 4756 4069 4808 in
4105 4768 4287 4824 pacto

2585 4845 2641 4893 et
2669 4841 3097 4905 constitutione,
3150 4858 3214 4895 ac
3280 4843 3679 4912 promissionis
3729 4845 4000 4898 tirmitate
4058 4845 4288 4914 Eugeni

2586 4929 2873 4998 pontiﬁcis
2904 4945 3413 5001 successorumque
3448 4933 3601 4985 illius
3630 4934 3977 5000 continetur,
4010 4939 4078 4985 ut
4111 4936 4284 4986 omni

2585 5017 2773 5070 clerus
2802 5022 2858 5069 et
2900 5018 3152 5071 universi
3201 5020 3397 5088 populi
3460 5020 3705 5074 Romani
3759 5021 4032 5074 nobilitas
4062 5032 4283 5091 propte

2586 5104 2838 5158 diversas
2912 5108 3274 5159 necessitates
3329 5111 3385 5160 et
3466 5110 3802 5177 pontificum
3867 5109 4285 5163 irrationabile

2586 5209 2725 5265 erga
2756 5194 3029 5264 populum
3059 5195 3165 5248 sibi
3199 5195 3517 5265 subjectum
3539 5198 3871 5267 asperitates
3904 5200 4287 5253 retundenda

2586 5293 2946 5337 sacramento
2998 5300 3056 5338 se
3086 5284 3320 5354 obliget,
3386 5286 3658 5357 quatinus
3712 5287 3907 5341 futura
3951 5289 4288 5358 pontiﬁcun

2202 5410 2434 5467 VARUS
2479 5414 2882 5470 LECTIOXES.

858 5530 898 5561 ³³
957 5527 1127 5581 Collis
1186 5529 1406 5595 Borgia.
1476 5526 1522 5563 ³⁸
1581 5535 1638 5583 et
1690 5532 1908 5598 Borgia.
1971 5534 2013 5567 ³⁷
2078 5535 2317 5591 Martani
2378 5540 2437 5593 B.
2507 5539 2553 5575 ³⁸
2592 5540 2991 5612 Vurniteringa
3011 5541 3440 5597 s.Viullmbacb
3472 5544 3536 5597 Β.
