3950 6394
121 313 140 362 l
151 310 253 363 349

1367 312 1718 369 EPISTOL/E
1761 313 1844 367 ET
1884 310 2304 370 DlPLOMATA.

3412 319 3430 374 l
3443 319 3547 376 3'50

108 431 280 486 latere
313 429 644 496 Musanell.,
676 434 734 486 et
764 448 800 486 a
825 438 1040 504 quarto
1079 433 1258 490 latere
1291 436 1624 504 Canullan.,
1653 441 1708 490 et
1734 452 1770 490 a
1802 440 1844 490 A
1883 435 2086 502 latere,
2122 437 2272 494 silva
2301 444 2357 493 et
2387 444 2563 510 terra,
2594 457 2730 512 quae
2757 440 2865 496 fuit
2889 441 2964 496 de
2989 445 3216 508 Joanne
3243 445 3549 501 Gramma-

109 519 315 591 quinto
360 517 542 574 latere
576 522 732 575 terra
762 521 1101 590 Aureliana,
1137 530 1193 579 et
1218 525 1368 581 silva
1400 527 1454 581 8.
1489 523 1772 597 Stephani

110 623 242 662 eum
281 606 381 662 via
432 607 745 674 Salinaria,
794 609 1092 682 simulque
1148 613 1403 668 fundum
1457 617 1772 669 Lauretum

109 712 241 750 cum
287 695 572 751 omnibus
623 698 1058 768 pertinentibus
1111 701 1253 772 suis,
1301 703 1378 758 ab
1431 719 1552 758 uno
1595 703 1774 757 latere

111 790 262 840 terra
294 787 349 841 S.
386 785 555 852 Petri,
589 786 666 842 ab
701 787 817 843 alio
843 788 1023 844 latere
1058 795 1211 845 terra
1244 794 1298 846 S.
1335 793 1578 860 Martini,
1609 810 1643 847 a
1670 798 1776 847 ter-

119 873 196 928 tio
248 873 428 928 latere
478 890 655 930 mons
701 875 957 945 lliodori,
990 895 1025 933 a
1070 886 1286 950 quarto
1336 881 1514 935 latere
1555 881 1776 936 fundus

116 961 310 1033 Oripo,
344 978 450 1016 seu
499 963 697 1018 casale
749 965 934 1034 Pauli,
967 971 1023 1021 et
1054 967 1276 1022 fundus
1311 970 1593 1024 Serianus
1635 986 1773 1024 cum

106 1050 385 1106 omnibus
424 1067 636 1108 eorum
685 1054 1076 1124 pertinentiis,
1111 1057 1187 1110 ab
1231 1074 1350 1112 uno
1409 1059 1590 1114 latere
1625 1065 1776 1114 terra

110 1143 161 1196 S.
195 1141 438 1207 Martini,
464 1158 501 1197 a
533 1143 802 1198 secundo
825 1143 1004 1200 latere
1037 1147 1194 1202 Silva
1225 1147 1505 1216 candida,
1536 1165 1571 1203 a
1604 1149 1772 1204 tertio

107 1230 297 1306 Mensa
325 1234 557 1298 sancta,
590 1235 646 1285 et
676 1247 712 1286 a
741 1239 957 1303 quarto
984 1234 1165 1290 latere
1199 1236 1347 1291 silva
1382 1241 1435 1292 8.
1469 1239 1638 1306 Petri,
1666 1254 1773 1292 nec

106 1301 223 1372 non
269 1318 471 1374 casale
512 1320 679 1392 quod
717 1301 930 1377 dicitur
962 1326 1403 1394 (Iastagnetolo,
1438 1328 1514 1381 ab
1545 1301 1666 1381 uno
1697 1327 1777 1382 la-

105 1411 220 1461 tere
254 1407 349 1463 SS.
386 1409 656 1472 Quatuor
694 1409 926 1479 fratres,
959 1428 994 1467 a
1027 1414 1294 1468 secundo
1338 1415 1561 1469 fundus
1589 1416 1772 1471 Orba-

106 1495 264 1562 nula,
297 1512 334 1551 a
360 1498 530 1552 tertio
562 1500 826 1560 Musana.
857 1506 914 1555 et
939 1517 974 1556 a
1007 1507 1223 1573 quarto
1251 1503 1431 1558 latere
1465 1505 1774 1559 Massanel-

106 1583 213 1649 lus,
243 1589 424 1657 atque
453 1585 670 1642 silvam
701 1604 833 1659 quae
865 1591 1199 1661 appellatur
1230 1596 1374 1661 Mag.
1407 1610 1546 1648 cum
1578 1594 1773 1649 omni-

106 1671 215 1725 bus
244 1672 354 1727 sibi
378 1673 836 1745 pertinentibus,
868 1678 945 1732 ab
976 1695 1096 1733 uno
1145 1680 1324 1735 latere
1367 1683 1524 1736 rivus
1555 1682 1628 1737 de
1657 1687 1768 1738 Ga-

1887 520 2018 579 tico.
2044 539 2079 577 a
2112 526 2278 580 tertio
2309 525 2487 581 latere
2515 527 2821 599 pastoritia
2851 529 3202 601 dompmea,
3226 536 3282 586 et
3308 547 3345 586 a
3375 547 3551 603 quar-

1886 615 1944 663 to
1968 610 2148 667 latere
2179 617 2367 670 Massa
2398 616 2746 672 Claudiana.
2777 618 3218 674 Conﬁrmamus
3248 619 3430 676 etiam
3449 635 3551 676 vo-

1885 699 1977 754 bis
2008 701 2250 769 casalia,
2283 709 2339 758 et
2387 705 2653 760 colonias
2703 711 2881 778 atque
2936 708 3251 764 castellum
3299 709 3361 764 in
3408 708 3552 765 inte-

1887 804 2082 858 grum,
2130 791 2231 862 qui
2278 793 2614 864 appellatur
2665 795 3030 865 Dalmachia,
3069 813 3208 852 cum
3260 796 3463 852 fundis
3494 802 3550 853 et

1888 878 2206 947 casalibus,
2231 880 2499 935 videlicet
2521 882 2710 951 Attici,
2749 883 3097 940 Dalmachta
3124 884 3368 955 balneo,
3392 885 3551 940 stab-

1888 964 2007 1033 bla,
2040 971 2228 1023 Massa
2255 969 2506 1028 Iuliana.
2528 970 2618 1024 vel
2645 971 3113 1044 quibuscumque
3145 972 3274 1028 aliis
3289 973 3551 1028 vocabu-

1856 1104 1859 1105 ν
1888 1055 1957 1110 lis
1992 1064 2438 1129 nuncupantur,
2475 1076 2595 1114 una
2628 1077 2766 1115 cum
2794 1061 3033 1116 familiis
3063 1062 3366 1128 masculis,
3391 1066 3447 1117 et
3464 1061 3548 1118 fe-

1887 1145 2082 1211 minis,
2113 1164 2217 1201 seu
2250 1148 2478 1203 colonis
2523 1167 2628 1220 per
2674 1149 2910 1220 singula
2953 1151 3086 1207 loca
3115 1151 3548 1224 pertinentibus

1888 1249 2023 1286 eum
2053 1235 2225 1300 casis,
2256 1235 2464 1301 vineis,
2495 1237 2684 1306 terris,
2710 1238 2892 1303 silvis,
2921 1238 3105 1310 pratis
3127 1255 3550 1311 aquarumque

1886 1321 2259 1388 decursibus,
2292 1324 2383 1378 vel
2413 1341 2552 1380 cum
2584 1326 2867 1381 omnibus
2920 1328 2998 1382 ad
3047 1328 3334 1400 praedicta
3381 1343 3549 1385 casa-

1886 1410 1982 1477 lia,
2017 1417 2069 1466 et
2103 1412 2337 1468 colonia
2365 1419 2541 1484 atque
2573 1415 2884 1470 castellum
2915 1415 3367 1488 pertinentibus,
3391 1416 3549 1490 posi-

1888 1506 1943 1554 ta
1976 1501 2032 1553 iu
2069 1501 2358 1556 territorio
2409 1503 2724 1574 Nepesino,
2760 1505 3033 1561 milliario
3064 1506 3141 1560 ab
3170 1506 3317 1561 urbe
3345 1509 3547 1562 Romae

1883 1588 2018 1660 plus
2068 1589 2267 1644 minus
2298 1595 2403 1655 ‘20-,
2461 1591 2611 1646 inter
2640 1593 2849 1647 afﬁnes
2895 1593 2973 1649 ab
3023 1610 3144 1650 uno
3173 1594 3354 1650 latere
3383 1594 3547 1650 viam

1882 1693 2017 1748 quae
2045 1678 2209 1733 ducit
2237 1679 2388 1734 inter
2420 1680 2693 1737 militiam
2722 1682 2795 1737 de
2829 1687 3000 1738 Curte
3047 1682 3121 1738 de
3162 1683 3544 1755 Capraeorio,

109 1760 243 1832 lera,
278 1761 356 1817 ab
396 1762 517 1819 alio
560 1763 740 1820 latere
794 1783 969 1821 mons
1015 1769 1121 1840 qui
1168 1771 1503 1841 appellatur
1553 1773 1771 1844 stupha
1801 1787 1844 1838 Β
1882 1772 1938 1822 et
1968 1772 2186 1823 terram
2217 1768 2291 1823 de
2319 1770 2626 1840 pastoritio
2658 1773 2712 1824 8.
2751 1772 2915 1837 Petri,
2951 1771 3028 1827 ab
3059 1772 3176 1828 alio
3220 1772 3400 1829 latere
3431 1777 3545 1828 ter-

108 1850 317 1906 ancilla
359 1851 482 1907 Dei.
517 1854 737 1909 Omnes
777 1872 1042 1928 namque
1077 1858 1294 1912 fundos
1326 1861 1682 1927 nominatos,
1716 1867 1773 1916 et

107 1939 322 1996 casalia
370 1957 511 1996 cum
561 1943 750 2008 terris,
782 1946 1032 2018 campis,
1069 1947 1272 2018 pratis.
1311 1949 1572 2019 pascuis,
1606 1950 1769 2004 silvis

108 2028 272 2084 cultis
301 2035 357 2085 et
384 2030 646 2098 incultis,
681 2035 886 2104 positis
937 2036 1229 2091 territorio
1273 2038 1443 2092 Silvze
1485 2039 1769 2094 Candida:

106 2117 313 2174 miliari
365 2119 445 2176 ab
483 2121 646 2197 urbe
720 2123 912 2180 Roma
976 2125 1112 2196 plus
1165 2127 1366 2181 minus
1424 2128 1768 2197 duodecim,

106 2207 280 2263 etiam
337 2209 717 2282 aquimolum
793 2213 1115 2268 molentem
1190 2215 1247 2270 in
1306 2216 1450 2285 rivo,
1510 2218 1613 2289 qui
1672 2235 1771 2274 vo—

106 2301 267 2352 catur
291 2298 524 2354 Galeria
552 2317 691 2356 cum
736 2303 1020 2357 omnibus
1065 2304 1176 2358 sibi
1225 2306 1680 2376 pertinentibus,
1713 2313 1771 2363 et

106 2390 254 2442 terra
304 2389 724 2457 Semistarisia,
755 2408 890 2463 quae
924 2393 1262 2465 appellatur
1295 2395 1595 2451 Pastinum
1644 2397 1770 2452 lon-

106 2490 265 2544 gum,
299 2477 376 2532 ab
416 2494 539 2533 uno
576 2478 756 2535 latere
802 2481 1041 2537 Gualdsi
1085 2483 1286 2552 dinco,
1317 2484 1394 2538 ab
1436 2485 1553 2540 alio
1588 2486 1767 2542 latere

107 2568 256 2620 terra
315 2569 369 2622 S.
435 2567 606 2638 Petri,
659 2585 794 2640 quae
849 2570 1184 2642 appellatur
1239 2575 1464 2644 Campo
1523 2575 1764 2643 Mastali,

105 2670 139 2708 a
166 2655 331 2711 tertio
360 2655 542 2712 latere
575 2656 799 2713 fundus
833 2660 1052 2715 montis
1084 2662 1372 2731 Arciouis,
1401 2668 1456 2717 et
1487 2680 1523 2718 a
1549 2669 1767 2735 quarto

103 2742 278 2800 latere
327 2761 507 2800 mons
543 2749 801 2802 Paurum
845 2749 1199 2804 constitutus
1243 2750 1414 2819 juxta
1455 2752 1615 2807 idem
1647 2754 1766 2824 epi-

106 2833 396 2905 scopium,
433 2835 556 2890 sive
591 2836 776 2892 alium
807 2837 1181 2908 aquimolum
1213 2839 1272 2893 in
1305 2839 1438 2910 ipso
1471 2841 1594 2895 rivo
1627 2859 1765 2897 cum

105 2923 384 2978 omnibus
415 2923 529 2979 sibi
577 2925 1010 2998 pertinentibus
1036 2928 1186 2996 juris
1225 2929 1497 2998 ejusdem
1531 2931 1763 3002 episco-

107 3026 203 3080 p11.

176 3101 360 3173 Super
399 3101 494 3157 his
543 3108 766 3167 autem,
816 3105 1000 3159 secuti
1055 3110 1459 3162 antecessores
1506 3115 1760 3175 nostros,
1796 3136 1836 3190 ρ

105 3189 488 3246 concedimus
514 3197 570 3246 et
594 3192 1029 3248 conﬁrmamus
1058 3194 1230 3249 vobis
1261 3213 1525 3252 massam
1550 3197 1763 3253 iterum

107 3292 233 3347 quae
285 3279 626 3352 appellatur
673 3281 920 3348 Cesana,
974 3299 1112 3338 eum
1167 3284 1388 3355 fundis,
1435 3291 1491 3340 ct
1539 3287 1763 3342 colonis

105 3363 242 3433 suis,
272 3367 378 3438 qui
405 3367 689 3424 dicuntur
722 3369 992 3439 Furculo,
1025 3372 1760 3440 Trandilian.,Martinian.

105 3455 238 3509 ltem
269 3455 538 3512 colonias
583 3456 656 3513 de
691 3457 928 3525 solario,
963 3463 1019 3514 et
1049 3459 1122 3514 de
1164 3462 1413 3529 eortina,
1449 3465 1504 3515 et
1530 3461 1603 3515 de
1636 3476 1764 3528 gra-

102 3540 276 3612 dolfo,
310 3545 614 3602 coloniam
643 3546 719 3602 de
750 3547 919 3613 valle,
949 3553 1006 3603 et
1037 3548 1109 3603 de
1143 3548 1410 3618 fontana,
1440 3554 1495 3604 et
1525 3550 1598 3604 de
1631 3563 1766 3604 san-

103 3632 209 3696 cto,
242 3631 545 3688 coloniam
585 3633 659 3689 de
713 3640 1005 3704 castagna
1056 3653 1234 3708 cupa,
1269 3641 1324 3692 et
1371 3637 1444 3691 de
1478 3636 1760 3704 Calbello,

102 3718 392 3777 coloniam
443 3722 520 3778 de
569 3725 815 3790 Besano,
851 3725 972 3780 sive
1017 3725 1239 3797 quibus
1270 3725 1398 3780 aliis
1428 3725 1760 3794 vocabulis,

99 3815 498 3883 nuncupatur,
527 3829 666 3867 cum
689 3814 972 3869 omnibus
995 3816 1168 3882 casis,
1199 3814 1411 3886 vineis,
1436 3814 1758 3882 casalibus,

99 3913 199 3952 seu
225 3901 598 3972 appendiciis
626 3903 770 3968 suis,
805 3904 983 3959 etiam
1010 3905 1137 3959 haec
1169 3905 1373 3960 omnia
1409 3904 1590 3960 simul
1621 3921 1762 3960 cum

95 3985 334 4057 ﬁnibus,
369 3990 638 4046 terminis
668 3991 1080 4065 limitibusque
1113 3994 1254 4061 suis,
1287 3993 1477 4062 terris,
1504 3993 1758 4066 campis,

96 4077 295 4147 pratis,
355 4080 618 4152 pascuis,
680 4081 857 4148 silvis,
914 4082 1232 4138 arboribus
1286 4083 1593 4154 pomiferis
1641 4084 1760 4138 fru-

93 4165 304 4223 ctiferis
346 4173 405 4224 et
435 4168 813 4225 infructiferis
843 4170 1066 4227 diversi
1093 4172 1347 4241 generis,
1381 4173 1596 4244 puteis,
1628 4172 1758 4227 fon-

93 4254 268 4326 tibus,
326 4257 494 4324 rivis,
554 4259 729 4331 aquis
791 4260 1181 4332 perennibus,
1244 4261 1510 4317 zediﬁciis
1569 4262 1759 4333 parie-

95 4343 224 4400 tinis
253 4347 479 4420 cryptis
509 4348 796 4405 arenariis
828 4366 967 4405 cum
998 4351 1412 4420 adjacentibus
1445 4351 1589 4421 suis,
1619 4368 1757 4406 cum

92 4433 338 4492 ecclesia
399 4438 456 4492 S.
511 4437 761 4493 Andreae
814 4439 1070 4510 apostoli
1127 4439 1284 4495 intra
1336 4439 1533 4512 ipsam
1590 4456 1754 4495 mas-

93 4538 221 4579 sam
265 4525 654 4605 aadiﬁcatam,
682 4543 806 4583 una
853 4545 991 4584 cum
1037 4527 1283 4596 colonis,
1317 4529 1671 4585 massaritiis
1700 4533 1758 4585 et

89 4613 500 4682 angarialibus
533 4615 818 4672 masculis
859 4621 916 4672 et
956 4617 1212 4687 feminis,
1242 4617 1376 4673 ﬁliis
1407 4623 1463 4673 et
1492 4617 1752 4689 ﬁliabus,

89 4715 156 4756 ac
185 4703 511 4773 nepotibus
545 4720 751 4760 eoram
783 4704 1005 4761 ibidem
1033 4706 1452 4774 residentibus,
1473 4712 1577 4763 aut
1597 4707 1757 4762 exin-

87 4789 158 4845 de
207 4793 667 4863 pertinentibus,
703 4793 1049 4867 ubicunque
1087 4795 1312 4851 inventi
1360 4795 1579 4851 fuerint
1616 4813 1754 4851 cum

87 4880 246 4935 omni
279 4897 468 4937 censu
496 4886 675 4955 atque
707 4883 1135 4952 functionibus,
1165 4890 1220 4940 et
1249 4884 1616 4952 dationibus,
1645 4901 1752 4940 an-

86 4969 287 5038 gariis,
320 4970 418 5026 vel
446 4971 744 5044 quidquid
776 4973 850 5028 de
881 4974 1095 5030 eadem
1127 4990 1347 5042 massa,
1377 4991 1513 5046 quae
1545 4974 1752 5046 appel-

85 5055 238 5114 latur
276 5062 512 5117 Cesana
558 5061 620 5116 in
649 5061 952 5132 integrum
982 5067 1204 5119 nostrae
1236 5065 1290 5119 S.
1325 5066 1608 5118 Romanae
1656 5065 1754 5117 Ec-

82 5145 297 5215 clesiae,
327 5149 667 5206 secundum
697 5150 936 5207 solitam
966 5151 1464 5208 consuetudinem
1493 5151 1753 5223 persolvi

81 5235 279 5306 debet,
304 5242 363 5292 et
391 5255 532 5295 cum
557 5239 843 5297 omnibus
869 5241 944 5297 ad
976 5242 1327 5314 praedictam
1359 5256 1630 5296 massam
1653 5243 1753 5297 Ce-

81 5341 296 5383 sanam
329 5329 707 5399 generaliter,
736 5334 792 5386 et
819 5331 880 5386 in
914 5331 1212 5401 integrum
1242 5330 1558 5403 pertinent,
1592 5331 1751 5403 posi-

81 5418 200 5470 tam
247 5417 310 5470 in
363 5417 655 5472 territorio
687 5420 984 5491 Nepesino
1031 5419 1243 5474 miliari
1277 5418 1354 5473 ab
1391 5419 1534 5474 urbe
1567 5421 1753 5474 Roma

78 5507 145 5559 20
194 5516 270 5560 ex
321 5522 574 5577 corpore
622 5509 970 5580 patrimonii
1021 5509 1306 5577 'l‘liusciae,
1337 5509 1487 5579 juris
1533 5513 1750 5563 sanctae

79 5599 298 5652 nostra:
327 5599 614 5653 Romanae
645 5598 941 5668 Ecclesiae,
974 5599 1066 5654 cui
1103 5602 1220 5654 Deo
1271 5603 1511 5654 auctore
1550 5597 1750 5652 deser-

81 5682 304 5753 vimus,
338 5688 400 5741 et
427 5685 577 5742 inter
607 5686 816 5743 afﬁnes
866 5687 943 5744 ab
987 5704 1105 5745 uno
1144 5687 1324 5745 latere
1357 5692 1509 5744 terra
1536 5702 1749 5742 mona-

80 5773 237 5831 sterii
292 5774 351 5830 S.
391 5775 674 5851 Stephani
723 5776 970 5836 minoris
1018 5776 1096 5833 ad
1147 5779 1201 5838 S.
1235 5779 1489 5845 Petrum,
1525 5775 1602 5833 ab
1631 5774 1749 5832 alio

1881 1872 2010 1910 ram
2042 1857 2115 1911 de
2151 1862 2350 1912 monte
2399 1858 2610 1914 Arsan
2649 1864 2705 1914 et
2736 1863 3024 1928 Focazan,
3055 1860 3162 1932 qui
3209 1860 3548 1934 appellatur

1882 1943 2270 2010 (lolumuella,
2303 1961 2339 1999 a
2372 1945 2538 2000 tertio
2589 1945 2771 2001 latere
2828 1953 2979 2002 terra
3020 1948 3094 2003 de
3128 1951 3300 2005 Curte
3330 1951 3546 2022 Capra-

1880 2032 2062 2096 corio,
2097 2033 2198 2104 qui
2248 2033 2584 2105 appellatur
2628 2038 2859 2102 Matera,
2911 2041 2967 2090 et
3013 2053 3050 2092 a
3101 2040 3316 2108 quarto
3363 2037 3545 2093 latere

1881 2125 2034 2176 terra
2082 2125 2136 2176 S.
2169 2122 2482 2191 Laurentii,
2512 2140 2646 2194 qua:
2698 2125 3037 2196 appellatur
3083 2125 3345 2195 Silicara,
3384 2131 3441 2182 et
3467 2127 3544 2182 ri-

1883 2228 2023 2265 vum
2053 2211 2159 2282 qui
2197 2212 2360 2266 ducit
2403 2229 2510 2284 per
2534 2213 2832 2280 buxitum,
2862 2220 2917 2269 et
2945 2215 3368 2284 Madulanum;
3401 2232 3550 2289 prae-

1879 2303 2039 2355 terea
2093 2301 2480 2356 concedimus
2527 2308 2582 2356 et
2627 2303 3060 2358 conﬁrmamus
3104 2304 3300 2372 vobis,
3341 2310 3398 2360 et
3440 2321 3549 2378 per

1879 2405 1985 2442 vos
2039 2389 2099 2444 in
2157 2389 2370 2444 eodem
2431 2395 2623 2445 vestro
2678 2391 2986 2464 episeopio
3042 2392 3106 2448 in
3163 2397 3544 2466 perpetuum,

1881 2477 2151 2532 videlicet
2203 2483 2386 2534 terras
2436 2485 2492 2533 et
2545 2479 2745 2534 vineas
2804 2481 2860 2535 in
2915 2481 3236 2551 integrum,
3282 2498 3545 2554 quarum

1880 2565 2175 2622 voeabula
2256 2573 2412 2630 sunt,
2480 2568 2970 2639 Campomastali,
3031 2569 3175 2626 sdve
3243 2570 3396 2626 silva
3466 2571 3544 2627 de

1881 2659 2106 2728 Campo
2139 2657 2344 2722 monti,
2375 2661 2430 2709 et
2463 2656 2785 2718 Lacusello,
2820 2663 2876 2713 et
2905 2675 3043 2713 cum
3082 2659 3368 2714 omnibus
3413 2659 3545 2715 ﬁni-

1878 2744 2016 2810 bus,
2071 2744 2334 2799 terminis
2384 2744 2792 2817 limitibusque
2839 2747 2980 2817 suis,
3025 2747 3237 2814 vineis,
3285 2747 3538 2820 campis,

1877 2833 2081 2904 pratis,
2125 2833 2305 2900 silvis,
2350 2833 2610 2904 pascuis,
2644 2833 2930 2904 aediﬁciis,
2962 2835 3288 2908 parietinis,
3323 2835 3542 2906 attigiis

1876 2922 1972 2992 adj
1986 2923 2174 2977 unctis
2206 2922 2743 2994 adjacemibusque
2776 2924 2922 2989 suis,
2951 2924 3041 2979 vel
3071 2941 3210 2980 eum
3255 2925 3542 2981 omnibus

1877 3011 1954 3066 ad
2001 3027 2101 3066 eos
2146 3011 2578 3083 pertinentibus
2624 3012 2996 3079 generaliter,
3029 3017 3085 3069 et
3113 3013 3173 3069 in
3217 3013 3540 3085 integrum,

1875 3100 2070 3172 posita
2120 3099 2325 3156 omnia
2355 3100 2646 3156 territorio
2681 3101 2850 3157 Silvae
2884 3102 3189 3172 Candidas,
3223 3103 3373 3158 inter
3415 3103 3544 3159 afﬁ-

1875 3204 2001 3257 nes,
2037 3188 2114 3244 ab
2157 3204 2277 3244 uno
2329 3188 2531 3254 latere,
2588 3196 2738 3244 terra
2787 3190 3054 3262 praedicti
3103 3191 3416 3265 episcopii,
3463 3191 3542 3248 ab

1875 3277 1992 3333 alio
2040 3278 2221 3333 latere
2270 3283 2425 3334 terra
2470 3279 2752 3348 Gratiani,
2799 3297 2932 3352 quae
2990 3281 3327 3353 appellatur
3365 3298 3543 3338 mons

1874 3367 2081 3433 Ariori,
2111 3384 2216 3422 seu
2264 3367 2569 3438 Majoratu,
2605 3384 2794 3440 usque
2844 3369 2905 3424 in
2952 3369 3150 3424 rivum
3198 3371 3273 3425 de
3314 3373 3542 3442 Campo

1873 3457 2070 3524 Monti,
2103 3472 2140 3510 a
2179 3455 2349 3510 tertio
2387 3455 2567 3510 latere
2605 3455 2813 3527 incipit
2857 3455 2935 3510 ab
2984 3457 3119 3528 ipso
3167 3457 3318 3526 rivo,
3347 3474 3542 3530 usque

1873 3544 1934 3599 in
1965 3543 2183 3598 vallem
2214 3543 2288 3599 de
2320 3543 2602 3609 Arenula,
2631 3548 2688 3598 et
2720 3547 3010 3600 Buxetum
3050 3549 3228 3617 atque
3268 3540 3407 3601 inde
3433 3562 3542 3618 per

1874 3632 2259 3698 Novelletum,
2317 3649 2508 3704 usque
2565 3632 2626 3687 in
2679 3633 2841 3688 viam
2899 3633 3236 3706 antiquam,
3297 3635 3358 3690 in
3413 3652 3539 3706 qua

1866 3724 2026 3794 jacet
2067 3723 2257 3794 pilum
2306 3739 2737 3792 marmoreum,
2795 3727 2852 3778 et
2900 3739 3090 3796 usque
3145 3725 3208 3780 in
3260 3726 3407 3782 Cesa
3461 3726 3537 3782 de

1871 3809 2220 3876 Calariculo,
2253 3815 2309 3866 et
2339 3826 2374 3867 a
2403 3815 2620 3882 quarto
2651 3810 2834 3866 latere
2868 3814 3023 3868 Cava
3053 3811 3127 3867 de
3157 3811 3535 3882 Castagneto,

1873 3917 2062 3972 usque
2118 3899 2178 3955 in
2232 3899 2429 3954 rivum
2488 3900 2593 3972 qui
2646 3907 2899 3956 vocatur
2947 3900 3175 3969 Galera,
3235 3906 3291 3958 et
3343 3919 3539 3976 usque

1871 3989 1930 4044 in
1957 3989 2167 4044 silvam
2197 3987 2281 4044 tui
2313 3988 2620 4061 episcopii.
2656 3989 3056 4046 Coneedimus
3101 3991 3282 4048 etiam
3311 3995 3370 4048 et
3395 4009 3538 4049 con-

1870 4077 2184 4134 ﬁrmamus
2214 4077 2320 4134 tibi
2352 4079 2588 4151 tuisque
2615 4079 3068 4136 successoribus
3097 4097 3343 4136 omnem
3372 4081 3538 4139 illam

1871 4172 2110 4237 terram,
2139 4171 2195 4224 et
2239 4167 2475 4238 silvam,
2509 4185 2698 4240 quam
2729 4169 2873 4224 olim
2916 4169 3187 4225 Calolidu
3215 4170 3537 4240 invaserat,

1869 4261 1927 4312 et
1955 4256 2313 4312 antecessori
2356 4261 2458 4311 tuo
2508 4257 2763 4312 Guinoni
2793 4257 3079 4329 episcopo
3110 4272 3217 4329 per
3247 4257 3538 4329 scriptum

1868 4345 2248 4414 refutaverat,
2301 4360 2563 4416 quarum
2613 4345 2908 4400 vocabula
2958 4349 3094 4400 sunt
3139 4346 3307 4401 haec:
3365 4346 3536 4402 vallis

1869 4435 1943 4490 de
1981 4437 2209 4491 Joanne
2241 4437 2411 4504 Ecco,
2445 4439 2500 4489 et
2553 4437 2715 4490 Mons
2750 4433 3066 4506 Vespuleti,
3097 4434 3268 4490 vallis
3297 4435 3371 4491 de
3403 4435 3538 4493 Giu-

1870 4523 2017 4594 sule,
2051 4527 2107 4578 et
2150 4538 2326 4578 mons
2373 4521 2476 4594 qui
2520 4527 2772 4578 vocatur
2801 4522 3018 4590 Puzali,
3051 4521 3263 4578 afﬁnes
3296 4524 3425 4595 ejus
3455 4524 3534 4581 ab

1866 4629 1990 4669 uno
2031 4613 2212 4669 latere
2262 4611 2512 4680 Galeria,
2559 4627 2596 4668 a
2638 4611 2902 4668 secundo
2949 4611 3131 4668 latere
3179 4612 3396 4680 vadus,
3429 4613 3534 4685 qui

1864 4707 2116 4758 vocatur
2141 4701 2214 4756 de
2243 4716 2490 4772 perena,
2523 4708 2579 4756 et
2623 4700 2763 4755 inde
2811 4716 2917 4772 per
2945 4700 3126 4769 viam,
3156 4705 3213 4756 et
3241 4717 3348 4773 per
3376 4700 3531 4756 limi-

1866 4797 2005 4863 tem,
2025 4807 2213 4863 usque
2239 4790 2299 4845 in
2326 4793 2441 4845 tres
2473 4794 2705 4862 puteos,
2729 4789 2833 4862 qui
2865 4794 3004 4846 sunt
3031 4790 3091 4845 in
3123 4789 3257 4846 cilio
3284 4789 3529 4862 montis,

1863 4882 1968 4954 qui
2016 4884 2264 4937 vocatur
2312 4877 2508 4945 Puzal,
2541 4884 2598 4935 et
2632 4896 2740 4952 per
2787 4879 2989 4952 ipsum
3031 4879 3233 4935 cilium
3285 4878 3526 4948 montis,

1865 4975 1922 5027 et
1943 4987 2050 5044 per
2078 4969 2328 5027 limitem
2375 4985 2568 5041 usque
2611 4969 2672 5025 in
2703 4968 2860 5026 viam
2891 4969 3198 5042 publicam
3227 4967 3530 5025 Silicinam

1865 5061 2129 5133 antique,
2187 5063 2242 5115 et
2297 5074 2605 5128 amarum,
2658 5058 2763 5131 qui
2839 5063 2926 5114 est
2995 5058 3169 5129 juxta
3245 5057 3523 5114 eumdem

1864 5150 2108 5218 silicem,
2144 5153 2202 5205 et
2227 5148 2366 5204 inde
2395 5164 2503 5222 per
2531 5148 2779 5204 limitem
2811 5152 2866 5204 et
2901 5163 3009 5221 per
3037 5147 3222 5219 viam,
3256 5152 3313 5205 et
3339 5147 3529 5204 lucer-

1861 5238 2053 5305 naria,
2100 5254 2237 5310 quae
2283 5240 2423 5292 sunt
2471 5237 2533 5292 in
2577 5236 2790 5292 eodem
2841 5235 3048 5303 limite,
3090 5241 3148 5292 et
3191 5252 3297 5310 per
3325 5236 3527 5309 ipsum

1862 5328 2111 5384 limitem
2159 5344 2352 5400 usque
2398 5326 2457 5382 in
2507 5326 2728 5381 ﬁnibus
2778 5327 2880 5381 ubi
2929 5325 3132 5382 ﬁnitur
3162 5326 3309 5383 silva
3339 5327 3527 5402 praeli-

1862 5419 1982 5473 bati
2050 5417 2356 5489 episcopii,
2417 5421 2474 5470 et
2539 5415 2690 5471 silva
2758 5415 3105 5472 monasterii
3173 5419 3227 5473 S.
3299 5417 3527 5473 Martini

1863 5523 2052 5580 usque
2089 5506 2186 5561 ad
2234 5508 2287 5561 S.
2323 5508 2576 5570 Petrum,
2609 5509 2666 5560 et
2716 5504 2912 5560 casale
2961 5505 3129 5578 quod
3175 5509 3420 5562 vocatur
3448 5507 3522 5561 de

1862 5595 2106 5662 Rusina,
2131 5599 2186 5650 et
2215 5594 2274 5648 in
2300 5593 2512 5649 eodem
2542 5594 2675 5649 loco
2708 5592 3078 5651 Columnella
3105 5593 3228 5652 ﬁxa
3257 5600 3410 5652 stare
3440 5593 3522 5650 vi-

1862 5685 2052 5753 detur,
2081 5689 2137 5740 et
2166 5700 2201 5739 a
2228 5687 2392 5738 tertio
2417 5682 2599 5738 latere
2625 5681 2796 5738 limes
2823 5684 3034 5758 major,
3068 5673 3124 5740 et
3154 5685 3250 5742 via
3277 5681 3520 5758 publica

1866 5781 1999 5852 quae
2049 5773 2211 5831 ducit
2259 5789 2451 5852 usque
2503 5772 2565 5829 in
2609 5765 3013 5853 fundum‘qui
3043 5778 3293 5833 vocatur
3321 5773 3518 5828 Mensa
