3836 6422
396 331 522 389 1381
1725 320 2095 379 BENEDIC'H

387 456 747 520 sanctarum,
777 466 910 523 quo
932 453 1018 505 est
1039 449 1187 521 juris
1217 447 1353 503 dicti
1374 446 1677 520 episcopii,
1701 450 1757 503 et
1782 462 1818 501 a
1844 460 2020 518 quar-
2048 445 2097 496 Α

388 545 449 599 to
493 541 671 598 latere
721 554 917 609 mons,
950 541 1006 594 et
1049 537 1216 605 silva,
1270 552 1406 609 qua
1452 540 1699 592 vocatur
1750 533 2019 602 Ballaria,

387 644 571 703 quam
618 630 775 683 tenet
808 625 935 699 ipse
980 629 1115 681 tuus
1165 624 1564 697 episcopatus,
1613 624 1805 697 posita
1851 623 2025 693 juxta

386 717 664 785 buccege,
697 718 753 770 et
774 714 945 785 juxta
974 712 1168 770 casale
1196 711 1361 788 quod
1390 716 1639 768 vocatur
1666 713 1739 768 de
1782 711 2021 767 Rusina.

454 808 596 862 Item
619 800 1005 861 concedimus
1032 807 1089 859 et
1118 803 1543 859 conﬁrmamus
1576 802 1741 858 vobis
1772 800 2024 856 fundum

385 893 445 951 in
472 892 907 965 integrum,qui
933 897 1182 949 vocatur
1204 894 1552 959 Maurorem,
1573 907 1711 947 cum
1740 889 2024 946 omnibus

382 982 603 1041 ﬁnibus
632 981 1035 1057 limitibusque
1066 982 1185 1037 suis
1214 981 1424 1053 positis
1451 981 1511 1036 in
1542 980 1827 1036 territorio
1856 978 2025 1033 Silva

386 1070 687 1143 Candida,
714 1071 812 1127 via
837 1068 1124 1137 Cornelia,
1155 1068 1427 1125 milliario
1456 1069 1534 1125 ab
1563 1068 1709 1123 urbe
1752 1067 1888 1140 plus
1914 1066 2026 1122 mi-

387 1174 502 1215 nus
535 1163 618 1227 l2,
651 1162 707 1215 et
734 1158 885 1215 inter
913 1158 1121 1214 aﬂines
1151 1157 1229 1213 ab
1258 1172 1380 1213 uno
1422 1157 1601 1213 latere
1637 1156 1731 1212 via
1756 1171 1892 1228 qua
1921 1153 2028 1209 du-

387 1247 464 1303 cit
490 1245 569 1303 ad
592 1249 855 1304 Mensam
903 1249 1191 1314 sanctam,
1222 1245 1299 1301 ab
1343 1244 1459 1302 alio
1499 1245 1678 1301 latere
1717 1259 1893 1299 mons
1924 1242 2028 1314 qui

384 1339 628 1391 vocatur
680 1335 754 1390 de
798 1336 976 1406 Ovea,
1017 1339 1073 1390 et
1128 1336 1315 1406 Caput
1370 1333 1719 1406 poncinum,
1773 1348 1809 1387 a
1860 1330 2028 1387 tertio

385 1422 561 1480 latere
590 1422 686 1481 via
704 1438 839 1496 qua
868 1422 1060 1495 pergit
1083 1421 1161 1478 ad
1187 1420 1464 1489 salinum,
1495 1425 1552 1477 et
1574 1437 1609 1477 a
1638 1424 1852 1496 quarto
1882 1419 2028 1475 late-

386 1528 448 1568 re
482 1512 655 1584 juxta
696 1511 892 1584 ipsam
919 1513 1081 1567 viam
1111 1510 1615 1581 Castagnetulum,
1645 1514 1701 1565 et
1729 1525 1904 1565 mons
1934 1524 2027 1563 ar-

386 1602 602 1667 matus,
643 1602 818 1671 atque
867 1598 1132 1654 Ficarola
1176 1598 1379 1655 omnia
1416 1598 1489 1653 de
1538 1596 1879 1669 supradicto
1911 1595 2030 1667 epi-

387 1686 608 1759 scopio.
642 1689 786 1741 Item
822 1684 1044 1741 fundus
1090 1684 1193 1761 qui
1221 1690 1467 1741 vocatur
1493 1700 1742 1757 campus
1770 1682 2025 1753 'l‘rojani,

2132 322 2201 376 IX
2237 323 2453 378 ΡΑΡᾹΞ.
3755 319 3831 375 ιῖῗ

2136 441 2249 497 sibi
2271 444 2727 517 pertinentibus,
2759 446 2959 520 posita
3006 446 3072 501 in
3122 445 3279 500 loco
3313 441 3445 516 qui
3494 447 3763 497 vocatur
3784 447 3831 498 lt

2132 532 2305 587 buro.
2340 537 2491 589 lnter
2521 535 2732 591 aﬂines
2759 536 2840 592 ob
2873 552 2998 592 uno
3026 534 3228 591 latere
3266 536 3481 598 terra,
3520 530 3593 586 in
3625 547 3751 603 qua
3776 534 3823 587 lu

2132 619 2352 675 domus
2382 622 2456 676 de
2484 624 2762 678 Marcezia
2806 624 3072 701 conjuge
3126 617 3475 692 Stephani
3514 620 3813 674 Senescalr

2133 707 2211 762 ab
2241 707 2357 762 alio
2384 708 2564 766 latere
2596 716 2749 767 terra
2776 712 2837 767 in
2864 728 2992 784 qua
3021 710 3141 766 fuit
3173 710 3446 765 domus
3476 705 3565 762 de
3598 708 3779 763 Butio.
3798 711 3821 763 ἑ

2132 794 2405 851 Simeone
2427 813 2462 852 a
2492 798 2658 854 tertio
2688 799 2868 855 latere
2898 800 3001 855 via
3030 798 3337 873 publica,
3368 799 3441 852 et
3470 810 3513 851 a
3548 802 3766 868 quarto
3788 799 3829 851 is

2131 887 2253 938 tere
2282 900 2430 940 avus
2457 887 2669 957 major,
2692 891 2747 943 et
2770 889 2870 945 via
2898 904 3027 961 qua
3058 887 3248 943 ducit
3284 886 3383 942 ad
3422 888 3829 941 monasterii:

2137 973 2191 1027 S.
2224 972 2470 1043 Cyriaci.

2207 1062 2394 1132 Super
2420 1062 2513 1117 his
2557 1066 2759 1118 autem
2808 1077 2933 1120 non
2978 1078 3237 1120 novum
3276 1061 3637 1135 facientes,

2134 1149 2299 1220 quod
2326 1155 2731 1207 antecessores
2758 1158 2999 1209 nostros
3023 1154 3501 1209 sacrosanctis
3525 1152 3821 1209 Albanae:

2136 1239 2381 1293 Ostiensi
2430 1245 2485 1295 et
2522 1242 2847 1311 Portuensi,
2881 1247 2939 1299 et
2986 1242 3129 1298 aliis
3183 1242 3509 1298 ecclesiis
3543 1243 3756 1299 fecisse
3778 1261 3832 1299 cc-

2137 1327 2498 1395 gnoscimus,
2528 1345 2563 1384 a
2592 1331 2871 1401 prasenti
2901 1336 2932 1386 6
2964 1330 3362 1399 indictione,
3404 1347 3535 1413 per
3564 1332 3749 1403 hujus
3774 1350 3823 1387 ne

2138 1419 2269 1470 stra
2314 1417 2656 1488 apostolica
2691 1420 3122 1493 praceptionis
3157 1422 3513 1493 paginam
3572 1422 3836 1477 staminis

2137 1508 2193 1559 et
2218 1507 2530 1562 statuendo
2558 1523 2668 1579 per
2691 1509 3117 1565 auctoritatem
3164 1510 3648 1582 apostolorum
3679 1512 3817 1584 princ

2136 1593 2229 1666 pis
2276 1593 2722 1663 conﬁrmamus,
2775 1601 2840 1652 ut
2881 1599 3272 1670 presbyteri,
3326 1599 3632 1668 diaconi,
3685 1617 3836 1655 mon:-

2138 1679 2251 1746 chi,
2284 1682 2694 1749 mansionarii,
2727 1682 2919 1739 clerici
2950 1685 3442 1758 cujuscunque
3477 1686 3717 1742 ordinis
3746 1688 3825 1741 sia:

388 1778 445 1831 et
467 1774 688 1830 fundus
717 1773 821 1847 qui
862 1777 1108 1829 vocatur
1135 1771 1467 1839 bursicella,
1501 1777 1559 1829 et
1586 1772 1807 1827 fundus
1838 1771 2030 1842 gradi-
2055 1787 2101 1841 Β
2138 1768 2231 1823 vel
2260 1768 2583 1838 dignitatis,
2617 1771 3135 1839 sanctimoniales,
3165 1790 3296 1829 seu
3326 1774 3725 1831 diaconissa
3751 1792 3832 1829 om-

388 1862 486 1931 lia,
530 1867 585 1919 et
615 1861 836 1918 fundus
865 1862 967 1935 qui
995 1865 1243 1918 vocatur
1270 1878 1446 1917 mons
1491 1861 1563 1916 de
1596 1860 1793 1928 sorbo,
1826 1859 2031 1916 omnia

387 1952 612 2023 integre
655 1967 793 2007 cum
847 1949 969 2007 suis
1015 1950 1237 2007 ﬁnibus
1283 1956 1339 2007 et
1366 1949 1794 2023 pertinentibus
1823 1949 2028 2021 positis

389 2040 487 2097 via
527 2038 777 2111 Aurelia,
809 2038 1083 2094 milliaria
1126 2038 1203 2094 ab
1233 2038 1381 2093 urbe
1420 2041 1608 2094 Roma
1653 2037 1786 2110 plus
1828 2037 2028 2092 minus

390 2128 767 2185 duodecimo.
799 2130 941 2184 Item
989 2142 1091 2182 sex
1136 2126 1197 2181 in
1243 2126 1539 2195 integrum
1585 2126 1790 2181 uncias
1837 2124 2027 2193 fundi,

389 2217 495 2290 qui
537 2219 784 2272 vocatur
829 2214 1139 2283 Atticiano,
1179 2218 1233 2270 et
1292 2219 1578 2282 montem,
1629 2215 1731 2286 qui
1783 2217 2027 2269 vocatur

391 2302 467 2360 de
515 2303 839 2372 Dominico,
886 2319 1023 2358 cum
1067 2302 1347 2359 omnibus
1389 2318 1596 2358 eorum
1643 2301 2027 2375 pertinentiis,

391 2392 588 2467 posito
634 2392 729 2448 via
765 2390 999 2448 Aurelia
1044 2391 1298 2447 miliario
1349 2392 1427 2447 ab
1474 2391 1619 2447 urbe
1670 2394 1858 2447 Roma
1896 2391 2030 2464 plus

390 2480 590 2536 minus
619 2477 1053 2547 tertiodecimo;
1108 2478 1258 2535 inter
1288 2478 1495 2535 aﬂines
1548 2478 1625 2534 ab
1665 2494 1783 2534 uno
1828 2479 2026 2545 latere,

387 2571 578 2625 Massa
624 2566 952 2637 Margarita,
1002 2572 1057 2623 et
1107 2568 1431 2624 Casandria
1487 2567 1638 2639 juris
1688 2569 1779 2624 SS.
1834 2566 2030 2623 Basili-

391 2657 502 2727 dis,
531 2655 798 2729 l‘ripodis
849 2659 904 2712 et
947 2656 1326 2725 Magdalena,
1359 2673 1491 2731 quae
1523 2661 1609 2713 est
1644 2656 1909 2729 pradicti
1937 2672 2026 2712 ve-

389 2744 491 2801 stri
521 2743 829 2818 episcopii,
860 2759 897 2800 a
941 2732 1204 2801 secundo
1234 2743 1475 2813 fundus,
1508 2749 1564 2800 et
1609 2744 1831 2800 fundus
1861 2744 2031 2813 Agel-

387 2831 500 2902 lus,
528 2833 633 2906 qui
671 2835 809 2889 sunt
831 2831 906 2889 de
935 2833 1147 2889 eodem
1178 2837 1369 2889 vestro
1400 2832 1768 2907 episcopatu,
1801 2849 1833 2887 a
1864 2832 2030 2888 tertio

388 2921 567 2978 latere
596 2920 817 2978 fundus
847 2921 1188 2990 verecundi,
1215 2921 1319 2994 qui
1366 2925 1453 2977 est
1487 2922 1636 2993 juris
1686 2921 2031 2977 monasterii

392 3010 577 3068 sancti
617 3010 843 3067 Martini
866 3010 944 3067 ad
971 3015 1244 3068 sanctum
1274 3014 1529 3083 Petrum,
1561 3016 1616 3069 et
1644 3027 1681 3067 a
1708 3015 1923 3085 quarto
1948 3010 2031 3066 la-

391 3103 511 3156 tere
540 3097 825 3187 aliassexi
843 3100 1051 3156 uncias
1080 3099 1154 3155 de
1181 3099 1463 3173 pradicto
1502 3099 1687 3156 fundo
1718 3100 2028 3156 Atticiano.
2061 3131 2100 3187 ο

393 3188 656 3260 Itemque
686 3186 902 3243 fundos
930 3191 1083 3254 octo,
1116 3187 1442 3260 Lapmiam.
1483 3188 1709 3243 Pathin.
1743 3188 2029 3257 Margarit.

396 3275 487 3331 sui
516 3291 725 3335 eorum
758 3275 1117 3346 Graecorum,
1165 3274 1449 3332 Casanell.
1494 3277 1904 3351 Casapupulis,
1937 3279 2034 3333 Sa-

392 3364 593 3433 vinuli,
626 3364 729 3439 qui
776 3368 831 3421 et
879 3364 1274 3422 Sambuculus
1315 3369 1580 3434 vocatur,
1624 3366 1733 3422 sibi
1780 3367 2031 3422 invicem

393 3453 779 3521 coharentes,
810 3453 1003 3527 posita
1031 3452 1243 3509 eadem
1269 3452 1365 3511 via
1394 3453 1628 3510 Aurelia
1656 3454 1928 3511 milliario
1954 3455 2031 3511 ab

392 3541 539 3597 urbe
567 3544 754 3598 Roma
781 3532 917 3614 plus
957 3540 1156 3596 minus
1192 3542 1254 3595 12
1280 3559 1292 3609 ;
1339 3541 1626 3598 territorio
1658 3544 1712 3599 S.
1744 3542 2029 3610 Basilidis,

389 3629 540 3686 inter
582 3629 793 3687 afﬁnes
840 3630 917 3687 ab
947 3645 1069 3686 uno
1116 3626 1297 3686 latere
1336 3629 1557 3685 fundus
1584 3631 1921 3698 Attichian.,
1955 3632 2032 3687 ab

390 3719 504 3776 alio
532 3719 711 3777 latere
740 3719 962 3777 fundus
991 3717 1294 3787 Casandri,
1322 3734 1358 3775 a
1384 3718 1553 3775 tertio
1582 3718 1761 3776 latere
1789 3720 2030 3787 fundus,

368 3808 495 3883 qui
521 3808 854 3883 appellatur
879 3806 1283 3874 Patriciorum,
1314 3807 1409 3863 vel
1441 3807 1488 3862 si
1534 3807 1637 3881 qui
1679 3808 1776 3864 alii
1823 3808 2033 3863 afﬁnes

392 3898 535 3951 sunt
579 3910 691 3951 nec
735 3909 859 3951 non
912 3895 1134 3954 fundus
1177 3894 1238 3950 in
1292 3893 1589 3965 integrum
1640 3900 1744 3970 qui
1790 3900 2035 3952 vocatur

392 3982 760 4056 Judaorum,
819 3998 958 4040 cum
1013 3982 1233 4039 ﬁnibus
1286 3987 1343 4039 et
1393 3983 1678 4041 limitibus
1740 3985 1884 4056 suis,
1942 3986 2036 4044 vel

393 4085 532 4127 cum
586 4069 870 4129 omnibus
944 4070 1056 4127 sibi
1120 4070 1576 4143 pertinentibus,
1633 4073 1836 4145 positis
1886 4090 2035 4148 pra-

392 4157 549 4217 dicto
594 4158 884 4215 territorio
933 4159 1102 4216 Silva
1153 4159 1449 4217 Candida.
1501 4164 1781 4218 Praeterea
1829 4179 2035 4220 conce-

392 4247 609 4317 dimus,
642 4251 700 4304 et
727 4246 1156 4306 conﬁrmamus
1186 4249 1357 4305 vobis
1392 4249 1585 4306 casale
1637 4267 1823 4307 unum
1852 4252 1913 4307 in
1942 4253 2031 4308 in-

391 4340 643 4409 tegrum,
669 4336 837 4412 quod
863 4341 1110 4395 vocatur
1150 4338 1477 4405 Urbanum,
1506 4339 1627 4396 sive
1657 4339 1877 4415 quibus
1903 4341 2032 4398 aliis

2139 1872 2263 1926 nes,
2292 1857 2591 1913 immunes
2624 1858 2742 1914 sint
2771 1875 2807 1914 a
2831 1859 3029 1916 laicali
3063 1863 3372 1931 servitio,
3406 1864 3660 1934 judicio
3687 1870 3743 1919 et
3764 1881 3832 1935 prr

2139 1946 2292 2002 blica
2315 1947 2553 2003 datione
2582 1948 2643 2003 in
2673 1949 2901 2005 Galeria
2931 1951 3097 2007 intra
3131 1953 3533 2021 castellum,
3572 1954 3663 2010 vel
3691 1954 3757 2009 de
3781 1956 3829 2007 fw

2138 2036 2216 2090 ris
2246 2035 2598 2104 habitantes,
2632 2037 2713 2093 ita
2760 2042 2825 2093 ut
2878 2040 2926 2095 si
2975 2040 3377 2114 imperator,
3419 2048 3543 2099 aut
3595 2044 3817 2101 march};

2139 2124 2259 2179 sive
2288 2125 2457 2180 missi
2493 2141 2721 2195 eorum,
2754 2131 2857 2183 aut
2884 2144 3302 2186 successores
3340 2132 3566 2188 nostri
3616 2132 3747 2188 illuc
3770 2150 3831 2184 re

2138 2212 2349 2279 nerint,
2372 2213 2536 2268 nullo
2565 2215 2749 2271 modo
2778 2215 2839 2271 in
2864 2217 2997 2287 jam
3048 2218 3245 2274 dictis
3284 2220 3613 2292 personis
3640 2238 3741 2294 per
3765 2238 3831 2292 pu—

2138 2299 2324 2355 blicos
2353 2301 2764 2357 ministeriales
2792 2319 3067 2376 expensa
3109 2306 3513 2378 colligatur,
3547 2324 3740 2383 neque
3765 2312 3829 2363 ab

2139 2405 2260 2460 quo
2290 2390 2474 2446 modo
2504 2390 2588 2445 eis
2613 2390 2832 2461 injuria
2860 2391 3192 2463 irrogetur.
3226 2396 3370 2450 Sed
3406 2412 3538 2469 pro
3574 2413 3765 2455 more
3782 2400 3829 2450 δέ.

2137 2478 2348 2533 tissimi
2370 2478 2468 2533 Dei
2475 2495 2533 2549 ,a
2557 2480 2730 2549 cujus
2754 2484 2912 2537 sorte
2936 2481 3143 2538 clerici
3176 2492 3696 2559 nuncupantur,
3714 2504 3825 2542 com-

2139 2567 2400 2637 petenter
2428 2567 2740 2635 honorent,
2771 2569 2947 2626 liceat
2969 2570 3089 2625 illis
3123 2575 3408 2630 tantum
3454 2576 3660 2632 modo
3688 2576 3826 2631 vehi»

2137 2655 2433 2728 vetrisque
2478 2658 2925 2713 successoribus
2963 2659 3299 2733 episcopis
3336 2667 3408 2719 et
3441 2665 3825 2722 vicedominis.

2139 2760 2243 2798 seu
2271 2744 2697 2802 ministralibus
2749 2747 2990 2817 nostris,
3023 2749 3089 2805 in
3146 2752 3424 2808 cunctis
3480 2755 3737 2811 reddere
3774 2771 3825 2807 ra-

2138 2831 2377 2900 tionem,
2410 2838 2466 2889 et
2510 2838 2778 2889 vestrum
2807 2841 3168 2907 exspectare
3209 2823 3591 2910 judicium,
3624 2848 3687 2899 ut
3724 2845 3823 2897 Dea:

2137 2921 2478 2990 honoretur,
2520 2926 2576 2977 et
2620 2939 2728 2979 vos
2782 2940 3318 2999 successoresque
3374 2931 3611 3003 vestri,
3658 2936 3823 2987 vestro

2137 3025 2273 3064 rum
2330 3027 2640 3066 sacrorum
2695 3011 2980 3068 ordinum
3034 3014 3331 3088 servitio,
3401 3023 3477 3075 et
3536 3020 3825 3077 obedienc;

2140 3114 2261 3154 non
2318 3099 2773 3169 defraudemini,
2828 3107 3263 3177 maneantque
3334 3109 3479 3165 sub
3523 3110 3766 3180 judicio,
3796 3120 3824 3161 et

2140 3187 2410 3243 districtu
2461 3192 2657 3244 vestro
2723 3190 3063 3247 secundum
3141 3196 3467 3253 tenorem
3532 3199 3719 3270 hujus
3763 3214 3823 3252 ne

2141 3275 2241 3330 stri
2290 3275 2596 3348 apostolici
2637 3278 2942 3351 praecepti,
2976 3278 3279 3338 omnium
3324 3283 3687 3342 hominum
3730 3302 3823 3340 coe-

2140 3364 2484 3421 tradictione
2530 3370 2781 3435 remota,
2814 3366 2897 3423 ita
2945 3372 3013 3424 ut
3063 3369 3289 3427 nullus
3352 3389 3619 3446 comes,
3648 3363 3823 3432 vicem

2139 3468 2288 3519 mes,
2345 3454 2662 3526 castaldus,
2719 3455 3151 3526 cubicularius,
3212 3462 3561 3538 nullaque
3617 3482 3825 3539 person:

2140 3542 2358 3599 audeat
2385 3560 2489 3600 eos
2520 3543 2598 3600 ad
2624 3543 2949 3616 servitium,
2972 3547 3071 3602 vel
3104 3548 3191 3604 ad
3223 3554 3600 3621 angariam
3632 3557 3823 3611 ducens

2141 3632 2231 3687 vel
2279 3631 2357 3687 ad
2387 3632 2742 3703 districtum,
2777 3633 2902 3689 sive
2960 3635 3039 3691 ad
3092 3636 3429 3709 placitum
3493 3646 3814 3717 protrahens

2142 3719 2265 3774 sive
2314 3721 2656 3776 mansiones
2708 3738 2917 3778 eorum
2974 3723 3316 3799 hospitari,
3388 3731 3501 3788 vel
3564 3733 3809 3790 invader;

2138 3809 2232 3865 vel
2260 3809 2614 3866 defraudare
2639 3816 2986 3884 prasumat,
3007 3813 3116 3869 sed
3141 3818 3637 3879 tantummodo
3658 3840 3725 3879 ex
3745 3824 3821 3893 ju<~

2142 3899 2307 3954 sione
2334 3904 2547 3968 vestra,
2580 3904 2637 3955 et
2664 3906 2947 3974 prompta
2991 3904 3322 3964 voluntate
3381 3910 3659 3969 illorum
3696 3926 3821 3981 nega

2140 3989 2241 4058 tia,
2264 3991 2328 4044 ut
2354 3988 2605 4059 dignum
2629 3993 2736 4059 est,
2764 3990 3183 4063 moderentur,
3213 3995 3699 4071 disponantur,
3724 4001 3824 4073 jud-

2141 4081 2363 4149 centur,
2388 4081 2444 4134 et
2466 4076 2781 4145 ﬁniantur;
2814 4094 3069 4137 necnon
3096 4081 3149 4137 si
3178 4085 3335 4157 quis
3366 4076 3822 4149 Christianam:

2139 4166 2362 4221 ibidem
2393 4165 2602 4222 obierit
2642 4168 2873 4240 absque
2904 4169 3149 4226 harede
3182 4177 3247 4228 et
3276 4178 3712 4245 testamento,
3738 4182 3823 4246 legr

2139 4254 2253 4311 bus
2283 4254 2597 4311 succedere
2627 4256 2739 4312 sibi
2768 4256 3040 4329 ecclesia,
3070 4260 3193 4332 cui,
3224 4264 3363 4321 Deo
3403 4246 3705 4338 auctore,
3729 4284 3823 4343 prs—

2142 4344 2364 4412 sidetis,
2398 4349 2453 4401 et
2498 4362 2627 4411 vos,
2667 4350 2723 4402 et
2767 4353 2997 4404 vestros
3045 4367 3475 4415 successores
3542 4361 3823 4434 apostoli:

388 4423 696 4531 vocabulis
742 4429 1107 4531 nuncupent,
1140 4425 1201 4483 in
1247 4443 1392 4531 qua"
1415 4433 1553 4484 sunt
1574 4432 1775 4531 terra,
1809 4431 2027 4529 campi,
2058 4477 2104 4531 Β
2143 4432 2488 4488 auctoritate
2511 4433 2815 4504 jubemus.
2847 4437 3042 4493 Tertia
3080 4443 3300 4496 autem
3335 4445 3549 4523 reddi
3585 4423 3753 4509 vobis
3775 4465 3823 4499 ῑτ

387 4518 581 4593 prata,
623 4530 872 4588 pascua,
901 4515 995 4571 vel
1024 4531 1162 4572 cum
1211 4517 1492 4574 omnibus
1542 4518 1653 4574 sibi
1695 4519 2032 4593 pertinenti-

388 4603 525 4674 bus,
556 4603 816 4679 positum
860 4603 1147 4662 territorio
1193 4605 1583 4677 Subtrinensi,
1617 4606 1827 4664 afﬁnes
1877 4610 2028 4682 ejus,

392 4689 564 4753 sicuti
594 4691 712 4749 sint
750 4690 852 4751 vel
867 4691 1106 4750 fuerunt
1132 4692 1210 4750 ab
1238 4694 1483 4771 origine.
1526 4699 1790 4769 Itemque
1820 4698 2031 4753 conﬁr-

387 4796 628 4839 mamus
654 4779 828 4838 vobis
873 4784 931 4837 et
964 4780 1228 4839 ecclesia
1257 4783 1352 4839 cui
1377 4783 1703 4857 prasidetis
1734 4786 1795 4840 in
1835 4786 2032 4859 ipsam

387 4870 551 4929 viam
603 4870 860 4945 Appiam
922 4869 1205 4928 territorio
1256 4872 1585 4929 Velletrano
1644 4874 2030 4933 constitutam

388 4961 662 5030 Massam,
682 4958 951 5016 videlicet
978 4959 1279 5019 Urbanam
1307 4977 1446 5016 cum
1472 4961 1757 5034 Capuano
1784 4967 1837 5018 et
1864 4965 2035 5020 Cesa-

389 5046 561 5107 riana
587 5063 728 5103 cum
750 5046 953 5105 fundis
983 5048 1061 5104 ad
1100 5049 1375 5109 eamdem
1403 5050 1665 5105 Massam
1692 5053 2031 5123 pertinenti-

388 5134 526 5205 bus,
585 5150 723 5192 cum
777 5136 941 5193 omni
994 5136 1125 5208 jure
1181 5137 1467 5194 instructo
1524 5137 2032 5216 instrumentaque

390 5221 613 5278 ﬁnibus
640 5224 1027 5301 terminisque
1053 5226 1201 5296 suis,
1228 5226 1289 5284 in
1308 5240 1433 5300 qua
1456 5230 1543 5283 est
1573 5227 1823 5299 ecclesia
1851 5232 1904 5288 S.
1933 5233 2034 5288 Fe-

392 5308 540 5382 licis,
595 5312 744 5368 sicut
795 5317 856 5369 in
910 5315 1139 5389 scriptis
1185 5315 1394 5373 vestris
1444 5313 1719 5383 habetur,
1777 5323 1834 5374 et
1888 5320 2037 5377 sicut

394 5396 571 5452 etiam
615 5398 675 5453 in
704 5400 922 5459 tabulis
950 5402 1222 5479 lapideis,
1252 5419 1387 5475 qua
1420 5407 1554 5461 ante
1597 5404 1751 5461 fores
1776 5407 2034 5464 basilica

392 5486 493 5540 SS.
522 5490 854 5561 martyrum
883 5491 1105 5548 Ruﬁna
1133 5495 1190 5548 et
1220 5492 1505 5547 Secunda
1534 5494 1593 5549 in
1626 5511 1799 5551 muro
1828 5498 2034 5571 posita

391 5573 688 5645 videntur,
704 5575 911 5650 legitur
929 5579 1252 5651 integriter;
1278 5586 1561 5655 praeterea
1577 5585 1960 5643 concedimus
1981 5591 2038 5642 et

396 5662 824 5735 confirmamus
882 5670 1051 5727 vobis
1094 5668 1247 5727 infra
1292 5672 1447 5729 hanc
1491 5673 1786 5731 civitatem
1834 5679 2033 5732 Roma

396 5751 635 5823 terram,
667 5752 769 5809 ubi
806 5754 949 5811 olim
986 5757 1093 5812 fuit
1119 5757 1335 5814 domus
1363 5761 1558 5828 major
1586 5775 1725 5815 cum
1755 5763 2035 5819 omnibus

2143 4522 2393 4595 strisque
2438 4523 2882 4580 successoribus
2929 4541 2967 4582 a
3012 4528 3256 4587 cunctis
3290 4520 3634 4613 ecclesiis,
3668 4538 3753 4595 vel
3775 4554 3825 4589 εξ

2141 4607 2478 4664 cerdotibus
2509 4612 2565 4665 et
2594 4609 2819 4666 clericis
2867 4611 3116 4669 Galeria
3163 4615 3432 4692 absque
3476 4607 3670 4681 omni
3712 4625 3823 4680 dira~

2140 4696 2381 4753 nutione
2439 4712 2772 4755 censemus.
2830 4699 3018 4756 Simili
3075 4703 3275 4761 modo
3339 4713 3768 4771 concedimus
3800 4722 3823 4763 εἰ

2139 4784 2566 4842 conﬁrmamus
2602 4787 2773 4843 vobis
2816 4791 3073 4863 terrena,
3132 4792 3382 4852 domus
3418 4800 3545 4857 ubi
3594 4804 3821 4860 ofﬁcials

2140 4874 2622 4944 commanebant,
2678 4893 2818 4934 cum
2875 4879 3167 4937 omnibus
3231 4886 3378 4941 suis
3454 4892 3811 4963 pel-ﬁnem;

2140 4965 2335 5038 posita
2364 4964 2421 5019 in
2453 4965 2685 5022 Galeria
2727 4984 2900 5024 secus
2941 4970 3271 5030 ecclesiam
3332 4978 3405 5032 Β.
3448 4982 3701 5040 Nieolai
3740 4996 3821 5035 an

2143 5053 2376 5109 fessoris
2402 5053 2631 5123 Christi,
2664 5071 2847 5130 quem
2867 5061 2931 5114 tu
2959 5058 3091 5135 ipse
3116 5071 3543 5127 consecrasti
3581 5076 3721 5130 ante
3745 5073 3821 5126 ho"

2143 5147 2268 5199 tum
2287 5143 2529 5212 castelli,
2547 5144 2713 5218 quod
2737 5146 2998 5221 denique
3020 5149 3255 5215 domus
3288 5155 3458 5230 plus
3494 5163 3819 5219 convenire

2142 5232 2542 5323 essevidetur
2585 5236 2887 5308 praedictae
2935 5238 3209 5297 ecclesia
3272 5244 3342 5303 S.
3384 5249 3671 5323 Nicolai,
3704 5251 3812 5308 γοὺς

2143 5327 2199 5377 et
2248 5322 2472 5378 clericis
2523 5326 2752 5396 vestris,
2811 5343 3179 5403 quanquam
3257 5334 3331 5391 in
3416 5356 3508 5398 ea
3586 5322 3751 5402 laica

2143 5410 2453 5468 saculares
2483 5428 2755 5484 persona
2806 5422 3101 5475 maneant
3151 5420 3236 5476 ad
3292 5431 3712 5496 patrandam
3748 5432 3783 5484 lii

2142 5499 2341 5555 dinem
2394 5505 2448 5555 et
2502 5503 2812 5561 saecularia
2866 5504 3162 5575 facinora,
3230 5518 3576 5585 quoniam
3653 5524 3807 5603 δυεεεῑ

2143 5591 2398 5683 nonest
2438 5593 2500 5683 ut
2549 5590 2769 5649 domus
2824 5592 3144 5666 lupanaris
3201 5605 3266 5658 et
3324 5606 3549 5683 turpis
3612 5590 3807 5667 nim.-

2144 5677 2331 5775 clesia
2361 5678 2681 5775 adhaereat,
2714 5682 2789 5775 de
2838 5698 2963 5757 qua
3012 5686 3209 5763 etiam
3268 5677 3488 5775 (legio
3548 5686 3665 5775 per
3706 5703 3807 5757 Ba.»

2142 5765 2366 5822 dictum
2417 5767 2883 5828 oblationarium
2912 5788 3025 5829 vos
3056 5764 3695 5848 mvesﬁre‘iecimus.
3727 5790 3801 5840 Ita:
