3950 6398
123 246 262 298 1353

1390 231 1749 288 EPISTOL/E
1791 230 1873 284 ET
1914 231 2340 288 DlPLOMATA.

3422 236 3564 292 1354

111 380 235 438 que
263 360 654 418 concedimus
682 364 736 414 et
768 358 1198 414 conﬁrmamus
1235 358 1405 413 vobis
1465 355 1790 426 vestrisque
1825 355 1871 407 Α
1903 351 2042 408 bem
2070 355 2123 409 S.
2160 355 2423 423 Gregorii
2445 355 2504 409 in
2537 354 2767 411 Galeria
2789 371 2928 411 cum
2951 355 3134 411 titulis
3157 357 3297 423 suis,
3329 358 3563 414 titulum

117 449 573 508 successoribus
597 449 654 502 iu
683 453 1039 520 perpetuum
1068 448 1379 502 ecclesiam
1421 447 1513 501 SS.
1574 448 1794 514 marty—

115 559 257 596 rum
291 540 519 596 Rutime
553 544 608 592 et
642 537 927 592 Secundae
979 538 1236 608 positam
1282 537 1452 606 juxta
1502 533 1791 606 palatium

117 635 417 688 nostrum.
443 633 500 681 et
529 627 730 681 locum
761 626 863 696 qui
899 631 1146 680 vocatur
1172 625 1488 680 Cellarium
1522 623 1639 676 sive
1661 624 1794 675 Lar-

115 719 345 775 dirium
369 718 430 772 in
464 717 760 782 integrum
789 731 927 769 cum
955 714 1200 768 diversis
1259 713 1502 786 cryptis,
1554 710 1792 783 parieti-

119 810 242 865 bus
274 807 364 862 vel
396 805 662 861 tediticiis
694 821 926 868 eorum,
981 821 1090 858 nec
1148 821 1269 859 non
1328 802 1539 870 vineis,
1586 800 1789 864 hortis,

117 915 266 953 cum
289 895 606 952 arboribus
637 893 933 948 olivarum
965 898 1020 948 et
1045 898 1285 948 creteras
1313 892 1556 947 arbores
1586 907 1795 962 pomo-

121 1003 284 1052 rum,
311 987 437 1040 sive
468 984 714 1039 diversis
746 983 960 1054 ceptris
982 988 1037 1036 et
1092 982 1413 1054 parietinas
1469 998 1536 1036 ac
1585 985 1790 1044 terras,

123 1074 658 1142 Quemadmodum
690 1073 1075 1127 determinari
1109 1073 1402 1141 videntur,
1445 1071 1792 1144 incipientes

117 1165 295 1235 juxta
325 1168 598 1218 nostrum
631 1161 947 1233 palatium,
1000 1160 1164 1232 quod
1213 1162 1388 1214 Scuta
1445 1159 1680 1225 dicitur,
1737 1163 1792 1213 et

123 1252 266 1308 inde
287 1255 425 1324 post
455 1249 802 1312 vestarium,
826 1253 980 1303 recte
1003 1248 1075 1303 ad
1104 1247 1510 1319 supradictam
1531 1252 1789 1302 vestram

123 1341 439 1396 basilicam
473 1338 723 1411 Ulpiam,
754 1342 810 1391 et
841 1337 977 1391 inde
999 1337 1171 1406 juxta
1190 1337 1476 1409 parietem
1502 1335 1790 1392 scriniarii

123 1430 312 1486 nostri
341 1445 448 1501 per
475 1433 714 1492 terram,
769 1426 872 1480 ubi
924 1425 1220 1481 columnae
1267 1427 1466 1496 jacere
1522 1426 1794 1481 videntur

118 1523 282 1574 recte
308 1518 370 1572 in
392 1516 512 1583 via,
544 1519 601 1570 et
625 1531 732 1587 per
756 1515 955 1586 ipsam
984 1514 1144 1570 viam
1193 1514 1653 1569 descendentem
1714 1513 1792 1568 ad

116 1605 375 1662 limitem
401 1603 506 1676 qui
535 1609 625 1658 est
655 1603 713 1657 in
748 1607 966 1657 terram
995 1608 1274 1668 vestram,
1305 1608 1360 1657 et
1383 1608 1600 1659 terram
1631 1618 1792 1674 pres-

1905 445 1958 498 S.
1993 445 2252 512 Gregorii
2285 445 2342 499 in
2374 444 2504 515 ipso
2536 444 2690 511 loco,
2748 444 2984 500 titulum
3040 448 3094 502 8.
3154 449 3448 502 Anastasii
3504 449 3565 504 in

1905 533 2168 592 Musano.
2203 538 2258 588 et
2288 532 2528 604 plebem
2563 533 2617 586 8.
2680 532 2886 600 Angeli
2945 533 3003 588 in
3066 535 3369 590 Duscitulo
3429 553 3566 591 cum

1908 620 2072 674 terris
2095 621 2236 686 suis,
2265 621 2562 692 simulque
2594 620 2830 692 plebem
2885 624 2940 677 S.
2987 623 3233 678 Joannis
3278 624 3336 678 in
3401 628 3567 681 Nono

1904 724 2040 764 cum
2074 710 2240 765 terris
2269 715 2324 765 et
2357 709 2534 765 titulis
2569 710 2690 764 suis
2723 729 2734 774 ;
2763 710 2998 766 titulum
3059 714 3113 768 8.
3171 713 3450 768 Marciani
3506 714 3567 770 in

1903 798 2035 871 ipso
2067 799 2260 866 burgo
2285 816 2422 854 cum
2459 800 2624 854 terris
2649 804 2788 866 suis,
2814 800 3049 856 titulum
3079 804 3134 855 8.
3155 802 3400 858 Andreae
3426 819 3565 859 cum

1904 886 2085 941 titulis
2120 889 2263 953 suis,
2296 905 2404 944 nec
2431 905 2550 944 non
2586 889 2817 944 titulum
2853 893 2908 945 8.
2940 890 3152 960 Mariae,
3212 891 3450 948 titulum
3507 896 3561 947 8.

1903 975 2145 1043 Nicolai,
2172 978 2275 1049 qui
2300 983 2385 1032 est
2414 978 2472 1032 in
2509 977 2750 1033 rastello
2782 978 2855 1033 de
2887 984 3088 1034 monte
3116 981 3336 1035 Destini
3369 999 3382 1049 ;
3430 981 3566 1037 titu-

1877 1064 2028 1120 lum
2059 1069 2111 1121 8.
2145 1067 2336 1122 ΜέὶΓίὶΒ
2369 1084 2506 1122 cum
2539 1067 2704 1121 terris
2757 1067 2879 1122 suis
2914 1087 2926 1134 ;
2987 1073 3272 1136 praeterea
3326 1070 3565 1142 plebem

1904 1157 1960 1212 S.
1993 1157 2305 1226 Pancratii,
2340 1174 2477 1212 cum
2519 1156 2687 1212 terris
2719 1162 2774 1212 et
2806 1157 2985 1212 titulis
3017 1159 3139 1213 suis
3171 1177 3183 1227 ;
3215 1159 3449 1215 titulum
3508 1163 3562 1215 S.

1902 1245 2090 1300 Mariae
2118 1245 2178 1300 in
2208 1245 2409 1301 insula
2439 1263 2577 1300 cum
2611 1247 2778 1301 terris
2792 1247 2913 1301 suis
2935 1248 3271 1319 ;plebemS.
3299 1250 3488 1305 Luciaa
3506 1250 3565 1305 in

1899 1333 2092 1388 insula
2126 1351 2265 1389 cum
2295 1336 2463 1390 terris
2495 1335 2637 1403 suis,
2673 1335 2939 1391 similiter
2969 1336 3206 1408 plebem
3249 1341 3302 1393 8.
3369 1338 3560 1394 Lucis:

1900 1423 1958 1477 in
1991 1423 2187 1479 insula
2209 1440 2347 1479 cum
2380 1424 2545 1479 terris
2571 1425 2712 1491 suis,
2748 1425 3013 1480 similiter
3039 1425 3275 1497 plebem
3309 1428 3361 1482 8.
3389 1429 3567 1482 Joan-

1899 1512 1992 1566 nis
2015 1512 2074 1567 in
2098 1513 2294 1568 insula
2317 1529 2453 1568 cum
2479 1513 2644 1568 titulo
2668 1519 2723 1569 et
2744 1515 3028 1570 territorio
3060 1532 3198 1580 suo;
3239 1515 3476 1571 titulum
3506 1518 3561 1573 S.

1905 1601 2166 1670 Gregorii
2190 1602 2321 1673 ipso
2347 1602 2500 1669 loco,
2537 1602 2835 1674 simulque
2881 1603 3116 1675 plebem
3172 1607 3226 1661 S.
3285 1604 3448 1660 Pauli
3503 1605 3564 1660 in

118 1695 478 1766 byterorum
511 1691 856 1747 monasterii
887 1692 944 1745 S.
974 1691 1282 1756 Pancratii,
1318 1695 1374 1746 et
1426 1691 1555 1762 ipso
1608 1691 1792 1745 limite
1824 1709 1867 1760 Β
1907 1689 2196 1745 Formello
2227 1707 2366 1745 cum
2399 1692 2591 1760 terris,
2623 1692 2835 1759 vineis,
2870 1692 3079 1762 hortis,
3109 1693 3369 1749 oleivetis
3386 1697 3565 1766 atque

119 1782 466 1839 revolvente
520 1796 626 1852 per
683 1778 887 1834 ellium
946 1778 1381 1850 supradictum,
1441 1784 1497 1834 et
1556 1778 1793 1850 parietis

117 1873 297 1943 juxta
349 1873 571 1926 terram
628 1867 1052 1940 praedictorum
1128 1867 1635 1939 presbyterorum,
1691 1867 1793 1922 ubi

121 1960 298 2016 oliva:
332 1963 486 2014 stare
513 1957 790 2012 videntur
809 1962 964 2015 recte
989 1956 1050 2010 in
1075 1972 1264 2028 parva
1295 1956 1590 2012 turricella
1635 1956 1794 2011 muri

122 2049 314 2120 hujus
371 2047 544 2104 almae
602 2050 822 2110 Romae,
889 2062 1006 2100 una
1061 2063 1198 2100 cum
1256 2048 1388 2118 ipsa
1419 2045 1714 2101 turricella
1739 2051 1794 2100 et

123 2153 327 2203 muro,
362 2153 468 2191 seu
500 2141 674 2190 turris
704 2139 1043 2190 Sarracenae
1076 2151 1214 2189 cum
1246 2134 1487 2206 cryptis,
1512 2140 1568 2190 et
1598 2134 1792 2206 parie-

122 2226 267 2284 tinis
296 2225 410 2280 sub
437 2240 522 2293 se,
551 2229 606 2279 et
630 2225 803 2294 juxta
835 2239 918 2288 se,
951 2223 1040 2278 vel
1067 2223 1214 2278 alias
1257 2228 1465 2291 turres,
1516 2241 1651 2296 quae
1692 2240 1792 2278 ex-

125 2320 301 2370 tensa
324 2319 462 2368 sunt
487 2312 565 2368 ab
598 2328 719 2367 una
747 2317 914 2384 parte
933 2312 1104 2380 juxta
1135 2316 1353 2368 terram
1401 2317 1682 2378 vestram,
1738 2317 1794 2366 et

125 2408 466 2478 pantanum
497 2418 636 2456 cum
665 2401 877 2456 eodem
905 2400 1036 2472 ipso
1068 2400 1299 2469 integro
1355 2406 1646 2472 pantano,
1706 2417 1795 2456 sa-

125 2493 307 2548 liente
338 2491 415 2546 ad
439 2490 599 2546 viam
632 2488 958 2562 publicam,
987 2505 1122 2560 quae
1153 2489 1315 2544 ducit
1345 2490 1425 2544 ad
1478 2489 1791 2545 ecclesiam

130 2584 188 2638 8.
226 2579 475 2636 Joannis
508 2579 799 2650 Baptistae,
830 2578 947 2633 sive
980 2578 1056 2632 ad
1089 2577 1381 2650 palatium
1410 2584 1706 2649 nostrum,
1739 2584 1796 2633 et

127 2671 269 2726 inde
302 2669 817 2738 revertentejuxta
848 2672 1065 2722 terram
1122 2684 1256 2739 quae
1282 2667 1388 2722 fuit
1436 2667 1689 2740 Elperini
1740 2672 1796 2722 et

130 2758 344 2815 Azonis
368 2774 797 2828 germanorum
824 2756 1076 2812 fratrum
1107 2762 1162 2811 et
1195 2757 1432 2811 vineam
1451 2757 1711 2812 ecclesiae
1734 2759 1788 2813 S.

131 2847 378 2912 Nicolai,
413 2845 537 2900 sive
570 2851 786 2900 terram
821 2845 1128 2900 haaredum
1157 2846 1230 2899 de
1283 2845 1429 2901 Maio
1483 2850 1793 2918 Capuano,

131 2938 257 2992 sive
279 2935 676 3003 horticellum,
703 2934 806 3006 qui
860 2934 966 2988 fuit
1016 2933 1329 3005 quondam
1386 2935 1614 3004 Angeli,
1676 2935 1795 2989 sive

1904 1778 2082 1833 titulis
2105 1779 2228 1833 suis
2263 1797 2276 1845 ;
2312 1779 2545 1835 titulum
2578 1782 2632 1834 S.
2691 1780 2941 1851 Sylvesti
2993 1781 3052 1836 in
3092 1781 3376 1837 columna
3425 1799 3565 1838 cum

1904 1867 2071 1922 terris
2100 1873 2156 1922 et
2184 1868 2370 1922 vineis
2394 1869 2514 1923 suis
2550 1887 2562 1936 ;
2599 1869 2831 1925 titulum
2865 1872 2920 1926 S.
2954 1870 3161 1940 Angeli
3193 1871 3252 1926 in
3312 1871 3565 1928 Olibano

1902 1972 2041 2010 cum
2065 1957 2230 2012 terris
2253 1962 2309 2012 et
2336 1958 2522 2013 hortis
2553 1958 2675 2013 suis
2710 1977 2722 2025 ;
2756 1958 2992 2014 titulum
3021 1961 3075 2015 S.
3101 1960 3379 2016 Marciani
3425 1977 3564 2016 cum

1903 2045 2072 2100 terris
2105 2046 2226 2101 suis
2263 2065 2274 2113 ;
2313 2047 2545 2102 titulum
2572 2050 2626 2103 S.
2662 2048 2891 2104 Genesii
2921 2049 2980 2104 in
3034 2048 3381 2106 Dalmacliia
3424 2067 3566 2106 cum

1903 2134 2071 2190 terris
2104 2136 2225 2190 suis
2258 2155 2271 2203 ;
2304 2136 2539 2192 titulum
2574 2139 2628 2193 S.
2664 2137 2954 2192 Laurentii
2978 2137 3038 2192 in
3089 2138 3382 2194 Formello
3427 2155 3567 2194 cum

1903 2222 2083 2278 titulis
2113 2229 2170 2278 et
2198 2223 2385 2279 hortis
2409 2224 2530 2278 suis
2564 2243 2576 2291 ;
2611 2225 2850 2280 titulum
2883 2228 2937 2281 8.
2964 2226 3156 2282 Maria:
3210 2243 3349 2282 cum
3406 2227 3568 2282 terri-

1903 2312 2052 2368 torio
2080 2329 2190 2367 suo
2228 2332 2240 2379 ;
2273 2313 2507 2368 titulum
2531 2313 2852 2370 Salvatoris
2875 2330 3013 2369 cum
3045 2315 3212 2370 terris
3246 2315 3406 2384 suis;
3439 2315 3569 2372 titu-

1902 2400 2029 2456 lum
2064 2403 2118 2457 S.
2148 2402 2400 2457 Joannis
2429 2402 2489 2457 in
2519 2403 2650 2474 ipso
2671 2402 2804 2458 loco
2838 2419 2975 2458 cum
3003 2403 3293 2460 territorio
3326 2421 3453 2469 suo,
3500 2405 3568 2460 ti-

1904 2489 2092 2545 tulum
2130 2492 2184 2546 S.
2217 2491 2368 2546 Petri
2396 2508 2535 2546 cum
2569 2497 2722 2546 terra
2753 2508 2862 2547 sua
2899 2511 2910 2559 ;
2966 2492 3201 2548 titulum
3252 2495 3308 2549 8.
3357 2493 3565 2563 Angeli

1901 2577 1962 2633 in
1998 2582 2246 2634 Laureto
2282 2578 2554 2647 ;titulum
2588 2581 2642 2634 S.
2670 2579 2957 2635 Valentini
2987 2579 3048 2634 in
3082 2580 3359 2653 Cryptule
3385 2600 3397 2648 ;
3421 2581 3565 2637 item

1901 2666 2142 2740 plebem
2173 2669 2227 2722 S.
2255 2667 2504 2724 Cornelii
2532 2667 2592 2722 in
2615 2667 3017 2739 Capricornio.
3069 2671 3174 2723 Per
3215 2669 3397 2740 hujus
3448 2669 3565 2742 pri-

1900 2756 2100 2826 vilegii
2135 2756 2308 2811 vestri
2350 2761 2407 2811 et
2457 2756 2676 2811 decreti
2729 2756 3038 2828 paginam,
3097 2757 3157 2812 in
3205 2762 3566 2831 perpetuum

1903 2846 2337 2901 confirmamus
2367 2845 2652 2918 praedicto
2687 2850 2871 2900 vestro
2899 2845 3206 2918 episcopio
3257 2863 3396 2902 cum
3447 2851 3562 2902 ter-

1903 2933 2007 2998 ris,
2045 2932 2252 3002 vineis,
2285 2937 2340 2988 et
2370 2932 2615 2998 olivetis,
2642 2937 2698 2987 et
2723 2933 2923 2998 titulis,
2957 2933 3191 2988 titulum
3221 2936 3277 2990 S.
3318 2938 3571 2991 Pancra-

129 3026 390 3081 domum
423 3023 759 3088 terrineam,
791 3039 925 3094 quae
959 3029 1045 3075 est
1060 3022 1230 3092 juxta
1261 3022 1441 3078 aliam
1473 3023 1634 3079 viam
1683 3039 1796 3095 pu-
1828 3063 1868 3118 Ο
1905 3021 1966 3076 tii
1995 3038 2132 3077 cum
2160 3021 2327 3077 terris
2359 3021 2482 3076 suis
2514 3040 2527 3086 ;
2561 3021 2796 3076 titulum
2825 3024 2879 3076 8.
2915 3023 3104 3078 Mariae
3133 3039 3272 3078 cum
3303 3023 3468 3079 terris
3512 3027 3570 3079 et

130 3115 381 3178 blicam,
412 3112 640 3168 ducens
663 3111 741 3167 ad
772 3116 1047 3166 nostrum
1101 3117 1501 3166 memoratum
1563 3116 1794 3168 Latera-

136 3219 326 3260 nense
353 3201 662 3274 palatium.
682 3201 949 3272 Itemque
971 3203 1403 3256 conﬁrmamus
1429 3201 1597 3257 vobis
1620 3203 1800 3258 eccle-

135 3292 294 3348 siam
325 3293 382 3348 S.
416 3290 673 3346 Martinus
706 3305 843 3344 cum
865 3289 1032 3344 omni
1077 3305 1186 3344 sua
1212 3289 1547 3359 integritate
1578 3296 1634 3347 et
1665 3308 1798 3364 per-

136 3380 405 3448 tinentia,
440 3379 698 3452 positam
728 3381 928 3433 Romze
960 3393 1147 3450 prOpe
1181 3384 1448 3434 montem
1503 3381 1607 3453 qui
1660 3381 1800 3436 dici-

137 3475 236 3526 tur
267 3471 573 3538 Augustus
603 3485 616 3534 ;
645 3482 754 3521 nec
812 3482 933 3522 non
987 3467 1298 3523 ecclesiam
1357 3471 1458 3524 SS.
1498 3469 1801 3526 Adalberti

139 3564 198 3616 et
227 3556 456 3615 Paulini
480 3573 617 3612 cum
645 3555 896 3612 ecclesia
930 3558 984 3612 S.
1021 3556 1314 3612 Benedicti
1372 3563 1429 3612 et
1476 3558 1641 3613 omni
1691 3575 1802 3614 sua

138 3647 475 3718 integritate
506 3651 563 3702 et
581 3646 955 3719 pertinentia,
989 3650 1045 3700 et
1069 3645 1221 3701 sicut
1266 3646 1342 3702 ad
1400 3663 1620 3702 manus
1672 3665 1802 3703 ves-

141 3742 266 3793 tras
294 3735 472 3792 hodie
519 3734 726 3790 tenetis
782 3735 1043 3807 positam
1091 3735 1246 3791 infra
1295 3735 1451 3790 hanc
1507 3736 1802 3790 civitatem

141 3827 398 3883 Romam
420 3824 483 3880 in
512 3823 708 3879 insula
738 3823 1057 3895 Lycaonia,
1091 3828 1154 3879 ut
1179 3824 1252 3880 sit
1278 3824 1451 3880 vobis
1472 3826 1804 3897 vestrisque

140 3913 593 3972 successoribus
625 3929 763 3968 cum
820 3912 1122 3968 volueritis
1168 3913 1505 3986 episcopale
1555 3914 1806 3969 domici-

141 4005 317 4074 lium,
348 4007 406 4059 et
426 4018 762 4074 congruum
788 4002 1232 4074 receptaculum
1276 4008 1807 4076 opportunumque

141 4091 558 4150 habitaculum
588 4089 1109 4162 quemadmodum
1129 4090 1350 4146 habere
1385 4091 1620 4147 videtur
1669 4095 1809 4147 Por-

144 4181 401 4238 tuensis,
434 4179 686 4236 ecclesia
736 4181 791 4235 S.
847 4179 1093 4234 Joannis
1148 4181 1299 4235 inter
1350 4180 1504 4236 duos
1570 4186 1806 4254 pontes,

145 4271 531 4344 presbyteros
587 4273 767 4341 atque
815 4268 1079 4336 clericos,
1136 4270 1240 4342 qui
1297 4286 1406 4342 pro
1455 4277 1719 4344 tempore
1752 4273 1813 4327 in

146 4361 364 4431 eadem
394 4358 645 4415 ecclesia
678 4359 772 4414 SS.
813 4357 1137 4428 Adalberti,
1198 4363 1254 4414 et
1298 4360 1548 4430 Paulini,
1603 4366 1660 4416 et
1714 4364 1812 4416 Be-

147 4448 370 4508 nedicti
391 4447 610 4504 fuerint
643 4466 656 4515 ;
690 4447 770 4503 ita
801 4447 1100 4518 subjectas
1133 4447 1300 4503 vobis
1332 4465 1464 4504 esse
1531 4449 1813 4505 volumus

149 4544 215 4597 ut
242 4537 521 4613 proprias
550 4536 705 4592 ﬁlias
731 4536 994 4593 ecclesiae
1027 4543 1260 4610 vestras,
1299 4543 1356 4593 et
1385 4538 1464 4594 ab
1494 4540 1659 4595 omni
1680 4540 1815 4611 jure

148 4628 251 4685 illo
279 4625 690 4683 subtrahimus
713 4629 827 4681 tuae
868 4626 1229 4697 paternitati,
1265 4632 1494 4683 tantum
1523 4645 1628 4684 eas
1653 4644 1818 4683 com-

147 4717 452 4775 mittentes
503 4719 569 4770 ut
612 4713 994 4770 solummodo
1043 4720 1309 4770 vestrum
1372 4716 1667 4786 judicium
1721 4734 1816 4772 ex-

149 4804 441 4876 spectent,
471 4804 670 4854 vestro
701 4798 970 4854 dominio
1012 4798 1396 4876 famulentur,
1431 4806 1488 4856 et
1537 4818 1643 4873 per
1680 4817 1810 4856 om-

146 4886 254 4944 nia
279 4884 486 4940 vestris
513 4882 970 4939 rationabilibus
1023 4884 1437 4940 obsecundent
1491 4885 1816 4949 mandatis,

149 4981 218 5032 ut
241 4988 492 5046 quoquo
544 4972 730 5028 modo
789 4971 961 5027 vobis
1000 4973 1195 5046 placet
1246 4973 1544 5041 ordinare,
1605 4991 1816 5030 secun-

149 5061 305 5116 dum
367 5061 554 5113 Deum
607 5072 834 5126 regere,
889 5060 946 5112 et
1002 5057 1345 5128 informare,
1396 5063 1453 5114 et
1496 5059 1819 5115 emendare

150 5152 366 5205 nostra
389 5146 722 5220 apOstolica
746 5146 1096 5203 auctoritate
1124 5147 1186 5202 in
1212 5151 1572 5220 perpetuum
1600 5147 1773 5204 liceat
1806 5167 1818 5216 ;

151 5233 458 5306 simulque
477 5231 866 5288 concedimus
889 5236 942 5287 et
961 5232 1393 5288 conﬁrmamus
1415 5231 1588 5287 vobis
1609 5249 1822 5289 omnes

151 5322 387 5397 plebes,
420 5325 477 5377 et
505 5320 786 5377 ecclesias
819 5321 1158 5393 parochias,
1208 5338 1348 5377 cum
1395 5337 1605 5378 eorum
1651 5323 1828 5396 perti-

153 5411 398 5481 nentiis,
431 5411 525 5466 vel
557 5410 935 5480 adjacentiis.
967 5411 1186 5466 scilicet
1238 5411 1478 5484 plebem
1535 5414 1590 5469 S.
1640 5413 1828 5470 Mariae

155 5503 218 5558 in
282 5497 442 5558 Silva
498 5499 769 5558 Candida
825 5517 965 5556 cum
1031 5501 1212 5556 titulis
1268 5502 1413 5571 suis,
1461 5502 1693 5558 titulum
1729 5504 1826 5558 SS.

157 5590 411 5647 Joannis
442 5594 500 5646 et
518 5589 683 5646 Pauli
715 5589 776 5644 in
802 5592 1060 5658 Lucano,
1093 5595 1150 5645 et
1177 5590 1410 5647 titulum
1445 5593 1498 5647 S.
1535 5590 1743 5659 Angeli
1772 5592 1832 5646 in

168 5684 442 5751 Musano,
468 5677 702 5736 titulum
730 5680 785 5735 8.
821 5679 1032 5736 Donati
1061 5679 1122 5734 in
1155 5681 1456 5750 Majorata,
1481 5684 1658 5753 atque
1706 5680 1830 5752 ple-

177 5759 182 5765 ’
419 5767 685 5827 riuos;
713 5764 885 5826 CXLI.

1905 3116 2079 3185 prato
2111 3127 2255 3178 suo;
2292 3110 2525 3166 titulum
2555 3112 2609 3167 S.
2645 3109 2932 3166 Valentini
2956 3128 3091 3167 cum
3130 3114 3322 3180 terris,
3365 3117 3421 3168 et
3468 3112 3572 3168 oli-

1906 3204 2042 3254 veto
2097 3215 2209 3255 suo
2258 3204 2436 3272 atque
2496 3204 2667 3271 prato
2703 3218 2717 3267 ;
2777 3200 2859 3254 tit.
2897 3202 2952 3256 S.
2986 3202 3198 3257 Donati
3234 3218 3373 3258 cum
3404 3201 3570 3257 terris

1912 3286 2062 3356 suis,
2097 3285 2332 3342 titulum
2356 3288 2412 3342 S.
2446 3287 2635 3341 Mariae
2661 3303 2797 3341 cum
2833 3287 2999 3342 terris
3049 3287 3192 3356 suis,
3245 3288 3480 3344 titulum
3513 3291 3567 3345 S.

1911 3375 2209 3432 Laurentii
2231 3392 2368 3431 cum
2397 3376 2564 3430 terris
2587 3376 2732 3442 suis,
2759 3376 2992 3431 titulum
3027 3379 3081 3432 S.
3107 3378 3407 3433 Anastasii
3431 3394 3572 3433 cum

1907 3464 2080 3519 terris
2111 3469 2168 3518 et
2196 3463 2382 3518 vineis
2413 3464 2574 3530 suis;
2608 3463 2846 3535 plebem
2882 3466 2935 3520 8.
2998 3464 3102 3519 Titi
3159 3481 3282 3520 non
3328 3466 3506 3536 longe
3537 3482 3574 3522 a

1911 3551 2189 3618 Civitella,
2222 3568 2360 3607 cum
2393 3552 2603 3618 vineis,
2638 3551 2828 3618 terris,
2862 3557 2917 3606 et
2938 3551 3118 3607 titulis
3151 3553 3308 3621 suis;
3333 3554 3572 3626 plebem

1913 3645 1968 3699 S.
2003 3640 2166 3697 Pauli
2195 3640 2256 3695 in
2282 3640 2572 3696 Formella
2602 3656 2741 3695 cum
2790 3639 3001 3709 vineis,
3049 3641 3215 3697 terris
3271 3647 3329 3698 et
3387 3643 3570 3698 titulis

1914 3730 2076 3798 suis;
2109 3729 2347 3785 titulum
2376 3732 2430 3786 S.
2464 3729 2765 3802 Sylvestri',
2798 3734 2854 3785 et
2886 3732 2940 3787 S.
2975 3731 3181 3800 Angeli
3221 3748 3360 3787 cum
3405 3733 3572 3788 terris

1914 3820 1970 3871 et
1989 3814 2198 3881 vineis,
2233 3819 2289 3869 et
2312 3813 2549 3886 plebem
2585 3816 2639 3870 S.
2678 3814 2884 3870 Donati
2913 3815 2974 3870 in
3003 3815 3229 3872 Collina
3273 3833 3410 3872 cum
3460 3822 3572 3872 ter-

1915 3900 2019 3968 ris,
2094 3898 2300 3966 vineis,
2356 3903 2412 3954 et
2468 3898 2716 3963 olivetis,
2775 3903 2830 3954 et
2883 3899 3062 3955 titulis
3113 3900 3272 3968 suis;
3338 3902 3576 3958 titulum

1921 3986 1976 4040 S.
2046 3983 2236 4039 Mariae
2301 4000 2440 4040 cum
2509 3982 2677 4039 terris
2755 3990 2811 4039 et
2875 3984 3063 4040 vineis
3127 4004 3139 4052 ;
3209 3985 3444 4042 titulum
3519 3989 3574 4044 8.

1921 4067 2248 4134 Christinaa,
2273 4085 2410 4123 cum
2435 4069 2622 4137 terris,
2651 4068 2840 4124 vineis
2870 4073 2927 4125 et
2953 4068 3115 4126 silvis
3145 4070 3268 4125 suis
3295 4089 3308 4137 ;
3345 4071 3579 4127 titulum

1922 4155 1978 4210 S.
2009 4153 2270 4223 Gregorii
2299 4169 2439 4208 cum
2470 4153 2637 4209 terris
2667 4158 2725 4208 et
2748 4154 2936 4208 vineis
2963 4172 2975 4219 ;
3007 4154 3244 4209 titulum
3264 4157 3318 4212 S.
3354 4157 3581 4212 Martini

1923 4255 2060 4293 cum
2096 4237 2263 4293 terris
2288 4242 2345 4292 et
2369 4237 2558 4292 vineis
2589 4237 2862 4302 ;titulum
2896 4240 2950 4292 S.
2987 4237 3251 4293 Cassiani
3295 4255 3433 4293 cum
3474 4244 3584 4296 ter-

1921 4321 2019 4386 ris,
2051 4326 2108 4377 et
2127 4321 2336 4389 vineis,
2367 4325 2422 4375 et
2451 4319 2692 4375 familiis
2723 4320 2910 4374 tribus
2944 4339 2956 4386 ;
2991 4321 3226 4376 titulum
3254 4323 3308 4376 8.
3330 4326 3582 4380 Anasta-

1849 4416 1892 4470 ι)
1923 4406 1991 4461 sii
2023 4421 2161 4461 cum
2192 4405 2359 4460 terris
2387 4409 2443 4459 et
2473 4404 2678 4471 vineis,
2713 4410 2768 4459 et
2799 4404 3032 4459 titulum
3067 4407 3122 4461 S.
3153 4406 3397 4462 Justinae
3443 4423 3583 4464 cum

1923 4494 2091 4549 terris
2118 4498 2174 4549 et
2200 4492 2390 4549 vineis
2420 4493 2694 4560 ;titulum
2723 4494 2778 4547 S.
2810 4492 3019 4561 Angeli
3044 4509 3182 4548 cum
3215 4496 3381 4550 terris
3410 4497 3532 4550 suis
3567 4514 3582 4564 ;

1926 4577 2162 4634 titulum
2199 4579 2253 4634 8.
2284 4577 2546 4647 Gregorii
2567 4593 2706 4632 cum
2738 4577 2906 4632 terris
2961 4577 3082 4632 suis
3139 4583 3196 4633 et
3244 4579 3452 4650 vineis,
3505 4580 3582 4635 si-

1926 4663 2173 4734 mulque
2203 4662 2444 4735 plebem
2469 4663 2524 4718 S.
2551 4661 2801 4717 Marcelli
2823 4661 2883 4718 in
2915 4666 3130 4734 quarto
3151 4663 3387 4719 decimo
3446 4681 3586 4721 cum

1928 4753 2122 4820 terris,
2154 4756 2210 4807 et
2241 4750 2448 4819 vineis,
2479 4753 2534 4805 et
2558 4749 2776 4806 oliveto
2825 4754 3004 4821 atque
3058 4750 3259 4816 titulis,
3302 4751 3395 4806 vel
3448 4768 3588 4807 cum

1929 4836 2215 4894 omnibus
2245 4835 2367 4891 suis
2397 4834 2764 4907 pertinentiis
2794 4853 2806 4902 ;
2837 4833 3071 4889 titulum
3106 4837 3161 4891 S.
3193 4836 3401 4905 Angeli
3449 4853 3589 4892 cum

1933 4921 2100 4979 terris
2125 4924 2182 4976 et
2213 4919 2400 4976 vineis
2434 4918 2736 4990 ;denique
2761 4918 3002 4990 plebem
3054 4921 3108 4975 S.
3161 4920 3310 4976 Petri
3357 4921 3417 4974 in
3462 4923 3595 4976 Bec-

1934 5023 2086 5064 zano
2116 5021 2255 5060 cum
2286 5003 2470 5071 terris,
2505 5007 2563 5058 et
2585 5002 2790 5072 vineis,
2820 5006 2876 5058 et
2931 5003 3147 5058 oliveto
3195 5020 3304 5059 suo
3361 5004 3593 5076 majore

1935 5096 2113 5163 atque
2149 5089 2310 5144 silvis
2346 5106 2359 5154 ;
2387 5092 2443 5143 et
2472 5086 2709 5144 titulum
2743 5089 2798 5144 S.
2829 5087 3100 5152 Joannis,
3132 5092 3188 5143 et
3215 5089 3270 5142 S.
3315 5089 3598 5161 Stephani

1939 5181 2118 5247 atque
2148 5175 2202 5230 8.
2233 5172 2422 5230 Mariae
2453 5171 2513 5227 in
2539 5175 2925 5244 Pentpertusa
2959 5189 2971 5238 ;
3023 5171 3256 5226 titulum
3290 5175 3345 5230 S.
3407 5174 3598 5230 Mariae

1940 5261 2000 5316 in
2031 5256 2319 5330 Sepefane
2350 5273 2489 5312 cum
2521 5256 2707 5322 terris,
2738 5254 2927 5311 vineis
2963 5273 2975 5323 ;
3001 5255 3236 5312 titulum
3267 5259 3321 5314 8.
3359 5259 3604 5331 Stepha-

1944 5345 2005 5400 ni
2034 5343 2096 5398 in
2126 5345 2341 5398 Matcra
2367 5360 2381 5409 ;
2415 5340 2648 5396 titulum
2681 5342 2736 5396 8.
2768 5339 2958 5396 Mariae
2989 5340 3050 5394 in
3081 5344 3296 5397 Matera
3321 5361 3333 5412 ;
3368 5344 3606 5400 titulum

1947 5431 2001 5486 S.
2033 5427 2205 5483 Blasii
2231 5427 2292 5481 in
2325 5425 2610 5483 Scrofano
2640 5443 2652 5491 ;
2689 5424 2921 5480 titulum
2957 5427 3012 5481 S.
3063 5427 3310 5483 Joannis
3365 5428 3423 5483 in
3474 5429 3606 5501 ipso

1948 5510 2252 5579 Scrofano,
2286 5515 2342 5566 et
2385 5513 2439 5567 S.
2498 5507 2773 5578 Eugeniae
2828 5509 2890 5564 in
2939 5512 3203 5579 Matera;
3266 5512 3501 5569 titulum
3551 5515 3606 5568 S.

1947 5597 2240 5652 Laurentii
2266 5595 2324 5650 in
2346 5593 2631 5650 Scrofano
2655 5610 2793 5649 cum
2819 5594 3106 5650 omnibus
3130 5597 3388 5665 terris,et
3405 5596 3607 5664 vineis,

1947 5680 2183 5738 titulum
2216 5683 2270 5736 S.
2299 5679 2576 5750 Eugeniae
2612 5695 2751 5734 cum
2773 5680 2964 5748 terris,
2997 5685 3054 5737 et
3075 5682 3284 5751 vineis,
3319 5679 3612 5749 simulque

3261 5774 3326 5824 43
