3950 6396
398 231 534 285 I355

1749 218 2117 277 BENEDI‘CTI
2160 220 2224 277 IX
2262 224 2481 280 PARE.

3693 232 3823 287 I38!

392 351 635 426 plebem
662 352 719 409 8.
744 348 935 409 Marias
965 348 1027 405 in
1058 347 1292 406 Olibula
1322 361 1462 403 cum
1493 346 1683 415 terris,
1742 349 1799 401 et
1846 345 2054 411 vineis,
2085 349 2133 400 Α
2173 350 2464 403 testatem.
2500 352 2564 404 In
2589 348 2813 421 quibus
2841 350 3112 423 quinque
3142 350 3377 421 diebus,
3411 352 3459 409 si
3504 353 3682 410 vobis
3730 369 3825 411 ve-

392 445 452 497 et
482 439 649 497 titulo
675 454 807 510 suo,
841 443 897 494 et
920 441 974 494 S.
1010 436 1223 506 Angeli
1281 452 1419 491 cum
1478 434 1665 503 terris,
1716 438 1773 489 et
1828 433 2057 499 vineis;

392 529 734 601 pariterque
762 525 1152 582 concedimus
1183 529 1239 580 et
1269 523 1706 579 conﬁrmamus
1740 521 1913 577 vobis
1970 535 2062 576 ve-

392 619 618 691 trisque
646 616 1098 673 successoribus
1129 615 1192 670 in
1216 619 1531 688 perpetuo,
1556 613 1727 667 sicuti
1754 628 1791 668 a
1818 610 2061 667 sanctis-

392 706 549 763 simo
571 706 775 776 Sergio
796 718 979 777 papa,
1006 704 1131 760 sive
1151 720 1189 761 a
1246 700 2056 777 caeterisprzedecessoribus

388 795 607 852 nostris
658 774 1043 867 pontiﬁcibus
1097 808 1392 849 concessa
1444 774 1907 848 ciiconﬁrmata
1935 790 2058 846 fue-

386 884 872 954 runt;videlicet
896 884 1264 940 monasteria
1312 882 1602 956 quinque,
1657 884 1714 937 8.
1773 878 2056 952 Stephani

387 974 657 1045 majoris,
718 980 776 1031 et
830 973 1101 1045 minoris,
1157 975 1633 1043 Sanctorumque
1706 969 1952 1025 Joannis
2002 970 2058 1023 et

385 1062 573 1134 Pauli,
599 1071 658 1121 et
688 1068 746 1120 Β.
781 1064 1030 1132 Martini,
1057 1068 1238 1136 atque
1268 1062 1494 1118 Theclee
1529 1059 1856 1115 constitutae
1882 1059 2057 1129 juxta

387 1168 676 1225 magnam
700 1154 1017 1209 ecclesiam
1042 1156 1096 1209 8.
1132 1152 1307 1223 Petri,
1340 1157 1444 1207 aut
1483 1151 1542 1205 in
1596 1150 1822 1205 caeteris
1876 1149 2057 1203 eccle-

386 1243 513 1312 sxis,
543 1260 676 1316 quae
707 1248 845 1299 sunt
873 1243 1212 1299 constitutae
1238 1243 1297 1297 in
1330 1246 1455 1297 tota
1486 1239 1721 1295 civitate
1772 1238 2050 1305 Leonina,

384 1332 492 1387 etsi
544 1332 953 1388 necessarium
1013 1331 1187 1387 fuerit
1231 1346 1603 1399 consecrare,
1648 1328 1849 1383 nullus
1901 1326 2055 1382 alius

382 1422 706 1495 episcopus
736 1421 816 1478 ad
849 1422 963 1479 tale
995 1421 1399 1480 ministerium
1430 1416 2055 1475 velconseerationem

381 1512 664 1568 accedere
692 1516 1042 1585 praesumat,
1066 1510 1179 1566 nisi
1210 1526 1320 1566 vos
1346 1509 1645 1581 vestrique
1677 1522 2055 1563 successores

380 1601 645 1674 episcopi
666 1606 721 1658 S.
742 1603 931 1673 Sylvae
957 1600 1243 1657 Candidas
1267 1598 1551 1655 ecclesiae.
1580 1598 1639 1652 in
1671 1601 2049 1669 perpetuum.

2173 436 2429 509 strisque
2458 438 2908 494 successoribus
2938 440 3075 495 utile
3101 440 3298 497 visum
3339 441 3514 498 fuerit
3568 443 3823 515 aliquem

2168 525 2565 583 diaconorum
2597 533 2943 583 nostrorum
2974 529 3314 586 ministrare
3341 531 3420 587 ob
3450 532 3744 588 honorem
3771 536 3820 590 S.

2168 614 2316 670 Petri
2346 619 2403 670 et
2430 621 2698 672 vestram
2718 616 3113 672 reverentiam
3143 618 3423 674 volumus
3452 625 3673 691 petere.
3728 624 3825 676 Po-

2167 706 2441 761 testatem
2466 710 2669 761 autem
2702 706 2979 776 ejusdem
3000 706 3264 762 ecclesiae
3289 710 3343 765 S.
3377 709 3527 764 Petri
3547 714 3605 765 et
3621 725 3825 783 supra.

2166 791 2463 848 dictorum
2492 810 2745 849 suorum
2770 795 3279 851 monasteriorum
3306 800 3365 852 et
3390 798 3823 855 mansionario-

2165 895 2300 935 rum
2325 881 2601 937 omnium
2618 882 3010 938 mansionum
3037 886 3091 940 8.
3123 884 3292 951 Petri,
3328 901 3433 939 seu
3466 884 3643 941 totius
3687 883 3822 939 civi-

2164 969 2297 1025 tatis
2331 971 2604 1027 Leoninee
2634 971 2806 1027 vobis
2830 971 3161 1045 vestrisque
3194 973 3642 1030 successoribus
3690 989 3825 1028 oon.

2163 1059 2434 1115 cedimus
2466 1065 2523 1115 et
2552 1061 3009 1129 conﬁrmamus,
3042 1062 3444 1119 inthronizare
3474 1068 3532 1119 et
3557 1063 3823 1119 incathe-

2161 1150 2336 1205 drare
2360 1150 2709 1223 pontiﬁcem
2762 1153 3103 1207 Romanum
3161 1152 3223 1207 in
3281 1153 3611 1225 apostolica
3662 1152 3822 1221 sede,

2162 1238 2354 1308 vobis,
2402 1240 2509 1312 qui
2558 1239 2896 1312 quotidiani
2952 1241 3092 1295 estis
3135 1241 3197 1297 in
3241 1242 3481 1297 servitio
3530 1244 3588 1299 S.
3650 1242 3821 1309 Petri,

2162 1329 2615 1399 committimus,
2672 1346 2782 1385 nec
2836 1346 2960 1387 non
3007 1331 3087 1387 ad
3142 1331 3628 1388 benedicendum
3682 1348 3823 1387 cum

2162 1418 2293 1475 aliis
2314 1435 2422 1474 vos
2456 1418 2789 1491 specialiter
2808 1436 3220 1477 couvocamus
3257 1440 3270 1489 ;
3303 1416 3604 1495 similique
3635 1421 3821 1477 modo

2162 1508 2241 1563 ad
2316 1507 2671 1577 ungendum
2752 1513 2811 1564 et
2866 1510 3347 1566 consecrandum
3376 1510 3823 1582 imperatorem,

2162 1598 2426 1671 primum
2508 1605 2774 1655 vestram
2874 1605 3333 1673 vestrorumque
3406 1616 3824 1657 successorum

452 1691 850 1748 Coucedimus
881 1696 1084 1746 autem
1124 1695 1181 1745 et
1232 1688 1666 1744 conﬁrmamus
1723 1686 1896 1742 vobis
1951 1702 2051 1740 ve-
2082 1708 2123 1761 Β
2162 1688 2589 1760 episcoporum
2619 1688 3047 1745 fraternitatem
3086 1705 3514 1759 convocamus,
3568 1694 3636 1746 ut
3686 1689 3823 1763 qui-

380 1781 637 1853 strisque
664 1780 1113 1836 successoribus
1144 1779 1204 1834 in
1230 1784 1592 1851 perpetuum
1625 1779 1681 1833 S.
1716 1775 1877 1831 diem
1906 1775 2054 1832 Sab-

377 1869 503 1926 bati
528 1870 609 1927 ad
645 1869 937 1943 baptismi
991 1872 1439 1925 sacramentum
1489 1865 1943 1929 celebrandum,
1996 1870 2056 1920 et

377 1963 569 2015 totum
627 1958 895 2014 ofﬁcium
952 1957 1298 2013 faciendum
1353 1956 1412 2011 in
1469 1954 1726 2010 ecclesia
1783 1956 1841 2009 Β.
1903 1956 2054 2025 Petri

375 2048 653 2120 apostoli,
686 2053 745 2104 et
772 2063 959 2121 supra
987 2062 1286 2117 magnum
1316 2045 1524 2113 altare,
1558 2044 1617 2099 in
1639 2058 1764 2116 quo
1791 2047 1913 2098 toto
1956 2058 2054 2098 ve-

373 2137 625 2193 nerabili
647 2137 840 2207 altari,
872 2152 979 2192 seu
1009 2136 1070 2192 in
1118 2135 1519 2202 confessione,
1572 2132 1872 2205 quidquid
1920 2131 2051 2187 auri

372 2226 465 2282 vel
490 2227 742 2297 argenti,
775 2225 959 2299 pallii,
993 2226 1087 2281 vel
1108 2240 1276 2293 cerae,
1341 2225 1464 2280 sive
1517 2223 1773 2279 aliarum
1825 2237 2047 2290 rerum,

372 2317 641 2390 positum
668 2316 759 2371 vel
786 2316 1060 2372 oblatum
1090 2315 1185 2371 vel
1201 2316 1495 2385 jactatum
1525 2312 1722 2381 fuerit,
1752 2311 1842 2367 vel
1874 2312 2049 2367 vobis

373 2406 666 2474 oblatum,
700 2406 780 2462 ab
810 2406 960 2461 hora
986 2405 1259 2460 videlicet
1287 2403 1405 2459 diei
1438 2404 1628 2471 tertia,
1658 2416 1784 2474 qua
1814 2399 2048 2471 ingredi

373 2495 688 2552 ecclesiam
714 2495 793 2551 ad
824 2494 1233 2550 ordinandum
1260 2498 1318 2548 et
1347 2492 1763 2565 peragendum
1816 2490 2044 2546 dictum

370 2583 640 2640 ofﬁcium
662 2599 771 2640 vos
800 2583 1108 2647 volumus,
1140 2587 1197 2638 et
1224 2597 1543 2653 usquequo
1574 2584 1795 2635 sancite
1844 2580 2042 2635 Domi-

370 2670 520 2729 nicae
548 2672 669 2730 diei
698 2673 951 2729 missam
979 2671 1376 2745 expleveritis,
1408 2686 1515 2742 per
1558 2675 1788 2725 vestros
1835 2673 2041 2723 custo-

368 2763 477 2818 des
504 2763 565 2819 in
582 2768 846 2825 vestram
864 2767 1321 2833 vestrorumque
1347 2775 1786 2826 successorum,
1807 2764 2041 2814 remota

368 2852 535 2907 omni
558 2852 1052 2919 contradictione,
1098 2850 1300 2907 veniat
1341 2854 1716 2922 potestatem.
1774 2851 1841 2903 Et
1894 2848 2041 2920 quia

368 2941 448 2997 ad
475 2946 715 3015 tempus
745 2941 1204 3014 prtedecessoris
1266 2939 1451 2995 nostri
1506 2938 1740 2994 Domini
1791 2939 2039 2993 Joannis

366 3029 429 3120 in
454 3031 704 3102 praefata
731 3030 983 3087 ecclesia
1007 3031 1063 3084 S.
1090 3029 1260 3097 Petri,
1292 3044 1330 3083 a
1354 3044 1481 3120 qua
1501 3043 1655 3099 pene
1685 3044 1897 3120 omnes
1930 3028 2036 3082 Ec-
2068 3063 2110 3120 α

368 3117 560 3175 clesiae
585 3120 922 3176 doctrinam
949 3122 1330 3191 acceperunt,
1361 3118 1512 3172 sicut
1554 3133 1591 3172 a
1640 3118 1928 3186 magistra
1982 3123 2040 3175 et

368 3209 638 3275 domina,
667 3209 796 3264 dies
821 3209 1127 3265 dominica
1152 3207 1517 3276 Palmarum,
1551 3211 1607 3263 et
1652 3207 1781 3261 dies
1840 3212 2036 3262 (Laenas

369 3298 625 3367 Domini,
661 3304 718 3355 et
747 3312 1071 3371 parasceve
1100 3294 1489 3352 irreverenter
1520 3294 1916 3363 celebrantur,
1974 3300 2039 3350 ut

365 3402 476 3444 nec
497 3388 803 3461 processio
830 3404 971 3443 cum
1001 3386 1220 3459 palmis
1242 3371 1301 3440 in
1326 3385 1465 3456 ipsa
1497 3384 1592 3438 die
1621 3383 1929 3440 Dominica
1955 3384 2036 3439 ibi

364 3477 548 3545 ﬁeret,
578 3494 689 3534 nec
716 3478 780 3533 in
810 3478 906 3533 die
938 3478 1134 3531 Οαεηω
1182 3474 1418 3530 Domini
1472 3474 1688 3530 Gloria
1730 3475 1793 3528 in
1839 3475 2037 3530 excel-

364 3570 442 3625 sis
476 3569 594 3625 Deo
624 3568 941 3637 diceretur,
976 3571 1032 3622 et
1061 3567 1121 3622 in
1152 3566 1480 3621 Parasceve
1516 3578 1639 3620 non
1688 3568 1811 3619 tam
1864 3578 2036 3620 reve-

361 3664 577 3720 renter.
611 3662 676 3714 ut
703 3657 977 3728 decebat,
1006 3655 1277 3712 ofﬁcium
1302 3655 1385 3710 ibi
1437 3655 1622 3710 ﬁebat
1652 3673 1664 3721 ;
1725 3654 2033 3710 condolui-

362 3765 521 3821 mus,
547 3754 605 3804 et
628 3748 945 3804 meliorare
966 3748 1080 3803 hoc
1113 3747 1418 3818 cupientes
1476 3760 1583 3817 per
1636 3760 1747 3799 vos
1804 3750 2031 3800 vestro-

363 3854 514 3912 sque
544 3854 919 3894 successorcs
951 3836 1289 3902 statuimus,
1326 3834 1476 3890 sicut
1504 3838 1792 3891 statutum
1813 3839 1870 3890 et
1890 3850 2033 3891 con-

360 3944 599 3984 cessum
630 3933 687 3983 et
716 3928 1139 3982 conﬁrmatum
1166 3924 1343 3980 vobis
1374 3929 1461 3980 est
1490 3924 1568 3979 ab
1610 3923 1825 3981 eodem
1879 3940 2029 3998 prae-

358 4017 673 4073 decessore
697 4021 921 4085 nostro,
950 4020 1015 4070 ut
1044 4014 1212 4069 omni
1243 4026 1404 4071 anno
1435 4013 1529 4069 die
1564 4014 1874 4069 Dominica
1895 4013 2025 4071 Pal-

355 4122 598 4162 marum
651 4122 789 4161 cum
845 4104 1229 4179 processione
1279 4103 1356 4158 ab
1413 4103 1663 4159 ecclesia
1720 4106 1774 4159 8.
1832 4104 2027 4179 Μεινίῳ

354 4196 415 4251 in
446 4196 713 4251 Thermis
745 4194 987 4263 exeatis,
1018 4197 1074 4249 et
1104 4194 1408 4248 venientes
1470 4193 1546 4248 ad
1601 4208 1896 4263 magnum
1947 4193 2027 4248 a1-

355 4291 478 4342 tare
512 4288 566 4343 S.
596 4285 745 4342 Petri
766 4285 1015 4342 missam
1046 4282 1371 4340 celebretis.
1425 4281 1698 4339 Similiter
1744 4288 1800 4339 et
1856 4283 2024 4338 omni

353 4393 515 4433 anno
596 4372 691 4433 die
769 4379 964 4433 (laenae
1042 4372 1278 4430 Domini
1341 4389 1448 4446 per
1504 4390 1608 4429 vos
1666 4377 2020 4446 vestrosque

351 4482 728 4524 successores
760 4465 1011 4522 missam
1043 4479 1228 4536 supra
1256 4463 1440 4519 altare
1468 4465 1523 4519 S.
1554 4461 1703 4518 Petri
1755 4462 2018 4520 celebra-

346 4574 432 4627 re,
470 4557 680 4613 Gloria
708 4558 768 4612 in
792 4556 1041 4613 excelsis
1071 4556 1191 4611 Deo
1222 4552 1440 4621 dicere,
1475 4555 1531 4609 S.
1561 4552 1826 4609 chrisma
1881 4568 2020 4609 con-

344 4647 545 4716 ﬁcere,
576 4651 636 4702 et
653 4662 788 4719 quae
821 4644 899 4701 ad
929 4643 1286 4717 episcopum
1342 4640 1641 4714 pertinent
1682 4657 1859 4713 agere
1916 4657 2018 4699 vo-

343 4736 569 4793 lumus.
596 4738 717 4793 Seu
741 4734 910 4791 omni
932 4748 1094 4790 anno
1125 4732 1221 4788 die
1252 4735 1578 4788 Parasceve
1599 4747 1785 4804 supra
1812 4728 2024 4804 ipsum'

344 4827 531 4884 altare
556 4826 757 4897 majus
790 4826 845 4881 8.
906 4822 1056 4879 Petri
1108 4826 1300 4878 totum
1336 4820 1607 4881 ofﬁcium
1655 4825 2012 4889 reverenter,

341 4924 408 4976 ut
433 4932 542 4975 VOS
562 4917 733 4973 decet
776 4919 1126 4986 vestrosque
1184 4927 1585 4980 successores,
1646 4911 1894 4979 faciatis,
1952 4912 2015 4968 in

338 5008 561 5081 quibus
592 5006 780 5062 tribus
808 5004 1029 5075 missis,
1062 5002 1341 5075 primam
1392 5001 1586 5058 missa
1642 5001 2011 5072 Palmarum,

337 5115 445 5153 seu
496 5098 559 5152 in
614 5096 802 5152 missa
854 5098 1048 5151 Cinnae
1100 5091 1361 5158 Domini,
1394 5091 1535 5147 etin
1576 5090 1774 5147 otficio
1830 5094 2008 5147 Para-

334 5201 529 5253 soeve,
558 5184 855 5259 quidquid
885 5182 1014 5239 auri
1044 5182 1139 5237 vel
1169 5180 1389 5252 agenti,
1432 5179 1617 5253 pallii,
1675 5196 1783 5235 seu
1833 5196 2005 5248 certe,

331 5274 425 5329 vel
447 5275 700 5331 aliarum
728 5290 933 5330 rerum
960 5286 1145 5346 supra
1164 5272 1295 5343 jam
1321 5271 1480 5325 dicto
1512 5270 1683 5326 altari
1717 5272 1772 5326 8.
1830 5270 2000 5337 Petri,

331 5363 454 5418 sive
506 5362 568 5417 in
601 5365 973 5419 confessione
1000 5363 1266 5434 positum
1311 5364 1416 5415 aut
1456 5359 1751 5429 jactatum
1806 5358 2002 5431 fuerit,

327 5449 422 5506 vel
445 5450 618 5503 vobis
646 5452 916 5509 oblatum
944 5452 1022 5508 ab
1051 5453 1202 5507 hora
1222 5465 1346 5523 qua
1372 5450 1521 5522 ipsae
1562 5450 1761 5505 missa:
1811 5454 1865 5505 et
1909 5450 1998 5504 of-

325 5533 466 5589 ﬁcia
494 5532 775 5589 inchoata
800 5536 1020 5592 fuerint
1050 5541 1106 5592 et
1128 5536 1383 5608 expleta,
1434 5551 1541 5607 per
1586 5542 1814 5590 vestros
1855 5550 1992 5590 cus-

326 5616 864 5674 todesinvestram
922 5626 1374 5692 vestrorumque
1427 5636 1867 5687 successorum,
1924 5620 1996 5675 si-

322 5701 539 5757 militer
566 5705 795 5758 remota
816 5704 983 5758 omni
1005 5704 1498 5773 contradictione,
1553 5705 1834 5761 deveniat
1886 5722 1995 5776 po-

2049 4418 2099 4474 D

2161 1777 2277 1833 bus
2323 1777 2594 1846 regimen
2623 1777 2803 1833 totius
2847 1778 3115 1834 ecclesiae
3166 1780 3223 1836 S.
3276 1780 3426 1835 Petri
3474 1784 3532 1835 et
3570 1778 3825 1836 civitatis

2164 1868 2437 1923 Leoninaa
2459 1867 2855 1925 commissum
2878 1872 2986 1939 est,
3016 1868 3095 1925 ab
3126 1869 3219 1924 his
3242 1870 3507 1941 primum
3540 1870 3616 1925 sit
3645 1870 3826 1926 beneo

2161 1956 2375 2025 dictus,
2407 1972 2518 2013 nec
2547 1973 2671 2013 non
2696 1964 2921 2013 cuncta
2950 1972 3121 2013 sacra
3148 1957 3365 2029 ofﬁcia,
3398 1974 3505 2014 seu
3562 1958 3828 2014 ministe-

2161 2046 2249 2102 ria
2277 2063 2411 2119 quae
2437 2063 2549 2104 nos
2569 2052 2627 2102 et
2648 2062 3027 2104 successores
3047 2047 3237 2102 nostri
3268 2048 3464 2103 facere
3506 2046 3825 2117 debemus,

2161 2136 2210 2191 si
2232 2136 2589 2207 aegritudine
2618 2135 2711 2191 vel
2739 2135 2946 2208 aliqua
2969 2152 3116 2192 cura
3140 2136 3413 2209 impediti
3455 2136 3649 2194 facere
3698 2152 3825 2193 non

2159 2241 2513 2297 possumus,
2541 2230 2666 2281 tam
2694 2224 2755 2279 in
2784 2225 3135 2297 supradicta
3190 2225 3517 2294 venerabili
3568 2225 3824 2282 ecclesia

2156 2317 2211 2370 8.
2237 2316 2406 2385 Petri,
2439 2320 2496 2371 et
2524 2315 2902 2371 monasteriis
2922 2318 3068 2383 suis,
3100 2330 3291 2388 quam
3319 2332 3429 2389 per
3458 2320 3643 2372 totam
3673 2318 3816 2371 οὲ..-

2154 2411 2338 2462 tatem
2360 2405 2707 2473 Leoninam,
2737 2421 2843 2477 per
2872 2421 2978 2461 vos
3037 2411 3387 2478 vestrosque
3441 2421 3819 2463 successores

2153 2495 2279 2551 ﬁeri
2310 2494 2645 2568 apostolica
2674 2494 3025 2550 auctoritate
3046 2495 3446 2551 decrevimus.
3496 2499 3821 2553 Consecraa

2152 2584 2377 2640 tionem
2405 2599 2545 2640 vero
2568 2584 2847 2640 altarium
2880 2586 2935 2640 8.
2968 2586 3119 2640 Petri
3148 2589 3204 2640 et
3234 2601 3487 2641 suorum
3509 2591 3817 2641 monaste-

2148 2673 2396 2742 riorum,
2429 2689 2540 2730 nec
2570 2689 2693 2729 non
2715 2674 3230 2729 consecrationem
3278 2675 3688 2743 ecclesiarum,
3736 2674 3819 2730 al-

2149 2764 2389 2834 tarium,
2421 2764 2824 2833 sacerdotum,
2894 2764 3271 2834 clericorum,
3300 2781 3411 2820 seu
3457 2765 3821 2822 diaconista—

2148 2870 2283 2910 rum
2315 2854 2491 2910 totius
2522 2853 2773 2910 civitatis
2798 2855 3095 2927 Leoninte,
3125 2854 3298 2910 vobis
3325 2856 3656 2928 vestrisque
3680 2871 3819 2910 suo-

2148 2944 2485 3000 cessoribus
2531 2943 2593 2998 in
2636 2949 3020 3016 perpetuum,
3067 2944 3221 3000 sicut
3288 2945 3669 3017 praelibatum
3724 2950 3818 3001 est

2148 3032 2538 3088 concedimus
2590 3036 2650 3086 et
2729 3032 3185 3088 conﬁrmamus.
3276 3036 3540 3106 Quaeque
3610 3039 3817 3090 autem

2149 3122 2435 3177 usualiter
2455 3121 2631 3176 vobis
2677 3136 2714 3176 a
2762 3122 3251 3177 ministerialibus
3302 3122 3505 3178 altaris
3562 3125 3816 3196 majoris

2148 3214 2516 3281 competunt,
2544 3209 2659 3263 hoc
2690 3209 2910 3280 scripto
2936 3210 3107 3266 vobis
3143 3211 3448 3283 vestisque
3501 3228 3818 3270 successo—

2145 3298 2313 3353 ribus
2343 3298 2802 3352 contirmamus.
2864 3297 3028 3351 Idem
3058 3298 3121 3352 in
3152 3298 3415 3355 Sabbato
3460 3306 3672 3358 sancto
3700 3308 3820 3376 pro

2146 3403 2320 3443 coena
2343 3386 2566 3442 solidos
2592 3385 2919 3441 duodecim
2940 3386 3222 3442 denarios
3242 3388 3454 3461 quales
3501 3408 3611 3463 per
3664 3398 3820 3449 tem-

2145 3493 2295 3550 pora
2318 3476 2691 3532 cucurrerint
2717 3475 3162 3548 percipiendos,
3194 3477 3535 3551 etquinque
3563 3481 3626 3536 in
3654 3474 3820 3540 uno-

2145 3580 2389 3638 quoque
2414 3563 2678 3620 Sabbato
2698 3565 2965 3626 Quatuor
2986 3568 3368 3637 Temporum,
3396 3572 3454 3623 et
3482 3568 3637 3624 duos
3664 3586 3818 3628 cum

2145 3655 2398 3711 candela
2426 3654 2560 3720 olei,
2613 3658 2671 3709 et
2700 3654 2883 3709 cereis
2909 3670 3017 3726 per
3044 3671 3232 3711 unam
3253 3671 3563 3730 quamque
3590 3659 3819 3718 festivi-

2144 3749 2346 3813 tatem,
2373 3745 2435 3799 in
2455 3743 2679 3816 quibus
2707 3744 2935 3799 ibidem
2950 3751 3305 3818 pernoctare
3350 3747 3607 3802 debetis.
3642 3749 3814 3805 Idem

2140 3835 2203 3890 in
2230 3833 2541 3891 festivitate
2594 3835 2648 3889 8.
2702 3833 2872 3903 Petri,
2926 3839 2985 3889 et
3027 3834 3093 3889 in
3136 3835 3361 3891 octavis
3405 3836 3467 3891 in
3496 3838 3811 3895 Dominica

2141 3924 2418 3996 gaudete,
2468 3923 2529 3977 in
2570 3922 2736 3978 festis
2794 3924 2849 3979 8.
2907 3924 3180 3993 Andreae,
3238 3925 3301 3980 in
3348 3926 3703 4000 Epiphania,
3746 3929 3812 3984 in

2139 4015 2526 4081 Ascensione,
2557 4013 2620 4068 in
2649 4014 3018 4083 Pentecoste,
3046 4014 3107 4070 in
3140 4016 3306 4071 festis
3344 4020 3398 4072 S.
3431 4017 3656 4072 Hufmee
3708 4018 3812 4073 tri-

2139 4105 2304 4174 ginta
2357 4104 2543 4158 libras
2584 4118 2782 4169 certe;
2841 4107 2897 4157 et
2953 4103 3076 4159 duo
3132 4104 3440 4174 congiaria
3468 4105 3543 4161 de
3568 4105 3812 4176 (ἡξεᾳεί

2138 4194 2291 4249 duas
2322 4193 2504 4248 libras
2536 4192 2610 4246 de
2643 4191 2886 4247 clibano
2922 4210 2933 4259 ;
2959 4193 3243 4249 candelas
3274 4210 3415 4250 vero
3472 4195 3810 4267 pendentes

2137 4299 2277 4338 cum
2352 4281 2771 4350 clamastariis,
2856 4286 2913 4337 et
2974 4282 3320 4340 cicindellas
3376 4283 3456 4340 ad
3502 4284 3809 4342 suﬁcien-

2138 4374 2301 4442 tiam,
2336 4371 2506 4428 sicuti
2538 4387 2776 4444 semper
2804 4372 2930 4427 fuit.
2961 4376 3026 4428 ln
3057 4374 3326 4429 secunda
3360 4374 3509 4431 feria
3556 4378 3806 4431 Paschal:

2134 4466 2427 4535 quoniam
2458 4462 2793 4517 secundum
2825 4462 3143 4534 antiquum
3187 4479 3421 4519 morem
3470 4464 3547 4520 ad
3603 4466 3806 4521 Statii-

2131 4553 2273 4620 lem,
2302 4552 2409 4607 ubi
2440 4551 2515 4606 de
2562 4566 2725 4623 equo
2771 4552 3221 4623 descendimus,
3268 4569 3383 4609 nos
3436 4559 3804 4628 nostrosque

2132 4656 2511 4696 successores
2543 4641 2823 4714 recipitis,
2882 4641 3279 4713 chirothecas,
3330 4643 3555 4716 quibus
3611 4644 3803 4700 etiam

2129 4730 2209 4786 ad
2239 4730 2494 4786 missam
2540 4732 2622 4785 uti
2645 4730 2799 4786 soliti
2829 4732 3017 4786 simus
3048 4731 3128 4787 ad
3156 4732 3518 4790 memoriam
3573 4734 3802 4791 servitii

2127 4821 2335 4891 nostri,
2358 4820 2463 4895 qui
2491 4836 2731 4893 semper
2759 4836 2913 4893 pure
2931 4824 2987 4878 8.
3021 4824 3085 4877 Β.
3120 4822 3393 4878 Ecclesiae
3425 4823 3642 4878 fecistis
3686 4840 3801 4883 no-

2124 4910 2340 4983 bisque
2383 4914 2441 4966 et
2489 4910 2967 4966 antecessoribus
3026 4912 3248 4968 nostris
3298 4928 3422 4968 non
3470 4912 3663 4968 solum
3714 4920 3794 4983 te,

2125 4999 2231 5055 sed
2256 5015 2466 5055 omnes
2489 5003 2626 5055 tuos
2658 5015 3069 5056 succcessores
3102 5001 3439 5074 episcopos,
3468 5001 3796 5061 bibliothe-

2124 5089 2316 5146 carios
2348 5088 2505 5145 sedis
2535 5095 2751 5146 nostrae
2775 5107 2902 5146 esse
2927 5097 3218 5165 perpetuo
3240 5090 3570 5165 apostolica
3590 5098 3797 5151 aucto-

2121 5175 2293 5231 ritate
2324 5190 2663 5246 censemus,
2692 5180 2749 5231 et
2764 5176 2996 5244 merito,
3022 5176 3126 5250 qui
3152 5176 3213 5231 in
3239 5177 3572 5249 apostolica
3599 5180 3795 5237 Eccle-

2122 5260 2212 5316 sia
2241 5260 2569 5327 desudatis,
2598 5260 2659 5315 in
2690 5260 3035 5333 apostolicis
3066 5262 3297 5334 scriptis
3354 5260 3560 5318 ﬁdeles
3608 5268 3792 5323 testes

2119 5364 2357 5421 semper
2407 5349 2692 5405 existatis.
2775 5349 3057 5406 Praedicta
3128 5366 3274 5406 vero
3359 5350 3564 5408 omnia
3637 5354 3791 5411 sicut

2117 5439 2392 5513 superius
2458 5439 2618 5495 dicta
2686 5443 2826 5495 sunt
2882 5455 2917 5494 a
2972 5440 3260 5511 praedicta
3323 5458 3382 5497 Vl
3434 5442 3782 5513 indictione,

2114 5541 2237 5581 una
2294 5541 2433 5580 cum
2478 5540 2579 5579 sex
2645 5524 2919 5596 partibus
2986 5524 3228 5581 ﬁlorum
3289 5527 3622 5585 salinarum
3672 5546 3782 5602 po-

2115 5614 2236 5670 sitis
2294 5614 2355 5670 in
2404 5613 2619 5686 pedica
2661 5628 2828 5669 nova
2871 5613 3127 5671 invicem
3175 5616 3289 5673 sibi
3315 5618 3777 5691 cohaarentibus,

2106 5704 2280 5776 juxta
2320 5704 2460 5761 ﬁlos
2519 5701 2830 5760 haeredum
2858 5705 3105 5762 Joannis
3128 5708 3248 5774 We,
3296 5724 3404 5763 seu
3432 5708 3582 5783 Petri
3612 5709 3776 5765 card.
