3950 6394
182 272 318 324 13⁸7

1438 274 1788 329 EPISTOLE
1830 270 1912 325 Ετ
1948 270 2370 327 ΒΙΡΙιΟὶίΑΤΑ.

3488 285 3622 349 1358

177 366 354 447 vobis
387 393 721 464 vestrisque
763 396 1207 449 successoribus
1249 398 1563 469 episcopis,
1606 403 1845 453 vestrze-
1880 398 1925 449 Α
1959 394 2199 450 rissimo
2226 397 2402 453 nobis
2430 398 2489 455 in
2543 399 2795 456 Domino
2826 402 2967 459 Jesu
2997 403 3228 459 Christo
3256 405 3376 461 ﬁlio
3425 411 3626 466 Bienn-

175 497 298 552 que
326 481 510 536 etiam
542 483 803 537 ecclesiae
840 490 931 539 SS.
986 488 1207 539 Hutinie
1239 492 1295 539 et
1322 488 1595 541 secundm
1632 488 1687 541 in
1722 504 1848 558 per-

174 574 427 642 petuum
457 571 785 641 donamus,
807 573 1116 641 largimur,
1142 578 1527 630 concedimus
1559 584 1613 631 et
1639 579 1849 631 contir-

176 676 443 729 mamns,
477 667 657 732 aulue
694 663 1029 717 staliiliinus
1078 665 1137 718 in
1172 682 1279 718 usu
1308 672 1363 719 et
1392 667 1515 719 utili
1545 667 1727 737 ipsius
1762 685 1849 721 ve-

174 749 463 804 nerabilis
511 751 820 822 episcopii,
855 759 909 806 et
954 754 1224 807 omnium
1267 757 1686 826 episcOpornm
1718 773 1849 810 suo—

172 856 335 907 rum,
368 841 471 911 qui
501 858 607 912 per
637 848 906 914 tempora
960 847 1250 900 tenuerint
1280 848 1625 917 prtedictam
1660 848 1848 902 Eccle-

176 930 356 999 siam,
404 936 729 985 statuentes
772 932 995 1003 quippe
1042 936 1368 1005 apostolica
1419 954 1690 1003 censura,
1735 938 1847 991 sub

173 1017 365 1073 divini
392 1020 600 1089 judicii
650 1021 1043 1076 obtestatione
1076 1030 1131 1078 et
1173 1027 1571 1080 anatliematis
1613 1028 1848 1081 interdi-

175 1114 293 1173 cto,
320 1112 383 1163 ut
414 1108 559 1163 nulli
580 1126 849 1179 unquam
884 1119 1223 1167 nostrorum
1258 1132 1667 1170 sum-cssornm
1700 1134 1844 1189 pon-

174 1194 427 1260 tiﬁcum,
461 1198 546 1251 vel
576 1199 681 1269 qui
712 1202 952 1271 publica
996 1202 1181 1257 functi
1214 1204 1428 1258 fuerint
1469 1207 1720 1274 actione,
1756 1208 1843 1261 vel

171 1286 294 1341 alia
324 1288 595 1358 qualibet
616 1308 838 1355 magna
858 1311 1162 1364 parvaque
1185 1312 1441 1365 persona
1462 1296 1533 1349 de
1560 1296 1842 1351 omnibus

170 1392 313 1446 quas
367 1379 641 1448 superius
693 1384 1067 1437 continentur
1120 1392 1325 1440 contra
1384 1386 1494 1439 hoc
1568 1392 1842 1439 nostrum

170 1466 518 1536 pontificale
550 1470 923 1539 privilegium
956 1490 1149 1531 agt-re.
1186 1475 1270 1527 vel
1303 1475 1582 1543 alienare,
1614 1480 1713 1530 aut
1745 1492 1844 1529 au-

172 1554 347 1615 ferre,
382 1557 471 1610 vel
501 1557 830 1613 diminucre
861 1562 1079 1616 audeat
1112 1564 1197 1616 vel
1231 1572 1573 1634 pl‘tt‘stlllltll,
1606 1567 1707 1619 sed
1740 1584 1842 1636 po-

171 1642 290 1695 tius
314 1646 491 1700 lirma
524 1653 579 1701 et
611 1650 845 1705 stabilia
894 1656 1194 1723 perpetuis
1236 1657 1623 1725 temporibus,
1673 1657 1840 1710 sicuti

1962 500 2047 537 κιο
2080 486 2405 541 venerabili
2455 491 2512 544 et
2542 488 2819 557 religioso
2869 491 3096 559 abbati,
3131 510 3165 549 a
3210 494 3384 551 nobis
3424 514 3626 553 conse—

1959 578 2122 625 crato
2151 579 2207 627 et
2236 576 2511 629 ordinato
2544 578 2929 633 sacratissimi
2970 583 3315 643 monasterii
3346 584 3504 641 beati
3528 589 3626 641 Be-

1957 661 2175 716 nedicti
2204 663 2561 719 confessoris
2597 667 2829 739 Christi,
2864 668 2956 723 siti
2995 669 3055 725 in
3078 677 3280 727 monte
3310 674 3415 743 qui
3445 691 3626 731 voca-

1960 756 2051 804 tur
2088 756 2352 807 castrum
2396 754 2615 822 Casini,
2658 773 2903 828 suaeque
2953 758 3125 815 almae
3172 764 3627 832 congregationi

1958 846 2309 912 perpetuam
2342 843 2401 898 in
2434 846 2684 901 Domino
2710 847 2985 904 salutem.

2026 929 2079 982 Si
2115 931 2296 1000 petita
2323 934 2651 1002 apostolica
2697 936 2983 1005 suffragia
3014 938 3305 996 universis
3334 942 3622 1013 ecclesiis,

1956 1023 2203 1083 cogente
2238 1020 2564 1077 ministerio
2596 1041 2718 1095 quo
2745 1025 3021 1082 videmur
3052 1030 3304 1099 praediti,
3336 1031 3624 1104 impertiri

1954 1107 2266 1177 debemus,
2299 1127 2433 1181 quae
2466 1114 2797 1183 specialiter
2827 1116 2903 1173 ad
2930 1123 3207 1174 nostrum
3239 1120 3623 1178 solummodo

1955 1198 2354 1265 apostolatum
2406 1202 2747 1273 respiciunt,
2799 1210 2961 1263 tanto
3012 1207 3183 1265 citius
3238 1210 3620 1284 pleniusque,

1954 1291 2181 1355 quanto
2213 1295 2549 1359 opportune
2582 1293 2673 1346 his
2702 1294 2971 1364 indigere
3020 1300 3463 1367 cognoscimUS,
3498 1303 3623 1357 adi-

1954 1374 2099 1444 pisci
2132 1376 2372 1448 debent,
2404 1384 2467 1434 ut
2494 1381 2659 1437 nulla
2682 1382 3045 1442 indemnitas
3074 1388 3515 1453 venerabilibus
3541 1391 3623 1447 lo-

1952 1465 2035 1518 cis
2071 1468 2380 1535 provenire
2412 1471 2619 1539 possit,
2658 1472 2769 1529 sub
2816 1474 3059 1530 tuitione
3086 1477 3427 1549 apostolicae
3458 1496 3621 1535 rece-

1952 1553 2085 1622 ptis,
2120 1571 2255 1625 quae
2289 1562 2493 1612 nostro
2528 1559 2771 1615 brachio
2803 1569 3195 1635 repugnante,
3227 1583 3350 1623 non
3379 1569 3621 1626 submo-

1952 1648 2177 1697 ventur.
2234 1646 2457 1702 Harum
2488 1650 2747 1723 denique
2779 1660 3119 1710 nostrarum
3152 1657 3619 1716 sollicitudinum

169 1747 207 1784 a
242 1733 418 1787 nobis
451 1739 769 1793 constituta
803 1747 850 1793 et
896 1746 1249 1798 conﬁrmata
1299 1752 1433 1799 sunt
1464 1747 1822 1800 decernimu:

2026 1742 2533 1805 wmpensalorem
2559 1742 2745 1798 Deum
2778 1744 3037 1812 credere,
3069 1762 3253 1817 quem
3279 1748 3507 1807 eisdem
3536 1750 3617 1806 lo-

168 1827 589 1891 permanenda
622 1846 635 1891 ς
684 1830 731 1882 si
756 1832 889 1900 quis
941 1840 1161 1899 autem,
1193 1836 1355 1905 quod
1390 1852 1509 1889 non
1538 1842 1837 1907 optamus,

167 1915 490 1969 temerario
536 1934 687 1971 ausu
740 1928 945 1975 contra
1000 1924 1111 1976 lico
1144 1932 1412 1978 nostrum
1447 1927 1838 1995 apostolicum

164 2000 549 2072 privilegium
602 2007 659 2060 in
718 2010 922 2080 aliquo
979 2015 1291 2079 contraire,
1340 2019 1393 2067 et
1440 2020 1840 2079 transgressor

165 2106 303 2144 esse
334 2098 809 2166 prtesumpserit,
836 2100 923 2152 vel
960 2101 1231 2165 frangere
1262 2120 1443 2157 ausus
1474 2105 1662 2169 fuerit,
1692 2112 1747 2159 et
1778 2106 1835 2163 in

166 2181 457 2235 omnibus
507 2184 817 2251 oliediens,
872 2194 925 2243 et
977 2190 1325 2246 observator
1372 2208 1498 2247 esse
1561 2195 1833 2260 noluerit,

167 2268 319 2323 sciat
344 2287 406 2323 se
429 2278 777 2329 auctoritate
807 2278 899 2329 Dei
922 2280 1348 2350 omnipotentis
1374 2282 1605 2336 Domini
1629 2283 1833 2351 nostri,

167 2362 226 2411 et
254 2361 669 2429 apostolorum
701 2365 986 2436 principis
1038 2369 1203 2431 Petri,
1239 2370 1331 2423 cui
1361 2370 1490 2425 licet
1520 2372 1831 2439 immerite,

171 2448 273 2500 Dei
306 2453 507 2504 tamen
541 2451 909 2521 dignatione,
946 2457 1206 2525 gerimus
1240 2460 1449 2529 vicem,
1484 2463 1833 2517 anathema-

167 2534 241 2589 tis
296 2536 536 2592 vinculo
586 2540 962 2611 innodatum,
1010 2551 1063 2600 et
1110 2563 1144 2600 a
1176 2564 1359 2613 regno
1408 2550 1505 2603 Dei
1547 2550 1828 2617 alienum,

167 2629 352 2694 atque
410 2643 546 2681 cum
598 2630 748 2685 Juda
820 2634 1097 2687 traditore
1164 2638 1397 2691 Domini
1454 2640 1639 2693 nostri
1694 2644 1833 2695 Jesu

168 2714 399 2779 Christi,
433 2720 489 2769 et
510 2719 791 2773 omnibus
820 2720 1020 2792 impiis
1055 2725 1249 2777 socius
1282 2726 1351 2779 sit
1379 2727 1437 2779 in
1466 2728 1833 2791 inferno.Qui

170 2817 310 2856 vero
338 2803 438 2873 pio
468 2804 683 2860 intuitu
714 2816 911 2863 custos
957 2817 1011 2865 et
1041 2814 1389 2868 observator
1436 2817 1615 2885 hujus
1648 2819 1832 2872 nostri

167 2892 479 2961 apostolici
532 2894 817 2965 privilegii
846 2900 1112 2963 extiterit,
1158 2905 1378 2957 meritis
1428 2910 1608 2975 atque
1641 2908 1829 2977 preci-

164 2978 281 3034 bus
316 2983 373 3034 Β.
411 2984 559 3035 Petri
593 2987 1005 3055 apostolorum
1054 2991 1355 3062 principis,
1389 2998 1445 3046 et
1484 2998 1579 3049 SS.
1610 3001 1830 3066 marty-

171 3085 310 3123 rum
348 3072 574 3125 Ruﬁnze
608 3079 662 3127 et
695 3078 981 3131 Secundzr
1014 3079 1070 3133 in
1101 3082 1369 3135 tethereis
1410 3085 1647 3139 arcibus
1678 3104 1828 3157 prae-
1858 3106 1898 3159 (ᾖ

164 3157 291 3212 mia
331 3163 387 3213 et
418 3160 847 3218 benedictionis
884 3169 1135 3233 gratiam
1159 3175 1335 3241 atque
1358 3172 1830 3230 misericordiam

164 3261 202 3300 ει
226 3246 392 3315 justo
416 3248 616 3317 judice
652 3252 901 3306 Domino
928 3256 1044 3309 Deo
1076 3264 1299 3327 nostro,
1332 3260 1633 3333 vitamque
1663 3270 1829 3318 aeter-

163 3350 309 3390 nam
339 3340 643 3409 percipere
675 3346 729 3394 et
760 3342 1024 3399 invenire
1061 3352 1360 3403 mereatur
1390 3350 1448 3404 in
1476 3353 1693 3408 saecula
1724 3371 1831 3408 sae—

158 3424 459 3503 culorum.
493 3433 701 3485 Amen.

234 3515 533 3586 Scriptum
581 3534 687 3589 per
732 3536 948 3577 manus
996 3525 1157 3593 Sergi
1191 3526 1479 3583 scriniarii
1528 3535 1583 3585 et
1612 3532 1827 3587 notarii

161 3602 318 3659 sacri
360 3605 545 3659 nostri
590 3606 793 3678 palatii
844 3628 1048 3666 mense
1095 3616 1465 3687 Novembris,
1502 3619 1824 3676 indictione

162 3694 574 3765 suprascripta
608 3713 675 3750 v1.
714 3700 868 3753 Bene
904 3703 1108 3758 valete.

233 3782 585 3838 Benedictus
638 3790 689 3841 S.
726 3789 1093 3846 Fallaritanze
1126 3798 1182 3847 et
1229 3796 1571 3852 Castellanse
1600 3800 1827 3871 episco-

160 3888 298 3943 pus.
348 3875 465 3941 Ego
496 3876 812 3945 Gregorius
857 3881 909 3933 S.
966 3882 1031 3934 lt.
1072 3883 1338 3938 Ecclesiae
1388 3886 1733 3957 designatus
1763 3891 1825 3946 in

156 3962 450 4031 regimine
482 3966 535 4017 S.
560 3966 892 4023 Tudertinae
925 3971 1205 4027 ecclesia).
1242 3977 1360 4039 Ego
1392 3979 1500 4030 Leo
1533 3978 1826 4035 diaconus

162 4052 219 4106 S.
270 4050 335 4103 R.
389 4052 669 4107 ecclesiae.
726 4059 1075 4113 Benedictus
1138 4062 1589 4121 oblationarius.
1646 4072 1826 4125 Bene-

157 4139 356 4194 dictus
386 4142 705 4198 cardinalis
746 4145 894 4200 tituli
951 4150 1179 4221 Equitii.
1229 4154 1443 4209 Bonizo
1492 4158 1825 4231 presbyter,

157 4234 217 4284 et
247 4229 661 4286 vicedominus
692 4237 745 4289 S.
774 4236 1017 4303 Ruﬁme,
1044 4244 1099 4293 et
1128 4239 1481 4311 designatus
1511 4229 1699 4315 gratia
1728 4250 1828 4305 Dei

158 4319 481 4391 episcopus
510 4324 837 4379 Tuscanen.
872 4330 988 4395 Ego
1014 4330 1389 4385 Crescentius
1418 4334 1824 4393 subdiaconus

158 4407 233 4462 de
263 4411 491 4465 Joanne
545 4411 619 4466 de
670 4416 957 4470 Romano.
996 4420 1376 4475 Decernimus
1424 4439 1587 4495 ergo,
1621 4431 1729 4483 etc.
1770 4428 1827 4483 Si

157 4512 298 4567 quae
342 4498 541 4569 igitur,
572 4505 680 4556 etc.
713 4502 953 4559 Cunctis
984 4512 1206 4577 autem,
1239 4514 1348 4565 etc.
1380 4512 1592 4567 Amen.

948 4597 1033 4649 ιγ.

162 4676 527 4755 Benedictus
546 4680 631 4732 [Χ
655 4680 807 4737 bona
826 4685 1095 4755 juraque
1122 4692 1468 4744 monasterii
1492 4692 1830 4752 Casz'nensis

233 4748 575 4829 conﬁrmat,
607 4771 633 4798 ‹‹
666 4748 842 4837 cuius
884 4748 1115 4837 abeatis
1163 4748 1823 4837 οοηεθεναιὶοὴθφηςίἦξ

228 4820 379 4895 quit,
410 4837 606 4895 nuper
634 4838 708 4877 ex
734 4824 887 4882 dono
902 4828 1282 4895 pissz'morum
1313 4834 1567 4889 Henrici
1590 4844 1641 4891 et
1668 4820 1827 4895 10ὸή-

232 4891 373 4976 τρεᾳὶ
428 4894 869 4976 imperatorum
902 4891 1321 4976 gemam/rum
1378 4891 1758 4976 suscepimas”.
1795 4930 1825 4963 ›

229 4962 609 5050 ςϐιαιιειιιαγῃ
644 4967 815 5021 editis
848 4970 1029 5050 cupitae
1062 4974 1241 5043 hujus
1282 4962 1565 5047 exemplis
1592 4962 1824 5050 apposi-

231 5038 355 5088 tam
386 5050 420 5089 α
454 5038 629 5117 υθῖνὸρ
670 5060 696 5085 ‹‹
747 5042 1035 5117 scriptum
1074 5066 1099 5091 ››
1137 5038 1334 5117 ίαεᾳιιθ
1365 5038 1459 5102 αίί
1491 5074 1517 5097 ‹‹
1550 5038 1823 5109 vicesima

225 5120 439 5189 nona»:
454 5108 535 5189 ad
562 5110 874 5189 Benedicti
910 5114 1011 5189 V11
1021 5119 1045 5167 1
1064 5108 1331 5172 tabulam
1352 5117 1557 5189 [supra
1572 5108 1823 5179 Benedié

224 5182 321 5231 ι·ῑο
362 5178 1111 5269 ῐςῙΙῙζπξςωηᾶἓλρρζζὶηφέ
1129 5203 1211 5269 ea:
1230 5178 1399 5244 Petri
1426 5178 1817 5269 Regestnué,

224 5255 423 5331 monet
443 5250 700 5331 guttula
716 5250 873 5331 Hist,
895 5257 1098 5311 ϐαδιῇ.
1121 5264 1371 5331 “9,quo
1395 5250 1535 5318 teste
1568 5267 1682 5322 ista.
1712 5250 1822 5323 Bc:

224 5319 451 5375 aed-icti
462 5323 781 5408 [XC/M1710
796 5325 884 5407 [iis
900 5319 1308 5408 terntz'natur'v
1315 5334 1491 5389 erbis.‘
1504 5360 1529 5383 ‹‹
1548 5319 1816 5408 δ’νὴᾷίῖιῆπ

218 5406 339 5466 per,
364 5408 609 5466 manum
642 5395 837 5466 Ξενθή
863 5402 1172 5455 scrim‘arz‘i
1202 5408 1254 5457 et
1287 5395 1692 5465 nctariisaci’i
1717 5428 1819 5466 no-

223 5464 340 5518 stri
366 5464 607 5534 palatii,
640 5464 783 5522 Kal.
805 5471 979 5543 Julii,
1006 5474 1212 5527 indici.
1235 5490 1307 5530 Iv.
1328 5478 1491 5533 Bene
1520 5464 1815 5553 valeret»

784 5560 977 5627 (Anno
1016 5564 1193 5633 t038.)

418 5644 779 5713 [Ithacum
813 5648 1058 5705 Bullar.
1096 5651 1323 5723 Casia,
1352 5656 1418 5726 ll,
1449 5658 1559 5727 79].

224 5735 566 5789 BENEDICTUS
594 5734 914 5807 episcopus
943 5755 1145 5794 servus
1182 5758 1489 5801 servorum
1522 5747 1642 5814 Dei,
1685 5749 1823 5806 cha-

1950 1822 2033 1876 cis
2065 1824 2259 1893 quiete
2286 1824 2519 1881 laudari
2547 1834 3013 1899 optamus.Nam
3046 1840 3206 1891 tanto
3229 1836 3373 1891 inibi
3400 1837 3619 1907 degen-

1952 1912 2098 1967 tium
2148 1913 2358 1969 laudes
2393 1922 2448 1973 et
2497 1934 2703 1989 preces
2734 1927 2907 1978 erunt
2941 1925 3356 1995 acceptabiles,
3387 1934 3616 1998 quanto

1949 2008 2177 2056 mentes
2210 2020 2419 2060 eorum
2452 2006 2529 2061 ab
2562 2010 2729 2065 omni
2763 2012 3230 2084 perturbatione,
3277 2016 3450 2071 nobis
3492 2017 3613 2073 suf-

1951 2090 2345 2157 fragantibus,
2380 2094 2597 2150 fuerint
2628 2098 2854 2155 alienze.
2882 2101 3061 2170 Igitur
3089 2103 3234 2173 quia
3264 2106 3611 2175 postulastis

1944 2196 1981 2235 a
2012 2180 2188 2235 nobis
2214 2188 2511 2253 quatenus
2543 2189 2976 2246 monasterium
2993 2194 3192 2249 Sancti
3225 2195 3525 2256 Benedicti
3552 2196 3613 2251 in

1944 2275 2147 2325 monte
2171 2272 2387 2327 Casino
2421 2275 2621 2344 situm,
2648 2278 2823 2347 cujus
2847 2279 3082 2338 abbatis
3105 2284 3614 2342 consecrationem

1943 2376 2135 2432 nuper
2164 2379 2235 2416 ex
2276 2363 2440 2419 dono
2491 2366 2902 2436 piissimorum
2953 2371 3187 2428 Henrici
3234 2379 3291 2430 et
3331 2376 3612 2445 Conradi,

1941 2448 2373 2520 imperatorum
2412 2456 2844 2527 Romanorum,
2869 2461 3266 2532 suscepimus,
3289 2467 3346 2519 et
3371 2478 3479 2535 per
3498 2480 3612 2525 nos

1941 2542 1997 2591 et
2028 2554 2403 2596 successores
2453 2549 2693 2599 nostros
2729 2545 2791 2600 in
2822 2554 3204 2619 perpetuum,
3244 2568 3411 2608 more
3439 2558 3609 2614 ante-

1940 2643 2246 2683 cessorum
2303 2634 2674 2697 nostrorum,
2733 2635 3045 2706 privilegio
3102 2640 3502 2711 muniremus,
3552 2646 3611 2697 et

1940 2716 2053 2770 sub
2095 2717 2505 2774 interdictione
2559 2722 2956 2780 anathematis
3004 2727 3138 2783 loca
3191 2745 3301 2786 sua
3330 2730 3611 2789 defende-

1938 2820 2140 2859 remus
2170 2812 2227 2860 et
2273 2808 2813 2879 contirmaremus;
2869 2813 3133 2872 inclinati
3172 2818 3451 2888 precibus
3491 2820 3605 2876 tuis

1938 2892 2290 2960 praedictum
2334 2900 2777 2955 monasterium
2836 2902 2940 2957 tibi
2969 2920 3005 2960 ε,
3028 2905 3207 2960 nobis
3235 2914 3603 2977 consecrato,

1940 2988 2508 3060 successoribusque
2542 2992 2676 3058 tuis,
2707 3009 2743 3047 a
2768 2994 2943 3049 nobis
2974 3001 3032 3052 et
3058 3013 3094 3053 a
3126 3000 3344 3055 nostris
3370 3017 3607 3057 succes-

1941 3072 2174 3127 soribus
2221 3076 2283 3129 in
2328 3084 2685 3149 perpetuum
2716 3082 2881 3137 nulla
2920 3085 3210 3154 pravitate
3264 3088 3610 3145 Simoniaca

1938 3160 2364 3221 interveniente
2394 3172 2838 3239 consecrandis,
2886 3176 3275 3234 concedimus
3305 3183 3363 3235 et
3390 3180 3607 3236 conﬁr-

1937 3266 2201 3321 mamus,
2252 3271 2389 3310 cum
2421 3259 2707 3314 omnibus
2756 3262 3039 3331 ecclesiis,
3093 3266 3274 3333 cellis,
3328 3268 3601 3337 castellis,

1934 3344 2047 3395 etc.
2082 3344 2221 3398 Post
2253 3361 2393 3402 vero
2425 3346 2657 3404 obitum
2700 3354 2871 3407 tuum
2900 3368 3082 3410 nemo
3106 3355 3256 3413 inibi
3287 3358 3607 3416 constituat

1938 3427 2244 3499 abbatem,
2285 3434 2400 3489 nisi
2430 3452 2614 3506 quem
2658 3446 2989 3497 conventus
3017 3448 3075 3499 et
3122 3446 3401 3502 voluntas
3441 3462 3605 3505 com-

1937 3518 2138 3572 munis
2166 3519 2419 3576 fratrum
2449 3540 2522 3578 ex
2566 3525 2698 3596 ipsa
2728 3530 3191 3599 congregatione
3238 3533 3515 3603 elegerit;
3546 3541 3606 3593 et

1935 3604 2155 3662 electus
2181 3609 2259 3663 ad
2304 3626 2414 3665 nos
2444 3611 2535 3667 vel
2567 3630 2943 3673 successores
2970 3623 3211 3676 nostros
3240 3638 3602 3682 consecran-

1936 3693 2049 3747 dus
2080 3698 2282 3766 gratis,
2316 3703 2374 3754 et
2419 3700 2545 3757 sine
2572 3704 2762 3774 pretio
2793 3706 2994 3763 veniat
3020 3726 3031 3775 ;
3082 3711 3250 3781 quod
3280 3712 3329 3766 si
3356 3712 3601 3769 aliunde

1936 3785 2180 3853 venerit,
2214 3787 2307 3842 vel
2337 3788 2415 3845 ab
2460 3791 2576 3846 alio
2604 3792 2808 3866 aliquo
2856 3797 3310 3872 archiepiscopo
3356 3801 3447 3857 vel
3475 3803 3602 3875 epi-

1937 3888 2121 3944 scopo
2169 3880 2615 3936 consecrandus
2682 3884 2979 3957 maluerit,
3036 3892 3177 3945 tunc
3223 3896 3603 3949 consecrator

1936 3966 1992 4016 et
2022 3973 2405 4023 consecratus
2456 3972 2784 4031 anathema
2826 3976 2960 4033 sint.
3003 3978 3082 4035 Et
3125 3980 3315 4051 infra.
3356 3986 3605 4055 Insuper

1932 4056 2267 4123 apostolica
2296 4075 2575 4133 censura,
2608 4080 2717 4119 seu
2745 4064 2933 4121 divini
2954 4067 3166 4137 judicii
3208 4071 3605 4130 obtestatione

1935 4146 2321 4218 precipimus
2354 4156 2418 4206 ut
2461 4153 2661 4213 nullus
2686 4155 3007 4229 episcopus
3032 4168 3366 4231 praetimet
3391 4164 3455 4221 in
3474 4165 3604 4234 jam

1934 4233 2095 4289 dicto
2149 4240 2536 4311 monasterio,
2587 4242 2681 4298 vel
2737 4244 2800 4299 in
2849 4246 3116 4303 ecclesiis
3157 4251 3271 4307 sibi
3320 4233 3604 4322 subjectis

1934 4325 2311 4383 sacerdotem
2391 4333 2937 4404 excommunicare,
2993 4337 3087 4392 vel
3155 4339 3235 4396 ad
3296 4341 3604 4411 synodum

1936 4429 2287 4483 provocare,
2343 4422 2454 4474 etc.
2513 4420 2572 4476 Si
2601 4422 2738 4493 quis
2785 4428 3009 4495 autem,
3054 4429 3222 4499 quod
3265 4445 3388 4487 non
3437 4434 3604 4502 opta-

1933 4517 2096 4572 mus,
2126 4504 2355 4561 nefario
2382 4522 2535 4563 ausu
2562 4514 3009 4584 praesumpserit
3036 4516 3165 4572 haec
3192 4534 3330 4589 quae
3359 4534 3396 4574 δ.
3424 4518 3602 4575 nobis

1932 4590 2011 4645 ad
2036 4590 2275 4647 laudem
2310 4594 2431 4663 Dei,
2465 4612 2575 4667 pro
2604 4599 2922 4663 stabilitate
2962 4603 3093 4673 jam
3123 4605 3264 4661 dicti
3292 4612 3601 4664 monaste-

1936 4677 2004 4731 rii
2035 4683 2255 4737 statuta
2282 4687 2419 4739 sunt
2447 4684 2754 4758 refragari,
2788 4694 2891 4745 aut
2933 4690 2994 4745 in
3024 4708 3389 4767 quocunque
3437 4701 3600 4753 tran-

1935 4769 2153 4840 sgredi,
2188 4772 2335 4828 sciat
2364 4789 2446 4841 se,
2480 4775 2598 4830 nisi
2620 4777 2950 4852 resipuerit,
2974 4783 3373 4840 anathematis
3394 4784 3600 4841 vincu-

1932 4854 2003 4919 lis
2028 4857 2388 4921 innodatum
2422 4865 2477 4918 et
2507 4880 2542 4921 a
2567 4880 2753 4935 regno
2786 4868 2887 4923 Dei
2914 4869 3196 4940 alienum;
3230 4877 3444 4929 etcum
3475 4873 3599 4931 dia-

1930 4946 2072 5003 bolo
2097 4952 2153 5004 et
2182 4951 2311 5021 ejus
2358 4954 2752 5019 atrocissimis
2784 4960 3045 5032 pompis,
3088 4966 3265 5034 atque
3294 4964 3447 5020 Juda
3478 4969 3595 5021 tra-

1930 5037 2120 5095 ditore
2156 5042 2389 5097 Domini
2416 5044 2604 5100 nostri
2632 5048 2768 5100 Jesu
2796 5048 3008 5104 Christi
3038 5050 3100 5106 in
3128 5053 3361 5108 aeternis
3390 5054 3595 5113 incen-

1928 5124 2040 5180 diis
2072 5130 2127 5180 et
2164 5129 2469 5201 suppliciis
2516 5136 2994 5191 concremandus
3045 5139 3116 5193 sit
3157 5140 3497 5212 deputatus.
3526 5148 3597 5200 At

1928 5230 2069 5271 vero
2096 5217 2199 5288 qui
2229 5218 2330 5291 pio
2355 5219 2575 5279 intuitu
2605 5229 2990 5281 conservator
3010 5232 3067 5283 et
3093 5227 3154 5284 in
3176 5231 3458 5287 omnibus
3490 5250 3593 5289 cu-

1927 5304 2193 5363 stodiens
2226 5309 2528 5382 exstiterit,
2582 5314 2762 5383 hujus
2792 5317 3104 5387 apostolici
3126 5318 3395 5393 instituti,
3429 5328 3485 5379 et
3515 5326 3594 5383 ad

1926 5394 2155 5450 cultum
2183 5398 2283 5451 Dei
2312 5399 2791 5471 respicientibus,
2813 5404 3247 5465 benedictionis
3274 5413 3529 5482 gratiam
3560 5430 3597 5473 ι

1925 5483 2483 5545 misericordissimo
2534 5492 2786 5548 Domino
2831 5497 2951 5549 Deo
3001 5503 3228 5569 nostro,
3279 5518 3387 5574 per
3413 5505 3592 5563 inter-

1927 5574 2262 5633 cessionem
2291 5578 2450 5636 beati
2475 5582 2625 5637 Petri
2665 5585 3079 5655 apostolorum
3108 5592 3416 5666 principis,
3444 5600 3501 5650 et
3530 5598 3587 5649 Β.

1927 5664 2289 5723 confessoris
2318 5670 2619 5730 Benedicti
2656 5674 3060 5749 multipliciter
3085 5664 3502 5756 consequatur,
3534 5689 3591 5740 et

1932 5754 2067 5811 vitea
2117 5764 2351 5817 ceterum
2397 5762 2696 5837 particeps
2743 5784 2874 5824 esse
2929 5780 3247 5830 mereatur.
3284 5754 3590 5845 Scriptum
