3836 6438
476 280 608 335 1359

469 419 577 475 per
607 416 859 457 manum
905 398 1183 471 Stephani
1209 395 1667 469 protoscriniarii
1706 398 1923 450 sanctae
1955 392 2110 449 sedis
2140 392 2190 446 A

471 490 833 565 apostolicae,
861 503 1063 543 mense
1092 485 1264 540 Junio
1283 485 1602 540 indictione
1633 500 1701 538 v1.

544 580 694 635 Bene
723 576 930 632 valete.

542 670 754 723 Datum
785 662 1029 719 Kalend.
1061 661 1195 717 Julii
1214 676 1319 733 per
1344 677 1560 716 manus
1583 660 1824 715 Bosonis
1850 655 2115 731 episcopi

469 760 688 811 sanctae
709 752 1022 808 Tiburtinae
1048 750 1340 813 Ecclesiae,
1359 755 1414 805 et
1438 749 1868 805 bibliothecarii
1895 752 2113 803 sanctae

467 843 621 898 sedis
664 840 1026 913 apostolicae,
1087 853 1247 893 anno
1293 838 1370 893 ab
1421 837 1825 893 incarnatione
1880 835 2113 891 Domini

469 934 622 999 t038,
678 928 1057 1002 pontiﬁcatus
1118 943 1253 982 vero
1309 926 1518 981 domni
1573 926 1869 981 Benedicti
1916 924 2111 980 octavi

463 1036 638 1093 papae
665 1017 921 1073 sedentis
971 1031 1131 1071 anno
1166 1031 1235 1083 γι,
1285 1014 1513 1086 imperii
1558 1029 1699 1069 vero
1726 1013 1932 1068 domni
1962 1014 2108 1068 Con-

462 1108 594 1164 radi
639 1104 1014 1178 imperatoris
1068 1107 1470 1158 Romanorum
1527 1120 1627 1170 xu,
1681 1101 1999 1157 indictione
2028 1117 2103 1167 v1,

463 1213 668 1253 mense
691 1194 841 1251 Junii
873 1193 967 1249 die
993 1209 1149 1247 xxxx.

1250 1283 1309 1335 V.

460 1373 812 1430 Benedictus
844 1372 930 1426 IX
955 1372 1243 1439 Popponi,
1273 1370 1716 1438 archiepiscopo
1750 1369 2099 1436 Trevirensi,

532 1463 864 1533 adjutorem
884 1460 1098 1515 mittit:
1141 1460 1469 1514 Simeonem
1497 1459 1559 1513 in
1586 1464 1819 1515 sanctos
1843 1458 2101 1514 relatum

530 1554 790 1608 nuntiat.

1093 1638 1281 1707 (Anno
1309 1637 1480 1707 1041).

1815 272 2088 327 ΒΕΝΕΒΙ(

2228 272 2293 326 1x
2330 273 2525 329 ΡΑΡιΕ
3686 298 3743 348 ,3,

2229 393 2301 464 (t)
2351 396 2538 460 Quem
2584 397 2829 469 quidem
2858 404 2915 455 et
2954 399 3241 457 honestas
3288 418 3536 471 morum,
3578 409 3690 468 sicut
3706 432 3750 471 ne

2226 483 2386 538 mine
2413 483 2653 552 indicat,
2687 492 2743 543 et
2766 503 2952 558 sagax
3000 490 3187 545 animi
3208 490 3572 561 pulchritudo
3592 497 3747 559 decors.

2221 587 2402 643 quem
2441 574 2578 629 huic
2608 576 2848 645 negotio
2880 577 3260 650 aptissimum
3287 581 3623 655 censuimus,
3653 606 3748 660 quer

2222 660 2323 714 Dei
2347 660 2583 718 ﬁdelem
2613 668 2669 719 et
2693 664 3051 736 prudentem
3082 682 3323 722 servum
3350 673 3698 745 cognovimus,
3709 697 3745 733 cu

2219 752 2274 804 et
2303 752 2518 807 astutia
2549 754 2838 826 serpentis
2868 759 2924 810 et
2947 755 3245 812 columbae
3277 756 3616 830 simplicitas;
3638 765 3689 820 de
3707 788 3747 821 cu

2212 837 2313 907 jus
2369 840 2824 910 quodammodo
2877 843 3053 899 labiis
3082 843 3281 900 ﬂuunt
3329 846 3517 917 mella,
3542 865 3631 921 pro
3651 868 3747 925 capt:

2219 926 2585 984 audientium
2617 930 2867 986 caelestis
2889 931 3209 987 ambrosiae
3226 932 3405 1005 plena
3428 952 3442 999 ;
3470 951 3627 1008 quem
3647 955 3672 994 a

2216 1028 2358 1084 pore
2370 1021 2572 1072 nostro
2595 1018 2753 1073 velut
2772 1018 3084 1075 dexterum
3097 1022 3507 1091 separavimus
3518 1023 3739 1083 brachium

2213 1100 2609 1174 imprecantes
2660 1105 2714 1160 ei
2766 1105 3018 1161 salutem
3073 1111 3131 1162 et
3182 1107 3487 1177 gaudium.
3539 1111 3745 1183 Dirigimu

2213 1206 2353 1260 ergo
2381 1192 2548 1247 illum
2583 1198 2647 1248 ut
2674 1193 2976 1250 solatietur
2996 1195 3169 1251 vobis
3198 1196 3263 1251 in
3280 1199 3677 1256 necessitatibus
3699 1222 3745 1258 re-

2212 1280 2363 1351 stris,
2381 1282 2453 1352 (2)
2488 1286 2608 1337 tam
2639 1283 2858 1339 scilicet
2886 1284 2947 1338 in
2973 1301 3154 1356 opere
3177 1288 3745 1362 consecrationis,qm

2212 1369 2389 1425 etiam
2417 1370 2475 1425 in
2507 1372 2786 1428 unctione
2816 1373 3317 1442 confirmationis,
3348 1381 3405 1430 et
3427 1377 3473 1431 si
3497 1378 3679 1449 quidin
3697 1398 3746 1434 ne

2212 1458 2583 1514 cessitatibus
2630 1460 2776 1526 aliis,
2829 1463 2946 1516 Deo
2974 1461 3235 1531 favente,
3291 1463 3516 1534 valebit,
3544 1480 3633 1537 pro
3653 1467 3747 1521 libit.

2208 1552 2415 1602 vestrae
2445 1553 2664 1603 sanctae
2711 1549 3092 1604 fraternitatis
3120 1569 3131 1616 ;
3186 1556 3253 1606 ut
3282 1550 3446 1607 illum
3475 1557 3689 1622 tractare,
3710 1566 3747 1609 ut

2208 1634 2395 1706 decet,
2427 1651 2549 1691 non
2570 1636 2899 1692 detrectetis
2947 1638 3039 1693 vel
3070 1638 3472 1708 dissimuletis,
3515 1642 3661 1707 nulla,
3681 1660 3745 1696 ore

458 1729 817 1801 [Hontheim,
845 1728 999 1782 Hist.
1033 1727 1254 1781 Trevir.
1286 1726 1692 1793 diplmn.,tom
1718 1725 1756 1792 ῐ,
1780 1738 1918 1795 pag.
1953 1724 2171 1794 376].iB
2208 1723 2428 1794 dimus,
2487 1725 2892 1781 admonitione
2935 1726 3238 1797 indigetis,
3290 1745 3424 1784 cum
3479 1737 3643 1786 vestra
3659 1732 3746 1786 bem-

528 1822 885 1883 BENEDICTUS,
940 1815 1274 1887 episcopus,
1349 1830 1554 1868 servus
1614 1829 1924 1869 servorum
1977 1814 2097 1883 Dei,

454 1911 691 1963 POPPONI
720 1921 841 1959 non
872 1909 993 1959 tam
1025 1902 1144 1957 suis
1173 1902 1414 1968 meritis,
1446 1917 1631 1973 quam
1678 1901 1878 1956 divino
1908 1902 2099 1956 chari-

455 2000 640 2050 smate
670 1992 1041 2049 Trevirorum
1090 1989 1557 2061 archiepiscopo,
1593 1988 1842 2044 salutem
1872 1993 1929 2044 et
1957 2004 2098 2060 apo-

455 2083 722 2138 stolicam
750 2078 1244 2135 benedictionem.

527 2170 786 2241 Sumptis
808 2167 1147 2223 reverentiae
1176 2171 1381 2220 vestrae
1406 2166 1626 2231 litteris,
1650 2169 1707 2220 et
1726 2165 1888 2221 lectis
1918 2170 2095 2238 atque

451 2259 679 2315 relectis
709 2257 771 2311 in
825 2256 947 2310 imo
995 2254 1171 2310 corde
1199 2269 1407 2308 earum
1456 2255 1579 2308 vim
1605 2254 2001 2326 reposuimus,
2032 2260 2097 2310 ut

449 2348 623 2403 vobis
652 2344 985 2418 petentibus
1011 2343 1345 2398 desiderata
1369 2342 1852 2409 concederemus,
1871 2358 2012 2397 nam
2034 2342 2096 2397 il-

448 2437 561 2491 lius
607 2434 877 2504 regulam
925 2430 1193 2499 magistri
1242 2446 1354 2484 nos
1403 2434 1650 2501 Oportet,
1692 2430 1751 2485 in
1801 2435 2093 2501 quantum

446 2540 796 2597 possumus,
846 2519 1083 2587 imitari,
1132 2518 1232 2590 qui
1279 2534 1339 2572 se
1384 2518 1535 2573 bene
1586 2518 1920 2590 petentibus
1971 2534 2092 2574 non

446 2613 815 2678 obstinatus;
875 2626 934 2665 se
983 2610 1047 2664 in
1099 2608 1341 2662 veritate
1392 2607 1796 2678 quaerentibus
1846 2623 1968 2662 non
2007 2614 2094 2664 est

444 2702 872 2775 prolongatus;
933 2714 1040 2753 nec
1095 2698 1168 2752 ad
1245 2697 1397 2751 fores
1457 2713 1597 2751 suas
1650 2701 2093 2767 perseveranter

444 2790 821 2863 pulsantibus
867 2788 946 2843 ad
988 2785 1378 2858 aperiendum
1425 2785 1775 2840 rctardatur.
1834 2788 1905 2840 At
1957 2801 2090 2856 nos,

443 2879 577 2934 licet
634 2877 856 2933 tardius
880 2891 1066 2947 quam
1111 2873 1470 2945 cupivimus,
1523 2871 1600 2927 ad
1635 2888 1851 2927 sonum
1891 2877 2088 2929 tamen

441 2966 675 3038 paginae
704 2970 935 3031 vestrae,
968 2978 1076 3035 pro
1126 2962 1341 3016 affectu
1390 2960 1844 3031 respondemus,
1896 2977 2089 3033 neque

2209 1814 2445 1883 gnitatis
2475 1814 2611 1869 inde
2639 1815 2711 1869 sit
2739 1814 3039 1886 profusior
3066 1816 3229 1872 unde
3265 1817 3441 1873 etiam
3470 1819 3687 1874 sanctior.
3709 1824 3743 1873 De

2207 1907 2418 1958 caetero
2465 1903 2544 1958 ad
2599 1903 2795 1958 virum
2852 1903 3020 1959 illum
3075 1905 3420 1962 Simeonem
3470 1908 3741 1963 veniendum.

2205 2007 2386 2062 quem
2415 1991 2810 2047 innumerosis
2840 1998 3259 2049 coruscantem
3294 1995 3590 2061 miraculis,
3615 1996 3741 2050 dinlllé

2202 2080 2633 2152 perfulgentem
2665 2079 2979 2135 virtutibus
3029 2082 3389 2149 ostenditis;
3432 2099 3499 2137 ex
3524 2083 3743 2155 quolique;

2203 2184 2341 2223 eum
2365 2168 2425 2221 in
2456 2166 2648 2237 fragili
2687 2183 2937 2238 corpore
2968 2169 3325 2224 thesaurum
3357 2170 3621 2241 bajulasse
3643 2173 3740 2241 spiri-

2202 2257 2377 2313 tualis
2409 2256 2630 2325 gratiae,
2660 2262 2723 2311 ut
2750 2272 2872 2311 non
2906 2256 3101 2313 solum
3151 2258 3269 2313 sibi
3308 2259 3603 2331 providerit
3623 2260 3741 2314 adsa-

2200 2344 2404 2411 lutem,
2439 2346 2542 2399 sed
2570 2344 2696 2400 aliis
2725 2360 2967 2417 quoque
2993 2350 3172 2418 atque
3206 2347 3337 2403 aliis
3365 2348 3440 2403 ad
3467 2348 3737 2420 multiplicem

2201 2434 2531 2489 sanitatem.
2567 2433 2714 2498 Quia
2742 2433 2920 2502 igitur
2961 2434 3037 2489 ad
3062 2438 3355 2490 aeternam
3397 2435 3544 2492 illam
3580 2452 3737 2491 summ

2200 2521 2486 2577 felicitatis
2511 2521 2966 2593 perpetuitatem
2983 2537 3053 2576 ac
3081 2522 3329 2579 cceleste
3346 2525 3657 2579 consortium
3672 2540 3736 2594 per.

2198 2609 2428 2664 venisse
2459 2609 2733 2677 creditur,
2784 2613 2934 2665 sicut
2984 2625 3165 2682 opere
3216 2612 3515 2681 signorum
3561 2612 3736 2684 frequen.

2197 2697 2312 2753 tius
2338 2697 2639 2769 panditur,
2671 2701 2886 2752 nostrae
2919 2699 3272 2769 apostolicae
3332 2700 3645 2755 auctoritatis
3670 2715 3737 2752 sen-

2199 2785 2397 2854 tentia,
2425 2785 2719 2855 judicium
2749 2785 2933 2839 divini
2975 2786 3186 2841 arbitri
3237 2794 3457 2857 secuta,
3479 2793 3529 2842 et
3562 2786 3734 2857 complu-

2195 2874 2352 2928 rium
2382 2874 2629 2928 fratrum
2656 2878 2993 2929 nostrorum
3027 2890 3286 2931 assensu
3315 2876 3554 2943 suffulta,
3573 2877 3735 2931 decerm:

2198 2963 2478 3017 eumdem
2508 2962 2703 3016 virum
2747 2962 2844 3016 Dei
2877 2962 3221 3019 Simeonem
3269 2970 3405 3037 post
3433 2966 3568 3020 hanc
3593 2978 3734 3033 semper

445 3055 604 3110 enim
632 3053 885 3108 facimus
934 3050 1098 3123 quod
1145 3050 1423 3105 volumus
1473 3066 1611 3103 cum
1656 3048 1954 3119 volumus,
1986 3050 2085 3105 sed
2117 3074 2158 3130 ο
2197 3056 2252 3106 et
2275 3067 2465 3122 usque
2498 3056 2772 3105 sanctum
2803 3050 3021 3106 debere
3052 3054 3381 3121 nominari,
3410 3055 3621 3126 ejusque
3640 3056 3733 3106 nata-

444 3160 583 3198 cum
627 3141 928 3207 divinitus,
966 3146 1029 3194 ut
1067 3139 1373 3204 faciamus,
1432 3137 1778 3208 accipimus,
1835 3154 2089 3210 quaeque

445 3233 567 3288 suis
640 3228 1007 3301 temporibus
1075 3242 1335 3297 superna
1398 3225 1709 3297 dispositio
1774 3227 2083 3298 coaptavit.

444 3321 616 3387 Quod
646 3320 822 3389 igitur
850 3315 1198 3372 meministis
1230 3315 1431 3370 sedem
1464 3314 1871 3386 apostolicam,
1895 3316 1988 3370 cui
2017 3332 2088 3370 ex

441 3409 645 3464 divina
669 3405 1009 3476 dignatione
1040 3403 1449 3475 przesidemus,
1480 3402 1655 3456 totius
1680 3402 2085 3458 ecclesiasticae

438 3495 858 3571 pastoralitatis
905 3510 1032 3548 esse
1080 3491 1396 3559 refugium,
1450 3496 1511 3545 ut
1561 3491 1710 3545 votis
1750 3492 1956 3546 vestris
2007 3491 2084 3546 ad

435 3602 569 3641 eam
602 3581 1079 3653 confugientibus
1112 3594 1515 3634 annueremus
1546 3578 1770 3633 meritis
1803 3578 2086 3650 amplexi-

436 3674 570 3740 bus,
603 3674 728 3728 haec
771 3672 901 3744 ipsa
932 3669 1115 3725 verba
1160 3666 1541 3736 donavimus,
1585 3665 1807 3738 quippe
1850 3683 1987 3721 cum
2015 3668 2086 3722 sit

436 3762 602 3831 origo
633 3766 689 3816 et
718 3760 1175 3815 fundamentum
1220 3754 1625 3821 ecclesiarum,
1656 3755 1906 3811 Domino
1950 3772 2084 3811 con-

433 3850 756 3904 fessionem
786 3845 934 3902 Petri
958 3844 1146 3900 taliter
1172 3847 1598 3914 compensante
1622 3859 1634 3895 :
1671 3844 1755 3897 Tu
1785 3859 1841 3899 es
1870 3846 2081 3899 Petrus

435 3944 489 3994 et
519 3952 708 4006 super.
747 3937 902 3991 hanc
930 3939 1159 4003 petram
1190 3932 1489 3999 azdiﬁcabo
1518 3932 1839 3986 Ecclesium
1870 3948 2078 3989 meam.

436 4026 695 4094 Dignum
725 4022 900 4094 plane
921 4021 1154 4076 videtur
1183 4025 1243 4074 ut
1263 4019 1458 4074 omnis
1484 4018 1811 4075 Christiana
1830 4020 2082 4077 ﬁdelitas

435 4114 511 4169 ad
543 4129 678 4168 eam
731 4126 1089 4167 concursum
1123 4108 1361 4174 habeat,
1391 4112 1450 4163 et
1495 4106 1622 4179 ipse
1651 4108 1932 4163 omnibus
1958 4126 2083 4166 ma-

433 4220 581 4259 num
611 4202 805 4258 solatii
832 4200 1116 4274 porrigat.
1148 4198 1320 4253 Vobis
1370 4213 1510 4252 vero
1539 4198 1602 4251 in
1623 4213 1944 4267 congressu
1971 4216 2080 4272 po-

434 4293 554 4347 sitis
585 4292 663 4348 ad
687 4290 1025 4362 iniquitates
1066 4302 1387 4359 pravorum
1434 4285 1748 4341 hominum
1776 4286 2079 4343 debellan-

431 4381 560 4453 das,
593 4397 662 4436 ac
690 4377 929 4451 speciali
960 4376 1159 4445 gladio
1201 4374 1563 4447 puniendas,
1597 4390 1779 4445 quem
1808 4374 1871 4428 in
1898 4375 2078 4432 rebus

429 4469 708 4525 divinitus
780 4466 951 4522 vobis
1026 4464 1365 4520 commissae.
1445 4462 1588 4517 vicis
1668 4463 2075 4533 coadjutorem

428 4557 742 4630 praesulem
807 4572 843 4612 a
905 4553 1079 4611 nobis
1146 4551 1492 4625 poposcitis,
1547 4562 1685 4607 eum
1739 4550 2069 4620 dirigimus.

497 4723 514 4782 (
524 4719 572 4789 t)
607 4718 781 4783 Quem
797 4716 1031 4789 quidem
1055 4716 1399 4789 ethonestas
1413 4730 1661 4789 morum,
1680 4714 1831 4789 sicut
1859 4729 2069 4789 nomen

423 4783 961 4853 indicat,etc.Quod
986 4785 1151 4839 furrit
1171 4785 1280 4839 viri
1296 4785 1581 4854 hu3us,ad
1613 4783 2067 4853 suffragandum

422 4859 742 4915 Trevirensi
763 4857 1211 4928 archiepiscopo
1233 4872 1268 4910 a
1292 4872 1529 4911 summo
1553 4856 1830 4926 pontifice
1878 4855 2065 4928 missi,

419 4944 885 5001 nomeu,quaeve
917 4926 1509 5001 conditio,nusqua_m
1542 4943 1893 5001 expressum
1921 4926 2064 5001 legi-

422 5006 549 5074 tur;
584 4996 847 5074 prudens
892 5004 1091 5074 tamin
1122 5004 1207 5074 est
1232 4996 1493 5074 etviariis
1536 4996 1779 5074 suffulta
1809 4996 2063 5074 admini-

420 5073 565 5126 culis
584 5068 938 5140 'conjectura
982 5068 1363 5144 Papebrochii
1405 5068 1475 5144 in
1510 5068 1653 5144 acti_s
1840 5068 2062 5123 mensis

417 5143 569 5214 Junii
604 5138 743 5214 tom.
777 5145 811 5205 Ι,
834 5157 894 5211 p.
918 5143 1007 5214 97,
1036 5138 1202 5214 lit.A,
1227 5156 1366 5214 eum
1398 5138 1575 5214 fuisse
1607 5138 1952 5214 Gratianum
1973 5154 2063 5214 a_r-

420 5207 951 5283 chipresbyterum,
976 5209 1457 5283 laudatissimum
1479 5207 1817 5283 virum,qui
1846 5207 2059 5263 deinde

419 5277 795 5335 Benedictum
846 5286 900 5335 et
932 5281 1272 5335 Silvestrum
1314 5280 1387 5333 de
1417 5277 1764 5349 pontificatu
1813 5283 2057 5349 conten-

416 5352 642 5413 dentes,
659 5350 735 5403 ab
758 5351 1027 5418 ejusdem
1051 5346 1437 5421 usurpatione
1442 5347 1779 5421 prudenter
1793 5346 2055 5421 deduxit;

415 5424 479 5500 et
503 5421 761 5500 pontifex
810 5421 1046 5500 electus,
1096 5418 1347 5500 ipsemet
1393 5418 1702 5500 diCtus'est
1745 5419 2054 5500 Gregorius

415 5487 518 5551 VIE
550 5490 682 5544 licet
728 5496 935 5559 postea
966 5487 1335 5562 pontificatui
1389 5488 1646 5555 cesserit,
1681 5487 1822 5562 quia
1853 5488 2048 5545 voluit.

486 5561 558 5629 (2)
620 5558 757 5614 Tum
805 5558 1021 5615 scilicet
1055 5564 1116 5615 in.
1165 5576 1337 5629 opere
1374 5558 2051 5629 consecrationis,quam

414 5628 585 5686 etiam
615 5632 675 5683 in
704 5633 978 5683 unctume
1008 5628 1490 5696 con/irinotionis.
1514 5628 1636 5682 Sub
1666 5628 1930 5683 medium
1953 5630 2052 5685 de—

409 5715 581 5755 mum
614 5700 809 5754 saeculi
836 5715 934 5751 xm
966 5699 1392 5771 archiepiscopi
1421 5704 1479 5754 et
1523 5698 1784 5769 episcopi
1815 5702 2050 5757 Germa-

2195 3139 2333 3206 lem,
2385 3140 2531 3195 sicut
2580 3144 2634 3194 et
2682 3140 2936 3195 aliorum
2982 3147 3340 3199 sanctorum
3381 3141 3731 3199 reverentissim:

2196 3228 2443 3297 singulis
2492 3228 2662 3283 annis
2694 3228 2999 3284 celebrari.
3056 3233 3186 3286 Non
3214 3233 3399 3298 enim,
3428 3232 3521 3304 qui
3546 3248 3596 3286 se
3618 3232 3734 3302 ipsum

2194 3315 2596 3384 commendat,
2627 3315 2722 3370 ille
2752 3316 3042 3387 probatus
3069 3322 3180 3384 est,
3219 3319 3327 3374 sed
3356 3335 3525 3391 quem
3551 3316 3733 3372 Dominus

2194 3403 2594 3471 commendat,
2629 3403 2768 3459 dicit
2816 3405 3156 3476 Apostolus.
3214 3407 3513 3473 Glorietur,
3538 3404 3733 3465 laudetur.

2190 3493 2405 3561 vigeat,
2433 3492 2681 3564 placeat,
2716 3491 3064 3564 celebretur,
3113 3501 3359 3551 ametur
3395 3500 3449 3551 et
3474 3486 3734 3557 colamus

2192 3598 2448 3653 menque
2479 3581 2633 3636 illius
2663 3582 3080 3653 Martyrologio
3104 3583 3431 3652 inseratur;
3453 3585 3561 3656 ipse
3583 3582 3733 3636 interce

2191 3669 2293 3724 dat
2322 3686 2430 3740 pro
2459 3668 2717 3741 peccatis
2745 3674 2800 3723 et
2828 3669 3212 3739 negligentiis
3244 3672 3458 3728 nostris
3485 3675 3534 3726 et
3556 3667 3733 3724 commis-

2192 3774 2397 3812 sorum
2426 3757 2600 3812 nobis
2630 3757 2792 3829 apud
2817 3756 3360 3816 clementissimeim
3378 3758 3547 3816 divini
3568 3752 3730 3813 numinis

2190 3847 2584 3916 majestatem,
2627 3851 2689 3901 ut
2734 3845 3057 3915 mirabilia,
3082 3864 3242 3920 quae
3291 3848 3571 3904 visibiliter
3588 3842 3730 3899 exhilii

2186 3934 2342 3991 circa
2366 3934 2739 3990 inﬁrmorum
2769 3950 3042 4006 corpora,
3068 3935 3134 3991 in
3166 3937 3487 3994 animabus
3510 3932 3731 3992 nostrisoe

2189 4022 2346 4078 culta
2369 4022 2579 4078 virtute
2605 4022 2920 4093 dignanter
2950 4024 3259 4082 exhibeat.
3290 4027 3497 4083 Valete.

2966 4113 3052 4166 Vl.

2192 4198 2373 4254 Bulla
2391 4198 2856 4254 canonizationis
2869 4198 3235 4257 S.Simeonis
3250 4204 3471 4277 reclusi
3486 4196 3728 4257 Trevzrensii

2807 4288 2996 4358 (Anno
3031 4291 3220 4361 1041.)

2512 4375 2843 4445 [Homerum
2878 4376 2979 4431 ubi
3001 4392 3223 4449 supra,
3283 4396 3344 4453 p.
3372 4381 3514 4450 277.]

2255 4465 2587 4518 BENEDICTUS
2617 4463 2955 4536 episcopus,
2978 4480 3195 4522 servus
3230 4484 3535 4541 servorum
3559 4464 3647 4525 Dei,
3668 4474 3729 4513 οω-

2180 4550 2359 4607 nibus
2419 4551 2870 4624 archiepicopis,
2930 4553 3262 4628 episcopis,
3328 4554 3676 4613 sacerdotibus
3707 4558 3730 4598 εἰ

2176 4711 2288 4789 nite
2320 4709 2730 4779 suﬂraganeos
2757 4712 3037 4789 titulares,
3069 4730 3313 4789 eosque
3334 4715 3633 4789 ordinarios
3654 4724 3726 4783 pat-

2174 4781 2337 4861 latim
2357 4787 2859 4861 assumpserunt;
2911 4784 3172 4861 concilio
3204 4781 3586 4861 Lateranensi,

2173 4853 2289 4908 bus
2338 4852 2412 4933 de
2444 4852 2662 4933 causis,
2693 4869 2904 4933 ‘nuper
2946 4854 3335 4933 indulgente,
3369 4865 3448 4933 ut
3473 4858 3563 4933 ubi
3583 4852 3723 4933 publica

2171 4924 2452 5001 negotia,
2475 4923 2772 5001 valetudo,
2800 4923 3185 5001 incursiones
3218 4923 3484 5001 hostiles,
3512 4923 3723 5001 litteram

2172 5012 2239 5074 ac
2271 4994 2552 5074 doctrinae
2581 4993 2785 5066 inopia
2810 4994 3144 5074 obstarent,
3169 4993 3482 5074 episcopis
3502 5000 3721 5074 adjutgrel

2171 5065 2225 5137 in
2259 5070 2489 5137 partem
2520 5065 2799 5137 curarum
2829 5065 3136 5123 asciscere
3160 5065 3259 5126 fas
3289 5065 3609 5129 esset.Unde
3630 5066 3722 5122 Théfr

2167 5135 2496 5216 deﬂens-ll.
2530 5135 3002 5216 arcliiep.‘TI‘_ev.
3036 5142 3331 5198 omnium
3370 5145 3601 5216 primus,
3620 5148 3719 5216 qua?

2168 5212 2302 5280 tum»
2319 5207 2563 5277 quidem
2592 5210 2844 5280 constat,
2864 5208 3021 5263 circa
3052 5225 3300 5269 annum
3333 5207 3485 5280 till,
3516 5207 3717 5280 Henricui

2167 5276 2518 5355 Osiliehsem
2550 5277 2900 5355 episcopum
2921 5280 3218 5355 adhibuit
3240 5276 3717 5355 suifraganeum.l’rlf‘

2164 5364 2279 5419 que
2307 5364 2418 5471 pro
2450 5352 2503 5402 te
2534 5363 2654 5402 non
2703 5348 2964 5417 vulgaris
3010 5355 3284 5425 exempli
3335 5348 3641 5412 habendum
3667 5350 3707 5399 εδί

2164 5434 2308 5471 συθ(
2360 5418 2475 5471 iam
2508 5416 2723 5471 saeculo
2751 5435 2810 5471 x1
2841 5422 3154 5471 Romanus
3198 5428 3469 5471 ‘nnntifmr
3504 5423 3705 5471 Treviris

2163 5416 2329 5497 quod
2352 5418 2475 5487 jam
2508 5416 2723 5497 saeculo
2751 5416 3154 5497 xiRomanus
3195 5416 3473 5497 pontifex
3504 5423 3709 5480 Treviris

2160 5488 2567 5567 archipreesuli
2600 5488 2944 5545 submiserit
2971 5488 3357 5567 episcopum
3386 5499 3651 5554 titularem.
3668 5503 3709 5567 ῆι

2161 5575 2298 5613 eum
2327 5561 2389 5613 in
2427 5575 2601 5628 opere
2649 5561 3136 5630 consecrationis,
3197 5561 3259 5622 et
3306 5573 3570 5625 unctione
3601 5564 3701 5625 σαψ

2158 5631 2453 5697 motionis,
2481 5631 2733 5699 aliisque
2760 5634 3222 5710 necessitatibus
3259 5641 3520 5710 adjuvet.
3548 5692 3555 5695 .

3701 5394 3750 5664 ί]
