  <div class='ocr_page' id='page_1' title='image "/cluster/home/n/w/nwhite01/storage/ocr_20150623/140-141/uc1.31175018559917/1256.png"; bbox 0 0 3950 6394; ppageno 0'>
   <div class='ocr_carea' id='block_1_1' title="bbox 148 283 276 336">
    <p class='ocr_par' dir='ltr' id='par_1_1' title="bbox 148 283 276 336">
     <span class='ocr_line' id='line_1_1' title="bbox 148 283 276 336; baseline -0.008 0"><span class='ocrx_word' id='word_1_1' title='bbox 148 283 276 336; x_wconf 71' lang='grc'><strong>1361</strong></span> 
     </span>
    </p>
   </div>
   <div class='ocr_carea' id='block_1_2' title="bbox 1402 281 2340 336">
    <p class='ocr_par' dir='ltr' id='par_1_2' title="bbox 1402 281 2340 336">
     <span class='ocr_line' id='line_1_2' title="bbox 1402 281 2340 336; baseline 0 0"><span class='ocrx_word' id='word_1_2' title='bbox 1402 281 1752 336; x_wconf 64' lang='grc' dir='ltr'>ΕΡΙΞΤΟΙΑΕ</span> <span class='ocrx_word' id='word_1_3' title='bbox 1795 281 1878 335; x_wconf 85' lang='grc' dir='ltr'>ΕΤ</span> <span class='ocrx_word' id='word_1_4' title='bbox 1916 281 2340 336; x_wconf 81' lang='lat' dir='ltr'>DlPLOMATA.</span> 
     </span>
    </p>
   </div>
   <div class='ocr_carea' id='block_1_3' title="bbox 3447 276 3579 326">
    <p class='ocr_par' dir='ltr' id='par_1_3' title="bbox 3447 276 3579 326">
     <span class='ocr_line' id='line_1_3' title="bbox 3447 276 3579 326; baseline -0.015 0"><span class='ocrx_word' id='word_1_5' title='bbox 3447 276 3579 326; x_wconf 78' lang='lat'>136&#39;2</span> 
     </span>
    </p>
   </div>
   <div class='ocr_carea' id='block_1_4' title="bbox 144 396 3578 477">
    <p class='ocr_par' dir='ltr' id='par_1_4' title="bbox 144 396 3578 477">
     <span class='ocr_line' id='line_1_4' title="bbox 144 396 3578 477; baseline -0.003 -17"><span class='ocrx_word' id='word_1_6' title='bbox 144 406 426 460; x_wconf 89' lang='lat' dir='ltr'>universo</span> <span class='ocrx_word' id='word_1_7' title='bbox 458 403 618 459; x_wconf 92' lang='lat' dir='ltr'>clero</span> <span class='ocrx_word' id='word_1_8' title='bbox 650 405 998 476; x_wconf 83' lang='lat' dir='ltr'>cunctisque</span> <span class='ocrx_word' id='word_1_9' title='bbox 1039 406 1277 477; x_wconf 83' lang='lat' dir='ltr'>populis</span> <span class='ocrx_word' id='word_1_10' title='bbox 1318 410 1438 460; x_wconf 90' lang='lat' dir='ltr'>tam</span> <span class='ocrx_word' id='word_1_11' title='bbox 1467 405 1629 473; x_wconf 86' lang='lat' dir='ltr'>regni</span> <span class='ocrx_word' id='word_1_12' title='bbox 1661 407 1805 459; x_wconf 88' lang='lat' dir='ltr'>Teu-</span> <span class='ocrx_word' id='word_1_13' title='bbox 1843 409 1886 458; x_wconf 78' lang='grc' dir='ltr'><strong>Α</strong></span> <span class='ocrx_word' id='word_1_14' title='bbox 1919 404 2203 459; x_wconf 91' lang='lat' dir='ltr'>lutatione</span> <span class='ocrx_word' id='word_1_15' title='bbox 2238 405 2728 475; x_wconf 77' lang='lat' dir='ltr'>prienolavimus,</span> <span class='ocrx_word' id='word_1_16' title='bbox 2751 399 3070 455; x_wconf 89' lang='lat' dir='ltr'>notumhis</span> <span class='ocrx_word' id='word_1_17' title='bbox 3096 397 3301 452; x_wconf 82' lang='lat' dir='ltr'>litteris</span> <span class='ocrx_word' id='word_1_18' title='bbox 3327 396 3578 450; x_wconf 79' lang='lat' dir='ltr'>facimus</span> 
     </span>
    </p>
   </div>
   <div class='ocr_carea' id='block_1_5' title="bbox 141 493 1809 566">
    <p class='ocr_par' dir='ltr' id='par_1_5' title="bbox 141 493 1809 566">
     <span class='ocr_line' id='line_1_5' title="bbox 141 493 1809 566; baseline -0.002 -17"><span class='ocrx_word' id='word_1_19' title='bbox 141 495 344 561; x_wconf 89' lang='lat' dir='ltr'>tonici,</span> <span class='ocrx_word' id='word_1_20' title='bbox 392 510 580 566; x_wconf 89' lang='lat' dir='ltr'>quam</span> <span class='ocrx_word' id='word_1_21' title='bbox 617 495 793 548; x_wconf 89' lang='lat' dir='ltr'>etiam</span> <span class='ocrx_word' id='word_1_22' title='bbox 843 510 1346 566; x_wconf 77' lang='lat' dir='ltr'>quarumcumque</span> <span class='ocrx_word' id='word_1_23' title='bbox 1379 495 1688 548; x_wconf 76' lang='lat' dir='ltr'>nationum</span> <span class='ocrx_word' id='word_1_24' title='bbox 1722 493 1809 547; x_wconf 93' lang='lat' dir='ltr'>vel</span> 
     </span>
    </p>
   </div>
   <div class='ocr_carea' id='block_1_6' title="bbox 139 583 1807 652">
    <p class='ocr_par' dir='ltr' id='par_1_6' title="bbox 139 583 1807 652">
     <span class='ocr_line' id='line_1_6' title="bbox 139 583 1807 652; baseline 0 -15"><span class='ocrx_word' id='word_1_25' title='bbox 139 584 509 652; x_wconf 80' lang='lat' dir='ltr'>linguarum,</span> <span class='ocrx_word' id='word_1_26' title='bbox 544 583 792 637; x_wconf 75' lang='lat' dir='ltr'>salutem</span> <span class='ocrx_word' id='word_1_27' title='bbox 829 583 1243 638; x_wconf 68' lang='lat' dir='ltr'>charissimam</span> <span class='ocrx_word' id='word_1_28' title='bbox 1277 601 1416 637; x_wconf 87' lang='lat' dir='ltr'>cum</span> <span class='ocrx_word' id='word_1_29' title='bbox 1450 583 1807 637; x_wconf 44' lang='lat' dir='ltr'>benedictio-</span> 
     </span>
    </p>
   </div>
   <div class='ocr_carea' id='block_1_7' title="bbox 139 671 603 744">
    <p class='ocr_par' dir='ltr' id='par_1_7' title="bbox 139 671 603 744">
     <span class='ocr_line' id='line_1_7' title="bbox 139 671 603 744; baseline 0 -18"><span class='ocrx_word' id='word_1_30' title='bbox 139 688 217 726; x_wconf 89' lang='lat' dir='ltr'>ne</span> <span class='ocrx_word' id='word_1_31' title='bbox 250 671 603 744; x_wconf 90' lang='lat' dir='ltr'>apostolica.</span> 
     </span>
    </p>
   </div>
   <div class='ocr_carea' id='block_1_8' title="bbox 216 762 1804 831">
    <p class='ocr_par' dir='ltr' id='par_1_8' title="bbox 216 762 1804 831">
     <span class='ocr_line' id='line_1_8' title="bbox 216 762 1804 831; baseline -0.002 -14"><span class='ocrx_word' id='word_1_32' title='bbox 216 762 439 817; x_wconf 62' lang='lat' dir='ltr'>Divinas</span> <span class='ocrx_word' id='word_1_33' title='bbox 473 763 806 831; x_wconf 87' lang='lat' dir='ltr'>majestatis</span> <span class='ocrx_word' id='word_1_34' title='bbox 836 764 1252 818; x_wconf 84' lang='lat' dir='ltr'>inenarrabilis</span> <span class='ocrx_word' id='word_1_35' title='bbox 1287 763 1606 819; x_wconf 82' lang='lat' dir='ltr'>auctoritas</span> <span class='ocrx_word' id='word_1_36' title='bbox 1652 777 1804 814; x_wconf 87' lang='lat' dir='ltr'>sem-</span> 
     </span>
    </p>
   </div>
   <div class='ocr_carea' id='block_1_9' title="bbox 135 849 1804 922">
    <p class='ocr_par' dir='ltr' id='par_1_9' title="bbox 135 849 1804 922">
     <span class='ocr_line' id='line_1_9' title="bbox 135 849 1804 922; baseline -0.001 -17"><span class='ocrx_word' id='word_1_37' title='bbox 135 865 250 922; x_wconf 85' lang='lat' dir='ltr'>per</span> <span class='ocrx_word' id='word_1_38' title='bbox 280 851 708 907; x_wconf 89' lang='lat' dir='ltr'>inenarrabilia</span> <span class='ocrx_word' id='word_1_39' title='bbox 749 852 992 921; x_wconf 84' lang='lat' dir='ltr'>faciens,</span> <span class='ocrx_word' id='word_1_40' title='bbox 1023 854 1171 907; x_wconf 80' lang='lat' dir='ltr'>sicut</span> <span class='ocrx_word' id='word_1_41' title='bbox 1203 854 1258 908; x_wconf 93' lang='lat' dir='ltr'>in</span> <span class='ocrx_word' id='word_1_42' title='bbox 1293 853 1514 907; x_wconf 79' lang='lat' dir='ltr'>sanctis</span> <span class='ocrx_word' id='word_1_43' title='bbox 1547 852 1666 904; x_wconf 83' lang='lat' dir='ltr'>suis</span> <span class='ocrx_word' id='word_1_44' title='bbox 1699 849 1804 904; x_wconf 88' lang='lat' dir='ltr'>mi-</span> 
     </span>
    </p>
   </div>
   <div class='ocr_carea' id='block_1_10' title="bbox 135 939 1807 1013">
    <p class='ocr_par' dir='ltr' id='par_1_10' title="bbox 135 939 1807 1013">
     <span class='ocr_line' id='line_1_10' title="bbox 135 939 1807 1013; baseline -0.002 -18"><span class='ocrx_word' id='word_1_45' title='bbox 135 939 348 995; x_wconf 86' lang='lat' dir='ltr'>rabilis</span> <span class='ocrx_word' id='word_1_46' title='bbox 377 940 754 1011; x_wconf 69' lang='lat' dir='ltr'>praadicatur,</span> <span class='ocrx_word' id='word_1_47' title='bbox 785 941 863 996; x_wconf 88' lang='lat' dir='ltr'>ita</span> <span class='ocrx_word' id='word_1_48' title='bbox 890 946 946 996; x_wconf 90' lang='lat' dir='ltr'>et</span> <span class='ocrx_word' id='word_1_49' title='bbox 975 942 1256 1013; x_wconf 77' lang='lat' dir='ltr'>operibus</span> <span class='ocrx_word' id='word_1_50' title='bbox 1279 941 1632 1004; x_wconf 86' lang='lat' dir='ltr'>declaratur,</span> <span class='ocrx_word' id='word_1_51' title='bbox 1654 939 1807 992; x_wconf 76' lang='lat' dir='ltr'>«lans</span> 
     </span>
    </p>
   </div>
   <div class='ocr_carea' id='block_1_11' title="bbox 137 1027 1804 1084">
    <p class='ocr_par' dir='ltr' id='par_1_11' title="bbox 137 1027 1804 1084">
     <span class='ocr_line' id='line_1_11' title="bbox 137 1027 1804 1084; baseline -0.001 -2"><span class='ocrx_word' id='word_1_52' title='bbox 137 1027 229 1082; x_wconf 87' lang='lat' dir='ltr'>eis</span> <span class='ocrx_word' id='word_1_53' title='bbox 286 1027 563 1083; x_wconf 77' lang='lat' dir='ltr'>virtutem</span> <span class='ocrx_word' id='word_1_54' title='bbox 613 1034 668 1084; x_wconf 89' lang='lat' dir='ltr'>et</span> <span class='ocrx_word' id='word_1_55' title='bbox 712 1029 1116 1084; x_wconf 90' lang='lat' dir='ltr'>fortitudinem</span> <span class='ocrx_word' id='word_1_56' title='bbox 1165 1047 1370 1084; x_wconf 90' lang='lat' dir='ltr'>curare</span> <span class='ocrx_word' id='word_1_57' title='bbox 1402 1045 1642 1084; x_wconf 83' lang='lat' dir='ltr'>omnem</span> <span class='ocrx_word' id='word_1_58' title='bbox 1678 1028 1804 1080; x_wconf 87' lang='lat' dir='ltr'>lan-</span> 
     </span>
    </p>
   </div>
   <div class='ocr_carea' id='block_1_12' title="bbox 138 1116 1804 1183">
    <p class='ocr_par' dir='ltr' id='par_1_12' title="bbox 138 1116 1804 1183">
     <span class='ocr_line' id='line_1_12' title="bbox 138 1116 1804 1183; baseline 0 -14"><span class='ocrx_word' id='word_1_59' title='bbox 138 1130 395 1183; x_wconf 85' lang='lat' dir='ltr'>guorem</span> <span class='ocrx_word' id='word_1_60' title='bbox 421 1121 477 1170; x_wconf 90' lang='lat' dir='ltr'>et</span> <span class='ocrx_word' id='word_1_61' title='bbox 505 1133 749 1172; x_wconf 90' lang='lat' dir='ltr'>omnem</span> <span class='ocrx_word' id='word_1_62' title='bbox 781 1118 1204 1172; x_wconf 87' lang='lat' dir='ltr'>infirmitatem.</span> <span class='ocrx_word' id='word_1_63' title='bbox 1251 1119 1420 1182; x_wconf 80' lang='lat' dir='ltr'>Quod</span> <span class='ocrx_word' id='word_1_64' title='bbox 1454 1116 1804 1170; x_wconf 76' lang='lat' dir='ltr'>donativum</span> 
     </span>
    </p>
   </div>
   <div class='ocr_carea' id='block_1_13' title="bbox 137 1204 1806 1277">
    <p class='ocr_par' dir='ltr' id='par_1_13' title="bbox 137 1204 1806 1277">
     <span class='ocr_line' id='line_1_13' title="bbox 137 1204 1806 1277; baseline -0.001 -19"><span class='ocrx_word' id='word_1_65' title='bbox 137 1204 275 1276; x_wconf 87' lang='lat' dir='ltr'>ipse</span> <span class='ocrx_word' id='word_1_66' title='bbox 337 1207 512 1272; x_wconf 88' lang='lat' dir='ltr'>Deus,</span> <span class='ocrx_word' id='word_1_67' title='bbox 577 1205 974 1277; x_wconf 83' lang='lat' dir='ltr'>spiritualium</span> <span class='ocrx_word' id='word_1_68' title='bbox 1021 1207 1319 1260; x_wconf 87' lang='lat' dir='ltr'>donorum</span> <span class='ocrx_word' id='word_1_69' title='bbox 1367 1205 1713 1259; x_wconf 80' lang='lat' dir='ltr'>distributor</span> <span class='ocrx_word' id='word_1_70' title='bbox 1751 1209 1806 1257; x_wconf 91' lang='lat' dir='ltr'>et</span> 
     </span>
    </p>
   </div>
   <div class='ocr_carea' id='block_1_14' title="bbox 137 1293 1802 1365">
    <p class='ocr_par' dir='ltr' id='par_1_14' title="bbox 137 1293 1802 1365">
     <span class='ocr_line' id='line_1_14' title="bbox 137 1293 1802 1365; baseline -0.003 -17"><span class='ocrx_word' id='word_1_71' title='bbox 137 1298 353 1348; x_wconf 86' lang='lat' dir='ltr'>auctor</span> <span class='ocrx_word' id='word_1_72' title='bbox 383 1293 670 1348; x_wconf 88' lang='lat' dir='ltr'>militibus</span> <span class='ocrx_word' id='word_1_73' title='bbox 705 1295 847 1358; x_wconf 83' lang='lat' dir='ltr'>suis,</span> <span class='ocrx_word' id='word_1_74' title='bbox 882 1311 1143 1365; x_wconf 89' lang='lat' dir='ltr'>quorum</span> <span class='ocrx_word' id='word_1_75' title='bbox 1195 1312 1314 1349; x_wconf 92' lang='lat' dir='ltr'>non</span> <span class='ocrx_word' id='word_1_76' title='bbox 1367 1300 1453 1348; x_wconf 87' lang='lat' dir='ltr'>est</span> <span class='ocrx_word' id='word_1_77' title='bbox 1496 1310 1802 1354; x_wconf 80' lang='lat' dir='ltr'>numerus,</span> 
     </span>
    </p>
   </div>
   <div class='ocr_carea' id='block_1_15' title="bbox 135 1380 1803 1454">
    <p class='ocr_par' dir='ltr' id='par_1_15' title="bbox 135 1380 1803 1454">
     <span class='ocr_line' id='line_1_15' title="bbox 135 1380 1803 1454; baseline -0.001 -19"><span class='ocrx_word' id='word_1_78' title='bbox 135 1380 200 1436; x_wconf 90' lang='lat' dir='ltr'>in</span> <span class='ocrx_word' id='word_1_79' title='bbox 228 1380 343 1436; x_wconf 90' lang='lat' dir='ltr'>hoc</span> <span class='ocrx_word' id='word_1_80' title='bbox 375 1381 556 1436; x_wconf 89' lang='lat' dir='ltr'>etiam</span> <span class='ocrx_word' id='word_1_81' title='bbox 589 1383 820 1437; x_wconf 86' lang='lat' dir='ltr'>mortali</span> <span class='ocrx_word' id='word_1_82' title='bbox 851 1398 1121 1454; x_wconf 88' lang='lat' dir='ltr'>corpore,</span> <span class='ocrx_word' id='word_1_83' title='bbox 1155 1384 1302 1437; x_wconf 90' lang='lat' dir='ltr'>dum</span> <span class='ocrx_word' id='word_1_84' title='bbox 1335 1383 1393 1437; x_wconf 90' lang='lat' dir='ltr'>in</span> <span class='ocrx_word' id='word_1_85' title='bbox 1437 1381 1657 1436; x_wconf 70' lang='lat' dir='ltr'>saeculo</span> <span class='ocrx_word' id='word_1_86' title='bbox 1706 1381 1803 1434; x_wconf 90' lang='lat' dir='ltr'>dc-</span> 
     </span>
    </p>
   </div>
   <div class='ocr_carea' id='block_1_16' title="bbox 137 1472 1806 1542">
    <p class='ocr_par' dir='ltr' id='par_1_16' title="bbox 137 1472 1806 1542">
     <span class='ocr_line' id='line_1_16' title="bbox 137 1472 1806 1542; baseline -0.001 -18"><span class='ocrx_word' id='word_1_87' title='bbox 137 1476 368 1539; x_wconf 86' lang='lat' dir='ltr'>gerent,</span> <span class='ocrx_word' id='word_1_88' title='bbox 401 1476 719 1542; x_wconf 84' lang='lat' dir='ltr'>propterea</span> <span class='ocrx_word' id='word_1_89' title='bbox 751 1472 1064 1537; x_wconf 82' lang='lat' dir='ltr'>concessit,</span> <span class='ocrx_word' id='word_1_90' title='bbox 1101 1477 1160 1526; x_wconf 91' lang='lat' dir='ltr'>ut</span> <span class='ocrx_word' id='word_1_91' title='bbox 1186 1477 1241 1526; x_wconf 91' lang='lat' dir='ltr'>et</span> <span class='ocrx_word' id='word_1_92' title='bbox 1271 1472 1451 1526; x_wconf 85' lang='lat' dir='ltr'>iidem</span> <span class='ocrx_word' id='word_1_93' title='bbox 1485 1472 1594 1542; x_wconf 83' lang='lat' dir='ltr'>ipsi</span> <span class='ocrx_word' id='word_1_94' title='bbox 1627 1487 1806 1540; x_wconf 87' lang='lat' dir='ltr'>super</span> 
     </span>
    </p>
   </div>
   <div class='ocr_carea' id='block_1_17' title="bbox 139 1559 1804 1632">
    <p class='ocr_par' dir='ltr' id='par_1_17' title="bbox 139 1559 1804 1632">
     <span class='ocr_line' id='line_1_17' title="bbox 139 1559 1804 1632; baseline -0.001 -20"><span class='ocrx_word' id='word_1_95' title='bbox 139 1575 251 1629; x_wconf 87' lang='lat' dir='ltr'>spe</span> <span class='ocrx_word' id='word_1_96' title='bbox 283 1559 494 1613; x_wconf 70' lang='lat' dir='ltr'>futurae</span> <span class='ocrx_word' id='word_1_97' title='bbox 545 1561 947 1615; x_wconf 84' lang='lat' dir='ltr'>retributionis</span> <span class='ocrx_word' id='word_1_98' title='bbox 1002 1561 1290 1615; x_wconf 81' lang='lat' dir='ltr'>habentes</span> <span class='ocrx_word' id='word_1_99' title='bbox 1337 1562 1525 1615; x_wconf 80' lang='lat' dir='ltr'>sancti</span> <span class='ocrx_word' id='word_1_100' title='bbox 1560 1561 1804 1632; x_wconf 72' lang='lat' dir='ltr'>Spiritus</span> 
     </span>
    </p>
   </div>
   <div class='ocr_carea' id='block_1_18' title="bbox 137 1647 1805 1719">
    <p class='ocr_par' dir='ltr' id='par_1_18' title="bbox 137 1647 1805 1719">
     <span class='ocr_line' id='line_1_18' title="bbox 137 1647 1805 1719; baseline 0.001 -18"><span class='ocrx_word' id='word_1_101' title='bbox 137 1647 315 1702; x_wconf 81' lang='lat' dir='ltr'>ﬁdele</span> <span class='ocrx_word' id='word_1_102' title='bbox 347 1651 586 1719; x_wconf 86' lang='lat' dir='ltr'>pignus,</span> <span class='ocrx_word' id='word_1_103' title='bbox 623 1650 959 1704; x_wconf 89' lang='lat' dir='ltr'>fiducialius</span> <span class='ocrx_word' id='word_1_104' title='bbox 987 1656 1040 1703; x_wconf 89' lang='lat' dir='ltr'>et</span> <span class='ocrx_word' id='word_1_105' title='bbox 1075 1650 1280 1704; x_wconf 85' lang='lat' dir='ltr'>fortius</span> <span class='ocrx_word' id='word_1_106' title='bbox 1313 1651 1719 1710; x_wconf 89' lang='lat' dir='ltr'>inniterentur,</span> <span class='ocrx_word' id='word_1_107' title='bbox 1751 1654 1805 1702; x_wconf 89' lang='lat' dir='ltr'>et</span> 
     </span>
    </p>
   </div>
   <div class='ocr_carea' id='block_1_19' title="bbox 139 1737 1875 1811">
    <p class='ocr_par' dir='ltr' id='par_1_19' title="bbox 139 1737 1875 1811">
     <span class='ocr_line' id='line_1_19' title="bbox 139 1737 1875 1811; baseline 0.001 -22"><span class='ocrx_word' id='word_1_108' title='bbox 139 1741 369 1803; x_wconf 83' lang='lat' dir='ltr'>gentes,</span> <span class='ocrx_word' id='word_1_109' title='bbox 403 1737 602 1792; x_wconf 86' lang='lat' dir='ltr'>divina</span> <span class='ocrx_word' id='word_1_110' title='bbox 639 1740 916 1809; x_wconf 68' lang='lat' dir='ltr'>mysteria</span> <span class='ocrx_word' id='word_1_111' title='bbox 947 1739 1258 1800; x_wconf 71' lang='lat' dir='ltr'>intuentes,</span> <span class='ocrx_word' id='word_1_112' title='bbox 1312 1740 1473 1792; x_wconf 87' lang='lat' dir='ltr'>omni</span> <span class='ocrx_word' id='word_1_113' title='bbox 1528 1737 1803 1810; x_wconf 88' lang='lat' dir='ltr'>supersti-</span> <span class='ocrx_word' id='word_1_114' title='bbox 1839 1760 1875 1811; x_wconf 71' lang='grc' dir='ltr'>Β</span> 
     </span>
    </p>
   </div>
   <div class='ocr_carea' id='block_1_20' title="bbox 137 1824 1804 1898">
    <p class='ocr_par' dir='ltr' id='par_1_20' title="bbox 137 1824 1804 1898">
     <span class='ocr_line' id='line_1_20' title="bbox 137 1824 1804 1898; baseline 0.001 -20"><span class='ocrx_word' id='word_1_115' title='bbox 137 1824 299 1878; x_wconf 79' lang='lat' dir='ltr'>tione</span> <span class='ocrx_word' id='word_1_116' title='bbox 326 1828 682 1898; x_wconf 88' lang='lat' dir='ltr'>postposita,</span> <span class='ocrx_word' id='word_1_117' title='bbox 719 1828 790 1880; x_wconf 85' lang='lat' dir='ltr'>ad</span> <span class='ocrx_word' id='word_1_118' title='bbox 825 1829 981 1881; x_wconf 79' lang='lat' dir='ltr'>viain</span> <span class='ocrx_word' id='word_1_119' title='bbox 1039 1829 1380 1882; x_wconf 67' lang='lat' dir='ltr'>Christianae</span> <span class='ocrx_word' id='word_1_120' title='bbox 1436 1828 1693 1881; x_wconf 77' lang='lat' dir='ltr'>veritatis</span> <span class='ocrx_word' id='word_1_121' title='bbox 1734 1845 1804 1881; x_wconf 75' lang='lat' dir='ltr'>ex</span> 
     </span>
    </p>
   </div>
   <div class='ocr_carea' id='block_1_21' title="bbox 135 1912 1803 1987">
    <p class='ocr_par' dir='ltr' id='par_1_21' title="bbox 135 1912 1803 1987">
     <span class='ocr_line' id='line_1_21' title="bbox 135 1912 1803 1987; baseline 0.002 -20"><span class='ocrx_word' id='word_1_122' title='bbox 135 1912 352 1968; x_wconf 89' lang='lat' dir='ltr'>intimo</span> <span class='ocrx_word' id='word_1_123' title='bbox 384 1916 579 1969; x_wconf 90' lang='lat' dir='ltr'>cordis</span> <span class='ocrx_word' id='word_1_124' title='bbox 611 1922 1130 1975; x_wconf 78' lang='lat' dir='ltr'>converterentur:</span> <span class='ocrx_word' id='word_1_125' title='bbox 1165 1919 1312 1970; x_wconf 89' lang='lat' dir='ltr'>alios</span> <span class='ocrx_word' id='word_1_126' title='bbox 1357 1933 1514 1980; x_wconf 88' lang='lat' dir='ltr'>vero,</span> <span class='ocrx_word' id='word_1_127' title='bbox 1545 1934 1803 1987; x_wconf 87' lang='lat' dir='ltr'>quorum</span> 
     </span>
    </p>
   </div>
   <div class='ocr_carea' id='block_1_22' title="bbox 139 2001 1805 2077">
    <p class='ocr_par' dir='ltr' id='par_1_22' title="bbox 139 2001 1805 2077">
     <span class='ocr_line' id='line_1_22' title="bbox 139 2001 1805 2077; baseline 0.002 -22"><span class='ocrx_word' id='word_1_128' title='bbox 139 2001 410 2057; x_wconf 87' lang='lat' dir='ltr'>similiter</span> <span class='ocrx_word' id='word_1_129' title='bbox 462 2004 1086 2077; x_wconf 81' lang='lat' dir='ltr'>incomprehensibilis</span> <span class='ocrx_word' id='word_1_130' title='bbox 1139 2012 1225 2060; x_wconf 86' lang='lat' dir='ltr'>est</span> <span class='ocrx_word' id='word_1_131' title='bbox 1275 2006 1611 2071; x_wconf 88' lang='lat' dir='ltr'>multitudo,</span> <span class='ocrx_word' id='word_1_132' title='bbox 1672 2011 1805 2077; x_wconf 89' lang='lat' dir='ltr'>post</span> 
     </span>
    </p>
   </div>
   <div class='ocr_carea' id='block_1_23' title="bbox 136 2091 1804 2165">
    <p class='ocr_par' dir='ltr' id='par_1_23' title="bbox 136 2091 1804 2165">
     <span class='ocr_line' id='line_1_23' title="bbox 136 2091 1804 2165; baseline 0.002 -21"><span class='ocrx_word' id='word_1_133' title='bbox 136 2091 375 2146; x_wconf 87' lang='lat' dir='ltr'>vincula</span> <span class='ocrx_word' id='word_1_134' title='bbox 412 2098 640 2147; x_wconf 87' lang='lat' dir='ltr'>tantum</span> <span class='ocrx_word' id='word_1_135' title='bbox 673 2095 889 2154; x_wconf 80' lang='lat' dir='ltr'>carnis,</span> <span class='ocrx_word' id='word_1_136' title='bbox 926 2095 1013 2148; x_wconf 81' lang='lat' dir='ltr'>bis</span> <span class='ocrx_word' id='word_1_137' title='bbox 1042 2095 1325 2165; x_wconf 86' lang='lat' dir='ltr'>operibus</span> <span class='ocrx_word' id='word_1_138' title='bbox 1375 2097 1654 2149; x_wconf 86' lang='lat' dir='ltr'>virtutum</span> <span class='ocrx_word' id='word_1_139' title='bbox 1705 2095 1804 2148; x_wconf 93' lang='lat' dir='ltr'>do—</span> 
     </span>
    </p>
   </div>
   <div class='ocr_carea' id='block_1_24' title="bbox 137 2180 1801 2255">
    <p class='ocr_par' dir='ltr' id='par_1_24' title="bbox 137 2180 1801 2255">
     <span class='ocr_line' id='line_1_24' title="bbox 137 2180 1801 2255; baseline 0.002 -22"><span class='ocrx_word' id='word_1_140' title='bbox 137 2180 304 2234; x_wconf 88' lang='lat' dir='ltr'>navit</span> <span class='ocrx_word' id='word_1_141' title='bbox 334 2186 513 2252; x_wconf 87' lang='lat' dir='ltr'>atque</span> <span class='ocrx_word' id='word_1_142' title='bbox 548 2184 974 2250; x_wconf 82' lang='lat' dir='ltr'>magnificavit,</span> <span class='ocrx_word' id='word_1_143' title='bbox 1013 2190 1090 2248; x_wconf 91' lang='lat' dir='ltr'>ut,</span> <span class='ocrx_word' id='word_1_144' title='bbox 1127 2185 1428 2255; x_wconf 67' lang='lat' dir='ltr'>eoi&#39;poreis</span> <span class='ocrx_word' id='word_1_145' title='bbox 1468 2185 1696 2238; x_wconf 78' lang='lat' dir='ltr'>exuviis</span> <span class='ocrx_word' id='word_1_146' title='bbox 1744 2185 1801 2237; x_wconf 92' lang='lat' dir='ltr'>in</span> 
     </span>
    </p>
   </div>
   <div class='ocr_carea' id='block_1_25' title="bbox 138 2269 1803 2341">
    <p class='ocr_par' dir='ltr' id='par_1_25' title="bbox 138 2269 1803 2341">
     <span class='ocr_line' id='line_1_25' title="bbox 138 2269 1803 2341; baseline 0.003 -20"><span class='ocrx_word' id='word_1_147' title='bbox 138 2269 417 2340; x_wconf 88' lang='lat' dir='ltr'>sepulcro</span> <span class='ocrx_word' id='word_1_148' title='bbox 439 2271 664 2341; x_wconf 84' lang='lat' dir='ltr'>positis,</span> <span class='ocrx_word' id='word_1_149' title='bbox 700 2277 755 2326; x_wconf 89' lang='lat' dir='ltr'>et</span> <span class='ocrx_word' id='word_1_150' title='bbox 786 2272 1072 2326; x_wconf 89' lang='lat' dir='ltr'>membris</span> <span class='ocrx_word' id='word_1_151' title='bbox 1115 2273 1172 2327; x_wconf 92' lang='lat' dir='ltr'>in</span> <span class='ocrx_word' id='word_1_152' title='bbox 1202 2278 1426 2327; x_wconf 90' lang='lat' dir='ltr'>cineres</span> <span class='ocrx_word' id='word_1_153' title='bbox 1457 2291 1524 2327; x_wconf 88' lang='lat' dir='ltr'>ac</span> <span class='ocrx_word' id='word_1_154' title='bbox 1574 2273 1803 2328; x_wconf 86' lang='lat' dir='ltr'>favillas</span> 
     </span>
    </p>
   </div>
   <div class='ocr_carea' id='block_1_26' title="bbox 137 2357 1803 2432">
    <p class='ocr_par' dir='ltr' id='par_1_26' title="bbox 137 2357 1803 2432">
     <span class='ocr_line' id='line_1_26' title="bbox 137 2357 1803 2432; baseline 0.004 -22"><span class='ocrx_word' id='word_1_155' title='bbox 137 2357 438 2422; x_wconf 85' lang='lat' dir='ltr'>resolutis,</span> <span class='ocrx_word' id='word_1_156' title='bbox 473 2360 861 2416; x_wconf 87' lang='lat' dir='ltr'>sentientibus</span> <span class='ocrx_word' id='word_1_157' title='bbox 896 2366 1074 2432; x_wconf 89' lang='lat' dir='ltr'>atque</span> <span class='ocrx_word' id='word_1_158' title='bbox 1123 2363 1462 2417; x_wconf 86' lang='lat' dir='ltr'>videntibus</span> <span class='ocrx_word' id='word_1_159' title='bbox 1507 2363 1803 2417; x_wconf 79' lang='lat' dir='ltr'>mirabilia</span> 
     </span>
    </p>
   </div>
   <div class='ocr_carea' id='block_1_27' title="bbox 137 2445 1800 2516">
    <p class='ocr_par' dir='ltr' id='par_1_27' title="bbox 137 2445 1800 2516">
     <span class='ocr_line' id='line_1_27' title="bbox 137 2445 1800 2516; baseline 0.003 -17"><span class='ocrx_word' id='word_1_160' title='bbox 137 2445 291 2500; x_wconf 84' lang='lat' dir='ltr'>ﬁdes</span> <span class='ocrx_word' id='word_1_161' title='bbox 320 2446 718 2503; x_wconf 91' lang='lat' dir='ltr'>inculcaretur</span> <span class='ocrx_word' id='word_1_162' title='bbox 747 2454 803 2504; x_wconf 93' lang='lat' dir='ltr'>et</span> <span class='ocrx_word' id='word_1_163' title='bbox 841 2450 1265 2516; x_wconf 88' lang='lat' dir='ltr'>cumularetur,</span> <span class='ocrx_word' id='word_1_164' title='bbox 1321 2468 1422 2506; x_wconf 89' lang='lat' dir='ltr'>eos</span> <span class='ocrx_word' id='word_1_165' title='bbox 1474 2451 1589 2505; x_wconf 92' lang='lat' dir='ltr'>illic</span> <span class='ocrx_word' id='word_1_166' title='bbox 1623 2451 1800 2505; x_wconf 87' lang='lat' dir='ltr'>felici-</span> 
     </span>
    </p>
   </div>
   <div class='ocr_carea' id='block_1_28' title="bbox 139 2534 1801 2612">
    <p class='ocr_par' dir='ltr' id='par_1_28' title="bbox 139 2534 1801 2612">
     <span class='ocr_line' id='line_1_28' title="bbox 139 2534 1801 2612; baseline 0.005 -25"><span class='ocrx_word' id='word_1_167' title='bbox 139 2538 226 2588; x_wconf 89' lang='lat' dir='ltr'>ter</span> <span class='ocrx_word' id='word_1_168' title='bbox 255 2534 472 2605; x_wconf 86' lang='lat' dir='ltr'>vivere,</span> <span class='ocrx_word' id='word_1_169' title='bbox 508 2537 606 2592; x_wconf 91' lang='lat' dir='ltr'>ubi</span> <span class='ocrx_word' id='word_1_170' title='bbox 639 2555 780 2593; x_wconf 87' lang='lat' dir='ltr'>vera</span> <span class='ocrx_word' id='word_1_171' title='bbox 808 2544 892 2593; x_wconf 91' lang='lat' dir='ltr'>est</span> <span class='ocrx_word' id='word_1_172' title='bbox 933 2544 989 2593; x_wconf 89' lang='lat' dir='ltr'>et</span> <span class='ocrx_word' id='word_1_173' title='bbox 1032 2544 1252 2595; x_wconf 62' lang='lat' dir='ltr'>aeterna</span> <span class='ocrx_word' id='word_1_174' title='bbox 1303 2541 1441 2607; x_wconf 90' lang='lat' dir='ltr'>vita,</span> <span class='ocrx_word' id='word_1_175' title='bbox 1491 2541 1570 2596; x_wconf 91' lang='lat' dir='ltr'>ad</span> <span class='ocrx_word' id='word_1_176' title='bbox 1615 2557 1801 2612; x_wconf 90' lang='lat' dir='ltr'>quam</span> 
     </span>
    </p>
   </div>
   <div class='ocr_carea' id='block_1_29' title="bbox 137 2623 1800 2699">
    <p class='ocr_par' dir='ltr' id='par_1_29' title="bbox 137 2623 1800 2699">
     <span class='ocr_line' id='line_1_29' title="bbox 137 2623 1800 2699; baseline 0.004 -23"><span class='ocrx_word' id='word_1_177' title='bbox 137 2623 388 2689; x_wconf 88' lang='lat' dir='ltr'>nemini,</span> <span class='ocrx_word' id='word_1_178' title='bbox 419 2626 700 2682; x_wconf 87' lang='lat' dir='ltr'>accedere</span> <span class='ocrx_word' id='word_1_179' title='bbox 733 2627 884 2694; x_wconf 90' lang='lat' dir='ltr'>licet,</span> <span class='ocrx_word' id='word_1_180' title='bbox 917 2629 1028 2682; x_wconf 92' lang='lat' dir='ltr'>nisi</span> <span class='ocrx_word' id='word_1_181' title='bbox 1061 2628 1190 2682; x_wconf 73' lang='lat' dir='ltr'>vitae</span> <span class='ocrx_word' id='word_1_182' title='bbox 1243 2629 1585 2699; x_wconf 86' lang='lat' dir='ltr'>temporalis</span> <span class='ocrx_word' id='word_1_183' title='bbox 1637 2629 1800 2684; x_wconf 87' lang='lat' dir='ltr'>oble-</span> 
     </span>
    </p>
   </div>
   <div class='ocr_carea' id='block_1_30' title="bbox 136 2717 1802 2795">
    <p class='ocr_par' dir='ltr' id='par_1_30' title="bbox 136 2717 1802 2795">
     <span class='ocr_line' id='line_1_30' title="bbox 136 2717 1802 2795; baseline 0.004 -30"><span class='ocrx_word' id='word_1_184' title='bbox 136 2717 440 2768; x_wconf 88' lang='lat' dir='ltr'>ctamenta</span> <span class='ocrx_word' id='word_1_185' title='bbox 489 2731 728 2778; x_wconf 82' lang='lat' dir='ltr'>exosus,</span> <span class='ocrx_word' id='word_1_186' title='bbox 789 2717 865 2772; x_wconf 92' lang='lat' dir='ltr'>ad</span> <span class='ocrx_word' id='word_1_187' title='bbox 917 2717 1078 2772; x_wconf 85' lang='lat' dir='ltr'>illam</span> <span class='ocrx_word' id='word_1_188' title='bbox 1130 2723 1249 2772; x_wconf 88' lang='lat' dir='ltr'>tota</span> <span class='ocrx_word' id='word_1_189' title='bbox 1302 2734 1538 2795; x_wconf 82' lang='lat' dir='ltr'>semper</span> <span class='ocrx_word' id='word_1_190' title='bbox 1589 2719 1802 2773; x_wconf 91' lang='lat' dir='ltr'>mentis</span> 
     </span>
    </p>
   </div>
   <div class='ocr_carea' id='block_1_31' title="bbox 137 2800 1800 2879">
    <p class='ocr_par' dir='ltr' id='par_1_31' title="bbox 137 2800 1800 2879">
     <span class='ocr_line' id='line_1_31' title="bbox 137 2800 1800 2879; baseline 0.005 -26"><span class='ocrx_word' id='word_1_191' title='bbox 137 2800 465 2857; x_wconf 88' lang='lat' dir='ltr'>intentione</span> <span class='ocrx_word' id='word_1_192' title='bbox 493 2806 766 2875; x_wconf 87' lang='lat' dir='ltr'>suspiret,</span> <span class='ocrx_word' id='word_1_193' title='bbox 803 2805 846 2859; x_wconf 88' lang='lat' dir='ltr'>si</span> <span class='ocrx_word' id='word_1_194' title='bbox 880 2805 1128 2876; x_wconf 86' lang='lat' dir='ltr'>quando</span> <span class='ocrx_word' id='word_1_195' title='bbox 1180 2812 1476 2860; x_wconf 86' lang='lat' dir='ltr'>mereatur</span> <span class='ocrx_word' id='word_1_196' title='bbox 1521 2807 1594 2861; x_wconf 91' lang='lat' dir='ltr'>de</span> <span class='ocrx_word' id='word_1_197' title='bbox 1638 2824 1800 2879; x_wconf 89' lang='lat' dir='ltr'>pere-</span> 
     </span>
    </p>
   </div>
   <div class='ocr_carea' id='block_1_32' title="bbox 138 2889 1800 2966">
    <p class='ocr_par' dir='ltr' id='par_1_32' title="bbox 138 2889 1800 2966">
     <span class='ocr_line' id='line_1_32' title="bbox 138 2889 1800 2966; baseline 0.005 -24"><span class='ocrx_word' id='word_1_198' title='bbox 138 2889 473 2958; x_wconf 88' lang='lat' dir='ltr'>grinatione</span> <span class='ocrx_word' id='word_1_199' title='bbox 505 2893 581 2946; x_wconf 91' lang='lat' dir='ltr'>ad</span> <span class='ocrx_word' id='word_1_200' title='bbox 613 2894 892 2964; x_wconf 81' lang='lat' dir='ltr'>patriam,</span> <span class='ocrx_word' id='word_1_201' title='bbox 925 2895 998 2948; x_wconf 89' lang='lat' dir='ltr'>de</span> <span class='ocrx_word' id='word_1_202' title='bbox 1031 2895 1236 2949; x_wconf 76' lang='lat' dir='ltr'>exsilio</span> <span class='ocrx_word' id='word_1_203' title='bbox 1265 2896 1340 2949; x_wconf 90' lang='lat' dir='ltr'>ad</span> <span class='ocrx_word' id='word_1_204' title='bbox 1370 2896 1800 2966; x_wconf 90' lang='lat' dir='ltr'>postliminium</span> 
     </span>
    </p>
   </div>
   <div class='ocr_carea' id='block_1_33' title="bbox 135 2979 1799 3054">
    <p class='ocr_par' dir='ltr' id='par_1_33' title="bbox 135 2979 1799 3054">
     <span class='ocr_line' id='line_1_33' title="bbox 135 2979 1799 3054; baseline 0.005 -22"><span class='ocrx_word' id='word_1_205' title='bbox 135 2979 424 3034; x_wconf 88' lang='lat' dir='ltr'>revocari.</span> <span class='ocrx_word' id='word_1_206' title='bbox 462 2981 641 3049; x_wconf 82' lang='lat' dir='ltr'>Igitur</span> <span class='ocrx_word' id='word_1_207' title='bbox 670 2983 958 3054; x_wconf 89' lang='lat' dir='ltr'>quoniam</span> <span class='ocrx_word' id='word_1_208' title='bbox 993 2984 1216 3038; x_wconf 89' lang='lat' dir='ltr'>crebris</span> <span class='ocrx_word' id='word_1_209' title='bbox 1274 2985 1620 3040; x_wconf 91' lang='lat' dir='ltr'>nuntiorum</span> <span class='ocrx_word' id='word_1_210' title='bbox 1653 2986 1799 3040; x_wconf 89' lang='lat' dir='ltr'>indi-</span> 
     </span>
    </p>
   </div>
   <div class='ocr_carea' id='block_1_34' title="bbox 137 3066 1870 3162">
    <p class='ocr_par' dir='ltr' id='par_1_34' title="bbox 137 3066 1870 3162">
     <span class='ocr_line' id='line_1_34' title="bbox 137 3066 1870 3162; baseline 0.006 -43"><span class='ocrx_word' id='word_1_211' title='bbox 137 3066 262 3135; x_wconf 90' lang='lat' dir='ltr'>ciis,</span> <span class='ocrx_word' id='word_1_212' title='bbox 320 3067 662 3140; x_wconf 87' lang='lat' dir='ltr'>crebrisque</span> <span class='ocrx_word' id='word_1_213' title='bbox 704 3070 1030 3125; x_wconf 90' lang='lat' dir='ltr'>litterarum</span> <span class='ocrx_word' id='word_1_214' title='bbox 1072 3072 1539 3140; x_wconf 90' lang='lat' dir='ltr'>characteribus,</span> <span class='ocrx_word' id='word_1_215' title='bbox 1574 3074 1801 3130; x_wconf 89' lang='lat' dir='ltr'>clamor</span> <span class='ocrx_word' id='word_1_216' title='bbox 1830 3110 1870 3162; x_wconf 71' lang='grc' dir='ltr'><strong>Ο</strong></span> 
     </span>
    </p>
   </div>
   <div class='ocr_carea' id='block_1_35' title="bbox 136 3161 1800 3234">
    <p class='ocr_par' dir='ltr' id='par_1_35' title="bbox 136 3161 1800 3234">
     <span class='ocr_line' id='line_1_35' title="bbox 136 3161 1800 3234; baseline 0.005 -26"><span class='ocrx_word' id='word_1_217' title='bbox 136 3170 398 3225; x_wconf 87' lang='lat' dir='ltr'>magnus</span> <span class='ocrx_word' id='word_1_218' title='bbox 429 3162 817 3230; x_wconf 86' lang='lat' dir='ltr'>strepensque</span> <span class='ocrx_word' id='word_1_219' title='bbox 850 3177 1054 3215; x_wconf 89' lang='lat' dir='ltr'>rumor</span> <span class='ocrx_word' id='word_1_220' title='bbox 1083 3177 1150 3215; x_wconf 83' lang='lat' dir='ltr'>ex</span> <span class='ocrx_word' id='word_1_221' title='bbox 1201 3161 1573 3217; x_wconf 84' lang='lat' dir='ltr'>Trevirorum</span> <span class='ocrx_word' id='word_1_222' title='bbox 1624 3163 1800 3234; x_wconf 88' lang='lat' dir='ltr'>parti-</span> 
     </span>
    </p>
   </div>
   <div class='ocr_carea' id='block_1_36' title="bbox 133 3243 1801 3321">
    <p class='ocr_par' dir='ltr' id='par_1_36' title="bbox 133 3243 1801 3321">
     <span class='ocr_line' id='line_1_36' title="bbox 133 3243 1801 3321; baseline 0.005 -26"><span class='ocrx_word' id='word_1_223' title='bbox 133 3243 248 3296; x_wconf 89' lang='lat' dir='ltr'>bus</span> <span class='ocrx_word' id='word_1_224' title='bbox 282 3261 473 3316; x_wconf 90' lang='lat' dir='ltr'>usque</span> <span class='ocrx_word' id='word_1_225' title='bbox 506 3249 755 3302; x_wconf 84' lang='lat' dir='ltr'>Romam</span> <span class='ocrx_word' id='word_1_226' title='bbox 786 3249 862 3303; x_wconf 90' lang='lat' dir='ltr'>ad</span> <span class='ocrx_word' id='word_1_227' title='bbox 892 3266 1024 3315; x_wconf 89' lang='lat' dir='ltr'>nos,</span> <span class='ocrx_word' id='word_1_228' title='bbox 1055 3251 1304 3321; x_wconf 89' lang='lat' dir='ltr'>jamque</span> <span class='ocrx_word' id='word_1_229' title='bbox 1334 3252 1511 3306; x_wconf 90' lang='lat' dir='ltr'>etiam</span> <span class='ocrx_word' id='word_1_230' title='bbox 1557 3251 1801 3305; x_wconf 91' lang='lat' dir='ltr'>ulterius</span> 
     </span>
    </p>
   </div>
   <div class='ocr_carea' id='block_1_37' title="bbox 136 3333 1802 3408">
    <p class='ocr_par' dir='ltr' id='par_1_37' title="bbox 136 3333 1802 3408">
     <span class='ocr_line' id='line_1_37' title="bbox 136 3333 1802 3408; baseline 0.005 -23"><span class='ocrx_word' id='word_1_231' title='bbox 136 3333 489 3401; x_wconf 86' lang='lat' dir='ltr'>pervolavit,</span> <span class='ocrx_word' id='word_1_232' title='bbox 523 3351 650 3390; x_wconf 85' lang='lat' dir='ltr'>esse</span> <span class='ocrx_word' id='word_1_233' title='bbox 685 3337 829 3391; x_wconf 90' lang='lat' dir='ltr'>inibi</span> <span class='ocrx_word' id='word_1_234' title='bbox 858 3339 959 3392; x_wconf 92' lang='lat' dir='ltr'>viri</span> <span class='ocrx_word' id='word_1_235' title='bbox 995 3340 1313 3408; x_wconf 87' lang='lat' dir='ltr'>cujusdam</span> <span class='ocrx_word' id='word_1_236' title='bbox 1365 3341 1655 3394; x_wconf 89' lang='lat' dir='ltr'>Simeonis</span> <span class='ocrx_word' id='word_1_237' title='bbox 1700 3340 1802 3394; x_wconf 90' lang='lat' dir='ltr'>ad-</span> 
     </span>
    </p>
   </div>
   <div class='ocr_carea' id='block_1_38' title="bbox 136 3421 1802 3498">
    <p class='ocr_par' dir='ltr' id='par_1_38' title="bbox 136 3421 1802 3498">
     <span class='ocr_line' id='line_1_38' title="bbox 136 3421 1802 3498; baseline 0.004 -22"><span class='ocrx_word' id='word_1_238' title='bbox 136 3421 410 3477; x_wconf 87' lang='lat' dir='ltr'>mirabile</span> <span class='ocrx_word' id='word_1_239' title='bbox 441 3439 683 3497; x_wconf 90' lang='lat' dir='ltr'>corpus,</span> <span class='ocrx_word' id='word_1_240' title='bbox 721 3427 906 3490; x_wconf 90' lang='lat' dir='ltr'>signis</span> <span class='ocrx_word' id='word_1_241' title='bbox 932 3433 986 3481; x_wconf 89' lang='lat' dir='ltr'>et</span> <span class='ocrx_word' id='word_1_242' title='bbox 1019 3428 1324 3498; x_wconf 88' lang='lat' dir='ltr'>prodigiis,</span> <span class='ocrx_word' id='word_1_243' title='bbox 1383 3429 1697 3484; x_wconf 87' lang='lat' dir='ltr'>virtutibus</span> <span class='ocrx_word' id='word_1_244' title='bbox 1747 3435 1802 3482; x_wconf 89' lang='lat' dir='ltr'>et</span> 
     </span>
    </p>
   </div>
   <div class='ocr_carea' id='block_1_39' title="bbox 135 3510 1802 3582">
    <p class='ocr_par' dir='ltr' id='par_1_39' title="bbox 135 3510 1802 3582">
     <span class='ocr_line' id='line_1_39' title="bbox 135 3510 1802 3582; baseline 0.005 -18"><span class='ocrx_word' id='word_1_245' title='bbox 135 3510 438 3565; x_wconf 87' lang='lat' dir='ltr'>miraculis</span> <span class='ocrx_word' id='word_1_246' title='bbox 469 3513 731 3576; x_wconf 90' lang='lat' dir='ltr'>radians,</span> <span class='ocrx_word' id='word_1_247' title='bbox 758 3521 820 3569; x_wconf 91' lang='lat' dir='ltr'>ut</span> <span class='ocrx_word' id='word_1_248' title='bbox 851 3516 937 3570; x_wconf 91' lang='lat' dir='ltr'>sol</span> <span class='ocrx_word' id='word_1_249' title='bbox 970 3518 1214 3571; x_wconf 86' lang='lat' dir='ltr'>meridie</span> <span class='ocrx_word' id='word_1_250' title='bbox 1245 3534 1456 3572; x_wconf 90' lang='lat' dir='ltr'>sereno</span> <span class='ocrx_word' id='word_1_251' title='bbox 1492 3534 1626 3571; x_wconf 91' lang='lat' dir='ltr'>aere</span> <span class='ocrx_word' id='word_1_252' title='bbox 1657 3537 1668 3582; x_wconf 90' lang='lat'><strong>;</strong></span> <span class='ocrx_word' id='word_1_253' title='bbox 1695 3524 1802 3572; x_wconf 91' lang='lat' dir='ltr'>ter-</span> 
     </span>
    </p>
   </div>
   <div class='ocr_carea' id='block_1_40' title="bbox 137 3600 1799 3664">
    <p class='ocr_par' dir='ltr' id='par_1_40' title="bbox 137 3600 1799 3664">
     <span class='ocr_line' id='line_1_40' title="bbox 137 3600 1799 3664; baseline 0.005 -13"><span class='ocrx_word' id='word_1_254' title='bbox 137 3614 268 3652; x_wconf 88' lang='lat' dir='ltr'>ram</span> <span class='ocrx_word' id='word_1_255' title='bbox 301 3600 556 3655; x_wconf 86' lang='lat' dir='ltr'>strictius</span> <span class='ocrx_word' id='word_1_256' title='bbox 587 3603 857 3664; x_wconf 82' lang='lat' dir='ltr'>osculati,</span> <span class='ocrx_word' id='word_1_257' title='bbox 898 3605 1213 3659; x_wconf 90' lang='lat' dir='ltr'>Dominum</span> <span class='ocrx_word' id='word_1_258' title='bbox 1240 3606 1654 3660; x_wconf 78' lang='lat' dir='ltr'>benediximus</span> <span class='ocrx_word' id='word_1_259' title='bbox 1683 3612 1799 3660; x_wconf 91' lang='lat' dir='ltr'>toto</span> 
     </span>
    </p>
   </div>
   <div class='ocr_carea' id='block_1_41' title="bbox 137 3688 1798 3765">
    <p class='ocr_par' dir='ltr' id='par_1_41' title="bbox 137 3688 1798 3765">
     <span class='ocr_line' id='line_1_41' title="bbox 137 3688 1798 3765; baseline 0.005 -25"><span class='ocrx_word' id='word_1_260' title='bbox 137 3688 339 3756; x_wconf 88' lang='lat' dir='ltr'>corde,</span> <span class='ocrx_word' id='word_1_261' title='bbox 373 3694 493 3744; x_wconf 88' lang='lat' dir='ltr'>tota</span> <span class='ocrx_word' id='word_1_262' title='bbox 521 3697 738 3757; x_wconf 89' lang='lat' dir='ltr'>mente,</span> <span class='ocrx_word' id='word_1_263' title='bbox 775 3693 908 3747; x_wconf 89' lang='lat' dir='ltr'>totis</span> <span class='ocrx_word' id='word_1_264' title='bbox 965 3694 1210 3761; x_wconf 89' lang='lat' dir='ltr'>viribus,</span> <span class='ocrx_word' id='word_1_265' title='bbox 1257 3695 1360 3765; x_wconf 88' lang='lat' dir='ltr'>qui</span> <span class='ocrx_word' id='word_1_266' title='bbox 1401 3695 1615 3748; x_wconf 88' lang='lat' dir='ltr'>nostris</span> <span class='ocrx_word' id='word_1_267' title='bbox 1659 3699 1798 3749; x_wconf 91' lang='lat' dir='ltr'>tem-</span> 
     </span>
    </p>
   </div>
   <div class='ocr_carea' id='block_1_42' title="bbox 135 3777 1798 3855">
    <p class='ocr_par' dir='ltr' id='par_1_42' title="bbox 135 3777 1798 3855">
     <span class='ocr_line' id='line_1_42' title="bbox 135 3777 1798 3855; baseline 0.004 -25"><span class='ocrx_word' id='word_1_268' title='bbox 135 3777 387 3847; x_wconf 85' lang='lat' dir='ltr'>poribus</span> <span class='ocrx_word' id='word_1_269' title='bbox 435 3779 772 3849; x_wconf 85' lang='lat' dir='ltr'>diguanter,</span> <span class='ocrx_word' id='word_1_270' title='bbox 836 3782 988 3837; x_wconf 89' lang='lat' dir='ltr'>intra</span> <span class='ocrx_word' id='word_1_271' title='bbox 1042 3790 1309 3837; x_wconf 89' lang='lat' dir='ltr'>sanctam</span> <span class='ocrx_word' id='word_1_272' title='bbox 1362 3801 1537 3837; x_wconf 89' lang='lat' dir='ltr'>suum</span> <span class='ocrx_word' id='word_1_273' title='bbox 1581 3801 1798 3855; x_wconf 89' lang='lat' dir='ltr'>corpus</span> 
     </span>
    </p>
   </div>
   <div class='ocr_carea' id='block_1_43' title="bbox 133 3865 1798 3942">
    <p class='ocr_par' dir='ltr' id='par_1_43' title="bbox 133 3865 1798 3942">
     <span class='ocr_line' id='line_1_43' title="bbox 133 3865 1798 3942; baseline 0.004 -22"><span class='ocrx_word' id='word_1_274' title='bbox 133 3865 483 3935; x_wconf 86' lang='lat' dir='ltr'>Ecclesiam,</span> <span class='ocrx_word' id='word_1_275' title='bbox 519 3869 628 3923; x_wconf 88' lang='lat' dir='ltr'>hoc</span> <span class='ocrx_word' id='word_1_276' title='bbox 662 3871 1032 3942; x_wconf 63' lang='lat' dir='ltr'>praecipuum</span> <span class='ocrx_word' id='word_1_277' title='bbox 1066 3873 1407 3928; x_wconf 87' lang='lat' dir='ltr'>membrum</span> <span class='ocrx_word' id='word_1_278' title='bbox 1457 3873 1662 3927; x_wconf 88' lang='lat' dir='ltr'>divino</span> <span class='ocrx_word' id='word_1_279' title='bbox 1713 3873 1798 3927; x_wconf 87' lang='lat' dir='ltr'>lu-</span> 
     </span>
    </p>
   </div>
   <div class='ocr_carea' id='block_1_44' title="bbox 130 3957 1798 4032">
    <p class='ocr_par' dir='ltr' id='par_1_44' title="bbox 130 3957 1798 4032">
     <span class='ocr_line' id='line_1_44' title="bbox 130 3957 1798 4032; baseline 0.004 -22"><span class='ocrx_word' id='word_1_280' title='bbox 130 3957 295 4010; x_wconf 89' lang='lat' dir='ltr'>mine</span> <span class='ocrx_word' id='word_1_281' title='bbox 324 3958 614 4026; x_wconf 81' lang='lat' dir='ltr'>accendit,</span> <span class='ocrx_word' id='word_1_282' title='bbox 649 3964 711 4013; x_wconf 92' lang='lat' dir='ltr'>ut</span> <span class='ocrx_word' id='word_1_283' title='bbox 741 3960 813 4014; x_wconf 87' lang='lat' dir='ltr'>sit</span> <span class='ocrx_word' id='word_1_284' title='bbox 839 3959 1081 4014; x_wconf 90' lang='lat' dir='ltr'>lucerna</span> <span class='ocrx_word' id='word_1_285' title='bbox 1115 3961 1356 4024; x_wconf 89' lang='lat' dir='ltr'>ardens,</span> <span class='ocrx_word' id='word_1_286' title='bbox 1389 3962 1580 4032; x_wconf 88' lang='lat' dir='ltr'>posita</span> <span class='ocrx_word' id='word_1_287' title='bbox 1621 3978 1798 4032; x_wconf 87' lang='lat' dir='ltr'>super</span> 
     </span>
    </p>
   </div>
   <div class='ocr_carea' id='block_1_45' title="bbox 129 4044 1796 4122">
    <p class='ocr_par' dir='ltr' id='par_1_45' title="bbox 129 4044 1796 4122">
     <span class='ocr_line' id='line_1_45' title="bbox 129 4044 1796 4122; baseline 0.004 -23"><span class='ocrx_word' id='word_1_288' title='bbox 129 4044 588 4110; x_wconf 88' lang='lat' dir='ltr'>candelabrum,</span> <span class='ocrx_word' id='word_1_289' title='bbox 643 4065 778 4119; x_wconf 68' lang='lat' dir='ltr'>quaa</span> <span class='ocrx_word' id='word_1_290' title='bbox 833 4049 1026 4104; x_wconf 88' lang='lat' dir='ltr'>luceat</span> <span class='ocrx_word' id='word_1_291' title='bbox 1083 4051 1368 4105; x_wconf 88' lang='lat' dir='ltr'>omnibus</span> <span class='ocrx_word' id='word_1_292' title='bbox 1420 4051 1522 4122; x_wconf 89' lang='lat' dir='ltr'>qui</span> <span class='ocrx_word' id='word_1_293' title='bbox 1555 4057 1692 4106; x_wconf 89' lang='lat' dir='ltr'>sunt</span> <span class='ocrx_word' id='word_1_294' title='bbox 1738 4051 1796 4106; x_wconf 92' lang='lat' dir='ltr'>in</span> 
     </span>
    </p>
   </div>
   <div class='ocr_carea' id='block_1_46' title="bbox 126 4135 1798 4212">
    <p class='ocr_par' dir='ltr' id='par_1_46' title="bbox 126 4135 1798 4212">
     <span class='ocr_line' id='line_1_46' title="bbox 126 4135 1798 4212; baseline 0.005 -25"><span class='ocrx_word' id='word_1_295' title='bbox 126 4135 316 4188; x_wconf 91' lang='lat' dir='ltr'>domo</span> <span class='ocrx_word' id='word_1_296' title='bbox 349 4136 579 4190; x_wconf 85' lang='lat' dir='ltr'>Domini</span> <span class='ocrx_word' id='word_1_297' title='bbox 614 4142 712 4199; x_wconf 81' lang='lat'>(3).</span> <span class='ocrx_word' id='word_1_298' title='bbox 767 4142 966 4209; x_wconf 88' lang='lat' dir='ltr'>Itaque</span> <span class='ocrx_word' id='word_1_299' title='bbox 999 4140 1269 4193; x_wconf 91' lang='lat' dir='ltr'>convenli</span> <span class='ocrx_word' id='word_1_300' title='bbox 1305 4147 1481 4211; x_wconf 89' lang='lat' dir='ltr'>atque</span> <span class='ocrx_word' id='word_1_301' title='bbox 1516 4141 1734 4212; x_wconf 87' lang='lat' dir='ltr'>pulsati</span> <span class='ocrx_word' id='word_1_302' title='bbox 1763 4157 1798 4196; x_wconf 88' lang='lat' dir='ltr'>a</span> 
     </span>
    </p>
   </div>
   <div class='ocr_carea' id='block_1_47' title="bbox 125 4223 1796 4300">
    <p class='ocr_par' dir='ltr' id='par_1_47' title="bbox 125 4223 1796 4300">
     <span class='ocr_line' id='line_1_47' title="bbox 125 4223 1796 4300; baseline 0.004 -22"><span class='ocrx_word' id='word_1_303' title='bbox 125 4223 483 4279; x_wconf 90' lang='lat' dir='ltr'>charissimo</span> <span class='ocrx_word' id='word_1_304' title='bbox 512 4227 686 4281; x_wconf 86' lang='lat' dir='ltr'>fratre</span> <span class='ocrx_word' id='word_1_305' title='bbox 715 4234 916 4282; x_wconf 91' lang='lat' dir='ltr'>nostro</span> <span class='ocrx_word' id='word_1_306' title='bbox 953 4232 1010 4283; x_wconf 93' lang='lat' dir='ltr'>D.</span> <span class='ocrx_word' id='word_1_307' title='bbox 1048 4230 1334 4300; x_wconf 79' lang='lat' dir='ltr'>Poppone</span> <span class='ocrx_word' id='word_1_308' title='bbox 1358 4231 1628 4299; x_wconf 87' lang='lat' dir='ltr'>ejusdem</span> <span class='ocrx_word' id='word_1_309' title='bbox 1655 4230 1796 4284; x_wconf 88' lang='lat' dir='ltr'>Tre-</span> 
     </span>
    </p>
   </div>
   <div class='ocr_carea' id='block_1_48' title="bbox 126 4314 1798 4390">
    <p class='ocr_par' dir='ltr' id='par_1_48' title="bbox 126 4314 1798 4390">
     <span class='ocr_line' id='line_1_48' title="bbox 126 4314 1798 4390; baseline 0.005 -23"><span class='ocrx_word' id='word_1_310' title='bbox 126 4314 268 4368; x_wconf 87' lang='lat' dir='ltr'>viris</span> <span class='ocrx_word' id='word_1_311' title='bbox 302 4315 775 4388; x_wconf 87' lang='lat' dir='ltr'>archiepiscopo,</span> <span class='ocrx_word' id='word_1_312' title='bbox 813 4324 893 4380; x_wconf 89' lang='lat' dir='ltr'>ut,</span> <span class='ocrx_word' id='word_1_313' title='bbox 923 4319 1086 4390; x_wconf 91' lang='lat' dir='ltr'>quod</span> <span class='ocrx_word' id='word_1_314' title='bbox 1119 4319 1292 4373; x_wconf 91' lang='lat' dir='ltr'>nobis</span> <span class='ocrx_word' id='word_1_315' title='bbox 1347 4321 1542 4375; x_wconf 88' lang='lat' dir='ltr'>visum</span> <span class='ocrx_word' id='word_1_316' title='bbox 1595 4322 1798 4376; x_wconf 85' lang='lat' dir='ltr'>fuisset</span> 
     </span>
    </p>
   </div>
   <div class='ocr_carea' id='block_1_49' title="bbox 125 4402 1796 4474">
    <p class='ocr_par' dir='ltr' id='par_1_49' title="bbox 125 4402 1796 4474">
     <span class='ocr_line' id='line_1_49' title="bbox 125 4402 1796 4474; baseline 0.005 -18"><span class='ocrx_word' id='word_1_317' title='bbox 125 4403 201 4457; x_wconf 92' lang='lat' dir='ltr'>de</span> <span class='ocrx_word' id='word_1_318' title='bbox 236 4402 634 4459; x_wconf 88' lang='lat' dir='ltr'>celebratione</span> <span class='ocrx_word' id='word_1_319' title='bbox 666 4405 938 4472; x_wconf 83' lang='lat' dir='ltr'>eiusdem</span> <span class='ocrx_word' id='word_1_320' title='bbox 983 4408 1336 4463; x_wconf 91' lang='lat' dir='ltr'>sanctissimi</span> <span class='ocrx_word' id='word_1_321' title='bbox 1394 4409 1522 4474; x_wconf 85' lang='lat' dir='ltr'>viri,</span> <span class='ocrx_word' id='word_1_322' title='bbox 1569 4409 1796 4465; x_wconf 88' lang='lat' dir='ltr'>salubri</span> 
     </span>
    </p>
   </div>
   <div class='ocr_carea' id='block_1_50' title="bbox 125 4492 1798 4567">
    <p class='ocr_par' dir='ltr' id='par_1_50' title="bbox 125 4492 1798 4567">
     <span class='ocr_line' id='line_1_50' title="bbox 125 4492 1798 4567; baseline 0.005 -21"><span class='ocrx_word' id='word_1_323' title='bbox 125 4492 475 4548; x_wconf 83' lang='lat' dir='ltr'>definitione</span> <span class='ocrx_word' id='word_1_324' title='bbox 506 4501 723 4550; x_wconf 65' lang='lat' dir='ltr'>nostr-ce</span> <span class='ocrx_word' id='word_1_325' title='bbox 773 4497 1115 4567; x_wconf 68' lang='lat' dir='ltr'>apostolicae</span> <span class='ocrx_word' id='word_1_326' title='bbox 1165 4498 1534 4553; x_wconf 85' lang='lat' dir='ltr'>auctoritatis</span> <span class='ocrx_word' id='word_1_327' title='bbox 1585 4505 1798 4554; x_wconf 89' lang='lat' dir='ltr'>statue-</span> 
     </span>
    </p>
   </div>
   <div class='ocr_carea' id='block_1_51' title="bbox 125 4584 1797 4659">
    <p class='ocr_par' dir='ltr' id='par_1_51' title="bbox 125 4584 1797 4659">
     <span class='ocr_line' id='line_1_51' title="bbox 125 4584 1797 4659; baseline 0.004 -23"><span class='ocrx_word' id='word_1_328' title='bbox 125 4597 334 4637; x_wconf 87' lang='lat' dir='ltr'>remus</span> <span class='ocrx_word' id='word_1_329' title='bbox 365 4586 543 4654; x_wconf 88' lang='lat' dir='ltr'>atque</span> <span class='ocrx_word' id='word_1_330' title='bbox 573 4584 1032 4640; x_wconf 89' lang='lat' dir='ltr'>decerneremus</span> <span class='ocrx_word' id='word_1_331' title='bbox 1058 4605 1069 4652; x_wconf 93' lang='lat'><strong>;</strong></span> <span class='ocrx_word' id='word_1_332' title='bbox 1096 4586 1401 4653; x_wconf 89' lang='lat' dir='ltr'>omnibus,</span> <span class='ocrx_word' id='word_1_333' title='bbox 1434 4604 1590 4659; x_wconf 89' lang='lat' dir='ltr'>quos</span> <span class='ocrx_word' id='word_1_334' title='bbox 1621 4589 1679 4643; x_wconf 91' lang='lat' dir='ltr'>in</span> <span class='ocrx_word' id='word_1_335' title='bbox 1709 4605 1797 4643; x_wconf 90' lang='lat' dir='ltr'>sa-</span> 
     </span>
    </p>
   </div>
   <div class='ocr_carea' id='block_1_52' title="bbox 207 4759 1796 4832">
    <p class='ocr_par' dir='ltr' id='par_1_52' title="bbox 207 4759 1796 4832">
     <span class='ocr_line' id='line_1_52' title="bbox 207 4759 1796 4832; baseline 0.004 -20"><span class='ocrx_word' id='word_1_336' title='bbox 207 4759 282 4827; x_wconf 86' lang='lat'>(3)</span> <span class='ocrx_word' id='word_1_337' title='bbox 325 4760 535 4830; x_wconf 86' lang='lat' dir='ltr'>Itaque</span> <span class='ocrx_word' id='word_1_338' title='bbox 565 4763 844 4815; x_wconf 65' lang='lat' dir='ltr'>coniventi</span> <span class='ocrx_word' id='word_1_339' title='bbox 865 4768 1042 4832; x_wconf 82' lang='lat' dir='ltr'>atque</span> <span class='ocrx_word' id='word_1_340' title='bbox 1066 4763 1300 4830; x_wconf 79' lang='lat' dir='ltr'>pulsati</span> <span class='ocrx_word' id='word_1_341' title='bbox 1351 4779 1386 4817; x_wconf 90' lang='lat' dir='ltr'>a</span> <span class='ocrx_word' id='word_1_342' title='bbox 1447 4765 1796 4820; x_wconf 78' lang='lat' dir='ltr'>charissima</span> 
     </span>
    </p>
   </div>
   <div class='ocr_carea' id='block_1_53' title="bbox 126 4832 1797 4901">
    <p class='ocr_par' dir='ltr' id='par_1_53' title="bbox 126 4832 1797 4901">
     <span class='ocr_line' id='line_1_53' title="bbox 126 4832 1797 4901; baseline 0.005 -18"><span class='ocrx_word' id='word_1_343' title='bbox 126 4832 333 4900; x_wconf 80' lang='lat' dir='ltr'>fratre</span> <span class='ocrx_word' id='word_1_344' title='bbox 354 4837 555 4885; x_wconf 86' lang='lat' dir='ltr'>nostro</span> <span class='ocrx_word' id='word_1_345' title='bbox 588 4834 656 4884; x_wconf 89' lang='lat'>1).</span> <span class='ocrx_word' id='word_1_346' title='bbox 696 4834 996 4901; x_wconf 83' lang='lat' dir='ltr'>Poppone.</span> <span class='ocrx_word' id='word_1_347' title='bbox 1033 4833 1218 4888; x_wconf 80' lang='lat' dir='ltr'>Multis</span> <span class='ocrx_word' id='word_1_348' title='bbox 1252 4834 1482 4888; x_wconf 61' lang='lat' dir='ltr'>saeculis</span> <span class='ocrx_word' id='word_1_349' title='bbox 1526 4835 1654 4890; x_wconf 89' lang='lat' dir='ltr'>sola</span> <span class='ocrx_word' id='word_1_350' title='bbox 1697 4854 1797 4890; x_wconf 87' lang='lat' dir='ltr'>au-</span> 
     </span>
    </p>
   </div>
   <div class='ocr_carea' id='block_1_54' title="bbox 129 4901 1798 4974">
    <p class='ocr_par' dir='ltr' id='par_1_54' title="bbox 129 4901 1798 4974">
     <span class='ocr_line' id='line_1_54' title="bbox 129 4901 1798 4974; baseline 0.002 -18"><span class='ocrx_word' id='word_1_351' title='bbox 129 4901 400 4956; x_wconf 88' lang='lat' dir='ltr'>ctoritate</span> <span class='ocrx_word' id='word_1_352' title='bbox 433 4901 759 4974; x_wconf 85' lang='lat' dir='ltr'>episcopali</span> <span class='ocrx_word' id='word_1_353' title='bbox 786 4905 1176 4972; x_wconf 86' lang='lat' dir='ltr'>canonizatio,</span> <span class='ocrx_word' id='word_1_354' title='bbox 1203 4905 1322 4959; x_wconf 91' lang='lat' dir='ltr'>sive</span> <span class='ocrx_word' id='word_1_355' title='bbox 1350 4907 1554 4960; x_wconf 88' lang='lat' dir='ltr'>relatio</span> <span class='ocrx_word' id='word_1_356' title='bbox 1587 4907 1641 4961; x_wconf 92' lang='lat' dir='ltr'>in</span> <span class='ocrx_word' id='word_1_357' title='bbox 1667 4924 1798 4960; x_wconf 88' lang='lat' dir='ltr'>san-</span> 
     </span>
    </p>
   </div>
   <div class='ocr_carea' id='block_1_55' title="bbox 129 4974 1795 5047">
    <p class='ocr_par' dir='ltr' id='par_1_55' title="bbox 129 4974 1795 5047">
     <span class='ocr_line' id='line_1_55' title="bbox 129 4974 1795 5047; baseline 0.004 -21"><span class='ocrx_word' id='word_1_358' title='bbox 129 4979 367 5047; x_wconf 87' lang='lat' dir='ltr'>ctorum</span> <span class='ocrx_word' id='word_1_359' title='bbox 394 4975 765 5047; x_wconf 23' lang='lat' dir='ltr'>Acatalogum</span> <span class='ocrx_word' id='word_1_360' title='bbox 823 4974 1020 5030; x_wconf 88' lang='lat' dir='ltr'>fiebat.</span> <span class='ocrx_word' id='word_1_361' title='bbox 1077 4979 1131 5031; x_wconf 92' lang='lat' dir='ltr'>S.</span> <span class='ocrx_word' id='word_1_362' title='bbox 1171 4977 1422 5031; x_wconf 88' lang='lat' dir='ltr'>[ldalrici</span> <span class='ocrx_word' id='word_1_363' title='bbox 1464 4979 1795 5047; x_wconf 81' lang='lat' dir='ltr'>Augustani</span> 
     </span>
    </p>
   </div>
   <div class='ocr_carea' id='block_1_56' title="bbox 128 5043 1795 5118">
    <p class='ocr_par' dir='ltr' id='par_1_56' title="bbox 128 5043 1795 5118">
     <span class='ocr_line' id='line_1_56' title="bbox 128 5043 1795 5118; baseline 0.005 -23"><span class='ocrx_word' id='word_1_364' title='bbox 128 5043 403 5118; x_wconf 77' lang='lat' dir='ltr'>episcopi</span> <span class='ocrx_word' id='word_1_365' title='bbox 437 5046 808 5099; x_wconf 88' lang='lat' dir='ltr'>canonizatio</span> <span class='ocrx_word' id='word_1_366' title='bbox 837 5047 1028 5116; x_wconf 85' lang='lat' dir='ltr'>(cujus</span> <span class='ocrx_word' id='word_1_367' title='bbox 1058 5047 1327 5118; x_wconf 88' lang='lat' dir='ltr'>diploma</span> <span class='ocrx_word' id='word_1_368' title='bbox 1359 5043 1633 5102; x_wconf 27' lang='lat' dir='ltr'>exstat‘in</span> <span class='ocrx_word' id='word_1_369' title='bbox 1667 5050 1795 5103; x_wconf 82' lang='lat' dir='ltr'>Bul-</span> 
     </span>
    </p>
   </div>
   <div class='ocr_carea' id='block_1_57' title="bbox 128 5115 1799 5190">
    <p class='ocr_par' dir='ltr' id='par_1_57' title="bbox 128 5115 1799 5190">
     <span class='ocr_line' id='line_1_57' title="bbox 128 5115 1799 5190; baseline 0.003 -21"><span class='ocrx_word' id='word_1_370' title='bbox 128 5115 239 5190; x_wconf 81' lang='lat' dir='ltr'>lar.</span> <span class='ocrx_word' id='word_1_371' title='bbox 279 5117 424 5190; x_wconf 71' lang='lat' dir='ltr'>Mag.</span> <span class='ocrx_word' id='word_1_372' title='bbox 463 5119 634 5190; x_wconf 73' lang='lat' dir='ltr'>Rom.</span> <span class='ocrx_word' id='word_1_373' title='bbox 664 5121 806 5172; x_wconf 89' lang='lat' dir='ltr'>tom.</span> <span class='ocrx_word' id='word_1_374' title='bbox 845 5115 972 5190; x_wconf 56' lang='lat' dir='ltr'>np.</span> <span class='ocrx_word' id='word_1_375' title='bbox 1000 5124 1087 5190; x_wconf 75' lang='lat'>&#39;22,</span> <span class='ocrx_word' id='word_1_376' title='bbox 1123 5115 1259 5172; x_wconf 81' lang='lat' dir='ltr'>edit.</span> <span class='ocrx_word' id='word_1_377' title='bbox 1311 5119 1621 5188; x_wconf 77' lang='lat' dir='ltr'>Luxeinb.)</span> <span class='ocrx_word' id='word_1_378' title='bbox 1675 5137 1799 5174; x_wconf 90' lang='lat' dir='ltr'>om-</span> 
     </span>
    </p>
   </div>
   <div class='ocr_carea' id='block_1_58' title="bbox 128 5186 1796 5260">
    <p class='ocr_par' dir='ltr' id='par_1_58' title="bbox 128 5186 1796 5260">
     <span class='ocr_line' id='line_1_58' title="bbox 128 5186 1796 5260; baseline 0.003 -19"><span class='ocrx_word' id='word_1_379' title='bbox 128 5186 303 5241; x_wconf 90' lang='lat' dir='ltr'>nium</span> <span class='ocrx_word' id='word_1_380' title='bbox 336 5187 531 5256; x_wconf 90' lang='lat' dir='ltr'>prima</span> <span class='ocrx_word' id='word_1_381' title='bbox 561 5188 740 5260; x_wconf 79' lang='lat' dir='ltr'>fuisse</span> <span class='ocrx_word' id='word_1_382' title='bbox 769 5186 1028 5243; x_wconf 84' lang='lat' dir='ltr'>creditur</span> <span class='ocrx_word' id='word_1_383' title='bbox 1055 5189 1205 5244; x_wconf 87' lang='lat' dir='ltr'>inter</span> <span class='ocrx_word' id='word_1_384' title='bbox 1253 5206 1352 5244; x_wconf 91' lang='lat' dir='ltr'>eas</span> <span class='ocrx_word' id='word_1_385' title='bbox 1398 5207 1532 5260; x_wconf 75' lang='lat' dir='ltr'>quze</span> <span class='ocrx_word' id='word_1_386' title='bbox 1585 5186 1619 5245; x_wconf 90' lang='lat' dir='ltr'>a</span> <span class='ocrx_word' id='word_1_387' title='bbox 1660 5193 1796 5246; x_wconf 90' lang='lat' dir='ltr'>sede</span> 
     </span>
    </p>
   </div>
   <div class='ocr_carea' id='block_1_59' title="bbox 129 5257 1796 5329">
    <p class='ocr_par' dir='ltr' id='par_1_59' title="bbox 129 5257 1796 5329">
     <span class='ocr_line' id='line_1_59' title="bbox 129 5257 1796 5329; baseline 0.002 -17"><span class='ocrx_word' id='word_1_388' title='bbox 129 5261 407 5312; x_wconf 83' lang='lat' dir='ltr'>Romana</span> <span class='ocrx_word' id='word_1_389' title='bbox 437 5257 739 5329; x_wconf 87' lang='lat' dir='ltr'>postulata</span> <span class='ocrx_word' id='word_1_390' title='bbox 770 5265 884 5314; x_wconf 88' lang='lat' dir='ltr'>eta</span> <span class='ocrx_word' id='word_1_391' title='bbox 923 5263 1149 5314; x_wconf 84' lang='lat' dir='ltr'>Joanne</span> <span class='ocrx_word' id='word_1_392' title='bbox 1204 5263 1288 5314; x_wconf 73' lang='lat' dir='ltr'>XV</span> <span class='ocrx_word' id='word_1_393' title='bbox 1334 5257 1436 5315; x_wconf 58' lang='lat' dir='ltr'>PP:</span> <span class='ocrx_word' id='word_1_394' title='bbox 1489 5278 1647 5316; x_wconf 91' lang='lat' dir='ltr'>anno</span> <span class='ocrx_word' id='word_1_395' title='bbox 1695 5270 1796 5318; x_wconf 72' lang='lat'>993</span> 
     </span>
    </p>
   </div>
   <div class='ocr_carea' id='block_1_60' title="bbox 128 5329 1800 5388">
    <p class='ocr_par' dir='ltr' id='par_1_60' title="bbox 128 5329 1800 5388">
     <span class='ocr_line' id='line_1_60' title="bbox 128 5329 1800 5388; baseline 0.004 -6"><span class='ocrx_word' id='word_1_396' title='bbox 128 5329 480 5382; x_wconf 88' lang='lat' dir='ltr'>solemniter</span> <span class='ocrx_word' id='word_1_397' title='bbox 529 5330 769 5385; x_wconf 90' lang='lat' dir='ltr'>decreta</span> <span class='ocrx_word' id='word_1_398' title='bbox 823 5331 946 5386; x_wconf 87' lang='lat' dir='ltr'>fuit.</span> <span class='ocrx_word' id='word_1_399' title='bbox 1009 5332 1131 5386; x_wconf 84' lang='lat' dir='ltr'>Vid.</span> <span class='ocrx_word' id='word_1_400' title='bbox 1199 5331 1494 5386; x_wconf 87' lang='lat' dir='ltr'>Mabillon.</span> <span class='ocrx_word' id='word_1_401' title='bbox 1547 5339 1689 5388; x_wconf 89' lang='lat' dir='ltr'>tom.</span> <span class='ocrx_word' id='word_1_402' title='bbox 1735 5336 1800 5388; x_wconf 85' lang='lat' dir='ltr'>IV</span> 
     </span>
    </p>
   </div>
   <div class='ocr_carea' id='block_1_61' title="bbox 131 5399 1800 5474">
    <p class='ocr_par' dir='ltr' id='par_1_61' title="bbox 131 5399 1800 5474">
     <span class='ocr_line' id='line_1_61' title="bbox 131 5399 1800 5474; baseline 0.005 -22"><span class='ocrx_word' id='word_1_403' title='bbox 131 5399 353 5454; x_wconf 79' lang='lat' dir='ltr'>Annal.</span> <span class='ocrx_word' id='word_1_404' title='bbox 388 5401 682 5474; x_wconf 83' lang='lat' dir='ltr'>Benedict.</span> <span class='ocrx_word' id='word_1_405' title='bbox 712 5401 814 5456; x_wconf 89' lang='lat' dir='ltr'>lib.</span> <span class='ocrx_word' id='word_1_406' title='bbox 850 5419 884 5467; x_wconf 81' lang='grc' dir='ltr'>ι,</span> <span class='ocrx_word' id='word_1_407' title='bbox 919 5418 978 5456; x_wconf 91' lang='lat' dir='ltr'>n.</span> <span class='ocrx_word' id='word_1_408' title='bbox 1010 5408 1096 5467; x_wconf 80' lang='lat'>77,</span> <span class='ocrx_word' id='word_1_409' title='bbox 1128 5419 1185 5474; x_wconf 93' lang='lat' dir='ltr'>p.</span> <span class='ocrx_word' id='word_1_410' title='bbox 1221 5406 1304 5458; x_wconf 82' lang='grc'>82.</span> <span class='ocrx_word' id='word_1_411' title='bbox 1343 5404 1507 5459; x_wconf 88' lang='lat' dir='ltr'>Hanc</span> <span class='ocrx_word' id='word_1_412' title='bbox 1535 5421 1673 5460; x_wconf 92' lang='lat' dir='ltr'>vero</span> <span class='ocrx_word' id='word_1_413' title='bbox 1714 5421 1800 5460; x_wconf 90' lang='lat' dir='ltr'>se-</span> 
     </span>
    </p>
   </div>
   <div class='ocr_carea' id='block_1_62' title="bbox 57 5471 1801 5547">
    <p class='ocr_par' dir='ltr' id='par_1_62' title="bbox 57 5471 1801 5547">
     <span class='ocr_line' id='line_1_62' title="bbox 57 5471 1801 5547; baseline 0.006 -27"><span class='ocrx_word' id='word_1_414' title='bbox 57 5517 62 5520; x_wconf 88' lang='lat'>.</span> <span class='ocrx_word' id='word_1_415' title='bbox 127 5475 342 5547; x_wconf 56' lang='lat' dir='ltr'>eunda</span> <span class='ocrx_word' id='word_1_416' title='bbox 367 5471 618 5543; x_wconf 81' lang='lat' dir='ltr'>excepit,</span> <span class='ocrx_word' id='word_1_417' title='bbox 649 5488 914 5547; x_wconf 82' lang='lat' dir='ltr'>praesens</span> <span class='ocrx_word' id='word_1_418' title='bbox 941 5471 1146 5547; x_wconf 77' lang='lat' dir='ltr'>nostra</span> <span class='ocrx_word' id='word_1_419' title='bbox 1187 5477 1240 5530; x_wconf 90' lang='lat' dir='ltr'>S.</span> <span class='ocrx_word' id='word_1_420' title='bbox 1280 5475 1594 5530; x_wconf 87' lang='lat' dir='ltr'>Simeonis.</span> <span class='ocrx_word' id='word_1_421' title='bbox 1627 5480 1801 5547; x_wconf 85' lang='lat' dir='ltr'>Pape-</span> 
     </span>
    </p>
   </div>
   <div class='ocr_carea' id='block_1_63' title="bbox 129 5541 1796 5619">
    <p class='ocr_par' dir='ltr' id='par_1_63' title="bbox 129 5541 1796 5619">
     <span class='ocr_line' id='line_1_63' title="bbox 129 5541 1796 5619; baseline 0.003 -23"><span class='ocrx_word' id='word_1_422' title='bbox 129 5541 420 5619; x_wconf 71' lang='lat' dir='ltr'>brochius</span> <span class='ocrx_word' id='word_1_423' title='bbox 466 5541 588 5598; x_wconf 66' lang='lat' dir='ltr'>Act.</span> <span class='ocrx_word' id='word_1_424' title='bbox 653 5541 750 5599; x_wconf 76' lang='lat' dir='ltr'>SS.</span> <span class='ocrx_word' id='word_1_425' title='bbox 813 5546 1035 5600; x_wconf 88' lang='lat' dir='ltr'>mensis</span> <span class='ocrx_word' id='word_1_426' title='bbox 1084 5547 1260 5603; x_wconf 86' lang='lat' dir='ltr'>Junii.</span> <span class='ocrx_word' id='word_1_427' title='bbox 1318 5553 1460 5601; x_wconf 89' lang='lat' dir='ltr'>tom.</span> <span class='ocrx_word' id='word_1_428' title='bbox 1517 5552 1654 5619; x_wconf 65' lang='lat' dir='ltr'>l,.p.</span> <span class='ocrx_word' id='word_1_429' title='bbox 1708 5541 1796 5614; x_wconf 72' lang='lat'>96,</span> 
     </span>
    </p>
   </div>
   <div class='ocr_carea' id='block_1_64' title="bbox 130 5615 302 5669">
    <p class='ocr_par' dir='ltr' id='par_1_64' title="bbox 130 5615 302 5669">
     <span class='ocr_line' id='line_1_64' title="bbox 130 5615 302 5669; baseline -0.017 0"><span class='ocrx_word' id='word_1_430' title='bbox 130 5615 214 5669; x_wconf 83' lang='lat' dir='ltr'>lit.</span> <span class='ocrx_word' id='word_1_431' title='bbox 246 5617 302 5667; x_wconf 81' lang='grc' dir='ltr'>Β.</span> 
     </span>
    </p>
   </div>
   <div class='ocr_carea' id='block_1_65' title="bbox 203 5685 1800 5758">
    <p class='ocr_par' dir='ltr' id='par_1_65' title="bbox 203 5685 1800 5758">
     <span class='ocr_line' id='line_1_65' title="bbox 203 5685 1800 5758; baseline 0.004 -20"><span class='ocrx_word' id='word_1_432' title='bbox 203 5686 295 5758; x_wconf 55' lang='grc' dir='ltr'>(ἢ</span> <span class='ocrx_word' id='word_1_433' title='bbox 327 5685 598 5758; x_wconf 81' lang='lat' dir='ltr'>Collecta</span> <span class='ocrx_word' id='word_1_434' title='bbox 628 5687 886 5741; x_wconf 83' lang='lat' dir='ltr'>Romani</span> <span class='ocrx_word' id='word_1_435' title='bbox 913 5689 1104 5742; x_wconf 79' lang='lat' dir='ltr'>nostri</span> <span class='ocrx_word' id='word_1_436' title='bbox 1137 5689 1302 5743; x_wconf 81' lang='lat' dir='ltr'>Cleri</span> <span class='ocrx_word' id='word_1_437' title='bbox 1330 5689 1645 5758; x_wconf 82' lang='lat' dir='ltr'>splendida</span> <span class='ocrx_word' id='word_1_438' title='bbox 1665 5689 1800 5756; x_wconf 84' lang='lat' dir='ltr'>fra-</span> 
     </span>
    </p>
   </div>
   <div class='ocr_carea' id='block_1_66' title="bbox 133 5757 1801 5832">
    <p class='ocr_par' dir='ltr' id='par_1_66' title="bbox 133 5757 1801 5832">
     <span class='ocr_line' id='line_1_66' title="bbox 133 5757 1801 5832; baseline 0.002 -21"><span class='ocrx_word' id='word_1_439' title='bbox 133 5757 440 5812; x_wconf 84' lang='lat' dir='ltr'>ternitate.</span> <span class='ocrx_word' id='word_1_440' title='bbox 487 5757 641 5810; x_wconf 87' lang='lat' dir='ltr'>Cum</span> <span class='ocrx_word' id='word_1_441' title='bbox 670 5758 944 5828; x_wconf 90' lang='lat' dir='ltr'>primitus</span> <span class='ocrx_word' id='word_1_442' title='bbox 993 5774 1028 5813; x_wconf 92' lang='lat' dir='ltr'>a</span> <span class='ocrx_word' id='word_1_443' title='bbox 1084 5757 1365 5816; x_wconf 81' lang='lat' dir='ltr'>Romanis</span> <span class='ocrx_word' id='word_1_444' title='bbox 1419 5759 1801 5832; x_wconf 78' lang='lat' dir='ltr'>pontificibus</span> 
     </span>
    </p>
   </div>
   <div class='ocr_carea' id='block_1_67' title="bbox 1916 487 3582 564">
    <p class='ocr_par' dir='ltr' id='par_1_67' title="bbox 1916 487 3582 564">
     <span class='ocr_line' id='line_1_67' title="bbox 1916 487 3582 564; baseline -0.005 -18"><span class='ocrx_word' id='word_1_445' title='bbox 1916 494 2062 564; x_wconf 89' lang='lat' dir='ltr'>quid</span> <span class='ocrx_word' id='word_1_446' title='bbox 2095 510 2164 548; x_wconf 76' lang='lat' dir='ltr'>ex</span> <span class='ocrx_word' id='word_1_447' title='bbox 2193 512 2262 548; x_wconf 88' lang='lat' dir='ltr'>ea</span> <span class='ocrx_word' id='word_1_448' title='bbox 2294 512 2353 549; x_wconf 90' lang='lat' dir='ltr'>re</span> <span class='ocrx_word' id='word_1_449' title='bbox 2387 492 2817 547; x_wconf 73' lang='lat' dir='ltr'>censum-imus.</span> <span class='ocrx_word' id='word_1_450' title='bbox 2857 494 3002 543; x_wconf 68' lang='lat' dir='ltr'>Nam</span> <span class='ocrx_word' id='word_1_451' title='bbox 3057 492 3130 557; x_wconf 70' lang='lat' dir='ltr'>(-i)</span> <span class='ocrx_word' id='word_1_452' title='bbox 3177 487 3420 540; x_wconf 86' lang='lat' dir='ltr'>collecta</span> <span class='ocrx_word' id='word_1_453' title='bbox 3479 488 3582 539; x_wconf 87' lang='lat' dir='ltr'>Ro-</span> 
     </span>
    </p>
   </div>
   <div class='ocr_carea' id='block_1_68' title="bbox 1917 577 3581 652">
    <p class='ocr_par' dir='ltr' id='par_1_68' title="bbox 1917 577 3581 652">
     <span class='ocr_line' id='line_1_68' title="bbox 1917 577 3581 652; baseline -0.005 -17"><span class='ocrx_word' id='word_1_454' title='bbox 1917 583 2081 636; x_wconf 91' lang='lat' dir='ltr'>mani</span> <span class='ocrx_word' id='word_1_455' title='bbox 2113 583 2299 635; x_wconf 81' lang='lat' dir='ltr'>nostri</span> <span class='ocrx_word' id='word_1_456' title='bbox 2328 583 2466 635; x_wconf 83' lang='lat' dir='ltr'>cleri</span> <span class='ocrx_word' id='word_1_457' title='bbox 2501 581 2814 652; x_wconf 80' lang='lat' dir='ltr'>splendida</span> <span class='ocrx_word' id='word_1_458' title='bbox 2849 577 3230 638; x_wconf 85' lang='lat' dir='ltr'>fraternitate,</span> <span class='ocrx_word' id='word_1_459' title='bbox 3266 591 3404 628; x_wconf 90' lang='lat' dir='ltr'>cum</span> <span class='ocrx_word' id='word_1_460' title='bbox 3444 590 3581 645; x_wconf 87' lang='lat' dir='ltr'>par-</span> 
     </span>
    </p>
   </div>
   <div class='ocr_carea' id='block_1_69' title="bbox 1918 663 3581 734">
    <p class='ocr_par' dir='ltr' id='par_1_69' title="bbox 1918 663 3581 734">
     <span class='ocr_line' id='line_1_69' title="bbox 1918 663 3581 734; baseline -0.005 -10"><span class='ocrx_word' id='word_1_461' title='bbox 1918 675 2011 724; x_wconf 90' lang='lat' dir='ltr'>tus</span> <span class='ocrx_word' id='word_1_462' title='bbox 2044 672 2459 725; x_wconf 73' lang='lat' dir='ltr'>sacratissimze</span> <span class='ocrx_word' id='word_1_463' title='bbox 2495 670 2741 734; x_wconf 78' lang='lat' dir='ltr'>Virginis</span> <span class='ocrx_word' id='word_1_464' title='bbox 2774 683 2976 721; x_wconf 90' lang='lat' dir='ltr'>annuo</span> <span class='ocrx_word' id='word_1_465' title='bbox 3009 681 3252 718; x_wconf 86' lang='lat' dir='ltr'>recursu</span> <span class='ocrx_word' id='word_1_466' title='bbox 3285 680 3392 734; x_wconf 90' lang='lat' dir='ltr'>per</span> <span class='ocrx_word' id='word_1_467' title='bbox 3420 663 3581 716; x_wconf 92' lang='lat' dir='ltr'>hunc</span> 
     </span>
    </p>
   </div>
   <div class='ocr_carea' id='block_1_70' title="bbox 1916 752 3583 823">
    <p class='ocr_par' dir='ltr' id='par_1_70' title="bbox 1916 752 3583 823">
     <span class='ocr_line' id='line_1_70' title="bbox 1916 752 3583 823; baseline -0.005 -11"><span class='ocrx_word' id='word_1_468' title='bbox 1916 759 2120 813; x_wconf 78' lang='lat' dir='ltr'>orbei.:</span> <span class='ocrx_word' id='word_1_469' title='bbox 2163 761 2438 823; x_wconf 89' lang='lat' dir='ltr'>radiaret,</span> <span class='ocrx_word' id='word_1_470' title='bbox 2498 758 2774 813; x_wconf 84' lang='lat' dir='ltr'>concordi</span> <span class='ocrx_word' id='word_1_471' title='bbox 2835 754 3258 809; x_wconf 88' lang='lat' dir='ltr'>deliberatione</span> <span class='ocrx_word' id='word_1_472' title='bbox 3307 752 3583 806; x_wconf 90' lang='lat' dir='ltr'>determi-</span> 
     </span>
    </p>
   </div>
   <div class='ocr_carea' id='block_1_71' title="bbox 1916 840 3577 912">
    <p class='ocr_par' dir='ltr' id='par_1_71' title="bbox 1916 840 3577 912">
     <span class='ocr_line' id='line_1_71' title="bbox 1916 840 3577 912; baseline -0.007 -10"><span class='ocrx_word' id='word_1_473' title='bbox 1916 849 2221 912; x_wconf 83' lang='lat' dir='ltr'>navimus,</span> <span class='ocrx_word' id='word_1_474' title='bbox 2282 856 2336 904; x_wconf 91' lang='lat' dir='ltr'>et</span> <span class='ocrx_word' id='word_1_475' title='bbox 2393 849 2510 905; x_wconf 87' lang='lat' dir='ltr'>alta</span> <span class='ocrx_word' id='word_1_476' title='bbox 2570 846 2870 901; x_wconf 64' lang='lat' dir='ltr'>sententiae</span> <span class='ocrx_word' id='word_1_477' title='bbox 2917 844 3115 897; x_wconf 89' lang='lat' dir='ltr'>radice</span> <span class='ocrx_word' id='word_1_478' title='bbox 3165 840 3577 908; x_wconf 80' lang='lat' dir='ltr'>f&#39;undavimus,</span> 
     </span>
    </p>
   </div>
   <div class='ocr_carea' id='block_1_72' title="bbox 1915 928 3578 1002">
    <p class='ocr_par' dir='ltr' id='par_1_72' title="bbox 1915 928 3578 1002">
     <span class='ocr_line' id='line_1_72' title="bbox 1915 928 3578 1002; baseline -0.005 -12"><span class='ocrx_word' id='word_1_479' title='bbox 1915 937 2197 991; x_wconf 89' lang='lat' dir='ltr'>eumdem</span> <span class='ocrx_word' id='word_1_480' title='bbox 2241 938 2432 992; x_wconf 89' lang='lat' dir='ltr'>virum</span> <span class='ocrx_word' id='word_1_481' title='bbox 2480 937 2581 990; x_wconf 77' lang='lat' dir='ltr'>Dei</span> <span class='ocrx_word' id='word_1_482' title='bbox 2629 935 2989 994; x_wconf 86' lang='lat' dir='ltr'>Simeonem,</span> <span class='ocrx_word' id='word_1_483' title='bbox 3047 946 3228 1002; x_wconf 86' lang='lat' dir='ltr'>quem</span> <span class='ocrx_word' id='word_1_484' title='bbox 3291 928 3578 982; x_wconf 87' lang='lat' dir='ltr'>Dominus</span> 
     </span>
    </p>
   </div>
   <div class='ocr_carea' id='block_1_73' title="bbox 1916 1019 3576 1096">
    <p class='ocr_par' dir='ltr' id='par_1_73' title="bbox 1916 1019 3576 1096">
     <span class='ocr_line' id='line_1_73' title="bbox 1916 1019 3576 1096; baseline -0.006 -18"><span class='ocrx_word' id='word_1_485' title='bbox 1916 1026 2302 1080; x_wconf 87' lang='lat' dir='ltr'>commendat</span> <span class='ocrx_word' id='word_1_486' title='bbox 2333 1032 2508 1096; x_wconf 88' lang='lat' dir='ltr'>atque</span> <span class='ocrx_word' id='word_1_487' title='bbox 2544 1024 2778 1095; x_wconf 89' lang='lat' dir='ltr'>probat,</span> <span class='ocrx_word' id='word_1_488' title='bbox 2813 1019 3243 1086; x_wconf 66' lang='lat' dir='ltr'>significatione</span> <span class='ocrx_word' id='word_1_489' title='bbox 3277 1022 3576 1071; x_wconf 89' lang='lat' dir='ltr'>tantarum</span> 
     </span>
    </p>
   </div>
   <div class='ocr_carea' id='block_1_74' title="bbox 1917 1105 3576 1180">
    <p class='ocr_par' dir='ltr' id='par_1_74' title="bbox 1917 1105 3576 1180">
     <span class='ocr_line' id='line_1_74' title="bbox 1917 1105 3576 1180; baseline -0.007 -13"><span class='ocrx_word' id='word_1_490' title='bbox 1917 1115 2197 1168; x_wconf 89' lang='lat' dir='ltr'>virtutum</span> <span class='ocrx_word' id='word_1_491' title='bbox 2235 1115 2560 1168; x_wconf 76' lang='lat' dir='ltr'>sanctitatis</span> <span class='ocrx_word' id='word_1_492' title='bbox 2595 1119 2650 1167; x_wconf 91' lang='lat' dir='ltr'>et</span> <span class='ocrx_word' id='word_1_493' title='bbox 2677 1113 2878 1177; x_wconf 69' lang='lat' dir='ltr'>gratim</span> <span class='ocrx_word' id='word_1_494' title='bbox 2912 1107 3271 1180; x_wconf 88' lang='lat' dir='ltr'>plenum,ab</span> <span class='ocrx_word' id='word_1_495' title='bbox 3292 1105 3576 1160; x_wconf 90' lang='lat' dir='ltr'>omnibus</span> 
     </span>
    </p>
   </div>
   <div class='ocr_carea' id='block_1_75' title="bbox 1917 1193 3577 1274">
    <p class='ocr_par' dir='ltr' id='par_1_75' title="bbox 1917 1193 3577 1274">
     <span class='ocr_line' id='line_1_75' title="bbox 1917 1193 3577 1274; baseline -0.005 -19"><span class='ocrx_word' id='word_1_496' title='bbox 1917 1205 2171 1274; x_wconf 86' lang='lat' dir='ltr'>p0pulis.</span> <span class='ocrx_word' id='word_1_497' title='bbox 2211 1204 2482 1257; x_wconf 88' lang='lat' dir='ltr'>tribubus</span> <span class='ocrx_word' id='word_1_498' title='bbox 2517 1209 2570 1257; x_wconf 86' lang='lat' dir='ltr'>et</span> <span class='ocrx_word' id='word_1_499' title='bbox 2602 1201 2818 1269; x_wconf 79' lang='lat' dir='ltr'>linguis</span> <span class='ocrx_word' id='word_1_500' title='bbox 2852 1203 3127 1253; x_wconf 89' lang='lat' dir='ltr'>sanctum</span> <span class='ocrx_word' id='word_1_501' title='bbox 3152 1194 3360 1268; x_wconf 85' lang='lat' dir='ltr'>procul</span> <span class='ocrx_word' id='word_1_502' title='bbox 3391 1193 3577 1247; x_wconf 90' lang='lat' dir='ltr'>dubio</span> 
     </span>
    </p>
   </div>
   <div class='ocr_carea' id='block_1_76' title="bbox 1915 1282 3577 1362">
    <p class='ocr_par' dir='ltr' id='par_1_76' title="bbox 1915 1282 3577 1362">
     <span class='ocr_line' id='line_1_76' title="bbox 1915 1282 3577 1362; baseline -0.007 -16"><span class='ocrx_word' id='word_1_503' title='bbox 1915 1311 2048 1346; x_wconf 87' lang='lat' dir='ltr'>esse</span> <span class='ocrx_word' id='word_1_504' title='bbox 2078 1293 2606 1362; x_wconf 79' lang='lat' dir='ltr'>inmiinandum,ej</span> <span class='ocrx_word' id='word_1_505' title='bbox 2621 1308 2806 1362; x_wconf 88' lang='lat' dir='ltr'>usque</span> <span class='ocrx_word' id='word_1_506' title='bbox 2837 1288 3097 1343; x_wconf 88' lang='lat' dir='ltr'>natalem</span> <span class='ocrx_word' id='word_1_507' title='bbox 3128 1285 3376 1352; x_wconf 80' lang='lat' dir='ltr'>singulis</span> <span class='ocrx_word' id='word_1_508' title='bbox 3404 1282 3577 1337; x_wconf 89' lang='lat' dir='ltr'>annis</span> 
     </span>
    </p>
   </div>
   <div class='ocr_carea' id='block_1_77' title="bbox 1914 1373 3578 1454">
    <p class='ocr_par' dir='ltr' id='par_1_77' title="bbox 1914 1373 3578 1454">
     <span class='ocr_line' id='line_1_77' title="bbox 1914 1373 3578 1454; baseline -0.007 -18"><span class='ocrx_word' id='word_1_509' title='bbox 1914 1387 2313 1436; x_wconf 88' lang='lat' dir='ltr'>recurrentem</span> <span class='ocrx_word' id='word_1_510' title='bbox 2365 1382 2591 1454; x_wconf 86' lang='lat' dir='ltr'>passim</span> <span class='ocrx_word' id='word_1_511' title='bbox 2645 1379 2985 1434; x_wconf 90' lang='lat' dir='ltr'>solemniter</span> <span class='ocrx_word' id='word_1_512' title='bbox 3029 1373 3476 1430; x_wconf 89' lang='lat' dir='ltr'>observandum</span> <span class='ocrx_word' id='word_1_513' title='bbox 3522 1375 3578 1425; x_wconf 92' lang='lat' dir='ltr'>et</span> 
     </span>
    </p>
   </div>
   <div class='ocr_carea' id='block_1_78' title="bbox 1916 1462 3577 1529">
    <p class='ocr_par' dir='ltr' id='par_1_78' title="bbox 1916 1462 3577 1529">
     <span class='ocr_line' id='line_1_78' title="bbox 1916 1462 3577 1529; baseline -0.006 -5"><span class='ocrx_word' id='word_1_514' title='bbox 1916 1470 2190 1525; x_wconf 88' lang='lat' dir='ltr'>ferialiter</span> <span class='ocrx_word' id='word_1_515' title='bbox 2219 1471 2648 1525; x_wconf 80' lang='lat' dir='ltr'>celebrandum</span> <span class='ocrx_word' id='word_1_516' title='bbox 2681 1486 2749 1523; x_wconf 90' lang='lat' dir='ltr'>ac</span> <span class='ocrx_word' id='word_1_517' title='bbox 2795 1465 3229 1529; x_wconf 89' lang='lat' dir='ltr'>venerandum,</span> <span class='ocrx_word' id='word_1_518' title='bbox 3283 1462 3360 1516; x_wconf 90' lang='lat' dir='ltr'>ad</span> <span class='ocrx_word' id='word_1_519' title='bbox 3391 1462 3577 1515; x_wconf 90' lang='lat' dir='ltr'>instar</span> 
     </span>
    </p>
   </div>
   <div class='ocr_carea' id='block_1_79' title="bbox 1914 1553 3575 1630">
    <p class='ocr_par' dir='ltr' id='par_1_79' title="bbox 1914 1553 3575 1630">
     <span class='ocr_line' id='line_1_79' title="bbox 1914 1553 3575 1630; baseline -0.005 -16"><span class='ocrx_word' id='word_1_520' title='bbox 1914 1561 2027 1614; x_wconf 87' lang='lat' dir='ltr'>diei</span> <span class='ocrx_word' id='word_1_521' title='bbox 2060 1561 2184 1614; x_wconf 83' lang='lat' dir='ltr'>festi</span> <span class='ocrx_word' id='word_1_522' title='bbox 2222 1578 2232 1612; x_wconf 93' lang='lat'>:</span> <span class='ocrx_word' id='word_1_523' title='bbox 2269 1577 2488 1614; x_wconf 88' lang='lat' dir='ltr'>nomen</span> <span class='ocrx_word' id='word_1_524' title='bbox 2523 1576 2764 1630; x_wconf 86' lang='lat' dir='ltr'>quoque</span> <span class='ocrx_word' id='word_1_525' title='bbox 2788 1557 2973 1628; x_wconf 90' lang='lat' dir='ltr'>ipsius</span> <span class='ocrx_word' id='word_1_526' title='bbox 3003 1553 3413 1624; x_wconf 74' lang='lat' dir='ltr'>Martyrologio</span> <span class='ocrx_word' id='word_1_527' title='bbox 3436 1568 3575 1605; x_wconf 85' lang='lat' dir='ltr'>Clllll</span> 
     </span>
    </p>
   </div>
   <div class='ocr_carea' id='block_1_80' title="bbox 1916 1639 3576 1716">
    <p class='ocr_par' dir='ltr' id='par_1_80' title="bbox 1916 1639 3576 1716">
     <span class='ocr_line' id='line_1_80' title="bbox 1916 1639 3576 1716; baseline -0.005 -14"><span class='ocrx_word' id='word_1_528' title='bbox 1916 1651 1990 1716; x_wconf 61' lang='lat' dir='ltr'>fit}</span> <span class='ocrx_word' id='word_1_529' title='bbox 2024 1649 2322 1702; x_wconf 88' lang='lat' dir='ltr'>sociorum</span> <span class='ocrx_word' id='word_1_530' title='bbox 2356 1649 2700 1703; x_wconf 85' lang='lat' dir='ltr'>nominibus</span> <span class='ocrx_word' id='word_1_531' title='bbox 2732 1664 2839 1700; x_wconf 93' lang='lat' dir='ltr'>suo</span> <span class='ocrx_word' id='word_1_532' title='bbox 2869 1647 3000 1700; x_wconf 92' lang='lat' dir='ltr'>loco</span> <span class='ocrx_word' id='word_1_533' title='bbox 3033 1641 3436 1698; x_wconf 89' lang='lat' dir='ltr'>inserendum.</span> <span class='ocrx_word' id='word_1_534' title='bbox 3471 1639 3576 1695; x_wconf 81' lang='lat' dir='ltr'>Cui</span> 
     </span>
    </p>
   </div>
   <div class='ocr_carea' id='block_1_81' title="bbox 1917 1729 3576 1804">
    <p class='ocr_par' dir='ltr' id='par_1_81' title="bbox 1917 1729 3576 1804">
     <span class='ocr_line' id='line_1_81' title="bbox 1917 1729 3576 1804; baseline -0.005 -14"><span class='ocrx_word' id='word_1_535' title='bbox 1917 1739 2217 1791; x_wconf 68' lang='lat' dir='ltr'>sententiae</span> <span class='ocrx_word' id='word_1_536' title='bbox 2245 1738 2356 1792; x_wconf 86' lang='lat' dir='ltr'>hoc</span> <span class='ocrx_word' id='word_1_537' title='bbox 2385 1739 2564 1792; x_wconf 80' lang='lat' dir='ltr'>etiam</span> <span class='ocrx_word' id='word_1_538' title='bbox 2595 1736 3067 1799; x_wconf 87' lang='lat' dir='ltr'>subdidimus,ut</span> <span class='ocrx_word' id='word_1_539' title='bbox 3088 1730 3363 1804; x_wconf 87' lang='lat' dir='ltr'>quisquis</span> <span class='ocrx_word' id='word_1_540' title='bbox 3395 1729 3576 1798; x_wconf 87' lang='lat' dir='ltr'>hujus</span> 
     </span>
    </p>
   </div>
   <div class='ocr_carea' id='block_1_82' title="bbox 1915 1823 3577 1891">
    <p class='ocr_par' dir='ltr' id='par_1_82' title="bbox 1915 1823 3577 1891">
     <span class='ocr_line' id='line_1_82' title="bbox 1915 1823 3577 1891; baseline -0.005 -9"><span class='ocrx_word' id='word_1_541' title='bbox 1915 1835 2133 1883; x_wconf 67' lang='lat' dir='ltr'>IlOs‘il&#39;tB</span> <span class='ocrx_word' id='word_1_542' title='bbox 2193 1829 2627 1883; x_wconf 90' lang='lat' dir='ltr'>constitutionis</span> <span class='ocrx_word' id='word_1_543' title='bbox 2689 1827 3035 1881; x_wconf 88' lang='lat' dir='ltr'>temerarius</span> <span class='ocrx_word' id='word_1_544' title='bbox 3089 1826 3463 1891; x_wconf 89' lang='lat' dir='ltr'>contemptor</span> <span class='ocrx_word' id='word_1_545' title='bbox 3521 1823 3577 1873; x_wconf 83' lang='lat' dir='ltr'>ct</span> 
     </span>
    </p>
   </div>
   <div class='ocr_carea' id='block_1_83' title="bbox 1917 1909 3577 1986">
    <p class='ocr_par' dir='ltr' id='par_1_83' title="bbox 1917 1909 3577 1986">
     <span class='ocr_line' id='line_1_83' title="bbox 1917 1909 3577 1986; baseline -0.006 -14"><span class='ocrx_word' id='word_1_546' title='bbox 1917 1920 2253 1972; x_wconf 89' lang='lat' dir='ltr'>cervicosus</span> <span class='ocrx_word' id='word_1_547' title='bbox 2284 1920 2613 1982; x_wconf 83' lang='lat' dir='ltr'>ref&#39;ragator</span> <span class='ocrx_word' id='word_1_548' title='bbox 2641 1916 2942 1983; x_wconf 78' lang='lat' dir='ltr'>exstiterit,</span> <span class='ocrx_word' id='word_1_549' title='bbox 2994 1913 3186 1986; x_wconf 90' lang='lat' dir='ltr'>primo</span> <span class='ocrx_word' id='word_1_550' title='bbox 3238 1928 3297 1965; x_wconf 89' lang='lat' dir='ltr'>se</span> <span class='ocrx_word' id='word_1_551' title='bbox 3347 1909 3577 1964; x_wconf 86' lang='lat' dir='ltr'>noverit</span> 
     </span>
    </p>
   </div>
   <div class='ocr_carea' id='block_1_84' title="bbox 1917 1998 3574 2076">
    <p class='ocr_par' dir='ltr' id='par_1_84' title="bbox 1917 1998 3574 2076">
     <span class='ocr_line' id='line_1_84' title="bbox 1917 1998 3574 2076; baseline -0.007 -16"><span class='ocrx_word' id='word_1_552' title='bbox 1917 2007 2235 2061; x_wconf 88' lang='lat' dir='ltr'>Dominum</span> <span class='ocrx_word' id='word_1_553' title='bbox 2269 2008 2523 2076; x_wconf 82' lang='lat' dir='ltr'>graviter</span> <span class='ocrx_word' id='word_1_554' title='bbox 2549 2006 2872 2070; x_wconf 66' lang='lat' dir='ltr'>oﬂ‘endere,</span> <span class='ocrx_word' id='word_1_555' title='bbox 2926 2004 3142 2058; x_wconf 88' lang='lat' dir='ltr'>deinde</span> <span class='ocrx_word' id='word_1_556' title='bbox 3189 2000 3376 2056; x_wconf 89' lang='lat' dir='ltr'>sancti</span> <span class='ocrx_word' id='word_1_557' title='bbox 3419 1998 3574 2052; x_wconf 90' lang='lat' dir='ltr'>illius</span> 
     </span>
    </p>
   </div>
   <div class='ocr_carea' id='block_1_85' title="bbox 1914 2096 3576 2168">
    <p class='ocr_par' dir='ltr' id='par_1_85' title="bbox 1914 2096 3576 2168">
     <span class='ocr_line' id='line_1_85' title="bbox 1914 2096 3576 2168; baseline -0.007 -18"><span class='ocrx_word' id='word_1_558' title='bbox 1914 2097 2266 2168; x_wconf 89' lang='lat' dir='ltr'>patrocinia,</span> <span class='ocrx_word' id='word_1_559' title='bbox 2299 2097 2417 2150; x_wconf 87' lang='lat' dir='ltr'>imo</span> <span class='ocrx_word' id='word_1_560' title='bbox 2449 2096 2720 2150; x_wconf 91' lang='lat' dir='ltr'>omnium</span> <span class='ocrx_word' id='word_1_561' title='bbox 2755 2101 3121 2157; x_wconf 89' lang='lat' dir='ltr'>sanctorum,</span> <span class='ocrx_word' id='word_1_562' title='bbox 3155 2106 3415 2162; x_wconf 87' lang='lat' dir='ltr'>quorum</span> <span class='ocrx_word' id='word_1_563' title='bbox 3440 2103 3576 2139; x_wconf 85' lang='lat' dir='ltr'>con-</span> 
     </span>
    </p>
   </div>
   <div class='ocr_carea' id='block_1_86' title="bbox 1916 2182 3576 2255">
    <p class='ocr_par' dir='ltr' id='par_1_86' title="bbox 1916 2182 3576 2255">
     <span class='ocr_line' id='line_1_86' title="bbox 1916 2182 3576 2255; baseline -0.006 -17"><span class='ocrx_word' id='word_1_564' title='bbox 1916 2186 2190 2239; x_wconf 88' lang='lat' dir='ltr'>tubernio</span> <span class='ocrx_word' id='word_1_565' title='bbox 2223 2185 2575 2255; x_wconf 88' lang='lat' dir='ltr'>gratulatur,</span> <span class='ocrx_word' id='word_1_566' title='bbox 2604 2190 2996 2255; x_wconf 89' lang='lat' dir='ltr'>nostramque</span> <span class='ocrx_word' id='word_1_567' title='bbox 3041 2182 3113 2236; x_wconf 89' lang='lat' dir='ltr'>de</span> <span class='ocrx_word' id='word_1_568' title='bbox 3161 2183 3373 2233; x_wconf 50' lang='lat' dir='ltr'>caetero</span> <span class='ocrx_word' id='word_1_569' title='bbox 3433 2192 3576 2246; x_wconf 88' lang='lat' dir='ltr'>apo-</span> 
     </span>
    </p>
   </div>
   <div class='ocr_carea' id='block_1_87' title="bbox 1916 2270 3575 2337">
    <p class='ocr_par' dir='ltr' id='par_1_87' title="bbox 1916 2270 3575 2337">
     <span class='ocr_line' id='line_1_87' title="bbox 1916 2270 3575 2337; baseline -0.006 -9"><span class='ocrx_word' id='word_1_570' title='bbox 1916 2275 2183 2328; x_wconf 88' lang='lat' dir='ltr'>stolicam</span> <span class='ocrx_word' id='word_1_571' title='bbox 2218 2275 2558 2328; x_wconf 89' lang='lat' dir='ltr'>nullatenus</span> <span class='ocrx_word' id='word_1_572' title='bbox 2591 2273 2807 2327; x_wconf 86' lang='lat' dir='ltr'>debere</span> <span class='ocrx_word' id='word_1_573' title='bbox 2855 2270 3331 2326; x_wconf 83' lang='lat' dir='ltr'>benedictionem</span> <span class='ocrx_word' id='word_1_574' title='bbox 3373 2281 3575 2337; x_wconf 89' lang='lat' dir='ltr'>spera-</span> 
     </span>
    </p>
   </div>
   <div class='ocr_carea' id='block_1_88' title="bbox 1914 2353 3576 2431">
    <p class='ocr_par' dir='ltr' id='par_1_88' title="bbox 1914 2353 3576 2431">
     <span class='ocr_line' id='line_1_88' title="bbox 1914 2353 3576 2431; baseline -0.007 -15"><span class='ocrx_word' id='word_1_575' title='bbox 1914 2379 2009 2428; x_wconf 89' lang='lat' dir='ltr'>re;</span> <span class='ocrx_word' id='word_1_576' title='bbox 2070 2362 2590 2416; x_wconf 88' lang='lat' dir='ltr'>conservatoribus</span> <span class='ocrx_word' id='word_1_577' title='bbox 2643 2378 2714 2416; x_wconf 92' lang='lat' dir='ltr'>ea</span> <span class='ocrx_word' id='word_1_578' title='bbox 2772 2359 3174 2431; x_wconf 89' lang='lat' dir='ltr'>multipliciter</span> <span class='ocrx_word' id='word_1_579' title='bbox 3223 2353 3458 2409; x_wconf 89' lang='lat' dir='ltr'>donatis</span> <span class='ocrx_word' id='word_1_580' title='bbox 3515 2353 3576 2407; x_wconf 90' lang='lat' dir='ltr'>in</span> 
     </span>
    </p>
   </div>
   <div class='ocr_carea' id='block_1_89' title="bbox 1913 2450 3464 2513">
    <p class='ocr_par' dir='ltr' id='par_1_89' title="bbox 1913 2450 3464 2513">
     <span class='ocr_line' id='line_1_89' title="bbox 1913 2450 3464 2513; baseline -0.006 -8"><span class='ocrx_word' id='word_1_581' title='bbox 1913 2451 2117 2505; x_wconf 90' lang='lat' dir='ltr'>omnia</span> <span class='ocrx_word' id='word_1_582' title='bbox 2146 2451 2367 2505; x_wconf 65' lang='lat' dir='ltr'>saecula</span> <span class='ocrx_word' id='word_1_583' title='bbox 2390 2450 2765 2505; x_wconf 81' lang='lat' dir='ltr'>saeculorum.</span> <span class='ocrx_word' id='word_1_584' title='bbox 2798 2454 3009 2513; x_wconf 86' lang='lat' dir='ltr'>Amen,</span> <span class='ocrx_word' id='word_1_585' title='bbox 3039 2462 3236 2510; x_wconf 87' lang='lat' dir='ltr'>amen,</span> <span class='ocrx_word' id='word_1_586' title='bbox 3267 2459 3464 2499; x_wconf 86' lang='lat' dir='ltr'>amen.</span> 
     </span>
    </p>
   </div>
   <div class='ocr_carea' id='block_1_90' title="bbox 2687 2537 2795 2590">
    <p class='ocr_par' dir='ltr' id='par_1_90' title="bbox 2687 2537 2795 2590">
     <span class='ocr_line' id='line_1_90' title="bbox 2687 2537 2795 2590; baseline 0.019 -2"><span class='ocrx_word' id='word_1_587' title='bbox 2687 2537 2795 2590; x_wconf 80' lang='grc' dir='ltr'>νυ.</span> 
     </span>
    </p>
   </div>
   <div class='ocr_carea' id='block_1_91' title="bbox 1913 2619 3573 2694">
    <p class='ocr_par' dir='ltr' id='par_1_91' title="bbox 1913 2619 3573 2694">
     <span class='ocr_line' id='line_1_91' title="bbox 1913 2619 3573 2694; baseline -0.006 -12"><span class='ocrx_word' id='word_1_588' title='bbox 1913 2628 2268 2683; x_wconf 75' lang='lat' dir='ltr'>Benedictus</span> <span class='ocrx_word' id='word_1_589' title='bbox 2298 2628 2385 2681; x_wconf 84' lang='lat' dir='ltr'>IX</span> <span class='ocrx_word' id='word_1_590' title='bbox 2412 2629 2472 2681; x_wconf 81' lang='lat' dir='ltr'>in</span> <span class='ocrx_word' id='word_1_591' title='bbox 2500 2628 2726 2694; x_wconf 82' lang='lat' dir='ltr'>synodo</span> <span class='ocrx_word' id='word_1_592' title='bbox 2746 2625 3202 2693; x_wconf 80' lang='lat' dir='ltr'>patriarchatus</span> <span class='ocrx_word' id='word_1_593' title='bbox 3250 2619 3573 2676; x_wconf 80' lang='lat' dir='ltr'>Gradensis</span> 
     </span>
    </p>
   </div>
   <div class='ocr_carea' id='block_1_92' title="bbox 1983 2711 3574 2786">
    <p class='ocr_par' dir='ltr' id='par_1_92' title="bbox 1983 2711 3574 2786">
     <span class='ocr_line' id='line_1_92' title="bbox 1983 2711 3574 2786; baseline -0.006 -14"><span class='ocrx_word' id='word_1_594' title='bbox 1983 2719 2385 2786; x_wconf 76' lang='lat' dir='ltr'>integritatem</span> <span class='ocrx_word' id='word_1_595' title='bbox 2450 2716 2896 2786; x_wconf 77' lang='lat' dir='ltr'>libertatemque</span> <span class='ocrx_word' id='word_1_596' title='bbox 2953 2715 3290 2781; x_wconf 80' lang='lat' dir='ltr'>conﬁrmat,</span> <span class='ocrx_word' id='word_1_597' title='bbox 3353 2711 3574 2764; x_wconf 86' lang='lat' dir='ltr'>Ursone</span> 
     </span>
    </p>
   </div>
   <div class='ocr_carea' id='block_1_93' title="bbox 1978 2800 3574 2877">
    <p class='ocr_par' dir='ltr' id='par_1_93' title="bbox 1978 2800 3574 2877">
     <span class='ocr_line' id='line_1_93' title="bbox 1978 2800 3574 2877; baseline -0.006 -15"><span class='ocrx_word' id='word_1_598' title='bbox 1978 2807 2336 2877; x_wconf 81' lang='lat' dir='ltr'>patriarcha</span> <span class='ocrx_word' id='word_1_599' title='bbox 2385 2813 2440 2861; x_wconf 88' lang='lat' dir='ltr'>et</span> <span class='ocrx_word' id='word_1_600' title='bbox 2501 2807 2809 2860; x_wconf 78' lang='lat' dir='ltr'>Dominico</span> <span class='ocrx_word' id='word_1_601' title='bbox 2862 2806 3198 2860; x_wconf 79' lang='lat' dir='ltr'>Contureno</span> <span class='ocrx_word' id='word_1_602' title='bbox 3232 2800 3574 2869; x_wconf 79' lang='lat' dir='ltr'>populoque</span> 
     </span>
    </p>
   </div>
   <div class='ocr_carea' id='block_1_94' title="bbox 1997 2895 2981 2964">
    <p class='ocr_par' dir='ltr' id='par_1_94' title="bbox 1997 2895 2981 2964">
     <span class='ocr_line' id='line_1_94' title="bbox 1997 2895 2981 2964; baseline -0.002 -15"><span class='ocrx_word' id='word_1_603' title='bbox 1997 2898 2206 2951; x_wconf 82' lang='lat' dir='ltr'>Veneto</span> <span class='ocrx_word' id='word_1_604' title='bbox 2229 2911 2342 2963; x_wconf 78' lang='lat' dir='ltr'>per</span> <span class='ocrx_word' id='word_1_605' title='bbox 2375 2897 2598 2964; x_wconf 84' lang='lat' dir='ltr'>legatos</span> <span class='ocrx_word' id='word_1_606' title='bbox 2625 2895 2981 2962; x_wconf 79' lang='lat' dir='ltr'>petentibus.</span> 
     </span>
    </p>
   </div>
   <div class='ocr_carea' id='block_1_95' title="bbox 2537 2987 2946 3050">
    <p class='ocr_par' dir='ltr' id='par_1_95' title="bbox 2537 2987 2946 3050">
     <span class='ocr_line' id='line_1_95' title="bbox 2537 2987 2946 3050; baseline 0.005 -14"><span class='ocrx_word' id='word_1_607' title='bbox 2537 2987 2734 3049; x_wconf 65' lang='lat' dir='ltr'>(Anno</span> <span class='ocrx_word' id='word_1_608' title='bbox 2770 2987 2946 3050; x_wconf 60' lang='lat' dir='ltr'>10H).</span> 
     </span>
    </p>
   </div>
   <div class='ocr_carea' id='block_1_96' title="bbox 2334 3074 3149 3143">
    <p class='ocr_par' dir='ltr' id='par_1_96' title="bbox 2334 3074 3149 3143">
     <span class='ocr_line' id='line_1_96' title="bbox 2334 3074 3149 3143; baseline -0.004 -14"><span class='ocrx_word' id='word_1_609' title='bbox 2334 3076 2548 3143; x_wconf 50' lang='lat' dir='ltr'>[Massa</span> <span class='ocrx_word' id='word_1_610' title='bbox 2580 3074 2807 3129; x_wconf 83' lang='lat' dir='ltr'>Concil.</span> <span class='ocrx_word' id='word_1_611' title='bbox 2842 3077 2971 3142; x_wconf 79' lang='lat' dir='ltr'>XIX,</span> <span class='ocrx_word' id='word_1_612' title='bbox 3005 3074 3149 3142; x_wconf 68' lang='lat'>602$].</span> 
     </span>
    </p>
   </div>
   <div class='ocr_carea' id='block_1_97' title="bbox 1985 3158 3572 3234">
    <p class='ocr_par' dir='ltr' id='par_1_97' title="bbox 1985 3158 3572 3234">
     <span class='ocr_line' id='line_1_97' title="bbox 1985 3158 3572 3234; baseline -0.002 -19"><span class='ocrx_word' id='word_1_613' title='bbox 1985 3166 2325 3217; x_wconf 65' lang='lat' dir='ltr'>Bizxiziiiizri&#39;s</span> <span class='ocrx_word' id='word_1_614' title='bbox 2353 3164 2692 3234; x_wconf 66' lang='lat' dir='ltr'>episcolms,</span> <span class='ocrx_word' id='word_1_615' title='bbox 2727 3179 2934 3217; x_wconf 87' lang='lat' dir='ltr'>servus</span> <span class='ocrx_word' id='word_1_616' title='bbox 2968 3176 3278 3217; x_wconf 88' lang='lat' dir='ltr'>servorum</span> <span class='ocrx_word' id='word_1_617' title='bbox 3306 3158 3425 3213; x_wconf 89' lang='lat' dir='ltr'>Dei.</span> <span class='ocrx_word' id='word_1_618' title='bbox 3464 3160 3572 3213; x_wconf 88' lang='lat' dir='ltr'>UR-</span> 
     </span>
    </p>
   </div>
   <div class='ocr_carea' id='block_1_98' title="bbox 1913 3247 3574 3324">
    <p class='ocr_par' dir='ltr' id='par_1_98' title="bbox 1913 3247 3574 3324">
     <span class='ocr_line' id='line_1_98' title="bbox 1913 3247 3574 3324; baseline -0.004 -16"><span class='ocrx_word' id='word_1_619' title='bbox 1913 3253 2352 3308; x_wconf 71' lang='lat' dir='ltr'>SONlGl‘atleDSl</span> <span class='ocrx_word' id='word_1_620' title='bbox 2410 3253 2760 3324; x_wconf 66' lang='lat' dir='ltr'>patriarchae</span> <span class='ocrx_word' id='word_1_621' title='bbox 2815 3257 3167 3324; x_wconf 86' lang='lat' dir='ltr'>perpetuam</span> <span class='ocrx_word' id='word_1_622' title='bbox 3212 3250 3272 3304; x_wconf 92' lang='lat' dir='ltr'>in</span> <span class='ocrx_word' id='word_1_623' title='bbox 3321 3247 3574 3303; x_wconf 91' lang='lat' dir='ltr'>Domino</span> 
     </span>
    </p>
   </div>
   <div class='ocr_carea' id='block_1_99' title="bbox 1909 3341 2608 3398">
    <p class='ocr_par' dir='ltr' id='par_1_99' title="bbox 1909 3341 2608 3398">
     <span class='ocr_line' id='line_1_99' title="bbox 1909 3341 2608 3398; baseline -0.001 -1"><span class='ocrx_word' id='word_1_624' title='bbox 1909 3345 2044 3397; x_wconf 84' lang='lat' dir='ltr'>.lesu</span> <span class='ocrx_word' id='word_1_625' title='bbox 2080 3343 2306 3398; x_wconf 73' lang='lat' dir='ltr'>tlhristo</span> <span class='ocrx_word' id='word_1_626' title='bbox 2336 3341 2608 3397; x_wconf 90' lang='lat' dir='ltr'>salutem.</span> 
     </span>
    </p>
   </div>
   <div class='ocr_carea' id='block_1_100' title="bbox 1985 3427 3574 3502">
    <p class='ocr_par' dir='ltr' id='par_1_100' title="bbox 1985 3427 3574 3502">
     <span class='ocr_line' id='line_1_100' title="bbox 1985 3427 3574 3502; baseline -0.003 -16"><span class='ocrx_word' id='word_1_627' title='bbox 1985 3433 2143 3486; x_wconf 90' lang='lat' dir='ltr'>Sicut</span> <span class='ocrx_word' id='word_1_628' title='bbox 2174 3432 2501 3502; x_wconf 90' lang='lat' dir='ltr'>plurimum</span> <span class='ocrx_word' id='word_1_629' title='bbox 2532 3431 2868 3499; x_wconf 87' lang='lat' dir='ltr'>gaudemus</span> <span class='ocrx_word' id='word_1_630' title='bbox 2902 3431 2958 3484; x_wconf 93' lang='lat' dir='ltr'>in</span> <span class='ocrx_word' id='word_1_631' title='bbox 2994 3429 3264 3494; x_wconf 87' lang='lat' dir='ltr'>Domino,</span> <span class='ocrx_word' id='word_1_632' title='bbox 3297 3431 3352 3481; x_wconf 90' lang='lat' dir='ltr'>et</span> <span class='ocrx_word' id='word_1_633' title='bbox 3378 3427 3438 3481; x_wconf 92' lang='lat' dir='ltr'>in</span> <span class='ocrx_word' id='word_1_634' title='bbox 3469 3427 3574 3482; x_wconf 92' lang='lat' dir='ltr'>do-</span> 
     </span>
    </p>
   </div>
   <div class='ocr_carea' id='block_1_101' title="bbox 1909 3514 3573 3589">
    <p class='ocr_par' dir='ltr' id='par_1_101' title="bbox 1909 3514 3573 3589">
     <span class='ocr_line' id='line_1_101' title="bbox 1909 3514 3573 3589; baseline -0.004 -15"><span class='ocrx_word' id='word_1_635' title='bbox 1909 3536 1989 3574; x_wconf 94' lang='lat' dir='ltr'>no</span> <span class='ocrx_word' id='word_1_636' title='bbox 2016 3519 2214 3587; x_wconf 73' lang='lat' dir='ltr'>gratiae</span> <span class='ocrx_word' id='word_1_637' title='bbox 2248 3519 2431 3589; x_wconf 88' lang='lat' dir='ltr'>ipsius</span> <span class='ocrx_word' id='word_1_638' title='bbox 2465 3519 2811 3587; x_wconf 88' lang='lat' dir='ltr'>gloriamur,</span> <span class='ocrx_word' id='word_1_639' title='bbox 2843 3518 2886 3571; x_wconf 93' lang='lat' dir='ltr'>si</span> <span class='ocrx_word' id='word_1_640' title='bbox 2914 3523 3120 3572; x_wconf 89' lang='lat' dir='ltr'>sancta</span> <span class='ocrx_word' id='word_1_641' title='bbox 3162 3514 3418 3570; x_wconf 90' lang='lat' dir='ltr'>Ecclesia</span> <span class='ocrx_word' id='word_1_642' title='bbox 3465 3531 3573 3585; x_wconf 91' lang='lat' dir='ltr'>per</span> 
     </span>
    </p>
   </div>
   <div class='ocr_carea' id='block_1_102' title="bbox 1908 3602 3572 3678">
    <p class='ocr_par' dir='ltr' id='par_1_102' title="bbox 1908 3602 3572 3678">
     <span class='ocr_line' id='line_1_102' title="bbox 1908 3602 3572 3678; baseline -0.004 -16"><span class='ocrx_word' id='word_1_643' title='bbox 1908 3608 2070 3662; x_wconf 90' lang='lat' dir='ltr'>bona</span> <span class='ocrx_word' id='word_1_644' title='bbox 2096 3623 2280 3678; x_wconf 87' lang='lat' dir='ltr'>Opera</span> <span class='ocrx_word' id='word_1_645' title='bbox 2312 3607 2518 3661; x_wconf 86' lang='lat' dir='ltr'>crescit</span> <span class='ocrx_word' id='word_1_646' title='bbox 2550 3607 2869 3673; x_wconf 86' lang='lat' dir='ltr'>magnifice</span> <span class='ocrx_word' id='word_1_647' title='bbox 2915 3611 2971 3660; x_wconf 92' lang='lat' dir='ltr'>et</span> <span class='ocrx_word' id='word_1_648' title='bbox 3001 3605 3284 3659; x_wconf 89' lang='lat' dir='ltr'>dilatatur</span> <span class='ocrx_word' id='word_1_649' title='bbox 3330 3602 3572 3673; x_wconf 89' lang='lat' dir='ltr'>amplis-</span> 
     </span>
    </p>
   </div>
   <div class='ocr_carea' id='block_1_103' title="bbox 1909 3691 3570 3763">
    <p class='ocr_par' dir='ltr' id='par_1_103' title="bbox 1909 3691 3570 3763">
     <span class='ocr_line' id='line_1_103' title="bbox 1909 3691 3570 3763; baseline -0.004 -12"><span class='ocrx_word' id='word_1_650' title='bbox 1909 3698 2076 3761; x_wconf 89' lang='lat' dir='ltr'>sime,</span> <span class='ocrx_word' id='word_1_651' title='bbox 2105 3697 2185 3750; x_wconf 87' lang='lat' dir='ltr'>ita</span> <span class='ocrx_word' id='word_1_652' title='bbox 2217 3695 2470 3749; x_wconf 91' lang='lat' dir='ltr'>nimium</span> <span class='ocrx_word' id='word_1_653' title='bbox 2505 3694 2807 3763; x_wconf 83' lang='lat' dir='ltr'>afﬂgimur</span> <span class='ocrx_word' id='word_1_654' title='bbox 2837 3700 2893 3750; x_wconf 89' lang='lat' dir='ltr'>ct</span> <span class='ocrx_word' id='word_1_655' title='bbox 2925 3693 3280 3749; x_wconf 89' lang='lat' dir='ltr'>tribulamur</span> <span class='ocrx_word' id='word_1_656' title='bbox 3327 3692 3399 3745; x_wconf 87' lang='lat' dir='ltr'>de</span> <span class='ocrx_word' id='word_1_657' title='bbox 3440 3691 3570 3761; x_wconf 87' lang='lat' dir='ltr'>ejus</span> 
     </span>
    </p>
   </div>
   <div class='ocr_carea' id='block_1_104' title="bbox 1907 3781 3568 3858">
    <p class='ocr_par' dir='ltr' id='par_1_104' title="bbox 1907 3781 3568 3858">
     <span class='ocr_line' id='line_1_104' title="bbox 1907 3781 3568 3858; baseline -0.005 -16"><span class='ocrx_word' id='word_1_658' title='bbox 1907 3786 2318 3858; x_wconf 86' lang='lat' dir='ltr'>oppressione,</span> <span class='ocrx_word' id='word_1_659' title='bbox 2354 3800 2533 3856; x_wconf 90' lang='lat' dir='ltr'>super</span> <span class='ocrx_word' id='word_1_660' title='bbox 2559 3801 2741 3856; x_wconf 88' lang='lat' dir='ltr'>quam</span> <span class='ocrx_word' id='word_1_661' title='bbox 2791 3783 3020 3838; x_wconf 86' lang='lat' dir='ltr'>crebior</span> <span class='ocrx_word' id='word_1_662' title='bbox 3067 3781 3568 3838; x_wconf 88' lang='lat' dir='ltr'>lamentationum</span> 
     </span>
    </p>
   </div>
   <div class='ocr_carea' id='block_1_105' title="bbox 1908 3865 3567 3946">
    <p class='ocr_par' dir='ltr' id='par_1_105' title="bbox 1908 3865 3567 3946">
     <span class='ocr_line' id='line_1_105' title="bbox 1908 3865 3567 3946; baseline -0.005 -18"><span class='ocrx_word' id='word_1_663' title='bbox 1908 3891 2103 3929; x_wconf 90' lang='lat' dir='ltr'>sermo</span> <span class='ocrx_word' id='word_1_664' title='bbox 2133 3874 2395 3946; x_wconf 86' lang='lat' dir='ltr'>perlatus</span> <span class='ocrx_word' id='word_1_665' title='bbox 2427 3878 2534 3928; x_wconf 92' lang='lat' dir='ltr'>est.</span> <span class='ocrx_word' id='word_1_666' title='bbox 2570 3877 2697 3928; x_wconf 86' lang='lat' dir='ltr'>Non</span> <span class='ocrx_word' id='word_1_667' title='bbox 2715 3876 3060 3944; x_wconf 89' lang='lat' dir='ltr'>oportuerat</span> <span class='ocrx_word' id='word_1_668' title='bbox 3079 3870 3327 3943; x_wconf 89' lang='lat' dir='ltr'>quidem</span> <span class='ocrx_word' id='word_1_669' title='bbox 3349 3868 3426 3923; x_wconf 91' lang='lat' dir='ltr'>ab</span> <span class='ocrx_word' id='word_1_670' title='bbox 3453 3865 3567 3920; x_wconf 89' lang='lat' dir='ltr'>illis</span> 
     </span>
    </p>
   </div>
   <div class='ocr_carea' id='block_1_106' title="bbox 1905 3956 3570 4036">
    <p class='ocr_par' dir='ltr' id='par_1_106' title="bbox 1905 3956 3570 4036">
     <span class='ocr_line' id='line_1_106' title="bbox 1905 3956 3570 4036; baseline -0.005 -18"><span class='ocrx_word' id='word_1_671' title='bbox 1905 3964 2126 4036; x_wconf 87' lang='lat' dir='ltr'>quibus</span> <span class='ocrx_word' id='word_1_672' title='bbox 2149 3962 2471 4017; x_wconf 85' lang='lat' dir='ltr'>sustentari</span> <span class='ocrx_word' id='word_1_673' title='bbox 2504 3967 2682 4034; x_wconf 91' lang='lat' dir='ltr'>atque</span> <span class='ocrx_word' id='word_1_674' title='bbox 2713 3961 2995 4017; x_wconf 86' lang='lat' dir='ltr'>honorari</span> <span class='ocrx_word' id='word_1_675' title='bbox 3025 3960 3334 4024; x_wconf 90' lang='lat' dir='ltr'>debuerat,</span> <span class='ocrx_word' id='word_1_676' title='bbox 3393 3956 3570 4012; x_wconf 88' lang='lat' dir='ltr'>tantis</span> 
     </span>
    </p>
   </div>
   <div class='ocr_carea' id='block_1_107' title="bbox 1907 4048 3570 4126">
    <p class='ocr_par' dir='ltr' id='par_1_107' title="bbox 1907 4048 3570 4126">
     <span class='ocr_line' id='line_1_107' title="bbox 1907 4048 3570 4126; baseline -0.003 -19"><span class='ocrx_word' id='word_1_677' title='bbox 1907 4070 2041 4108; x_wconf 89' lang='lat' dir='ltr'>eam</span> <span class='ocrx_word' id='word_1_678' title='bbox 2072 4053 2566 4126; x_wconf 86' lang='lat' dir='ltr'>Oppressionibus</span> <span class='ocrx_word' id='word_1_679' title='bbox 2599 4055 2863 4117; x_wconf 86' lang='lat' dir='ltr'>concuti;</span> <span class='ocrx_word' id='word_1_680' title='bbox 2888 4052 3143 4123; x_wconf 92' lang='lat' dir='ltr'>ideoque</span> <span class='ocrx_word' id='word_1_681' title='bbox 3160 4048 3570 4105; x_wconf 89' lang='lat' dir='ltr'>necessarium</span> 
     </span>
    </p>
   </div>
   <div class='ocr_carea' id='block_1_108' title="bbox 1907 4138 3572 4211">
    <p class='ocr_par' dir='ltr' id='par_1_108' title="bbox 1907 4138 3572 4211">
     <span class='ocr_line' id='line_1_108' title="bbox 1907 4138 3572 4211; baseline -0.004 -15"><span class='ocrx_word' id='word_1_682' title='bbox 1907 4148 1994 4196; x_wconf 88' lang='lat' dir='ltr'>est</span> <span class='ocrx_word' id='word_1_683' title='bbox 2023 4147 2105 4208; x_wconf 91' lang='lat' dir='ltr'>ut,</span> <span class='ocrx_word' id='word_1_684' title='bbox 2141 4143 2382 4197; x_wconf 86' lang='lat' dir='ltr'>remotis</span> <span class='ocrx_word' id='word_1_685' title='bbox 2422 4142 2631 4196; x_wconf 88' lang='lat' dir='ltr'>talium</span> <span class='ocrx_word' id='word_1_686' title='bbox 2689 4140 3295 4211; x_wconf 83' lang='lat' dir='ltr'>tergiversationibus,</span> <span class='ocrx_word' id='word_1_687' title='bbox 3351 4138 3572 4210; x_wconf 90' lang='lat' dir='ltr'>quibus</span> 
     </span>
    </p>
   </div>
   <div class='ocr_carea' id='block_1_109' title="bbox 1907 4228 3572 4288">
    <p class='ocr_par' dir='ltr' id='par_1_109' title="bbox 1907 4228 3572 4288">
     <span class='ocr_line' id='line_1_109' title="bbox 1907 4228 3572 4288; baseline -0.002 -1"><span class='ocrx_word' id='word_1_688' title='bbox 1907 4249 2208 4288; x_wconf 89' lang='lat' dir='ltr'>venenosa</span> <span class='ocrx_word' id='word_1_689' title='bbox 2235 4233 2459 4287; x_wconf 88' lang='lat' dir='ltr'>malitia</span> <span class='ocrx_word' id='word_1_690' title='bbox 2491 4232 2738 4286; x_wconf 88' lang='lat' dir='ltr'>revelari</span> <span class='ocrx_word' id='word_1_691' title='bbox 2771 4237 2827 4285; x_wconf 89' lang='lat' dir='ltr'>et</span> <span class='ocrx_word' id='word_1_692' title='bbox 2869 4230 3180 4285; x_wconf 90' lang='lat' dir='ltr'>obscurari</span> <span class='ocrx_word' id='word_1_693' title='bbox 3230 4228 3467 4282; x_wconf 91' lang='lat' dir='ltr'>bonitas</span> <span class='ocrx_word' id='word_1_694' title='bbox 3514 4231 3572 4283; x_wconf 85' lang='lat' dir='ltr'>et</span> 
     </span>
    </p>
   </div>
   <div class='ocr_carea' id='block_1_110' title="bbox 1907 4313 3570 4384">
    <p class='ocr_par' dir='ltr' id='par_1_110' title="bbox 1907 4313 3570 4384">
     <span class='ocr_line' id='line_1_110' title="bbox 1907 4313 3570 4384; baseline -0.005 -10"><span class='ocrx_word' id='word_1_695' title='bbox 1907 4322 2120 4375; x_wconf 88' lang='lat' dir='ltr'>veritas</span> <span class='ocrx_word' id='word_1_696' title='bbox 2157 4320 2322 4384; x_wconf 89' lang='lat' dir='ltr'>solet,</span> <span class='ocrx_word' id='word_1_697' title='bbox 2356 4319 2791 4373; x_wconf 89' lang='lat' dir='ltr'>adminiculum</span> <span class='ocrx_word' id='word_1_698' title='bbox 2828 4334 2950 4371; x_wconf 91' lang='lat' dir='ltr'>non</span> <span class='ocrx_word' id='word_1_699' title='bbox 2992 4315 3297 4371; x_wconf 90' lang='lat' dir='ltr'>modicum</span> <span class='ocrx_word' id='word_1_700' title='bbox 3341 4313 3570 4367; x_wconf 90' lang='lat' dir='ltr'>lamen-</span> 
     </span>
    </p>
   </div>
   <div class='ocr_carea' id='block_1_111' title="bbox 1908 4401 3569 4478">
    <p class='ocr_par' dir='ltr' id='par_1_111' title="bbox 1908 4401 3569 4478">
     <span class='ocr_line' id='line_1_111' title="bbox 1908 4401 3569 4478; baseline -0.007 -13"><span class='ocrx_word' id='word_1_701' title='bbox 1908 4409 2168 4465; x_wconf 87' lang='lat' dir='ltr'>tantibus</span> <span class='ocrx_word' id='word_1_702' title='bbox 2193 4409 2349 4477; x_wconf 90' lang='lat' dir='ltr'>juste</span> <span class='ocrx_word' id='word_1_703' title='bbox 2375 4408 2777 4478; x_wconf 89' lang='lat' dir='ltr'>impendatur,</span> <span class='ocrx_word' id='word_1_704' title='bbox 2814 4410 2993 4477; x_wconf 88' lang='lat' dir='ltr'>atque</span> <span class='ocrx_word' id='word_1_705' title='bbox 3022 4405 3099 4460; x_wconf 89' lang='lat' dir='ltr'>ab</span> <span class='ocrx_word' id='word_1_706' title='bbox 3127 4401 3458 4476; x_wconf 88' lang='lat' dir='ltr'>apostolica</span> <span class='ocrx_word' id='word_1_707' title='bbox 3481 4416 3569 4454; x_wconf 91' lang='lat' dir='ltr'>se-</span> 
     </span>
    </p>
   </div>
   <div class='ocr_carea' id='block_1_112' title="bbox 1905 4486 3570 4566">
    <p class='ocr_par' dir='ltr' id='par_1_112' title="bbox 1905 4486 3570 4566">
     <span class='ocr_line' id='line_1_112' title="bbox 1905 4486 3570 4566; baseline -0.008 -14"><span class='ocrx_word' id='word_1_708' title='bbox 1905 4499 1979 4552; x_wconf 84' lang='lat' dir='ltr'>de</span> <span class='ocrx_word' id='word_1_709' title='bbox 2011 4497 2386 4565; x_wconf 74' lang='lat' dir='ltr'>suffragetur,</span> <span class='ocrx_word' id='word_1_710' title='bbox 2420 4512 2574 4566; x_wconf 91' lang='lat' dir='ltr'>quos</span> <span class='ocrx_word' id='word_1_711' title='bbox 2606 4512 2711 4566; x_wconf 91' lang='lat' dir='ltr'>per</span> <span class='ocrx_word' id='word_1_712' title='bbox 2743 4494 3012 4549; x_wconf 85' lang='lat' dir='ltr'>divinam</span> <span class='ocrx_word' id='word_1_713' title='bbox 3057 4493 3310 4563; x_wconf 85' lang='lat' dir='ltr'>gratiam</span> <span class='ocrx_word' id='word_1_714' title='bbox 3353 4486 3570 4545; x_wconf 80' lang='lat' dir='ltr'>Christi</span> 
     </span>
    </p>
   </div>
   <div class='ocr_carea' id='block_1_113' title="bbox 1905 4578 3566 4655">
    <p class='ocr_par' dir='ltr' id='par_1_113' title="bbox 1905 4578 3566 4655">
     <span class='ocr_line' id='line_1_113' title="bbox 1905 4578 3566 4655; baseline -0.007 -13"><span class='ocrx_word' id='word_1_715' title='bbox 1905 4587 2124 4643; x_wconf 80' lang='lat' dir='ltr'>auxilio</span> <span class='ocrx_word' id='word_1_716' title='bbox 2150 4585 2404 4654; x_wconf 82' lang='lat' dir='ltr'>dignum</span> <span class='ocrx_word' id='word_1_717' title='bbox 2434 4591 2522 4639; x_wconf 90' lang='lat' dir='ltr'>est</span> <span class='ocrx_word' id='word_1_718' title='bbox 2550 4584 2845 4655; x_wconf 86' lang='lat' dir='ltr'>adjuvari,</span> <span class='ocrx_word' id='word_1_719' title='bbox 2874 4600 3019 4639; x_wconf 90' lang='lat' dir='ltr'>neve</span> <span class='ocrx_word' id='word_1_720' title='bbox 3070 4583 3246 4637; x_wconf 88' lang='lat' dir='ltr'>totius</span> <span class='ocrx_word' id='word_1_721' title='bbox 3294 4578 3566 4634; x_wconf 75' lang='lat' dir='ltr'>Ecclesiae</span> 
     </span>
    </p>
   </div>
   <div class='ocr_carea' id='block_1_114' title="bbox 1905 4754 3566 4836">
    <p class='ocr_par' dir='ltr' id='par_1_114' title="bbox 1905 4754 3566 4836">
     <span class='ocr_line' id='line_1_114' title="bbox 1905 4754 3566 4836; baseline -0.007 -16"><span class='ocrx_word' id='word_1_722' title='bbox 1905 4763 2389 4836; x_wconf 81' lang='lat' dir='ltr'>canonizationes</span> <span class='ocrx_word' id='word_1_723' title='bbox 2419 4762 2646 4836; x_wconf 81' lang='lat' dir='ltr'>fierent,</span> <span class='ocrx_word' id='word_1_724' title='bbox 2679 4777 2781 4836; x_wconf 83' lang='lat' dir='ltr'>eas</span> <span class='ocrx_word' id='word_1_725' title='bbox 2814 4774 2936 4814; x_wconf 92' lang='lat' dir='ltr'>non</span> <span class='ocrx_word' id='word_1_726' title='bbox 2986 4758 3101 4836; x_wconf 84' lang='lat' dir='ltr'>nisi</span> <span class='ocrx_word' id='word_1_727' title='bbox 3133 4754 3566 4836; x_wconf 68' lang='lat' dir='ltr'>comprobante</span> 
     </span>
    </p>
   </div>
   <div class='ocr_carea' id='block_1_115' title="bbox 1907 4827 3568 4906">
    <p class='ocr_par' dir='ltr' id='par_1_115' title="bbox 1907 4827 3568 4906">
     <span class='ocr_line' id='line_1_115' title="bbox 1907 4827 3568 4906; baseline -0.007 -16"><span class='ocrx_word' id='word_1_728' title='bbox 1907 4835 2165 4904; x_wconf 87' lang='lat' dir='ltr'>generali</span> <span class='ocrx_word' id='word_1_729' title='bbox 2199 4833 2434 4906; x_wconf 80' lang='lat' dir='ltr'>synodo</span> <span class='ocrx_word' id='word_1_730' title='bbox 2463 4833 2700 4906; x_wconf 84' lang='lat' dir='ltr'>decerni</span> <span class='ocrx_word' id='word_1_731' title='bbox 2728 4830 3135 4906; x_wconf 77' lang='lat' dir='ltr'>consuevisse,</span> <span class='ocrx_word' id='word_1_732' title='bbox 3187 4827 3363 4906; x_wconf 63' lang='lat' dir='ltr'>tradit</span> <span class='ocrx_word' id='word_1_733' title='bbox 3407 4827 3568 4880; x_wconf 86' lang='lat' dir='ltr'>Chri-</span> 
     </span>
    </p>
   </div>
   <div class='ocr_carea' id='block_1_116' title="bbox 1907 4903 3566 5025">
    <p class='ocr_par' dir='ltr' id='par_1_116' title="bbox 1907 4903 3566 5025">
     <span class='ocr_line' id='line_1_116' title="bbox 1907 4903 3566 5025; baseline -0.008 -63"><span class='ocrx_word' id='word_1_734' title='bbox 1907 4907 2134 4962; x_wconf 87' lang='lat' dir='ltr'>stianus</span> <span class='ocrx_word' id='word_1_735' title='bbox 2170 4903 2367 4976; x_wconf 81' lang='lat' dir='ltr'>Lupus</span> <span class='ocrx_word' id='word_1_736' title='bbox 2398 4904 2769 4960; x_wconf 87' lang='lat' dir='ltr'>Scholiorum</span> <span class='ocrx_word' id='word_1_737' title='bbox 2800 4909 2941 4957; x_wconf 91' lang='lat' dir='ltr'>tom.</span> <span class='ocrx_word' id='word_1_738' title='bbox 2975 4903 3061 4966; x_wconf 84' lang='grc' dir='ltr'>ΙΙΙ,</span> <span class='ocrx_word' id='word_1_739' title='bbox 3199 4903 3322 4967; x_wconf 71' lang='grc'>569,</span> <span class='ocrx_word' id='word_1_740' title='bbox 3376 4911 3566 4968; x_wconf 90' lang='lat' dir='ltr'>usque</span> 
     </span>
     <span class='ocr_line' id='line_1_117' title="bbox 1907 4968 3565 5025; baseline -0.002 0"><span class='ocrx_word' id='word_1_741' title='bbox 1907 4979 2050 5025; x_wconf 85' lang='lat' dir='ltr'>rlnm</span> <span class='ocrx_word' id='word_1_742' title='bbox 2081 4977 2375 5025; x_wconf 69' lang='lat' dir='ltr'>Eumenius</span> <span class='ocrx_word' id='word_1_743' title='bbox 2412 4980 2474 5025; x_wconf 91' lang='grc'><strong>111</strong></span> <span class='ocrx_word' id='word_1_744' title='bbox 2509 4975 2739 5025; x_wconf 75' lang='lat' dir='ltr'>primus</span> <span class='ocrx_word' id='word_1_745' title='bbox 2773 4974 2897 5025; x_wconf 91' lang='lat' dir='ltr'>sine</span> <span class='ocrx_word' id='word_1_746' title='bbox 2929 4973 3091 5025; x_wconf 88' lang='lat' dir='ltr'>consi</span> <span class='ocrx_word' id='word_1_747' title='bbox 3121 4973 3175 5025; x_wconf 90' lang='lat' dir='ltr'>io</span> <span class='ocrx_word' id='word_1_748' title='bbox 3199 4970 3260 5024; x_wconf 89' lang='lat' dir='ltr'>in</span> <span class='ocrx_word' id='word_1_749' title='bbox 3295 4968 3423 5024; x_wconf 88' lang='lat' dir='ltr'>solo</span> <span class='ocrx_word' id='word_1_750' title='bbox 3456 4983 3565 5022; x_wconf 90' lang='lat' dir='ltr'>suo</span> 
     </span>
    </p>
   </div>
   <div class='ocr_carea' id='block_1_117' title="bbox 1905 4968 3565 5046">
    <p class='ocr_par' dir='ltr' id='par_1_117' title="bbox 1905 4968 3565 5046">
     <span class='ocr_line' id='line_1_118' title="bbox 1905 4968 3565 5046; baseline -0.005 -15"><span class='ocrx_word' id='word_1_751' title='bbox 1905 4979 2051 5032; x_wconf 90' lang='lat' dir='ltr'>dum</span> <span class='ocrx_word' id='word_1_752' title='bbox 2081 4968 2375 5043; x_wconf 78' lang='lat' dir='ltr'>Eugenius</span> <span class='ocrx_word' id='word_1_753' title='bbox 2412 4980 2475 5029; x_wconf 88' lang='lat' dir='ltr'>Ill</span> <span class='ocrx_word' id='word_1_754' title='bbox 2509 4975 2739 5046; x_wconf 88' lang='lat' dir='ltr'>primus</span> <span class='ocrx_word' id='word_1_755' title='bbox 2773 4974 2897 5046; x_wconf 89' lang='lat' dir='ltr'>sine</span> <span class='ocrx_word' id='word_1_756' title='bbox 2929 4968 3175 5046; x_wconf 87' lang='lat' dir='ltr'>consilio</span> <span class='ocrx_word' id='word_1_757' title='bbox 3199 4970 3260 5024; x_wconf 90' lang='lat' dir='ltr'>in</span> <span class='ocrx_word' id='word_1_758' title='bbox 3295 4968 3423 5046; x_wconf 89' lang='lat' dir='ltr'>so_lo</span> <span class='ocrx_word' id='word_1_759' title='bbox 3456 4983 3565 5046; x_wconf 80' lang='lat' dir='ltr'>suo</span> 
     </span>
    </p>
   </div>
   <div class='ocr_carea' id='block_1_118' title="bbox 1907 5038 3567 5113">
    <p class='ocr_par' dir='ltr' id='par_1_118' title="bbox 1907 5038 3567 5113">
     <span class='ocr_line' id='line_1_119' title="bbox 1907 5038 3567 5113; baseline -0.008 -8"><span class='ocrx_word' id='word_1_760' title='bbox 1907 5038 2258 5104; x_wconf 82' lang='lat' dir='ltr'>consistorio</span> <span class='ocrx_word' id='word_1_761' title='bbox 2290 5038 2660 5101; x_wconf 65' lang='lat' dir='ltr'>canoniiavit</span> <span class='ocrx_word' id='word_1_762' title='bbox 2705 5048 2758 5100; x_wconf 89' lang='lat' dir='ltr'>S.</span> <span class='ocrx_word' id='word_1_763' title='bbox 2796 5045 3114 5098; x_wconf 89' lang='lat' dir='ltr'>Henricum</span> <span class='ocrx_word' id='word_1_764' title='bbox 3146 5043 3290 5113; x_wconf 92' lang='lat' dir='ltr'>imp.</span> <span class='ocrx_word' id='word_1_765' title='bbox 3342 5041 3416 5094; x_wconf 90' lang='lat' dir='ltr'>de</span> <span class='ocrx_word' id='word_1_766' title='bbox 3448 5038 3567 5109; x_wconf 88' lang='lat' dir='ltr'>ple-</span> 
     </span>
    </p>
   </div>
   <div class='ocr_carea' id='block_1_119' title="bbox 1906 5113 3567 5192">
    <p class='ocr_par' dir='ltr' id='par_1_119' title="bbox 1906 5113 3567 5192">
     <span class='ocr_line' id='line_1_120' title="bbox 1906 5113 3567 5192; baseline -0.007 -17"><span class='ocrx_word' id='word_1_767' title='bbox 1906 5121 2173 5192; x_wconf 88' lang='lat' dir='ltr'>nitudine</span> <span class='ocrx_word' id='word_1_768' title='bbox 2207 5119 2530 5190; x_wconf 86' lang='lat' dir='ltr'>potestatis,</span> <span class='ocrx_word' id='word_1_769' title='bbox 2565 5118 2676 5192; x_wconf 85' lang='lat' dir='ltr'>hac</span> <span class='ocrx_word' id='word_1_770' title='bbox 2709 5133 2852 5192; x_wconf 83' lang='lat' dir='ltr'>usus</span> <span class='ocrx_word' id='word_1_771' title='bbox 2892 5115 3117 5192; x_wconf 87' lang='lat' dir='ltr'>ratione</span> <span class='ocrx_word' id='word_1_772' title='bbox 3147 5113 3308 5185; x_wconf 89' lang='lat' dir='ltr'>quod</span> <span class='ocrx_word' id='word_1_773' title='bbox 3331 5114 3567 5192; x_wconf 49' lang='lat' dir='ltr'>&quot;Roma-</span> 
     </span>
    </p>
   </div>
   <div class='ocr_carea' id='block_1_120' title="bbox 1905 5182 3566 5246">
    <p class='ocr_par' dir='ltr' id='par_1_120' title="bbox 1905 5182 3566 5246">
     <span class='ocr_line' id='line_1_121' title="bbox 1905 5182 3566 5246; baseline -0.007 0"><span class='ocrx_word' id='word_1_774' title='bbox 1905 5209 1997 5246; x_wconf 78' lang='lat' dir='ltr'>me</span> <span class='ocrx_word' id='word_1_775' title='bbox 2051 5182 2318 5244; x_wconf 58' lang='lat' dir='ltr'>Ecclesiae</span> <span class='ocrx_word' id='word_1_776' title='bbox 2374 5189 2692 5244; x_wconf 88' lang='lat' dir='ltr'>auctoritas</span> <span class='ocrx_word' id='word_1_777' title='bbox 2752 5188 2823 5242; x_wconf 92' lang='lat' dir='ltr'>sit</span> <span class='ocrx_word' id='word_1_778' title='bbox 2859 5187 3130 5241; x_wconf 92' lang='lat' dir='ltr'>omnium</span> <span class='ocrx_word' id='word_1_779' title='bbox 3168 5182 3566 5238; x_wconf 78' lang='lat' dir='ltr'>conciliorum</span> 
     </span>
    </p>
   </div>
   <div class='ocr_carea' id='block_1_121' title="bbox 1908 5254 3562 5317">
    <p class='ocr_par' dir='ltr' id='par_1_121' title="bbox 1908 5254 3562 5317">
     <span class='ocr_line' id='line_1_122' title="bbox 1908 5254 3562 5317; baseline -0.005 0"><span class='ocrx_word' id='word_1_780' title='bbox 1908 5263 2389 5317; x_wconf 88' lang='lat' dir='ltr'>fundamentum.</span> <span class='ocrx_word' id='word_1_781' title='bbox 2422 5261 2544 5315; x_wconf 85' lang='lat' dir='ltr'>Vid.</span> <span class='ocrx_word' id='word_1_782' title='bbox 2575 5260 2801 5314; x_wconf 88' lang='lat' dir='ltr'>bullam</span> <span class='ocrx_word' id='word_1_783' title='bbox 2833 5255 3302 5312; x_wconf 88' lang='lat' dir='ltr'>canonizationis</span> <span class='ocrx_word' id='word_1_784' title='bbox 3327 5255 3386 5309; x_wconf 90' lang='lat' dir='ltr'>in</span> <span class='ocrx_word' id='word_1_785' title='bbox 3416 5254 3562 5308; x_wconf 81' lang='lat' dir='ltr'>Bull.</span> 
     </span>
    </p>
   </div>
   <div class='ocr_carea' id='block_1_122' title="bbox 1908 5325 3565 5404">
    <p class='ocr_par' dir='ltr' id='par_1_122' title="bbox 1908 5325 3565 5404">
     <span class='ocr_line' id='line_1_123' title="bbox 1908 5325 3565 5404; baseline -0.006 -15"><span class='ocrx_word' id='word_1_786' title='bbox 1908 5337 1975 5390; x_wconf 84' lang='lat' dir='ltr'>M.</span> <span class='ocrx_word' id='word_1_787' title='bbox 2009 5336 2176 5387; x_wconf 85' lang='lat' dir='ltr'>Rom.</span> <span class='ocrx_word' id='word_1_788' title='bbox 2211 5333 2323 5387; x_wconf 93' lang='lat' dir='ltr'>loc.</span> <span class='ocrx_word' id='word_1_789' title='bbox 2353 5332 2446 5404; x_wconf 79' lang='lat' dir='ltr'>cit.</span> <span class='ocrx_word' id='word_1_790' title='bbox 2482 5349 2541 5404; x_wconf 92' lang='lat' dir='ltr'>p.</span> <span class='ocrx_word' id='word_1_791' title='bbox 2572 5335 2658 5386; x_wconf 83' lang='lat' dir='ltr'>3t.</span> <span class='ocrx_word' id='word_1_792' title='bbox 2699 5334 2775 5404; x_wconf 60' lang='lat' dir='ltr'>Es</span> <span class='ocrx_word' id='word_1_793' title='bbox 2796 5345 2917 5404; x_wconf 82' lang='lat' dir='ltr'>quo</span> <span class='ocrx_word' id='word_1_794' title='bbox 2949 5334 3215 5400; x_wconf 88' lang='lat' dir='ltr'>tempore</span> <span class='ocrx_word' id='word_1_795' title='bbox 3255 5325 3565 5404; x_wconf 85' lang='lat' dir='ltr'>pontifices</span> 
     </span>
    </p>
   </div>
   <div class='ocr_carea' id='block_1_123' title="bbox 1909 5400 3618 5474">
    <p class='ocr_par' dir='ltr' id='par_1_123' title="bbox 1909 5400 3618 5474">
     <span class='ocr_line' id='line_1_124' title="bbox 1909 5400 3618 5474; baseline -0.004 -16"><span class='ocrx_word' id='word_1_796' title='bbox 1909 5404 2020 5459; x_wconf 90' lang='lat' dir='ltr'>sibi</span> <span class='ocrx_word' id='word_1_797' title='bbox 2044 5405 2200 5459; x_wconf 87' lang='lat' dir='ltr'>hanc</span> <span class='ocrx_word' id='word_1_798' title='bbox 2225 5400 2638 5459; x_wconf 77' lang='lat' dir='ltr'>auctoritatem</span> <span class='ocrx_word' id='word_1_799' title='bbox 2668 5400 2955 5474; x_wconf 81' lang='lat' dir='ltr'>privative</span> <span class='ocrx_word' id='word_1_800' title='bbox 2993 5403 3408 5474; x_wconf 69' lang='lat' dir='ltr'>reservarunt;</span> <span class='ocrx_word' id='word_1_801' title='bbox 3444 5403 3568 5454; x_wconf 91' lang='lat' dir='ltr'>tan-</span> <span class='ocrx_word' id='word_1_802' title='bbox 3615 5413 3618 5416; x_wconf 83' lang='lat'>&#39;</span> 
     </span>
    </p>
   </div>
   <div class='ocr_carea' id='block_1_124' title="bbox 1909 5470 3564 5546">
    <p class='ocr_par' dir='ltr' id='par_1_124' title="bbox 1909 5470 3564 5546">
     <span class='ocr_line' id='line_1_125' title="bbox 1909 5470 3564 5546; baseline -0.003 -17"><span class='ocrx_word' id='word_1_803' title='bbox 1909 5476 2169 5546; x_wconf 90' lang='lat' dir='ltr'>demque</span> <span class='ocrx_word' id='word_1_804' title='bbox 2199 5474 2592 5546; x_wconf 57' lang='lat' dir='ltr'>generaliter,</span> <span class='ocrx_word' id='word_1_805' title='bbox 2621 5470 2692 5546; x_wconf 7' lang='lat' dir='ltr'>et,</span> <span class='ocrx_word' id='word_1_806' title='bbox 2730 5473 2807 5528; x_wconf 84' lang='lat' dir='ltr'>al)</span> <span class='ocrx_word' id='word_1_807' title='bbox 2839 5472 3126 5546; x_wconf 85' lang='lat' dir='ltr'>omnibus</span> <span class='ocrx_word' id='word_1_808' title='bbox 3167 5470 3442 5546; x_wconf 86' lang='lat' dir='ltr'>Ecclesiis</span> <span class='ocrx_word' id='word_1_809' title='bbox 3474 5487 3564 5524; x_wconf 85' lang='lat' dir='ltr'>re-</span> 
     </span>
    </p>
   </div>
   <div class='ocr_carea' id='block_1_125' title="bbox 1910 5543 3563 5621">
    <p class='ocr_par' dir='ltr' id='par_1_125' title="bbox 1910 5543 3563 5621">
     <span class='ocr_line' id='line_1_126' title="bbox 1910 5543 3563 5621; baseline -0.003 -20"><span class='ocrx_word' id='word_1_810' title='bbox 1910 5543 2092 5617; x_wconf 62' lang='lat' dir='ltr'>cepta</span> <span class='ocrx_word' id='word_1_811' title='bbox 2114 5546 2218 5621; x_wconf 80' lang='lat' dir='ltr'>fuit</span> <span class='ocrx_word' id='word_1_812' title='bbox 2256 5544 2737 5621; x_wconf 23' lang='lat' dir='ltr'>lnec‘pontificia</span> <span class='ocrx_word' id='word_1_813' title='bbox 2784 5543 3126 5621; x_wconf 75' lang='lat' dir='ltr'>reservatio,</span> <span class='ocrx_word' id='word_1_814' title='bbox 3182 5544 3563 5621; x_wconf 72' lang='lat' dir='ltr'>potissimum</span> 
     </span>
    </p>
   </div>
   <div class='ocr_carea' id='block_1_126' title="bbox 1911 5614 3564 5685">
    <p class='ocr_par' dir='ltr' id='par_1_126' title="bbox 1911 5614 3564 5685">
     <span class='ocr_line' id='line_1_127' title="bbox 1911 5614 3564 5685; baseline -0.004 -14"><span class='ocrx_word' id='word_1_815' title='bbox 1911 5614 2256 5672; x_wconf 78' lang='lat' dir='ltr'>auctoritate</span> <span class='ocrx_word' id='word_1_816' title='bbox 2316 5614 2636 5684; x_wconf 79' lang='lat' dir='ltr'>cujusdam</span> <span class='ocrx_word' id='word_1_817' title='bbox 2685 5615 2996 5670; x_wconf 89' lang='lat' dir='ltr'>decretalis</span> <span class='ocrx_word' id='word_1_818' title='bbox 3051 5614 3311 5685; x_wconf 79' lang='lat' dir='ltr'>Gregorii</span> <span class='ocrx_word' id='word_1_819' title='bbox 3373 5616 3452 5678; x_wconf 81' lang='lat' dir='ltr'>IX,</span> <span class='ocrx_word' id='word_1_820' title='bbox 3504 5614 3564 5665; x_wconf 92' lang='lat' dir='ltr'>in</span> 
     </span>
    </p>
   </div>
   <div class='ocr_carea' id='block_1_127' title="bbox 1911 5689 3293 5760">
    <p class='ocr_par' dir='ltr' id='par_1_127' title="bbox 1911 5689 3293 5760">
     <span class='ocr_line' id='line_1_128' title="bbox 1911 5689 3293 5760; baseline -0.004 -16"><span class='ocrx_word' id='word_1_821' title='bbox 1911 5705 2040 5760; x_wconf 87' lang='lat' dir='ltr'>cap.</span> <span class='ocrx_word' id='word_1_822' title='bbox 2080 5694 2128 5752; x_wconf 87' lang='lat' dir='ltr'>t,</span> <span class='ocrx_word' id='word_1_823' title='bbox 2157 5706 2213 5752; x_wconf 84' lang='lat' dir='ltr'>x,</span> <span class='ocrx_word' id='word_1_824' title='bbox 2249 5691 2327 5743; x_wconf 90' lang='lat' dir='ltr'>De</span> <span class='ocrx_word' id='word_1_825' title='bbox 2348 5689 2516 5758; x_wconf 82' lang='lat' dir='ltr'>reliq.</span> <span class='ocrx_word' id='word_1_826' title='bbox 2553 5695 2604 5742; x_wconf 87' lang='lat' dir='ltr'>et</span> <span class='ocrx_word' id='word_1_827' title='bbox 2633 5694 2896 5744; x_wconf 81' lang='lat' dir='ltr'>venerat.</span> <span class='ocrx_word' id='word_1_828' title='bbox 2930 5694 3293 5744; x_wconf 85' lang='lat' dir='ltr'>sanctorum.</span> 
     </span>
    </p>
   </div>
   <div class='ocr_carea' id='block_1_128' title="bbox 1982 5759 2706 5832">
    <p class='ocr_par' dir='ltr' id='par_1_128' title="bbox 1982 5759 2706 5832">
     <span class='ocr_line' id='line_1_129' title="bbox 1982 5759 2706 5832; baseline 0.008 -23"><span class='ocrx_word' id='word_1_829' title='bbox 1982 5759 2055 5829; x_wconf 67' lang='grc' dir='ltr'>(ὅ)</span> <span class='ocrx_word' id='word_1_830' title='bbox 2099 5761 2188 5816; x_wconf 90' lang='lat' dir='ltr'>Sic</span> <span class='ocrx_word' id='word_1_831' title='bbox 2219 5760 2280 5815; x_wconf 88' lang='lat' dir='ltr'>in</span> <span class='ocrx_word' id='word_1_832' title='bbox 2309 5759 2706 5832; x_wconf 91' lang='lat' dir='ltr'>autographo.</span> 
     </span>
    </p>
   </div>
  </div>
