3836 6426
383 284 519 346 1363
1715 282 1898 337 BENE

2233 282 2427 336 .‘APzE.
3662 277 3748 335 liii

380 412 825 487 perturbatione
854 411 1201 484 imprudens
1229 409 1527 482 praecedat
1553 405 1816 472 intentio,
1868 408 1923 458 et
1951 417 2021 457 ea
2052 404 2097 457 Α
2140 405 2606 484 contradictione
2656 404 2786 476 ipse
2830 403 3045 474 suique
3090 414 3487 457 successores
3535 401 3749 458 eamdem

382 517 517 575 quae
546 517 581 557 a
612 501 829 556 sanctis
858 498 1393 572 prmtiecessoribus
1429 496 1645 552 nostris
1683 500 1741 551 et
1784 490 2024 563 reliquis
2136 493 2594 563 patriarchalem
2625 494 2831 549 sedem
2862 507 3001 546 cum
3032 490 3332 546 omnibus
3369 488 3501 544 suis
3524 490 3750 560 pertinec

385 590 605 646 sanctis
652 589 883 644 dudum
928 589 1161 643 fuerant
1207 586 1524 659 prohibita,
1568 586 1766 640 denuo
1819 580 2027 637 revivi-

389 683 576 735 scant.
606 677 770 733 Sedis
797 688 1062 749 namque
1091 679 1313 732 nostrae
1358 676 1830 731 consideratione
1873 686 2030 726 com-

387 767 680 841 pellimur,
713 779 782 821 ea
812 776 947 838 quas
976 764 1055 821 ad
1078 765 1384 821 notionem
1408 770 1675 820 nostram
1706 760 2030 818 emendan=

387 858 467 913 de
494 859 911 929 pervenerunt,
942 859 1184 927 propter
1209 857 1393 910 Deum
1421 870 1543 910 non
1563 853 1916 925 relinquere,
1929 849 2032 904 sed

387 946 572 1015 digna
621 945 1038 1001 emendatione
1086 944 1395 1014 corrigere.
1452 946 1518 999 Et
1562 944 1609 999 si
1653 938 2034 997 saecularibus

397 1031 607 1087 ofﬁciis
636 1031 786 1087 ordo
814 1034 1039 1100 suus,et
1066 1032 1283 1087 tradita
1312 1046 1349 1087 a
1373 1030 1703 1102 majoribus
1725 1024 2038 1098 disciplina

392 1120 689 1177 servanda
717 1124 821 1187 est,
848 1120 982 1192 quis
1008 1120 1157 1176 ferat
1193 1119 1616 1176 ecclesiasticos
1671 1117 1911 1173 ordines
1962 1118 2040 1169 te-

392 1210 608 1266 merari
632 1225 700 1266 ac
731 1210 1194 1281 praesumptione
1222 1209 1554 1264 confundi?
1600 1210 1703 1263 aut
1748 1206 1829 1261 ita
1856 1203 2039 1273 negli-

394 1313 529 1369 gere
558 1302 613 1353 et
638 1297 1017 1353 emendanda
1034 1310 1154 1352 non
1172 1314 1349 1370 Opem
1378 1296 1619 1352 ferendo
1643 1292 2039 1367 postponere?

396 1388 768 1457 Quaprdpter
792 1384 1073 1439 omnibus
1097 1386 1151 1440 S.
1187 1384 1284 1439 Dei
1332 1384 1600 1439 Ecclesiae
1647 1383 1780 1437 ﬁliis
1830 1385 2040 1436 notum

394 1489 519 1531 esse
550 1472 830 1528 volumus
860 1473 1025 1546 quod
1055 1473 1399 1529 detestabile
1425 1473 1594 1528 nefas
1628 1475 1892 1543 tempore
1939 1485 2043 1525 no-

396 1562 496 1618 stri
524 1562 854 1617 decessoris
881 1562 1126 1618 Joannis
1176 1578 1350 1634 papae
1397 1578 1435 1618 a
1477 1564 1761 1633 Poppone
1807 1559 2043 1628 Foroju-

393 1650 560 1706 liensi
589 1649 862 1722 prmsule,
892 1649 1133 1705 diabolo
1165 1649 1471 1718 suadente,
1501 1654 1699 1704 actum
1729 1653 1818 1703 est
1844 1647 2044 1703 adver-

2138 581 2228 636 tiis
2253 586 2550 657 perpetuis
2578 583 2928 655 possideant
2956 579 3359 653 temporibus.
3383 579 3748 650 Popponivero

2137 671 2451 743 epistolam
2485 672 2719 741 direxit,
2751 675 2815 726 ut
2845 675 3061 726 cuncta
3087 669 3294 726 ablata
3321 667 3445 723 sub
3484 667 3650 724 trium
3668 685 3750 740 per

2140 777 2425 817 sonarum
2488 764 2864 818 sacramento
2914 760 3206 815 Gradensi
3252 757 3616 814 Patriarchie
3644 760 3747 813 rest-

2142 854 2346 906 tueret.
2382 851 2552 916 Quod
2579 866 2701 906 non
2732 849 2926 905 solum
2948 864 3073 904 non
3094 845 3483 919 adimplevit,
3508 846 3610 902 sed
3629 848 3750 902 etiam

2143 942 2347 993 contra
2377 937 2644 993 divinum
2673 938 2773 1008 jus
2804 939 2858 992 et
2883 937 2979 993 SS.
3013 938 3257 992 Patrum
3290 933 3552 1003 sancite,
3601 934 3750 1005 quibit

2144 1027 2316 1082 sdam
2372 1027 2686 1082 inhoneste
2740 1026 2850 1082 sibi
2911 1023 3396 1094 suffragantibus
3439 1022 3750 1095 privilegium

2147 1115 2550 1170 fraudulenter
2575 1114 2919 1188 impetravit
2961 1114 3035 1169 de
3067 1113 3400 1169 stabilitate
3454 1128 3573 1167 sine
3622 1112 3750 1167 Eccle-

2147 1204 2266 1273 siae,
2300 1208 2356 1258 et
2382 1203 2697 1259 Gradensis
2720 1202 3158 1276 patriarchatus
3191 1201 3589 1271 subjectione.
3604 1202 3689 1266 Qui
3706 1204 3748 1254 at

2148 1292 2456 1347 cumulum
2486 1309 2607 1347 sum
2637 1290 3044 1346 damnationis
3073 1290 3312 1346 addens
3342 1304 3587 1362 quoque
3604 1289 3750 1361 iniqui

2148 1384 2325 1435 tatem
2357 1396 2536 1452 super
2560 1380 2955 1450 iniquitatem,
2984 1383 3193 1433 nostro
3216 1378 3408 1433 etiam
3431 1383 3678 1449 tempore
3693 1378 3751 1431 ite

2150 1485 2283 1522 rum
2313 1468 2674 1523 Gradensem
2703 1468 2999 1523 civitatem
3030 1467 3235 1522 furtim
3288 1466 3627 1535 ingrediens
3659 1482 3751 1521 cae

2150 1557 2257 1612 ctis
2277 1556 2679 1612 abominabile
2708 1556 2769 1610 in
2801 1571 2871 1610 ea
2902 1554 3205 1610 commisit
3256 1553 3580 1623 ﬂagitium,
3621 1559 3750 1609 totam

2151 1644 2420 1701 videlicet
2449 1645 2745 1700 civitatem
2775 1660 2913 1699 cum
2952 1643 3217 1699 ecclesiis
3266 1643 3559 1711 incendit,
3603 1642 3749 1697 altam

398 1755 496 1794 sus
529 1741 818 1795 Ursonem
850 1738 1169 1794 Gradensis
1218 1738 1483 1794 Ecclesiae
1545 1753 1716 1792 novre
1764 1736 2043 1808 Aquileiae
2072 1753 2115 1807 Β
2155 1734 2457 1803 confregit,
2489 1735 2799 1789 thesauros
2830 1732 3095 1801 abstulit,
3130 1736 3187 1787 et
3226 1732 3534 1804 quidquid
3570 1732 3639 1788 ab
3662 1732 3748 1800 igne

395 1826 796 1899 patriarcham
826 1844 837 1892 ;
870 1826 1191 1898 prmdictus
1246 1825 1491 1898 quidem
1540 1829 1743 1896 Poppo
1791 1824 2047 1879 Graden-

399 1924 527 1970 sem
555 1915 852 1971 civitatem
877 1914 1084 1970 adiens
1112 1914 1518 1970 fraudulenter
1538 1930 1675 1969 eam
1705 1913 1940 1981 invasit,
1963 1914 2048 1967 in.

396 2016 730 2075 vasamque
762 2002 1068 2072 gentilium
1115 2018 1282 2057 more
1312 2001 1720 2075 depopulavit,
1772 2000 2049 2056 ecclesias

398 2091 659 2157 violavit,
690 2091 902 2147 altaria
931 2091 1121 2161 fregit,
1140 2092 1452 2147 thesauros
1473 2089 1733 2158 abstulit,
1758 2094 2051 2144 monasteé

398 2181 487 2236 ria
514 2180 820 2248 destruxit,
853 2184 909 2235 et
935 2180 1009 2233 de
1040 2180 1217 2236 tantis
1246 2195 1367 2234 non
1416 2179 1770 2234 erubescens
1814 2177 2051 2245 ﬂagitiis

399 2270 645 2340 insuper
668 2269 824 2324 hanc
854 2269 1248 2340 apostolicam
1278 2268 1482 2324 sedem
1511 2268 1633 2323 suis
1667 2268 1830 2339 petiit
1874 2267 2052 2322 simu«

400 2357 744 2426 lationibus,
801 2372 1055 2429 poscens
1117 2357 1193 2412 ab
1242 2373 1313 2412 ea
1352 2373 1458 2428 per
1506 2373 1645 2411 suos
1675 2356 1915 2411 nuntios
1941 2354 2049 2410 sibi

401 2445 778 2518 privilegium
809 2445 935 2500 ﬁeri
975 2446 1331 2501 nominatim
1380 2446 1453 2500 de
1498 2445 1781 2501 Gradensi
1834 2444 2050 2511 insula,

402 2551 586 2608 quam
614 2535 972 2606 promiserat
991 2535 1151 2604 juste
1182 2536 1239 2591 et
1266 2536 1549 2590 canonice
1580 2551 1649 2590 ac
1680 2551 1786 2607 per
1807 2535 2053 2606 antiqua

403 2622 706 2694 privilegia
735 2622 1045 2678 ostendere
1078 2623 1155 2678 ad
1186 2638 1247 2677 se
1278 2624 1591 2695 pertinere,
1626 2624 1785 2679 unde
1828 2622 2056 2694 priviiea

407 2711 569 2780 gium
599 2711 710 2767 sub
738 2711 837 2768 tali
867 2716 1220 2767 consecutus
1247 2716 1335 2767 est
1362 2714 1582 2780 tenore,
1614 2717 1694 2781 ut,
1730 2711 1779 2766 si
1807 2711 2054 2784 quando

402 2800 476 2856 de
527 2814 598 2855 ea
654 2800 855 2872 aliqua
904 2800 1154 2856 oriretur
1209 2800 1484 2872 quaestio,
1528 2800 1786 2871 sicjuste
1822 2800 2054 2872 absque

402 2888 523 2943 ulla
550 2889 865 2944 occasione
895 2889 973 2944 ad
1003 2905 1063 2943 se
1082 2890 1372 2961 pertinere
1405 2890 1821 2962 comprobaret
1848 2904 2054 2962 quem-

403 2976 734 3031 admodum
759 2977 1129 3049 promiserat.
1152 2978 1322 3043 Quod
1345 2981 1576 3032 tantum
1602 2979 1660 3032 in
1688 2978 2055 3033 contrarium

2154 1822 2458 1889 remansit,
2489 1837 2866 1892 paganorum
2894 1821 3010 1875 ritu
3041 1836 3252 1875 secum
3284 1819 3518 1875 detulit.
3555 1822 3649 1875 Pro
3674 1826 3749 1875 tau

2158 1913 2216 1963 to
2244 1909 2501 1982 denique
2527 1910 2770 1982 repetito
2801 1909 3114 1978 sacrilegio
3141 1908 3472 1964 Gradensis
3487 1908 3749 1980 patriarcha

2158 1997 2321 2069 apud
2345 1997 2741 2069 apostolicam
2772 1996 2979 2052 sedem
3007 1995 3223 2051 eodem
3242 1996 3748 2057 miitenteinvasore,

2159 2101 2264 2157 per
2294 2102 2434 2141 suas
2477 2086 2697 2141 litteras
2738 2087 3102 2140 lamentatus
3158 2088 3269 2139 est.
3326 2084 3446 2140 Sed
3496 2088 3747 2155 antequam

2160 2190 2196 2230 a
2226 2175 2397 2230 nobis
2429 2176 2503 2229 de
2525 2180 2686 2230 tanto
2717 2178 3086 2229 coerceretur
3109 2189 3289 2242 ausu,
3344 2173 3545 2228 divino
3587 2172 3746 2243 judicio

2162 2263 2283 2318 sine
2317 2264 2687 2319 confessione
2714 2268 2771 2318 et
2794 2264 3010 2317 viatico
3038 2263 3118 2318 ab
3143 2263 3261 2317 hac
3312 2262 3448 2317 luce
3484 2261 3747 2316 subtractus

2162 2358 2264 2407 est.
2298 2354 2565 2408 Tandem
2599 2356 2742 2407 Urso
2772 2352 3090 2407 Gradensis
3130 2352 3481 2423 patriarcha
3519 2366 3628 2407 una
3658 2366 3743 2405 cum

2163 2441 2466 2497 Dominico
2498 2446 2827 2497 (lontareno
2857 2441 3073 2495 dilecto
3104 2440 3230 2495 tilio
3258 2445 3489 2506 nostro,
3519 2439 3649 2495 duce
3681 2441 3742 2493 Ve

2161 2532 2489 2587 neticorum
2520 2531 2640 2585 sive
2672 2530 3161 2596 Dalmaticorum,
3194 2534 3255 2584 et
3290 2529 3517 2602 populo
3543 2530 3741 2583 Venetia.

2160 2620 2333 2676 nobis
2365 2636 2468 2692 per
2498 2636 2637 2675 suos
2665 2619 3022 2692 supplicavit
3049 2618 3309 2689 legatos,
3336 2618 3596 2674 videlicet
3629 2620 3742 2672 Bene

2162 2710 2386 2765 dictum
2416 2725 2610 2764 vener.
2645 2709 2784 2763 abb.
2822 2710 2919 2764 SS.
2962 2708 3262 2763 Trinitatis
3316 2713 3376 2762 et
3429 2709 3484 2763 8.
3528 2706 3741 2762 Michaelis

2165 2796 2515 2865 Archangeli
2541 2796 2615 2850 de
2642 2795 2963 2863 Brundulo,
2990 2797 3297 2851 Joannem
3326 2796 3741 2862 Sternatumﬁre-

2165 2885 2395 2953 gorium
2427 2882 2727 2955 clericum,
2755 2888 3055 2955 quatenus
3089 2883 3308 2938 omnia
3334 2883 3449 2938 sibi
3474 2897 3740 2954 suaquese-

2163 2973 2221 3027 di
2252 2972 2517 3042 subjecta
2545 2976 2749 3027 nostra
2775 2971 3226 3026 restituerentur
3255 2970 3595 3026 auctoritate
3619 2976 3662 3023 et
3674 2970 3740 3040 pri

404 3062 637 3156 accidit,
651 3064 794 3135 quia
823 3072 961 3120 cum
994 3068 1138 3121 Urso
1167 3065 1485 3121 Gradensis
1508 3064 1780 3119 Ecclesiae
1811 3066 2057 3136 patriar-
2086 3101 2127 3156 Ο
2164 3060 2440 3156 vilegium
2466 3059 2630 3132 quod
2678 3063 2883 3156 Poppo
2921 3060 2997 3114 de
3027 3059 3359 3156 Gradensis
3397 3056 3739 3153 ecclesiastilr

406 3150 519 3207 cha
547 3151 808 3223 primum
838 3166 943 3224 per
972 3168 1113 3208 suos
1135 3153 1396 3219 nuntios,
1429 3153 1644 3208 deinde
1696 3168 1803 3224 per
1848 3158 2057 3208 semet-

404 3240 605 3311 ipsum
634 3239 790 3295 hanc
814 3240 1204 3312 apostolicam
1223 3244 1445 3312 peteret
1467 3241 1668 3296 sedem
1693 3242 1769 3296 ad
1800 3257 2059 3313 conque-

402 3327 660 3383 rendum
689 3328 763 3383 de
790 3345 908 3383 suae
936 3328 1093 3384 sedis
1122 3329 1449 3396 invasione,
1501 3328 1660 3384 idem
1712 3332 1913 3402 Poppo
1961 3347 2059 3386 γοα

407 3419 574 3472 catus
605 3416 684 3472 ad
710 3417 1197 3473 satisfaciendum
1229 3418 1383 3473 sicut
1405 3418 1696 3490 promisit,
1721 3434 1842 3475 non
1862 3420 2056 3475 solum

406 3506 605 3561 venire
651 3505 894 3572 distulit,
952 3520 1161 3562 verum
1206 3507 1384 3563 etiam
1414 3507 1764 3579 praedictam
1793 3509 2055 3565 insulam

406 3606 511 3667 per
535 3594 784 3667 antiqua
812 3594 1119 3668 privilegia
1160 3596 1320 3666 juste
1378 3610 1449 3652 ac
1495 3597 1830 3652 secundum
1870 3600 2056 3653 Deum

408 3680 517 3739 sibi
566 3684 878 3757 pertinere,
937 3689 1003 3740 ut
1045 3684 1420 3757 promiserat,
1470 3686 1780 3741 ostendere
1811 3686 2056 3743 minime

406 3773 613 3843 potuit,
638 3774 783 3845 quin
817 3774 997 3830 etiam
1027 3778 1294 3830 tenorem
1342 3775 1632 3847 privilegii
1676 3775 1935 3845 negavit.
1992 3780 2059 3832 Et

406 3863 695 3934 quoniam
725 3878 797 3918 ex
823 3863 915 3918 his
941 3874 1074 3934 quae
1101 3863 1393 3936 promisit,
1440 3864 1585 3919 nihil
1616 3866 1924 3920 ostendere
1955 3878 2056 3921 va-

405 3950 531 4019 luit,
550 3949 924 4021 privilegium
952 3952 1118 4022 quod
1147 3953 1258 4006 sub
1282 3952 1529 4024 praefata
1556 3953 1892 4009 conditione
1919 3968 2058 4010 cons

409 4042 647 4094 secutus
677 4043 780 4106 est,
808 4050 920 4094 suo
945 4044 1145 4096 tenore
1170 4042 1326 4111 juste
1354 4046 1704 4097 evacuatum
1730 4056 1799 4097 ac
1828 4044 2056 4111 regula:

406 4127 545 4182 riter
571 4126 648 4183 ad
677 4127 925 4183 nihilum
954 4134 1042 4184 est
1064 4128 1393 4185 redactum.
1454 4132 1560 4185 Pro
1599 4131 1712 4185 hac
1758 4131 2052 4203 siquidem

407 4230 469 4271 re
498 4215 658 4270 idem
682 4221 883 4272 nester
911 4216 1192 4272 decessor
1219 4220 1475 4274 Joannes
1527 4229 1688 4291 papa
1731 4234 2052 4290 congregaa

406 4304 487 4360 vit
516 4309 787 4361 sanctam
818 4306 1007 4377 synod
1019 4320 1118 4361 um
1143 4306 1205 4361 in
1230 4306 1477 4362 ecclesia
1503 4308 1564 4362 Β.
1602 4307 1881 4374 Sil‘vestri,
1914 4314 2050 4366 ante

406 4394 574 4464 cujus
603 4394 982 4466 praesentiam
1000 4395 1241 4451 veniens
1272 4398 1412 4451 Urso
1435 4397 1747 4452 Gradensis
1781 4398 2048 4454 Ecclesiae

403 4483 741 4554 patriarcha
768 4482 844 4539 de
886 4486 1039 4539 statu
1090 4496 1211 4540 sum
1265 4485 1735 4558 metropolitanm
1788 4486 2049 4543 ecclesia;

405 4571 652 4643 ejusque
676 4572 1042 4644 pertinentlis
1068 4573 1515 4646 quamplurima
1546 4574 1804 4629 ostendit
1826 4570 2050 4647 privile-

404 4659 499 4727 gia
520 4676 555 4715 a
583 4661 798 4716 nostris
824 4662 1297 4717 antecessoribus
1325 4679 1442 4718 suae
1464 4664 1589 4718 sedi
1618 4679 1922 4733 concessa,
1943 4666 2053 4721 sci-

400 4746 533 4803 licet
560 4756 597 4804 a
624 4750 1000 4805 sanctissimo
1026 4750 1277 4821 Pelagio,
1308 4751 1606 4822 Gregorio,
1624 4752 1904 4820 Honorio,
1932 4755 2050 4809 Ste-

399 4835 624 4910 phano,
656 4832 799 4894 item
829 4838 1131 4911 Gregorio,
1161 4840 1372 4909 Leone,
1406 4834 1630 4911 Sergio,
1662 4840 1803 4895 item
1835 4843 2047 4912 Leone,

399 4922 735 4999 Benedicto,
762 4926 1043 4991 Adriano,
1077 4928 1391 4998 Bonifacio,
1416 4924 2046 5002 Romano,Theodoro,

400 5016 737 5087 Anastasio,
771 5018 1018 5087 Joanne,
1049 5018 1344 5090 Sylvestro
1369 5024 1427 5075 et
1442 5018 1663 5086 Sergio.
1681 5019 1821 5083 Quae
1846 5021 2049 5078 omnia

399 5108 599 5160 noster
626 5110 968 5161 antecessor
999 5107 1260 5162 studiose
1313 5106 1700 5163 considerans
1751 5105 2048 5164 ﬁrmando

397 5195 595 5250 vetera
621 5206 729 5267 per
758 5194 1111 5268 synodalem
1141 5204 1459 5252 censuram
1490 5194 1604 5251 sub
1631 5194 1817 5251 divini
1840 5192 2047 5266 judicii

397 5272 786 5340 obtestatione
812 5278 925 5341 tale
958 5302 1186 5342 novum
1215 5284 1507 5342 construit
1532 5282 1927 5358 privilegium,
1982 5291 2046 5344 ut

377 5366 596 5423 ‘nullus
627 5384 899 5442 unquam
934 5374 997 5429 in
1038 5379 1303 5448 tempore
1346 5372 1702 5448 praedictum
1756 5374 2042 5430 Ursonem

393 5456 797 5529 patriarcham
823 5474 892 5516 ac
923 5474 1294 5520 successores
1323 5474 1463 5520 Suos
1510 5463 1585 5518 de
1612 5460 1897 5535 praedicto
1941 5476 2043 5534 pa~

393 5544 715 5601 triarchatu
745 5546 1026 5606 Gradensi
1056 5550 1205 5609 sicut
1234 5548 1308 5610 de
1337 5552 1517 5609 rebus
1547 5567 1618 5607 ac
1656 5550 2043 5623 possessioni-

393 5633 509 5688 bus
538 5634 667 5703 ejus
697 5632 1022 5704 inquietare
1050 5646 1152 5696 aut
1176 5643 1489 5699 molestare
1534 5642 1884 5714 praesumat,
1935 5641 2039 5697 sed

393 5721 593 5792 potius
621 5736 762 5778 cum
783 5737 893 5777 sua
909 5722 1232 5796 integritate
1252 5731 1756 5804 quietus,remota
1770 5728 2041 5785 omnium

2161 3150 2415 3220 jectione
2471 3152 2677 3204 contra
2716 3148 2987 3204 divinam
3042 3147 3465 3205 auctoritatem
3508 3146 3740 3219 acquisivit

2165 3255 2628 3305 evacuaremus;
2687 3238 2834 3310 quin
2890 3237 3069 3293 etiam
3112 3237 3435 3310 privilegia
3483 3241 3739 3293 nostrorum

2164 3328 2551 3383 decessorum
2580 3326 2784 3398 palam
2812 3329 3053 3382 ostensa
3089 3326 3165 3381 de
3197 3331 3362 3383 statu
3405 3342 3525 3381 sua)
3555 3324 3740 3380 accisis

2162 3432 2587 3474 renovaremus
2619 3420 2797 3487 atque
2828 3416 3361 3485 conﬁrmaremus,
3392 3417 3513 3472 sive
3533 3415 3599 3471 de
3620 3414 3741 3469 rebus

2165 3512 2341 3579 atque
2370 3505 2847 3578 possessionibus
2886 3505 2979 3560 sui
3008 3505 3480 3577 patriarchatus,
3526 3509 3741 3577 quatenus

2162 3610 2297 3668 quae
2327 3594 2481 3650 infra
2508 3594 2757 3649 Venetiae
2787 3594 2883 3649 vel
2910 3594 3089 3650 italici
3116 3595 3293 3662 regni
3320 3588 3738 3659 ditionem,seuin

2164 3684 2447 3740 comitatu
2479 3683 2735 3738 lstriensi
2764 3684 3090 3739 consistere
3146 3688 3501 3749 noscuntur,
3550 3678 3739 3737 videlicet

2165 3779 2228 3829 ut
2256 3774 2457 3829 omnia
2488 3788 2621 3844 qua:
2639 3773 2695 3827 in
2715 3773 3002 3839 Rivoalto,
3022 3774 3080 3828 in
3101 3774 3543 3839 Methamauco,
3561 3771 3613 3827 in
3630 3766 3735 3839 Equi

2163 3863 2259 3927 lio,
2292 3862 2352 3916 in
2382 3861 2601 3928 Pineto,
2656 3861 2718 3915 in
2761 3861 3002 3917 Civitate
3048 3874 3233 3931 nova,
3299 3863 3364 3917 in
3412 3860 3736 3917 conﬂniosui

2157 3952 2285 4023 jam
2313 3951 2481 4005 dicta:
2510 3950 2756 4005 civitatis
2788 3950 3132 4017 Gradeusis,
3168 3966 3283 4006 seu
3311 3945 3656 4014 Ursiano,vel
3676 3947 3735 3998 Ga-

2159 4042 2342 4111 jazzo,
2375 4040 2433 4094 in
2461 4039 2734 4105 Zemulis,
2768 4040 2988 4112 partim
3015 4041 3075 4094 in
3108 4041 3411 4096 territorio
3437 4036 3688 4111 Aquileia.
3709 4036 3738 4085 tt

2162 4130 2221 4183 in
2248 4128 2481 4183 marino
2513 4128 2785 4196 termino,
2817 4128 2877 4182 in
2910 4127 3097 4195 lstria,
3132 4128 3193 4182 in
3224 4132 3520 4197 Tergeste,
3560 4122 3737 4181 Justinu-

2161 4218 2303 4291 poli,
2336 4218 2567 4284 Pirano,
2598 4216 2739 4271 item
2771 4218 2830 4271 in
2883 4216 3123 4273 Civitate
3173 4232 3357 4285 nova,
3399 4214 3736 4273 Pai‘eutic...,.:

2162 4307 2322 4373 Pola,
2357 4311 2534 4378 atque
2563 4306 2622 4360 in
2656 4305 2903 4361 Castalio
2951 4308 3006 4361 8.
3040 4307 3303 4376 Georgii,
3369 4310 3427 4362 et
3479 4307 3536 4361 in
3572 4299 3737 4371 reliquis

2160 4394 2305 4451 locis
2332 4398 2455 4450 tam
2484 4394 2639 4450 intra
2661 4408 2847 4466 quam
2870 4400 3036 4450 extra
3065 4402 3174 4450 seu
3205 4397 3271 4451 in
3308 4395 3564 4451 Bononia
3582 4390 3655 4447 vel
3677 4391 3737 4442 He

2161 4486 2382 4549 mania,
2408 4487 2709 4552 Ravenna,
2738 4483 3023 4550 Arimino,
3058 4486 3394 4551 Pensauro,
3427 4485 3542 4539 sive
3582 4482 3629 4536 in
3667 4475 3739 4547 qui

2159 4574 2512 4644 buscunque
2536 4572 2680 4627 locis
2734 4571 2913 4626 italici
2938 4572 3127 4639 regni,
3171 4585 3286 4628 seu
3314 4573 3558 4629 Venetiae
3589 4568 3736 4624 halm

2160 4680 2230 4718 ac
2259 4662 2563 4735 possidere
2596 4661 2685 4715 sui
2710 4666 3119 4715 antecessores
3146 4661 3263 4716 visi
3287 4668 3444 4729 sunt,
3478 4660 3578 4733 ipsi
3599 4657 3735 4725 suique

2161 4762 2536 4806 successores
2567 4749 2796 4820 absque
2838 4750 3204 4821 cujusquam
3258 4750 3662 4805 contrarietate.
3680 4758 3735 4796 seu

2157 4838 2550 4906 refragatione
2572 4837 2819 4893 retinere
2851 4841 2906 4892 et
2931 4837 3243 4909 possidere
3270 4836 3607 4911 quivissent.
3643 4836 3734 4896 0110-

2156 4944 2290 4983 rum
2319 4924 2700 4999 petitionibus
2731 4926 2853 4981 zelo
2884 4924 3103 4981 domus
3136 4926 3238 4982 Dei
3277 4927 3543 4983 calefacti
3568 4923 3734 4980 libenter

2156 5017 2504 5084 annuentes,
2538 5019 2594 5069 et
2613 5016 2845 5085 justum
2877 5031 3003 5070 esse
3034 5016 3455 5084 decernentes,
3475 5016 3529 5070 in
3550 5017 3733 5068 Romam

2156 5104 2401 5160 ecclesia
2430 5105 2483 5159 S.
2520 5104 2823 5175 synodum
2856 5105 3391 5174 congregavimus.
3426 5098 3731 5159 residentibus

2154 5193 2468 5250 nobiscum
2520 5192 2961 5249 venerabiiibus
3038 5194 3369 5268 episcopis,
3441 5186 3730 5268 presbyqu-

2153 5280 2525 5351 diaconibus,
2560 5282 2987 5349 cardinalibus,
3050 5282 3535 5340 subdiaconibus
3576 5276 3729 5335 nostra

2153 5371 2556 5441 abbatibus,et
2576 5386 2839 5443 quorum
2859 5372 3205 5443 aliquorum
3230 5374 3491 5430 nomina
3509 5373 3619 5431 huic
3638 5368 3725 5421 sunt

2222 5464 2478 5517 Joannes
2504 5462 2917 5517 Lavicanensis
2950 5474 3140 5534 nepos
3169 5468 3383 5520 noster
3411 5464 3691 5537 episcopus

2221 5546 2516 5605 Tedaldus
2546 5549 2898 5605 Albanensis
2925 5550 3278 5623 episcopus.

2219 5641 2475 5695 Joannes
2502 5639 2840 5694 Portuensis
2870 5641 3216 5712 epiSCOpus.

2219 5730 2475 5785 Joannes
2495 5728 2978 5784 Praenestinensis
3003 5728 3357 5803 episcopus.
