3836 6404
52 292 187 351 1365

119 415 475 472 Benedictus
508 416 792 471 Ostiensis
830 415 1170 488 episcopus,

118 506 373 560 Amatus
406 504 761 559 Vellitrensis
797 505 1136 576 episcopus.

119 594 339 648 Bonizo
370 593 808 648 Tuschanensis
831 592 1167 664 episcopus.

117 687 249 740 Hon
263 689 423 738 estus
457 683 953 755 Foropopiliensis
983 683 1322 753 episcopus.

117 773 311 828 Adam
349 772 948 845 Forosempronensis
975 772 1311 843 episcopus.

117 862 490 917 Crescentius
527 864 581 917 8.
619 861 866 917 Ruﬂinre
901 861 1118 916 Eccles.
1153 861 1336 932 episc.

117 952 266 1006 Vido
300 952 695 1008 Humanensis
729 952 908 1024 episc.

118 1042 393 1098 Andreas
421 1042 734 1098 Perusinus
757 1042 936 1114 episc.

120 1133 372 1190 Ubertus
408 1135 724 1189 Sasenates
759 1132 975 1188 Eccles.
1005 1132 1185 1204 episc.

116 1223 424 1279 Arduinus
461 1227 808 1280 Feretranus
835 1223 1018 1295 episc.

114 1313 456 1368 Teudaldus
492 1316 545 1369 S.
582 1313 822 1370 Mariani
853 1313 1034 1384 episc.

112 1407 374 1459 Joannes
408 1405 462 1458 8.
494 1403 840 1458 Sabinensis
875 1402 1024 1458 Eccl.
1059 1402 1238 1473 episc.

109 1493 515 1548 Theuderlcus
546 1493 909 1549 Urbinensis.

109 1581 518 1637 Theudaldus.

111 1669 385 1725 Ubertus.

111 1777 464 1833 Benedictus
514 1776 978 1833 archidiaconus
1021 1777 1074 1829 8.
1108 1777 1169 1829 Η.
1219 1777 1274 1828 Ε.
1303 1778 1358 1828 et
1387 1771 1707 1828 vicedoml-
1744 1755 1787 1808 Β

35 1880 184 1921 nus.

113 1975 262 2041 Ugo.

111 2065 318 2117 Petrus
350 2061 742 2118 cancellarius
774 2066 1023 2116 noster»

112 2170 249 2236 Leo,
284 2171 613 2240 Romanus,
645 2168 1034 2234 Crescentius,
1073 2170 1293 2234 Petrus,
1327 2165 1431 2239 qui
1472 2171 1526 2224 et
1557 2167 1708 2222 Man-

35 2256 132 2312 cio
159 2255 394 2324 dicitur,
424 2257 708 2316 diacones
738 2258 948 2315 nostri.

107 2365 371 2422 Joannes
398 2364 891 2422 archicanonicus
922 2369 977 2421 et
1003 2363 1372 2435 archipresb.
1403 2363 1706 2420 CtlllOlllCtB

37 2455 94 2509 S.
133 2453 306 2512 Joan.
337 2458 476 2510 ante
506 2456 742 2510 Portam
773 2455 1060 2510 Latinam.

105 2563 370 2616 Joannes
401 2561 720 2616 cardinalis
752 2562 952 2633 presb.
988 2561 1136 2617 tituli
1178 2563 1232 2617 8.
1265 2559 1522 2615 Caeciliae.

106 2651 369 2704 Joannes
400 2650 564 2706 card.
591 2651 674 2706 tit.
713 2653 766 2707 S.
800 2651 1045 2706 Martini.

116 2738 381 2793 Joannes
411 2738 575 2794 card.
611 2739 692 2796 tit.
731 2741 784 2796 8.
808 2739 1070 2794 Damasi.

119 2827 372 2882 Ubertus
410 2828 573 2884 card.
605 2829 687 2884 tit.
717 2830 772 2884 S.
800 2828 1143 2884 Anastasius.

119 2916 401 2973 Martinus
431 2917 594 2974 card.
631 2918 713 2973 tit.
745 2921 800 2975 8.
835 2919 1087 2973 Savium.

116 3005 457 3062 Teudaldus
485 3006 876 3062 Primicerius.

116 3095 466 3151 Benedictus
498 3096 931 3154 oblationarius
964 3099 1018 3153 S.
1046 3100 1109 3153 R.

115 3185 472 3244 Benedictus
499 3187 702 3258 presb.
733 3190 790 3242 et
819 3187 982 3242 card.
1019 3187 1102 3242 tit.
1137 3185 1440 3258 Sylvestri.

114 3276 324 3330 Petrus
346 3275 509 3332 card.
551 3275 634 3332 tit.
661 3278 716 3332 S.
751 3276 1082 3346 Grisogoni.

118 3363 533 3421 Subdiacones
563 3371 788 3434 autem,
814 3368 1098 3422 Joannes.

113 3453 510 3511 Adelmarius.

115 3547 344 3600 Etrozc.

112 3633 268 3689 Sico.

112 3739 464 3797 Benedictus
496 3741 686 3798 abbas
709 3744 1056 3799 monasterii
1102 3743 1157 3798 8.
1201 3739 1482 3810 Gregorii,
1536 3739 1700 3816 quod

33 3830 260 3886 dicitur
292 3830 489 3887 Clivus
514 3833 738 3889 Scauri.

111 3939 584 3997 Bartholcmaius
640 3958 841 4000 vener.
903 3941 1095 3998 abbas
1147 3941 1201 3997 8.
1255 3938 1445 3998 Μία·ίώ
1501 3941 1701 3996 Grotta

29 4031 70 4084 F
73 4033 296 4084 errata.

105 4136 463 4195 Benedictus
495 4139 689 4196 abbas
725 4139 1074 4195 monasterii
1106 4141 1163 4196 S.
1199 4137 1410 4206 Mariae,
1442 4153 1577 4210 quae
1605 4152 1702 4194 vo-

24 4230 210 4284 catur
242 4228 297 4284 S.
331 4229 478 4288 Petri
504 4229 580 4288 ad
612 4227 876 4288 Vincula.

106 4337 227 4392 Leo
259 4334 453 4394 abbas
482 4339 537 4394 8.
573 4336 736 4394 Pauli
764 4335 1049 4409 Apostcli.

99 4424 394 4494 Georgius
419 4425 610 4482 abbas
643 4429 698 4482 8.
731 4425 1024 4482 Laurentii
1053 4425 1194 4480 foris
1225 4441 1488 4483 murum.

94 4516 364 4572 Joannes
393 4515 586 4574 abbas
619 4517 674 4574 S.
709 4515 900 4573 Sabae.

97 4606 309 4660 Petrus
335 4604 526 4661 abbas
560 4607 616 4663 S.
650 4606 837 4663 Mariae
868 4605 929 4662 in
950 4603 1264 4662 Aventino.

95 4693 369 4750 Joannes
391 4695 584 4752 abbas
617 4697 672 4752 S.
702 4695 892 4752 Roﬁlli
923 4693 1434 4766 Foropupilensis.

97 4781 356 4840 Bonizzo
383 4784 576 4842 abbas
602 4785 946 4842 monasterii
978 4787 1032 4841 S.
1069 4783 1220 4840 Petri
1245 4783 1484 4841 Perusii.

99 4872 270 4927 Felix
302 4873 494 4930 abbas
526 4877 580 4931 S.
616 4874 815 4930 Blasii.

100 4962 350 5022 Simecn
377 4964 570 5022 abbas
605 4968 659 5023 S.
689 4965 879 5023 Mariae
910 4964 970 5020 in
1001 4963 1251 5022 Pallara.

101 5075 173 5127 Et
197 5072 390 5128 caeteri
416 5073 738 5129 nobiseum
760 5073 1085 5128 residentes
1106 5073 1165 5127 in
1188 5072 1415 5141 gremio
1448 5073 1502 5127 S.
1541 5072 1606 5126 R.
1631 5073 1689 5126 Ε.

15 5177 293 5233 quorum
324 5162 749 5219 deliberatione
778 5164 892 5218 hoc
950 5162 1318 5235 apostolatus
1371 5161 1555 5217 nostri
1581 5160 1696 5233 pri-

13 5251 318 5321 vilegium
339 5251 464 5307 ﬂeri
489 5253 866 5308 decrevimus
899 5252 1000 5308 tibi
1028 5252 1192 5307 fratri
1215 5255 1420 5306 nostro
1449 5266 1694 5306 venera-

13 5341 128 5396 bili
185 5343 330 5397 Ursc
392 5343 446 5398 S.
482 5342 801 5397 Gradensis
853 5342 1124 5397 Ecclesiae
1188 5341 1559 5413 patriarchae,
1615 5340 1693 5396 ad

0 5447 217 5508 quem
251 5447 413 5486 nunc
443 5436 717 5487 nostrum
747 5432 1147 5487 convertimus
1177 5446 1518 5486 sermonem
1547 5445 1692 5501 prae-

15 5522 206 5594 cipue
228 5520 307 5575 ob
334 5521 628 5590 justitiam
645 5535 833 5592 quam
859 5525 912 5576 te
930 5526 1219 5592 tuamque
1243 5520 1564 5574 Ecclesiam
1592 5534 1691 5589 pe-

13 5618 151 5666 tere
193 5609 499 5664 evidenter
550 5609 851 5679 novimus,
911 5626 1017 5682 per
1071 5610 1237 5683 quod
1281 5607 1690 5681 apostolorum

11 5698 319 5775 principis
345 5698 513 5765 Petri,
555 5702 610 5753 et
656 5703 879 5767 nostra,
939 5701 1110 5770 cujus
1159 5700 1344 5754 vicem
1405 5695 1687 5765 gerimus,

12 5787 385 5849 auctoritate
450 5791 895 5844 antecesscrum
975 5793 1318 5845 nostrorum
1381 5784 1693 5857 privilegia

1289 283 1658 345 EPISTOLIE
1699 279 1791 338 ET
1833 279 2267 338 DlPl.OMA'l‘A.‘

1744 408 1789 462 Α
1822 403 2114 462 imitando
2141 405 2488 476 praedictam
2523 402 2888 458 Gradensem
2920 398 3244 456 Ecclesiam
3276 415 3480 472 perpe-

3342 280 3476 333 1366

1823 497 1924 547 tua
1953 493 2267 548 stabilitate
2299 493 2771 566 patriarchatum
2798 505 2928 544 esse
2965 488 3288 555 sancimus,
3349 489 3479 544 tibi-

1821 597 1937 652 que
1959 581 2073 636 illic
2100 582 2460 652 [iraesiilcukh
2521 580 2780 651 quisque
2811 576 3258 632 successoribus
3290 581 3478 633 totum

1821 672 2209 742 metropolle
2239 676 2415 742 atque
2451 669 2798 741 patriarchae
2828 666 3092 724 ctiicium
3138 665 3321 722 libere
3375 683 3476 740 pe-

1820 761 2155 824 ragendum
2187 761 2591 825 COIlt‘i'tllnlllS,
2626 759 2774 814 etde
2801 757 3084 813 omnibus
3105 757 3316 812 vestris
3346 773 3482 829 pos-

1821 850 2188 904 sessionibus
2237 849 2638 922 praecipiendo
2691 847 3100 904 interdicimus
3161 850 3225 902 ut
3275 846 3477 902 nullus

1818 936 2176 1006 patriarcha,
2211 939 2720 1009 archiepiscopus,
2751 934 3125 1007 praepositus,
3185 933 3476 1004 decanus,

1819 1026 2254 1094 vicedominus,
2306 1028 2449 1088 dux.
2499 1026 2788 1096 marehio,
2844 1039 3066 1088 comes,
3127 1023 3477 1090 vicecomes,

1819 1120 1920 1170 aut
1946 1127 2184 1171 exactor
2211 1117 2462 1186 alicujus
2494 1117 2596 1182 rei,
2621 1132 2729 1170 nec
2760 1114 2915 1169 ullus
2941 1113 3128 1182 judex
3179 1112 3477 1184 publicus,

1818 1205 1910 1260 vel
1930 1207 2178 1276 quilibet
2217 1224 2286 1261 ex
2311 1206 2577 1277 judiciali
2601 1209 2886 1277 potestate
2915 1203 3036 1258 vim
3085 1201 3353 1274 aliquam
3387 1202 3478 1257 vel

1818 1294 2426 1350 invasioneminl'crrc
2467 1297 2815 1367 praesumat,
2877 1296 2978 1348 aut
3037 1291 3240 1363 aliquo
3294 1291 3479 1347 modo

1819 1384 2154 1440 molestiam
2178 1386 2442 1455 ingerere
2474 1385 2578 1440 tibi
2607 1384 2813 1440 Ursoni
2836 1382 3210 1455 patriarchae,
3243 1381 3477 1452 tuisque

1821 1477 2288 1538 successoribus,
2322 1476 2444 1529 sive
2473 1476 2531 1530 in
2559 1474 2839 1539 ecclesiis,
2893 1477 2948 1528 et
3007 1471 3310 1543 plebibus,
3372 1471 3506 1526 seu.

1818 1566 2191 1620 monasteriis
2226 1571 2337 1620 tua:
2365 1565 2626 1621 ecclesitB
2652 1563 3104 1636 pertinentibus,
3163 1577 3265 1615 seu
3297 1560 3356 1615 in
3390 1560 3476 1616 fa-

1820 1654 2012 1720 miliis,
2042 1655 2100 1709 in
2134 1655 2380 1722 colonis,
2413 1654 2616 1718 servis,
2648 1653 2738 1708 vel
2767 1653 3106 1725 mancipiis,
3141 1666 3209 1707 ac
3233 1649 3475 1721 reliquis

1817 1759 1951 1815 quae
1979 1760 2156 1815 super
2177 1745 2449 1814 ejusdem
2503 1743 2766 1799 ecclesiae
2821 1742 2984 1798 terris
3032 1743 3300 1800 manent.
3362 1738 3474 1794 Sed

1817 1833 1981 1886 omni
2007 1833 2139 1902 jure
2172 1839 2227 1888 et
2259 1838 2459 1888 tenore
2503 1836 2555 1888 8.
2615 1831 2934 1887 Gradensis
2981 1829 3251 1885 Ecclesiae
3309 1845 3344 1885 a
3373 1843 3475 1900 pa-

1818 1921 2088 1976 triarchis
2119 1939 2278 1977 nunc
2311 1927 2366 1976 et
2390 1938 2626 1994 semper
2654 1921 2878 1976 ibidem
2906 1918 3363 1992 praesidentibus
3409 1916 3473 1971 li-

1816 2011 1976 2078 bere,
2007 2029 2136 2083 quae
2161 2012 2627 2084 preelibavimus,
2671 2011 2900 2082 absque
2929 2010 3104 2064 ullius
3155 2007 3475 2064 infestatio—

1819 2116 1892 2154 ne
1923 2099 2285 2156 retineantur
2315 2118 2382 2156 ac
2415 2104 2702 2174 perpetuo
2718 2100 2851 2172 jure
2884 2097 3325 2172 possideantur.
3359 2095 3474 2150 Pri-

1819 2190 2100 2260 vilegium
2132 2207 2272 2246 vero
2294 2191 2459 2263 quod
2510 2193 2716 2263 I’oppo
2775 2188 3196 2258 Forojuliensis
3253 2184 3475 2258 praesul

1817 2281 1891 2336 de
1924 2281 2291 2351 subjectione
2325 2281 2638 2336 Gradensis
2669 2281 3108 2352 patriarchatus
3137 2277 3480 2334 fraudulen-

1817 2378 1902 2426 ter
1934 2371 2009 2425 ab
2041 2373 2150 2426 hac
2180 2371 2317 2426 sede
2363 2375 2720 2426 consecutus
2769 2375 2874 2440 est,
2928 2370 3072 2442 quia
3122 2368 3288 2425 nulla
3328 2367 3475 2422 illud

1816 2461 2106 2518 canonica
2134 2462 2431 2516 munitum
2485 2461 2830 2516 auctoritate
2886 2459 3283 2526 decernimus,
3331 2457 3472 2512 resi-

1815 2551 2084 2608 dentium
2124 2551 2442 2607 nobiscum
2479 2550 2903 2607 renerabilium
2962 2548 3211 2606 fratrum
3265 2551 3471 2604 auctc~

1815 2639 1921 2698 rali
1949 2657 2205 2696 censura
2235 2640 2709 2710 corrrumpeudc
2750 2638 2985 2710 penitus
3041 2637 3289 2697 omnino
3337 2652 3470 2692 cor-

1815 2730 2152 2802 rumpimus
2183 2735 2239 2785 et
2266 2745 2655 2784 evacuamus.
2693 2729 2748 2784 Si
2777 2728 2913 2800 quis
2942 2742 3085 2796 ergo
3128 2730 3472 2784 nostrorum

1817 2835 2254 2884 successorum,
2302 2819 2395 2874 vel
2459 2819 2716 2874 aliorum
2764 2817 3104 2890 aliquorum
3154 2815 3471 2872 hominum

1817 2914 2022 2966 contra
2051 2910 2230 2979 hujus
2261 2915 2474 2964 nostrae
2499 2908 2898 2965 concessionis
2951 2924 3022 2963 ac
3077 2905 3476 2962 conﬁrmatio.

1817 2999 1908 3056 nis
1939 2998 2314 3072 privilegium
2372 3014 2546 3067 agere
2593 2998 3060 3070 praesumpserit,
3111 3001 3214 3052 aut
3254 3012 3477 3068 praesu-

1817 3088 2116 3146 mentibus
2147 3089 2530 3152 consenserit,
2565 3087 2658 3143 vel
2687 3087 2882 3143 fautor
2909 3085 3213 3157 exstiterit,
3252 3089 3308 3141 et
3350 3099 3476 3140 non

1817 3179 2016 3252 potius
2047 3178 2368 3235 observare
2398 3179 2456 3233 in
2489 3178 2714 3246 integre
2746 3176 3058 3244 studuerit,
3083 3175 3228 3231 sciat
3253 3190 3313 3230 se
3368 3191 3476 3230 au-

1818 3269 2082 3326 ctoritate
2115 3268 2270 3324 beati
2299 3269 2444 3323 Petri
2477 3266 2892 3340 apostolorum
2940 3265 3245 3338 principis,
3278 3269 3334 3320 et
3363 3281 3478 3321 caa-

1817 3359 2010 3416 lorum
2043 3359 2210 3427 regni
2241 3358 2540 3427 clavigeri,
2573 3362 2899 3428 nostroque
2928 3355 3325 3412 anathematis
3354 3355 3480 3411 vin—

1816 3449 1951 3504 culo
1974 3464 2103 3503 esse
2132 3447 2513 3514 innodatum,
2571 3451 2628 3502 et
2675 3463 2710 3501 a
2753 3461 2940 3514 regno
2982 3444 3079 3500 Dei
3127 3444 3474 3512 alienatum,

1815 3542 2151 3607 atquecum
2183 3536 2426 3592 diabolo
2462 3535 2634 3591 veluti
2667 3539 3074 3603 transgressor
3123 3536 3474 3588 sanctorum

1815 3628 2052 3684 Patrum
2098 3625 2224 3680 sine
2283 3626 2402 3680 fine
2445 3625 2822 3680 damnatum.
2857 3622 2965 3684 Qui
2994 3637 3134 3677 vero
3164 3625 3368 3677 custos
3419 3627 3477 3677 et

1813 3715 2158 3774 observator
2183 3715 2364 3785 hujus
2387 3715 2575 3769 nostri
2604 3712 2895 3786 privilegii
2939 3711 3239 3778 exstiterit,
3295 3710 3476 3767 bene-

1811 3805 2130 3862 dictionem
2186 3809 2242 3858 et
2293 3803 2547 3872 gratiam
2593 3819 2629 3858 a
2653 3802 2818 3872 justo
2857 3800 3058 3871 judice
3091 3799 3344 3855 Domino
3369 3814 3476 3855 nos

1813 3900 1932 3951 stro
1961 3897 2101 3950 Jesu
2131 3893 2362 3949 Christo
2388 3892 2482 3947 hic
2513 3895 2570 3947 et
2598 3892 2658 3946 in
2686 3895 2975 3946 aeternum
3005 3890 3289 3960 consequi
3345 3904 3473 3944 me-

1811 3990 2030 4042 reatur.

1884 4092 2181 4166 Scriptum
2212 4107 2318 4164 per
2347 4106 2564 4147 manus
2593 4089 2776 4160 Sergii
2806 4087 3094 4145 scriniarii
3150 4092 3207 4143 et
3263 4087 3476 4145 notarii

1812 4185 1964 4240 sacri
1995 4183 2180 4241 nostri
2205 4179 2619 4239 Lateranensis
2653 4179 2879 4251 palatii,
2910 4194 3116 4236 mense
3146 4178 3328 4249 April.
3384 4181 3473 4234 ln-

1809 4275 1950 4331 dict.
1985 4291 2080 4330 xu.

1883 4387 2033 4438 Bene
2062 4381 2270 4436 valete.

1735 4473 1779 4526 θ
1882 4493 2002 4559 Ego
2030 4491 2287 4547 Joannes
2313 4487 2367 4541 S.
2404 4482 2817 4542 Lavicanensis
2847 4482 2999 4540 Eccl.
3064 4481 3246 4554 episc.
3297 4481 3470 4540 inter-

1807 4577 1892 4635 fui
1917 4582 1973 4634 et
2003 4576 2205 4632 subsc.

1878 4670 2001 4736 Ego
2021 4665 2316 4723 Tedaldus
2344 4661 2701 4720 Albanensis
2733 4661 2883 4720 Eccl.
2919 4661 3101 4734 episc.
3147 4659 3385 4718 interfui
3410 4666 3468 4720 et

1808 4756 2158 4830 subscripsi.

1879 4850 2000 4916 Ego
2028 4850 2287 4903 Joannes
2320 4848 2374 4901 S.
2408 4842 2746 4900 Portuensis
2775 4842 2928 4898 Eccl.
2962 4840 3142 4915 episc.
3169 4839 3362 4897 interi.
3407 4844 3466 4897 et

1807 4954 2042 4993 SUDSCI‘.

1843 4937 2276 5099 ugégrioannes
2309 5021 2788 5081 Prwnestinensis
2816 5020 2966 5078 Eccl.
3000 5037 3094 5093 ep.
3152 5019 3345 5078 interf.
3405 5023 3463 5078 et

1805 5117 2034 5174 subscr.

1877 5230 1998 5296 Ego
2029 5223 2380 5280 Benedictus
2407 5219 2694 5278 Ostiensis
2724 5219 2904 5292 episc.
2924 5218 3116 5274 interi.
3142 5222 3199 5275 et
3225 5217 3458 5276 subscr.

1875 5319 1997 5386 Ego
2027 5317 2274 5372 Amatus
2301 5309 2653 5369 Vellitrensis
2684 5309 2866 5382 episc.
2908 5307 3102 5366 interi.
3135 5313 3193 5364 et
3221 5309 3456 5366 subscr.

1875 5410 1997 5476 Ego
2028 5403 2284 5462 Bonnizo
2305 5400 2700 5460 Tuscanensis
2717 5399 2900 5471 episc.
2918 5398 3112 5455 interi.
3144 5403 3202 5455 et
3223 5399 3456 5456 subscr.

1873 5517 1994 5583 Ego
2051 5512 2346 5566 Honestus
2401 5506 2897 5579 Foropopiliensis
2951 5506 3132 5578 episc.
3166 5507 3358 5563 interi.
3401 5511 3459 5564 et

1799 5603 2027 5658 subscr.

1868 5693 1991 5761 Ego
2022 5690 2211 5746 Adam
2233 5685 2858 5758 Forosemproniensis
2909 5687 3092 5762 episc.
3147 5685 3338 5742 interi".
3397 5689 3453 5740 et

1797 5781 2027 5838 subscr.
