3836 6438
340 309 473 361 1367
1193 310 1556 365 BENEDICTI
1595 312 1659 365 IX
1698 308 1909 364 PAPIE
1950 303 2309 361 EPISTOLE
2349 305 2433 359 ET
2470 304 2887 361 DIPLOMATA.
3683 295 3794 346 ηδε

400 431 519 498 Ego
545 430 914 486 Crescentius
944 433 999 488 S.
1029 430 1273 487 Rufﬁna:
1334 431 1485 488 Eccl.
1542 432 1720 509 episc.
1778 429 1969 488 interi.
2005 432 2053 483 A
2081 428 2265 497 Sergii
2284 428 2496 484 notarii
2527 427 2683 483 sacri
2707 426 2895 483 nostri
2925 423 3153 499 palatii,
3190 434 3429 477 mense
3459 415 3675 490 Aprili
3733 416 3796 469 in-

328 522 384 572 et
412 519 646 573 subscr.
2082 515 2338 572 dictione
2359 533 2457 572 xu.
2488 516 2703 573 Valete.

404 609 523 677 Ego
549 608 692 663 Vido
724 608 1122 663 Humanensis
1150 610 1329 680 episc.
1364 610 1554 666 interi.
1585 616 1639 667 et
1671 611 1898 667 subscr.
2864 607 2946 659 IX.

402 698 520 764 Ego
548 696 813 750 Andreas
844 697 1155 752 Perusinus
1186 697 1364 769 episc.
1400 699 1587 755 interi.
1649 705 1706 756 et
1742 700 1917 755 subsc

2277 694 2391 749 ficti
2418 694 2511 749 IX
2535 694 2787 763 epistola
2813 694 2895 749 ad
2924 691 3335 747 Adelberlum
3373 684 3792 751 archiepism

401 785 520 851 Ego
554 782 799 837 Uberius
833 785 1142 841 Sasenates
1168 786 1314 841 Eccl.
1349 788 1528 859 episc.
1563 788 1751 843 interi.
1808 793 1862 843 et
1892 807 1916 843 s

1747 831 1751 842 .
1808 793 1862 843 et
1892 806 1969 845 ss.
2544 797 2691 851 pum
2717 782 3262 851 Hamburgensem.

401 872 521 939 Ego
551 870 849 927 Arduinus
890 874 1234 929 Feretranus
1264 876 1446 947 episc.
1480 876 1714 932 interfui
1745 881 1798 932 et
1828 877 1916 932 su]

1683 876 1714 931 ll
1745 881 1798 932 et
1828 877 1971 932 sub-
2620 870 2814 940 (Anno
2840 867 3198 937 tOl2-1024.)

331 958 561 1029 scripsi.
2321 959 2719 1029 [LAPPENBl-Sltc,
2751 958 2968 1014 Hamb.
3008 955 3297 1014 Urkund.
3328 958 3378 1021 1,
3416 952 3555 1021 71.]

400 1049 521 1115 Ego
568 1047 947 1104 Theudaldus
991 1054 1044 1105 S.
1113 1052 1348 1108 Max-iani
1406 1053 1589 1126 episc.
1643 1054 1876 1111 interfui
1920 1059 1976 1111 et
2152 1047 2509 1114 Bessmcrus,
2550 1047 2873 1120 episcopus
2900 1048 2958 1102 et
2987 1061 3201 1101 servus
3259 1055 3624 1097 servorum
3687 1040 3794 1097 Dei.

332 1134 561 1191 subscr.
2082 1134 2560 1191 reverentissimo
2591 1138 2648 1191 et
2690 1133 3069 1189 sanctissimo
3117 1137 3518 1195 ADELBERTO,
3576 1133 3793 1181 sanet:

402 1224 521 1291 Ego
547 1225 805 1279 Joannes
858 1227 913 1282 S.
944 1225 1222 1282 Sabinen.
1254 1228 1518 1284 Ecclesiae
1542 1229 1721 1302 episc.
1741 1229 1917 1287 interf

2273 1222 2658 1291 aaburgensis
2685 1222 2954 1278 Ecclesiae
2992 1221 3318 1293 episcopo,
3358 1214 3788 1289 apostolicam

332 1315 389 1365 et
423 1311 649 1367 subscr.
2083 1309 2577 1366 benedictionem.

402 1402 521 1467 Ego
547 1400 943 1457 Theudericus
1003 1403 1341 1460 Urbinensis
1394 1406 1577 1478 episc.
1634 1406 1869 1462 interfui
1920 1411 1975 1462 et
2157 1398 2212 1454 Si
2238 1404 2508 1470 pastores
2535 1399 2741 1455 OVium
2764 1399 2950 1454 solem
2973 1398 3240 1471 geluque
3266 1412 3399 1471 PFO
3465 1394 3691 1465 ετεξίε
3722 1396 3794 1447 δω

331 1487 559 1543 subscr.
2082 1486 2352 1541 custodia
2381 1486 2476 1541 die
2506 1502 2576 1542 ac
2605 1492 2778 1542 nocte
2804 1486 2951 1541 ferre
2976 1484 3247 1541 contenti
3281 1487 3473 1552 sunt,
3520 1494 3587 1537 et
3628 1486 3699 1536 ut
3734 1497 3795 1535 ne

404 1579 523 1645 Ego
555 1577 905 1634 Benedictus
938 1580 1393 1637 archidiaconus
1423 1586 1477 1639 S.
1512 1587 1574 1639 Β.
1609 1587 1668 1639 Ε.
1722 1589 1777 1639 et
1824 1583 1974 1639 vice-
2081 1592 2202 1648 qua
2222 1592 2295 1631 ex
2316 1577 2397 1631 eis
2428 1581 2530 1631 aut
2577 1577 2833 1632 errando
2890 1580 3114 1649 pereat,
3168 1578 3283 1630 aut
3346 1572 3515 1629 feris
3579 1571 3795 1627 laniata

329 1664 609 1719 dominus
639 1665 874 1721 interfui
904 1672 961 1723 et
990 1668 1216 1724 subscr.
2084 1664 2383 1719 morsibus
2416 1664 2701 1737 rapiatur,
2730 1665 2919 1721 oculis
2942 1680 3183 1737 semper
3204 1661 3649 1734 vigilantibus
3700 1660 3795 1714 cir-

401 1754 520 1820 Ego
544 1753 802 1810 Joannes
829 1755 1321 1812 archicanonicus
1343 1759 1708 1831 archipresb.
1740 1759 1973 1816 interfui
2001 1771 2046 1825 B
2084 1758 2529 1826 cumspectant:
2558 1758 2787 1825 quanto
2813 1753 3032 1807 sudore
3057 1756 3446 1824 quantaque
3512 1764 3674 1803 cura
3703 1749 3791 1801 de-

330 1843 385 1894 et
416 1840 640 1896 subscr.
2084 1839 2299 1895 bemus
2330 1856 2460 1895 esse
2490 1839 2822 1912 pervigiles,
2856 1855 2967 1894 nos
3017 1838 3125 1911 qui
3193 1843 3512 1909 pastores
3572 1836 3792 1905 anima

1096 1954 1228 2007 vuL
2085 1944 2220 1982 rum
2251 1927 2550 1983 dicimur?
2579 1927 2972 1983 Attendamus
3011 1931 3067 1980 et
3097 1929 3489 1998 susceptum
3525 1922 3785 1978 oﬂicium

331 2052 641 2109 Benedicti
665 2070 843 2117 name
881 2057 963 2111 VI
987 2059 1237 2117 epistola
1267 2060 1347 2115 ad
1372 2059 1651 2117 Obertum
1704 2061 1971 2117 abbatem
2082 2015 2358 2071 “bibere
2386 2030 2527 2084 erga
2558 2014 3394 2117 θΡ³¹ἳΨ³¹¹ὶθ9¹Ρί⁰ί⁰³¹Ἶ¹¹ῗ¹
3419 2012 3654 2068 mium
3680 2028 3789 2117 ’ἴου

662 2070 843 2124 ραριε
889 2067 1346 2203 V138“
1372 2067 1651 2118 θοθνίαηι
1704 2067 1971 2119 “bam”
2084 2067 2531 2174 aggestis};
2565 2067 3396 2159 'ia“5i.;"'&m5;;isi;.}g
3432 2117 3567 2174 pro
3599 2106 3789 2155 nostra

1013 2185 1027 2198 '
1060 2185 1370 2264 *ω”ξιςξιξχ
2083 2192 2310 2248 desidia
2340 2197 2474 2247 ante
2501 2207 2807 2247 summum
2844 2195 3151 2264 pastorem
3194 2189 3625 2261 negligentia
3669 2204 3792 2243 ηδ’

934 2252 1132 2322 (Anno
1186 2257 1339 2308 1044'
1360 2255 1376 2324 )
2087 2284 2180 2335 tus
2205 2280 2449 2335 excrucit

2268 2280 2515 2335 :cruciet.
2552 2279 2715 2335 Unde
2745 2280 2931 2335 modo
2960 2279 3214 2335 honoris
3266 2278 3645 2334 reverentia
3691 2293 3783 2331 su-

667 2357 955 2428 [Uonsuy
981 2360 1165 2415 Italia
1190 2375 1385 2431 sacra,
1418 2364 1503 2427 Ill,
1532 2361 1646 2430 62.]
2087 2369 2182 2424 blii

2268 2368 2376 2424 oris
2428 2369 2578 2425 inter
2629 2373 2871 2424 caeteros
2925 2367 3305 2438 judicamur.
3387 2366 3783 2437 Legationem

406 2464 742 2519 BENEDICTL’S
771 2464 1107 2536 episcopus,
1133 2482 1338 2521 servus
1370 2483 1676 2522 servorum
1716 2469 1834 2536 Dei,
1892 2469 1979 2525 di-
2086 2458 2262 2527 igitur
2295 2463 2349 2513 et
2402 2458 2973 2530 ωοὺὶθρίεοορεδεω
3025 2461 3415 2529 Ροῑθεῐεοίεω
3476 2457 3549 2512 in
3598 2456 3783 2513 omnia

332 2552 482 2607 lecto
516 2552 634 2606 ﬁlio
683 2555 901 2608 Onenro
941 2554 1263 2610 venerabili
1316 2555 1518 2611 abbati
1548 2558 1890 2613 monasterii
1920 2560 1973 2615 S.
2089 2561 2274 2615 1⁵68ηᾶ
2338 2545 2840 2617 δθβῑθῐιίιάοῐιθ-Ῑίᾶν
2890 2560 3079 2615 regna
3134 2548 3483 2601 Πδοῐιοηιω
3563 2544 3784 2605 δοίῙίοείν

334 2641 578 2697 Miniatis
612 2641 942 2709 Florentini,
993 2643 1235 2716 suisque
1266 2645 1723 2701 successoribus
1771 2662 1847 2719 pe

2267 2650 2443 2702 )rum,
2497 2638 2929 2704 Norvenorum,
2990 2633 3523 2689 Hislandicorum
3557 2638 3621 2689 et
3673 2650 3782 2687 om-

336 2732 502 2783 tuam
532 2729 591 2784 in
624 2731 876 2786 Domino
917 2730 1188 2787 salutem,
2087 2722 2255 2777 nium
2287 2722 2618 2777 insularum
2658 2722 2750 2777 his
2801 2722 3001 2792 regnis
3057 2720 3540 2793 adjacentium,
3608 2722 3707 2776 tibi
3745 2730 3783 2774 et

404 2817 581 2872 Valde
610 2817 841 2874 bonum
872 2819 1124 2887 videtur,
1172 2821 1220 2875 si
1246 2820 1748 2891 postulanubusa
1776 2827 1982 2879 nostra
2088 2811 2369 2866 omnibus
2408 2810 2855 2867 successoribus
2902 2811 3019 2867 tuis
3074 2815 3393 2884 perpetuo
3466 2812 3783 2867 tenendam

335 2906 664 2977 apostolica
694 2907 833 2962 sede
858 2908 1164 2963 tuitionem
1185 2909 1423 2981 piorum
1451 2909 1742 2978 locorum,
1797 2910 1983 2967 liben-
2090 2900 2493 2955 Concedimlls-
2547 2899 2799 2956 Pallium
2854 2916 3101 2973 quoque
3160 2899 3501 2957 sanctitati
3560 2904 3677 2956 tua?
3726 2900 3781 2953 ad

332 2996 417 3046 ter
439 2994 859 3049 concedamus.
889 2998 971 3050 Tu
1002 3000 1223 3065 autem,
1280 2996 1362 3052 ﬁli
1419 2997 1788 3066 charissime,
1842 2998 1987 3071 quia
2089 2990 2411 3045 missarum
2450 2988 2741 3045 solemnia
2770 2988 3135 3044 celebranda
3158 3004 3236 3044 ex
3270 3005 3468 3045 more
3504 2994 3783 3046 transmit-

334 3078 645 3150 postulasti
677 3096 712 3136 a
744 3081 917 3169 nobis
941 3086 1237 3154 quatenus
1268 3084 1579 3139 munimen
1609 3101 1679 3141 ac
1695 3085 1982 3141 defensio-
2019 3116 2059 3169 ο
2090 3080 2291 3169 timus,
2318 3077 2484 3169 quod
2510 3077 2612 3133 tibi
2635 3093 2823 3133 non...
2850 3077 3014 3133 aliud
3038 3078 3211 3169 quod
3231 3078 3585 3169 inquietos
3594 3079 3783 3169 ferien-

337 3182 478 3221 nem
536 3168 926 3238 apostolicam
954 3170 1317 3227 monasterio
1350 3174 1403 3227 S.
1438 3172 1703 3243 Miniatis,
1731 3173 1827 3229 cui
1844 3189 1989 3245 prae-
2032 3166 2048 3169 ⁷
2091 3167 2200 3223 dos
2231 3184 2266 3223 a
2296 3167 2584 3240 pravitate
2610 3173 2974 3239 compescat.
3006 3166 3215 3222 Viduis
3248 3182 3328 3222 ac
3391 3166 3668 3240 pupillis
3717 3167 3781 3219 in-

340 3270 468 3308 esse
499 3254 783 3321 meruisti,
840 3256 1181 3325 dignatione
1239 3259 1406 3315 solita
1438 3276 1547 3331 pro
1597 3266 1797 3317 nostro
1842 3278 1989 3335 prae-
2090 3256 2249 3326 juste
2276 3255 2575 3327 oppressis
2614 3255 2881 3311 defensio
2909 3260 3011 3310 tua
3041 3254 3403 3321 subveniat,
3446 3258 3634 3325 Ecce,
3692 3254 3784 3307 fra-

343 3347 514 3413 cepto
574 3342 893 3411 daremus;
962 3360 1072 3400 nos
1141 3350 1339 3401 autem
1414 3347 1632 3403 idcirco
1715 3354 1987 3406 sanctum
2100 3347 2183 3397 ter
2208 3342 2572 3409 ChariSSime,
2608 3341 2758 3399 inter
2787 3341 2978 3397 multa
3015 3340 3136 3397 alia
3165 3341 3291 3397 ista
3323 3346 3493 3398 sunt
3531 3340 3786 3397 53081110

342 3429 1015 3502 piumquejudicamus,
1066 3449 1191 3488 non
1242 3450 1463 3504 negare
1514 3435 1823 3504 debemus,
1885 3437 1989 3492 sed
2094 3430 2179 3500 tii,
2235 3430 2349 3485 ista
2406 3436 2544 3486 sunt
2596 3429 2779 3503 pallii,
2812 3447 2949 3503 quin
2982 3431 3034 3484 si
3084 3428 3371 3487 studiose
3443 3431 3784 3493 servaveris,

340 3517 644 3575 voluntate
674 3521 1125 3592 promptissima
1156 3522 1374 3593 largiri.
1411 3524 1545 3578 Ideo
1575 3524 1837 3582 inchoati
1861 3542 1991 3599 pre-
2096 3517 2262 3590 quod
2310 3517 2450 3573 foris
2504 3518 2803 3590 accepisse
2859 3518 3218 3581 ostenderis,
3277 3517 3468 3574 intus
3528 3517 3784 3575 habebis.

340 3606 508 3662 cibus
540 3606 654 3662 tuis
680 3609 1063 3665 concedimus
1086 3615 1210 3666 tam
1248 3612 1349 3667 tibi
1403 3628 1588 3683 quam
1640 3614 1818 3669 etiam
1875 3615 1989 3669 tuis
2101 3608 2317 3663 Sancta
2346 3606 2594 3661 Trinitas
2620 3606 3047 3662 fraternitatem
3081 3611 3253 3661 tua-1D
3286 3606 3411 3661 diu
3434 3620 3786 3663 0005mm

342 3696 789 3751 successoribus
823 3698 1133 3754 tuitionem
1182 3700 1575 3771 apostolicam
1606 3719 1619 3769 ;
1683 3702 1990 3773 adjudica-
2098 3694 2769 3773 digneturinCOIUmem,
2799 3700 2978 3767 atque
3006 3699 3145 3767 post
3164 3694 3366 3765 hujus
3403 3694 3634 3751 saeculi
3654 3709 3786 3751 ama-

339 3800 476 3840 mus
504 3800 714 3841 omnes
738 3787 1010 3842 homines
1034 3787 1259 3843 ibidem
1291 3790 1654 3845 monasterio
1676 3790 1994 3847 adversan-
2098 3782 2420 3839 ritudinem
2458 3784 2532 3839 ad
2567 3789 2920 3855 perpetuam
2951 3783 3136 3861 ducat
3160 3782 3673 3840 beatitudinem.

343 3876 447 3940 tes,
478 3878 582 3928 aut
607 3873 846 3930 laesione
878 3875 1222 3931 violentiam
1253 3877 1532 3932 facientes
1564 3878 1624 3932 in
1676 3879 1855 3935 rebus
1906 3879 1992 3952 ip-
2174 3875 2318 3928 Data
2346 3887 2452 3943 per
2472 3887 2689 3927 manus
2723 3872 2952 3936 Leonis,
2986 3871 3345 3927 cancellarii
3410 3879 3658 3929 sanctae
3712 3877 3784 3927 Ro

345 3959 467 4016 sius
513 3962 859 4016 monasterii
916 3964 984 4030 (f.
1017 3965 1173 4019 deest
1204 3966 1477 4035 aliquid),
1537 3965 1843 4022 facultates
1896 3967 1994 4024 vel
2102 3974 2297 4016 manas
2328 3959 2622 4025 Ecclesiae,
2654 3959 2709 4015 in
2739 3976 2946 4015 mense
2972 3960 3200 4025 Martio,
3230 3960 3607 4017 indictione
3628 3963 3783 4017 tertia.

348 4047 715 4102 facturorum
744 4050 1138 4120 praecedentia
1189 4056 1480 4124 tempora,
1506 4057 1571 4108 ut
1616 4054 1815 4109 nullus
1868 4072 1991 4123 rex,
2896 4052 2957 4104 Χ.

347 4135 545 4191 nullus
573 4136 914 4208 imperator,
939 4139 1137 4194 nullus
1159 4140 1396 4212 praesul,
1427 4141 1626 4197 nullus
1661 4142 1805 4212 dux,
1860 4143 1993 4199 nui-
2104 4138 2371 4207 Epistula
2422 4137 2723 4207 Poppom's
2777 4138 3222 4207 archiepiscopi
3288 4136 3699 4197 Trevirensis
3735 4138 3788 4193 ad

346 4224 437 4278 lus
472 4226 758 4294 marchio,
792 4227 991 4282 nullus
1034 4244 1255 4295 comes,
1295 4230 1495 4285 nullus
1552 4230 1907 4302 vicecomes,
1938 4238 1995 4289 et
2173 4227 2555 4282 Benedictum
2584 4227 2677 4281 IX
2714 4242 3010 4282 summum
3057 4227 3436 4296 pontiﬁcem
3494 4245 3626 4298 pro
3680 4230 3788 4284 obti-

347 4329 529 4372 Darva
554 4315 719 4370 nulla
752 4331 1010 4386 persona
1029 4316 1253 4389 aliquid
1289 4318 1400 4374 tale
1430 4319 1648 4375 audeat
1668 4336 1994 4392 praesume-
2173 4316 2369 4371 nenda
2393 4316 2839 4371 canonizatione
2869 4315 3027 4371 beati
3049 4317 3355 4371 Simeom's
3380 4320 3640 4373 reclusi
3660 4318 3789 4387 apud

348 4418 432 4471 re,
461 4402 679 4459 scilicet
708 4404 768 4458 in
793 4404 973 4460 rebus
1004 4422 1156 4478 quas
1182 4407 1448 4479 episcopi
1480 4408 1812 4476 l-‘lorentini,
1839 4410 1996 4465 vide-
2028 4462 2068 4479 η
2178 4405 2466 4459 Treviros.

347 4488 483 4545 licet
509 4489 917 4559 lldebrandus,
945 4493 1313 4560 Lambertus,
1341 4499 1396 4550 et
1426 4495 1574 4551 Atho
1625 4495 1741 4567 ipsi
1794 4512 1999 4553 mona-
2030 4488 2070 4515 υ
2173 4495 2652 4548 stsassmssmo
2685 4493 2833 4547 Patri
2863 4498 3108 4564 patrum
3161 4495 3373 4563 gratia
3442 4500 3513 4551 et
3574 4498 3788 4552 nomine

351 4579 523 4633 sterio
553 4581 975 4651 concesserint,
1005 4587 1107 4638 aut
1136 4583 1233 4639 alii
1270 4584 1545 4639 homines
1573 4599 1682 4657 pro
1731 4601 1839 4641 sua
1869 4585 1997 4642 ani-
2108 4586 2431 4650 BEN-EDICTO,
2460 4583 2662 4648 Porro,
2694 4581 2828 4636 licet
2856 4581 3168 4649 indignus,
3199 4581 3433 4639 divina
3459 4589 3688 4641 tamen
3706 4586 3791 4641 lar-

348 4682 451 4721 ma
480 4667 805 4736 tribuerint,
834 4670 922 4725 vel
946 4686 1080 4743 qua:
1113 4676 1174 4727 tu
1203 4672 1328 4744 ipse
1358 4672 1581 4728 ibidem
1609 4674 1997 4746 acquisivisti,
2108 4671 2300 4740 giente
2326 4670 2640 4725 clementia
2670 4676 2890 4726 sanctas
2919 4672 3292 4726 Trevirensis
3314 4673 3631 4729 ecclesiae
3648 4674 3789 4730 mini~

350 4761 406 4811 et
425 4756 645 4813 amodo
672 4758 977 4830 acquirere
1018 4762 1257 4832 poteriS,
1288 4766 1610 4818 statuentes
1669 4763 1999 4834 apostolica
2108 4764 2245 4829 ster,
2277 4774 2415 4813 cum
2447 4758 2622 4814 totius
2649 4758 2896 4813 affectus
2933 4759 3279 4831 dilectione,
3311 4761 3625 4818 debitam
3683 4764 3790 4817 sub-

349 4862 601 4903 censura
632 4851 714 4914 ut,
739 4847 787 4903 si
816 4848 949 4920 quis
988 4849 1248 4921 publica,
1304 4851 1399 4906 vel
1453 4850 1686 4923 privata
1714 4866 1997 4923 persona,
2104 4847 2442 4918 jectionem.

348 4949 573 5002 magna
602 4935 694 4991 vel
725 4951 911 5008 parva
938 4936 998 4992 in
1035 4936 1147 4993 illis
1177 4938 1460 4994 omnibus
1490 4937 1670 4993 rebus
1717 4943 1839 4995 tam
1869 4928 2011 4996 mo-i
2182 4934 2479 5007 Superiori
2517 4939 2805 5006 tempore,
2856 4951 3029 5005 cum,
3048 4941 3371 4992 annuente
3436 4940 3790 4995 venerande

348 5022 567 5078 bilibus
598 5040 784 5097 quam
809 5025 1236 5094 immobilibus,
1269 5028 1502 5099 tuisque
1557 5028 2000 5085 successoribus
2108 5023 2408 5080 memoriae
2437 5022 2685 5079 domino
2708 5025 2955 5090 Joanne,
2990 5024 3051 5079 in
3081 5025 3197 5080 hac
3230 5031 3465 5082 saneta
3504 5028 3664 5083 sede
3692 5044 3792 5099 apt»

349 5111 686 5183 molestare,
710 5112 1057 5186 inquietare,
1084 5120 1187 5171 aut
1214 5115 1289 5172 de
1333 5116 1545 5172 vestris
1576 5116 1856 5172 manibus
1914 5133 2002 5174 ra-
2110 5112 2314 5169 stolica
2330 5110 2766 5184 praedecessore
2790 5117 3235 5181 vestro,amore
3255 5112 3545 5169 visionis
3565 5117 3787 5189 sepulcr

349 5213 491 5269 pere
518 5201 847 5267 tentaverit,
876 5201 949 5256 sit
973 5201 1366 5259 anathematis
1388 5202 1627 5259 vinculo
1657 5203 1997 5273 innodatus,
2109 5198 2482 5256 Deihominis
2506 5200 2645 5253 Jesu
2671 5198 2901 5265 Christi,
2935 5200 3279 5256 Jerusalem
3318 5202 3673 5274 profectus
3699 5220 3791 5277 per-

352 5289 409 5339 et
432 5291 634 5343 nostra
664 5289 995 5360 apostolica
1031 5288 1447 5348 maledictione
1487 5290 1830 5357 damnatus,
1889 5293 1997 5348 do-
2106 5304 2242 5357 egre
2273 5287 2538 5354 fuissem,
2570 5286 2631 5342 in
2663 5287 2902 5357 regione
2937 5292 3146 5343 nostra
3203 5305 3588 5361 pravorum
3642 5294 3791 5348 hom

354 5386 463 5426 nec
510 5375 967 5433 satisfactionem
1025 5379 1231 5435 talium
1290 5379 1468 5436 faciat
1516 5379 1993 5438 commissorum.
2105 5392 2252 5432 num
2272 5374 2959 5448 supercrevitiniquitas,
2984 5375 3069 5431 ita
3090 5382 3157 5431 ut
3188 5394 3305 5433 nec
3345 5379 3583 5437 adhuc.
3619 5399 3790 5438 manu

352 5458 464 5524 Qui
504 5474 641 5514 vero
673 5470 869 5519 custos
901 5466 1297 5525 roborationis
1327 5469 1506 5541 hujus
1537 5471 1753 5523 nostrae
1809 5468 1996 5525 tuitio-
2102 5464 2333 5536 possint
2360 5464 2438 5519 ab
2466 5463 2725 5536 incoepta
2762 5465 3064 5519 retrahere
3094 5467 3410 5539 nequitia,
3450 5473 3681 5527 omnia
3722 5484 3787 5541 με

352 5546 468 5613 nis,
494 5545 857 5606 defensionis
884 5554 1469 5631 conﬂrmationisque
1532 5555 1832 5621 exstiterit,
1890 5555 1992 5612 be-
2102 5553 2412 5609 circuitum
2442 5551 2783 5623 diripieutes
2802 5558 2857 5608 et
2881 5553 3298 5611 devastantes.
3325 5559 3551 5632 Super
3573 5577 3699 5634 quo
3718 5578 3782 5611 ει

351 5634 750 5691 nedictionem
778 5642 1099 5706 etgratiam
1131 5660 1167 5698 a
1186 5645 1347 5715 justo
1370 5646 1573 5701 Judice
1598 5643 1846 5699 Domino
1874 5648 1990 5700 Deo
2101 5642 2345 5714 pissime
2372 5642 2726 5713 deprecatus
2758 5658 2892 5696 sum
2934 5642 3152 5697 faciem
3187 5645 3449 5703 domini
3489 5651 3619 5706 mei
3651 5650 3779 5703 restis

352 5726 558 5777 nostro
612 5723 899 5794 consequi
945 5734 1255 5785 mereatur.
1309 5735 1536 5805 Scripta
1586 5748 1695 5803 per
1740 5747 1985 5787 manum
2097 5738 2394 5803 quatenus
2424 5745 2673 5786 manum
2705 5731 2848 5786 mihi
2879 5732 3224 5803 porrigeret
3254 5752 3395 5794 suae
3423 5741 3779 5798 animadver-
