2348 3258
10 203 48 227 237
622 202 816 229 DIPLOMATA
836 201 1110 229 ECCLESIASTICA.

1684 205 1734 230 23S

7 261 106 292 electio,
132 264 277 296 quantum
304 261 528 297 uniuscujusque
555 262 715 288 intellectus
741 262 836 295 fuerit,
854 263 877 289 Α
896 261 1035 294 deferam,
1052 264 1079 288 et
1098 261 1157 296 ipse
1175 269 1264 288 unum
1280 270 1295 288 e
1323 262 1432 288 duobus
1448 263 1544 296 eligat,
1571 265 1619 289 aut
1640 264 1733 289 statim

8 305 125 331 canonice
140 305 259 340 etjuste
279 305 337 337 ﬁat,
357 308 385 331 et
403 308 433 331 ut
451 305 498 332 ille
515 305 563 340 qui
579 305 612 332 ad
630 306 683 331 hoc
698 308 838 337 sanctum,

7 349 182 383 apostolicum
205 349 334 383 regimen
351 348 483 383 eligetur,
500 349 615 375 nemine
644 350 838 375 consentiente

8 396 176 418 consecratus
192 392 243 419 ﬁat
259 392 394 427 pontifex,
423 393 588 427 priusquam
615 393 699 419 talem
726 393 755 419 in
770 401 838 427 pre-

6 437 83 462 sentia
94 436 249 462 missorum
262 440 423 463 nostrorum
447 445 496 463 seu
523 438 654 463 universe
669 437 838 471 generalita-

4 480 33 505 tis
50 480 127 506 faciat
151 480 375 514 promissionem
404 488 455 514 pro
493 480 622 507 omnium
649 481 838 507 satisfactione

4 527 79 558 atque
93 523 188 550 futura
204 524 431 556 conservatione,
446 525 558 559 qualem
583 525 684 551 domus
717 528 745 551 et
759 533 840 551 vene-

5 567 100 593 randus
130 568 290 602 spiritualis
317 570 398 602 pater
424 570 521 594 noster
545 569 600 595 Leo
621 571 721 603 sponte
741 568 838 595 fecisse

4 611 159 638 dinoscitur.
176 612 310 638 Preterea
325 611 379 637 alia
390 612 501 638 minora
511 612 577 638 huic
592 612 672 646 operi
687 611 840 639 inserenda

5 655 188 688 praevidimus,
206 655 338 682 videlicet
352 658 383 682 ut
399 655 427 682 in
448 656 586 682 electione
601 656 769 690 pontiﬁcum
785 665 838 683 ne-

4 705 51 730 que
65 697 137 723 liber
152 705 246 732 neque
268 705 366 724 servus
381 697 416 723 ad
432 697 485 724 hoc
515 698 611 724 venire
635 701 790 732 presumat,
808 701 839 724 ut

3 741 50 765 illis
62 741 208 775 Romanis,
226 749 299 776 quos
314 741 348 767 ad
377 741 450 767 hanc
472 741 637 768 electionem
667 750 717 776 per
732 742 837 768 consti-

2 784 132 810 tutionem
149 787 315 811 sanctorum
331 788 445 818 patrum
459 785 577 819 antiqua
591 785 705 811 admisit
719 793 836 812 consue-

2 828 71 860 tudo,
97 828 217 863 aliquod
243 829 327 855 faciat
342 829 595 862 impedimentum;
623 829 699 864 quod
727 830 749 855 si
774 830 837 864 quis

3 875 88 897 contra
105 872 178 898 hanc
206 875 333 899 nostram
357 873 586 899 constitutionem
602 873 642 899 ire
658 881 836 908 presumpse-

4 916 40 946 rit,
54 915 137 942 exilio
153 916 298 943 tradatur.
319 917 438 950 Insuper
453 917 548 947 etiam,
575 919 604 943 ut
628 917 722 943 nullus
738 917 837 943 missu-

5 967 57 985 rum
72 962 238 986 nostrorum
252 961 457 995 cujuscumque
474 960 667 994 impeditiouis
682 969 837 995 argumen-

3 1007 54 1029 tum
69 1012 243 1037 componere
260 1005 363 1030 audeat
377 1005 405 1030 in
419 1005 557 1038 prefatam
573 1005 749 1036 electionem.
769 1013 837 1039 pro-

4 1047 142 1079 illbl‘mUS;
170 1055 237 1074 nam
259 1048 356 1074 ethoc
375 1048 540 1074 omnimodo
565 1048 713 1074 instituere
733 1049 839 1083 placuit

4 1094 28 1116 ut
47 1091 93 1125 qui
107 1092 197 1118 semel
225 1092 278 1118 sub
293 1091 406 1126 speciali
421 1092 585 1118 defensione
609 1092 704 1118 domui
724 1095 838 1127 aposto-

5 1135 41 1160 lici
64 1135 118 1161 sive
148 1139 248 1162 nostra
275 1135 382 1162 fuerint
405 1136 538 1170 suscepti,
579 1135 731 1170 impetrata
763 1136 839 1170 juste

4 1181 107 1204 utantur
121 1178 299 1205 defensioue.
321 1179 401 1210 Quod
424 1179 447 1205 si
465 1179 529 1213 quis
542 1179 570 1204 in
587 1187 761 1213 quemquam
777 1180 839 1206 illo-

5 1229 57 1248 rum
77 1222 126 1257 qui
150 1223 207 1249 hoc
232 1225 453 1257 promeruerunt
486 1222 590 1248 violare
624 1223 837 1257 presumpserit,

6 1266 62 1292 sciat
86 1274 115 1292 se
135 1266 299 1301 periculum
327 1266 383 1292 vite
408 1274 457 1292 sue
483 1274 542 1292 esse
563 1266 752 1292 incursurum.
768 1267 837 1293 Illud

6 1310 77 1336 etiam
93 1311 310 1342 conﬁrmamus,
334 1313 366 1336 ut
391 1310 496 1336 domno
522 1310 675 1345 apostolico
690 1311 793 1344 justam
811 1310 838 1336 in

6 1354 125 1379 omnibus
140 1357 258 1380 servent
273 1353 475 1385 obedientiam,
490 1362 538 1380 seu
564 1354 682 1380 ducibus
698 1357 726 1380 et
737 1354 838 1389 judici-

6 1397 48 1422 bus
63 1398 120 1423 suis
136 1397 169 1424 ad
187 1397 349 1424 faciendam
372 1398 521 1431 justitiam.
548 1398 618 1424 Huic
639 1398 715 1424 enim
731 1398 840 1424 institu-

6 1441 65 1466 tioni
80 1442 130 1467 hoc
145 1441 306 1468 necessario
322 1441 532 1468 annecteudum
549 1449 609 1467 esse
633 1442 838 1476 perspeximus.

7 1487 31 1510 ut
51 1485 124 1510 missi
155 1485 258 1511 domui
283 1485 429 1519 apostolici
452 1493 501 1511 seu
530 1485 621 1511 nostri
645 1493 756 1519 semper
785 1486 841 1511 sint

893 313 945 339 per
959 306 1074 332 eosdem
1091 305 1190 332 missos
1205 306 1274 332 ﬁant
1289 306 1467 332 necessitates
1495 306 1654 338 emendate,
1677 311 1734 336 aut,

893 348 978 375 misso
995 352 1091 375 nostro
1109 349 1189 376 nobis
1214 349 1406 382 renuntiante,
1433 357 1483 384 per
1504 352 1616 376 nostros
1638 350 1735 375 missus

893 401 909 419 ει
930 392 1011 419 nobis
1026 393 1147 419 directos
1173 393 1371 420 emendentur.
1401 394 1456 420 Hoc
1487 395 1516 419 ut
1541 393 1576 420 ab
1604 393 1735 419 omnibus

893 436 1024 463 ﬁdelibus
1039 440 1134 463 sancte
1152 437 1200 463 Dei
1216 437 1331 463 ecclesie
1356 440 1383 463 et
1408 437 1507 464 vestris
1532 438 1647 463 tirmum
1675 445 1735 463 eSse

893 480 1033 511 credatur,
1049 481 1162 515 proprie
1179 489 1280 507 manus
1305 481 1451 516 signaculo
1480 481 1735 515 subscriptionibus

892 524 946 550 hoc
970 527 1085 558 pactum
1105 524 1331 551 conﬁrmationis
1357 528 1453 551 nostre
1480 524 1688 554 roboravimus,
1709 528 1733 549 ct

893 568 978 602 sigilli
993 568 1081 594 nostri
1101 568 1290 603 impressione
1311 568 1450 603 assignari
1475 568 1620 603 jussimus.
1653 567 1673 603 -ξ-
1697 568 1734 594 Si-

893 619 980 646 gnum
996 612 1095 638 domui
1110 612 1220 638 Henrici
1246 611 1445 646 gloriosissimi
1469 612 1660 639 Romanorum
1681 612 1734 637 im-

893 656 1031 691 peratoris
1054 656 1177 691 augusti.
1206 656 1324 691 Signum
1349 656 1530 683 Ercliandildi
1556 655 1579 673 '9
1600 656 1735 690 Maguuti-

893 700 990 726 nensis
1013 700 1227 734 archiepiscopi.
1248 700 1367 733 Signum
1392 699 1533 726 Heriberti
1562 699 1735 726 Coloniensis

893 743 1107 778 archiepiscopi.
1132 743 1251 777 Signum
1291 743 1411 769 Bobonis
1433 742 1613 769 Treverensis
1647 741 1735 767 archi—

892 787 1025 821 episcopi.
1044 787 1162 821 Signum
1190 786 1341 813 Thiedirici
1368 786 1497 813 Metensis
1518 785 1652 820 episcopi.
1680 785 1734 818 Ego

893 829 1070 857 Eberhardus
1087 830 1337 864 Babembergensis
1357 830 1473 856 ecclesie
1504 830 1652 864 episcopus
1681 829 1735 855 Ro-

893 880 975 899 mane
1008 874 1082 900 sedis
1123 874 1251 900 subditus
1286 873 1448 908 subscripsi.
1493 874 1549 905 Ego
1584 873 1735 899 Mazelinus

894 917 1128 952 Wirziburgeusis
1150 918 1299 952 episcopus
1325 917 1486 952 subscripsi.
1519 918 1576 951 Ego
1597 918 1735 943 Walterus

893 961 1034 996 Spirensis
1048 961 1197 996 episcopus
1212 961 1375 995 subscripsi.
1393 962 1450 995 Ego
1470 961 1637 987 Ruodardus
1658 961 1732 987 Con-

893 1005 1054 1031 stantiensis
1084 1005 1232 1039 episcopus
1262 1005 1423 1038 subscripsi.
1451 1005 1506 1039 Ego
1527 1004 1691 1031 Uodalricus
1714 1006 1735 1020 ⁴¹¹

894 1049 1037 1076 Curiensis
1064 1049 1213 1083 episcopus
1228 1048 1391 1083 subscripsi.
1414 1049 1471 1082 Ego
1488 1048 1656 1074 Adalbcrtus
1686 1048 1733 1074 Ba~

896 1092 1020 1118 silieusis
1035 1093 1184 1126 episcopus
1210 1092 1372 1126 subscripsi.
1396 1092 1451 1126 Ego
1472 1092 1600 1118 Heimmo
1619 1091 1734 1117 Werdu—

895 1135 992 1162 nensis
1018 1136 1167 1170 episcopus
1185 1136 1348 1170 subscripsi.
1380 1136 1437 1170 Ego
1454 1136 1580 1161 Valterus
1601 1135 1735 1161 Heihstei-

895 1180 990 1206 densis
1018 1180 1167 1214 episcopus
1182 1179 1346 1213 subscripsi.
1371 1179 1489 1213 Signum
1516 1179 1648 1206 Richardi
1672 1179 1734 1205 Ful-

894 1223 988 1250 densis
1003 1223 1121 1250 abbatis.
1150 1223 1269 1257 Signum
1290 1223 1406 1249 Arnoldi
1431 1223 1629 1249 Herfendcnsis
1650 1223 1735 1249 abba—

893 1267 939 1294 tis.
968 1267 1086 1301 Signum
1122 1267 1274 1293 Bruchardi
1297 1266 1415 1293 abbatis.
1455 1266 1574 1301 Signum
1602 1266 1735 1293 Gotifreiii

895 1311 983 1337 ducis.
1000 1311 1118 1344 Signum
1135 1310 1301 1344 Beringardi
1322 1311 1411 1337 ducis.
1433 1310 1552 1341 Signum
1579 1310 1735 1337 ThlPdeI‘lCl

895 1355 984 1381 ducis.
1003 1355 1120 1388 Signum
1139 1354 1303 1388 Welpbonis
1319 1354 1439 1381 comitis.
1465 1354 1585 1388 Signum
1614 1354 1737 1380 Cimonis

896 1398 1017 1424 comitis.
1047 1398 1166 1432 Signum
1192 1398 1315 1424 (Zunradi
1338 1398 1460 1424 comitis.
1490 1398 1608 1431 Signum
1626 1398 1737 1424 Ottonis

895 1441 1016 1468 cornitis.
1046 1442 1165 1475 Signum
1192 1441 1367 1467 Adilbralitis
1395 1441 1515 1467 comitis.
1543 1441 1664 1467 Bobonis
1690 1449 1736 1466 co-

896 1484 983 1510 mitis.
1001 1484 1121 1517 Signum
1150 1484 1288 1510 Froderici
1319 1484 1438 1510 comitis.
1468 1484 1587 1517 Signum
1616 1483 1736 1510 Bezelim

8 1528 147 1561 constituti,
165 1529 216 1563 qui
245 1529 392 1554 annuatim
414 1528 496 1554 nobis
523 1529 688 1555 renuntiare
717 1529 837 1561 valeant,
860 1527 1016 1557 Ccomitis.
1042 1528 1161 1562 Signum
1189 1527 1289 1553 Ezonis
1316 1528 1428 1553 comitis
1458 1527 1587 1553 Palatini.
1619 1527 1736 1559 Signum

8 1572 114 1604 qualiter
129 1572 238 1607 singuli
255 1572 341 1598 duces
353 1575 380 1598 et
391 1572 503 1606 judices
515 1573 621 1607 populo
645 1572 785 1607 justitiam
803 1573 841 1598 fa-

10 1615 80 1647 ciant,
111 1616 186 1642 hanc
216 1616 395 1650 imperialem
439 1616 670 1642 constitutionem
699 1616 842 1650 quomodo

9 1658 157 1691 observent;
193 1659 245 1694 qui
271 1659 350 1685 missi
375 1659 555 1685 decernimus
579 1662 609 1686 ut
632 1659 757 1694 primum
773 1667 842 1685 cun—

10 1705 58 1727 ctos
75 1703 214 1729 clamores
231 1703 282 1737 qui
300 1711 351 1737 per
367 1703 571 1738 negligentiam
588 1703 691 1729 ducum
716 1703 841 1738 veljudi-

10 1753 62 1772 cum
87 1746 195 1773 fuerint
218 1746 338 1779 inventi,
371 1746 405 1773 ad
424 1746 553 1773 notitiam
579 1746 676 1773 domui
698 1746 843 1781 apostolici

899 1571 1039 1598 Frederici
1071 1571 1230 1597 camerarii.
1264 1571 1382 1604 Signum
1414 1570 1512 1597 Ezonis
1542 1570 1560 1588 "
1586 1570 1729 1597 infertoris

897 1615 1017 1648 Signum
1042 1615 1183 1641 lleuzonis
1213 1616 1234 1632 ⁴¹
1276 1614 1458 1649 pinccrnarii.
1495 1614 1613 1648 Signum
1645 1614 1738 1641 Huzis.

898 1659 1023 1685 Alimun.
1054 1659 1197 1692 Herenger
1213 1660 1243 1684 ⁸³.
1260 1658 1402 1684 Adilman.
1420 1658 1582 1684 Adliilbero.
1601 1658 1656 1692 Ego
1683 1659 1740 1683 Wi-

897 1703 1000 1729 cilinus
1028 1702 1278 1736 Astrazburgensis
1290 1702 1447 1737 episcopus.
1465 1702 1580 1734 Signum
1598 1702 1741 1736 Ryodliois

900 1747 1081 1773 Fluvanensis
1096 1748 1117 1763 "
1129 1746 1248 1772 abbatis.

706 1833 819 1859 VARI/Ii
840 1832 1037 1860 LECTIONES.

40 1894 59 1910 ’9
93 1894 295 1921 Ercbanbaldi.
322 1894 344 1910 ⁸ο
381 1894 540 1920 Zodalricns
571 1895 678 1927 Borgia.
706 1894 727 1911 “
763 1893 884 1920 Mezonis
920 1894 949 1920 B.
978 1893 1003 1909 δ’
1041 1892 1201 1919 Heimzonis
1229 1894 1319 1920 Cenm'.
1350 1891 1372 1910 ⁸⁵
1410 1892 1488 1919 Huzi.
1518 1893 1659 1923 Salomon,
1690 1893 1742 1918 Bc-

14 1931 117 1964 renger‘!
131 1932 153 1948 “
193 1929 364 1957 Eluanensis
380 1931 477 1961 Cenm’;
493 1930 547 1962 lege
563 1928 759 1963 Elwaugensis.

565 2099 825 2147 SANCTI
884 2098 1188 2145 HENRICI

679 2187 909 2214 IMPERATORIS
930 2187 998 2214 AUG
1004 2187 1077 2213 L'STI

192 2263 756 2328 DIPLOMATA
816 2258 1560 2321 ECCLESIASTICA

21 2489 165 2523 Preceptum
196 2486 477 2515 HenriciGermaniz
502 2485 574 2517 regis
602 2483 738 2510 cwuobitis
768 2483 854 2510 Remi-

295 2531 386 2563 gianis
405 2535 556 2556 concessum
563 2547 569 2554 .

331 2572 425 2605 (Anno
446 2572 535 2604 1002.)

194 2617 321 2654 [MarloL
338 2615 553 2649 MetropolJtem.
567 2614 600 2644 ll,
615 2615 668 2646 58.]

50 2663 75 2689 In
90 2663 203 2690 nomine
214 2664 325 2689 sancta:
340 2663 368 2686 et
381 2659 536 2686 individua:
550 2657 705 2689 Trinitatis,
721 2657 856 2683 HENRICUS

23 2706 104 2735 divina
120 2708 231 2734 favente
252 2703 418 2735 clementia,
436 2710 495 2729 rex.

52 2752 177 2783 Quoniam
192 2750 287 2786 regis:
304 2747 452 2782 dignitatis
469 2745 593 2772 ofﬁcium
610 2752 669 2770 esse
702 2745 811 2770 constat
827 2744 857 2769 ut

26 2796 179 2822 monasteria
211 2795 271 2821 Deo
283 2793 313 2819 et
337 2789 440 2817 sanctis
466 2788 528 2822 ejus
555 2787 656 2819 dicata,
681 2786 716 2813 ob
743 2793 855 2812 conser-

870 2439 889 2464 D
909 2437 1033 2463 vandum
1046 2437 1148 2462 sanctae
1162 2435 1308 2468 religionis
1324 2436 1440 2466 statum,
1457 2435 1536 2461 novis
1558 2441 1671 2468 semper
1692 2434 1751 2468 pri-

910 2481 1020 2515 vilegiis
1032 2482 1130 2506 contra
1158 2487 1256 2505 omnes
1271 2478 1456 2505 infestantum
1486 2478 1661 2505 incursiones
1689 2485 1751 2504 mu-

911 2525 1040 2556 uiantur;
1069 2523 1174 2550 idcirco
1206 2531 1269 2555 nos,
1298 2521 1460 2549 interventu
1481 2522 1591 2549 dilecta:
1624 2521 1752 2556 conjugis

911 2571 1027 2601 nostros,
1043 2567 1150 2602 reginae
1176 2566 1307 2593 videlicet
1328 2566 1520 2601 Cunegundis.
1547 2565 1641 2592 ﬁdelis
1664 2566 1749 2591 etiam

912 2611 999 2638 nostri
1024 2611 1148 2646 episcopi
1177 2610 1303 2643 Notheri,
1333 2610 1419 2645 regia:
1448 2613 1552 2636 nostra:
1579 2608 1753 2635 auctoritatis

911 2655 1047 2689 scriptum
1063 2654 1120 2681 sive
1148 2656 1322 2689 praeceptum
1351 2653 1496 2680 monachis
1519 2653 1574 2679 Deo
1599 2654 1752 2685 sanctoque

911 2698 1040 2729 Remigio
1069 2698 1174 2725 eximio
1209 2698 1380 2724 Francorum
1410 2696 1518 2723 doctori
1545 2696 1597 2721 sub
1630 2695 1751 2729 regulari

912 2742 1062 2776 disciplina
1090 2742 1118 2768 in
1140 2741 1276 2768 suburbio
1306 2742 1459 2768 Remorum
1500 2738 1695 2770 militantibus,
1741 2747 1753 2763 a

912 2793 1015 2819 magno
1036 2785 1137 2812 Ottone
1164 2792 1339 2816 concessum,
1363 2783 1432 2817 regii
1447 2782 1532 2808 etiam
1553 2781 1676 2808 nominis
1701 2789 1752 2807 au-
