3950 6408
1272 302 1644 360 HERIBERTI
1693 298 2279 358 EICHSTETTENSIS
2312 296 2625 356 EPISCOPI
2655 296 2889 352 HYMNI.
3678 288 3814 350 1372

1541 425 1633 480 Ad
1664 425 1890 482 fontem
1921 423 2116 481 rediit.

1540 519 1738 587 Teque
1768 513 2034 586 requirit,

1540 607 1697 672 .Icsu,
1726 603 2058 659 viventium

1545 697 1788 752 Fontem
1818 707 2137 765 aquarum.

1598 800 1784 858 .Maris
1817 798 1952 856 fons
1975 802 2064 854 est
2088 801 2267 864 Deus,

1544 894 1685 946 Pars
1718 887 2102 954 Wiiibaldus,

1545 982 1734 1047 Quem
1762 977 1973 1051 procul
2003 975 2210 1049 patriis

1547 1068 1673 1125 Sitit
1701 1067 1780 1124 ab
1810 1067 1930 1122 oris
1958 1084 1971 1120 ε

1545 1157 1711 1213 Cervi
1733 1171 1900 1211 more
1931 1171 2111 1210 suum

1543 1244 1752 1303 Tendit
1776 1243 1855 1300 ad
1883 1244 2188 1298 haustum.

1615 1350 1981 1420 Angelorum
2013 1348 2227 1404 insula:

1547 1441 1702 1497 Felix
1729 1439 1994 1505 alumne,

1548 1535 1663 1587 Nos
1694 1545 1870 1601 prece
1899 1527 2108 1583 sedula

1548 1620 1771 1688 Dignos
1803 1617 1898 1673 fac
1929 1632 2110 1688 aqua,

1549 1710 1744 1773 Quam
1773 1706 2048 1778 quisquis
2075 1704 2291 1760 biberit

1547 1796 1714 1852 Sitim
1739 1799 1876 1868 post
1899 1794 2105 1850 nescit.

1620 1904 1869 1960 Mundos
1893 1900 2252 1974 baptismate

1552 1991 1812 2049 Fraudes
1841 1991 2064 2062 iniqua;

1552 2085 1798 2153 Semper
1824 2079 2115 2147 inﬁciunt,

1549 2171 1812 2242 Maiaque
1845 2170 2124 2238 mergunt

1550 2264 1656 2315 Per
1687 2264 1968 2326 stagnum
1998 2253 2265 2310 criminis

1553 2355 1615 2405 In
1647 2363 1894 2421 poenam
1921 2345 2151 2404 mortis.

1624 2455 1737 2511 Sed
1770 2454 1883 2510 tuis
1911 2451 2190 2526 precibus

1555 2550 1775 2605 Omnes
1803 2558 2111 2614 rogamus,

1557 2640 1636 2693 De
1666 2648 1823 2690 saeva
1842 2631 1990 2703 eripi

1556 2731 1722 2783 Noxa
1747 2721 2059 2793 Carybdis,

1557 2814 1891 2883 Tangentes
1919 2807 2202 2882 lacrymis

1555 2907 1797 2960 Portum
1829 2899 2057 2955 salutis.

1630 3013 1783 3066 Laus
1812 3006 1937 3073 tibi,
1969 3003 2237 3075 Trinitas,

1561 3103 1716 3159 Laus
1741 3103 1800 3152 et
1829 3098 2093 3168 potestas
2118 3111 2132 3161 ;

1559 3195 1634 3246 Te
1661 3187 1915 3246 laudant
1941 3182 2215 3251 ﬂumina,

1563 3277 1705 3336 Coeli
1735 3291 1805 3332 ac
1835 3280 2023 3340 terra;

1563 3374 1608 3424 Α
1637 3365 1790 3424 mari
1815 3363 1894 3421 ad
1923 3377 2089 3417 mare

664 3493 750 3549 IV.
779 3495 867 3550 De
892 3495 956 3550 S.
988 3497 1336 3553 Laurentio.
2077 3489 2125 3539 Α

522 3601 900 3660 Conscendat
932 3620 1123 3676 usque
1156 3605 1353 3662 sidera

451 3690 712 3763 Ccelique
744 3691 942 3764 pulset
977 3693 1189 3750 intima

453 3781 573 3834 Vox
604 3784 783 3852 atque
813 3785 1025 3838 cantus
1046 3783 1332 3851 omnium

450 3871 524 3925 Te
559 3873 745 3928 Deum
775 3870 1269 3930 collaudantium.

524 3955 711 4016 Adest
735 3975 1001 4032 namque
1033 3960 1318 4020 festivitas

453 4050 521 4102 Et
549 4047 677 4102 dies
705 4049 1090 4114 venerabilis,

456 4137 518 4190 In
544 4147 666 4208 quo
697 4135 918 4192 caelum
947 4153 1058 4212 pro
1084 4138 1310 4194 meritis

455 4224 804 4283 Laurentius
834 4227 1142 4300 ingressus
1175 4234 1281 4284 est.

527 4314 656 4381 Qui,
687 4317 981 4388 superatis
1010 4317 1253 4387 ignibus

358 310 486 366 1371

356 435 586 488 Necans
617 431 678 487 in
710 446 905 498 cruce,

355 522 478 576 Nos
508 536 543 576 a
574 519 840 593 privatis,

359 607 605 679 Christe,
633 609 862 663 munda
888 605 1178 672 maculis;

359 698 805 755 Humanitatem

359 787 663 844 Miseratus
694 783 966 855 fragilem

359 880 465 932 Per
495 892 736 932 crucem
768 879 1041 932 sanctam

362 965 568 1038 Lapsis
599 963 764 1021 dona
788 965 1051 1022 veniam.

433 1075 701 1140 Protege,
734 1059 921 1140 salva,

363 1161 639 1230 Benedic,
668 1160 974 1217 sanctiﬁca

362 1249 658 1322 Populum
683 1254 969 1305 cunctum

363 1339 567 1395 Crucis
598 1354 704 1411 per
735 1338 1112 1408 signaculum
1134 1357 1146 1408 ;

362 1427 596 1486 Morbos
627 1433 827 1484 averte

365 1515 642 1591 Corporis
672 1520 730 1572 et
759 1517 1012 1585 animae;

363 1607 484 1662 Hoc
511 1610 719 1662 contra
749 1606 991 1675 signum

365 1693 606 1753 Nullum
637 1697 749 1751 stet
775 1695 1133 1768 periculum.

2732 421 2882 475 Laus
2913 417 2987 472 sit
3015 415 3128 471 hac
3159 412 3274 470 die.
3307 413 3522 471 Amen.

2909 527 2995 580 Ill.
3036 524 3123 580 De
3150 525 3361 578 sancta
3409 519 3767 590 Walburga.

2800 645 2940 706 Ave,
2971 638 3082 694 ﬂos
3111 636 3435 707 virginum,

2731 732 2908 786 Soror
2935 742 3298 795 magnorum

2731 823 3000 876 Fratrum
3033 815 3348 872 Willibaldi

2730 912 2796 966 Et
2819 905 3196 973 Wunebaldi,

2729 1001 2868 1064 Ave,
2899 995 3150 1066 virginei

2733 1089 2968 1160 Sponsa
2997 1083 3253 1140 decoris.

2801 1218 2954 1268 Inter
2983 1211 3336 1268 innumeros

2730 1305 2890 1372 Quos
2921 1301 3081 1357 misit
3110 1303 3368 1365 sanctos,

2728 1395 2802 1448 Te
2827 1391 2960 1447 laeta
2986 1389 3191 1460 genuit

2732 1485 3007 1554 Laetaque
3037 1478 3216 1546 misit,

2734 1569 2963 1626 Florem
2993 1565 3356 1636 angelicum,

2731 1658 2946 1729 Anglia
2975 1660 3187 1712 mater.

2803 1787 2878 1838 Te
2904 1786 3096 1838 mater
3123 1778 3379 1844 Domini,

2733 1877 2910 1930 Mater
2940 1875 2996 1926 et
3025 1869 3215 1939 virgo,

2741 1961 2980 2018 Choreis
3008 1957 3313 2028 virginum

2735 2049 3032 2119 Virginem
3057 2046 3275 2118 junxit,

2735 2139 2997 2210 Filioque
3023 2152 3154 2203 suo,

2737 2231 2994 2302 Sponsa,
3022 2224 3243 2281 dicavit

438 1804 589 1858 Laus
623 1804 743 1857 Deo
768 1802 944 1858 Patri.

369 1891 453 1948 Sit
478 1891 540 1947 in
571 1906 746 1947 cruce
774 1890 896 1947 Filii
922 1910 936 1960 ;

365 1983 522 2036 Laus
553 1980 876 2053 coaequalis

370 2070 452 2126 Sit
481 2074 687 2125 sancto
717 2070 957 2142 Spiritui
977 2089 990 2139 ;

369 2159 610 2216 Civibus
639 2161 895 2214 summis

370 2246 670 2304 Gaudium
703 2247 778 2303 sit
806 2249 1054 2318 angelis,

370 2337 574 2392 Honor
597 2336 659 2391 in
684 2338 916 2393 mundo

373 2426 456 2482 Sit
521 2426 712 2482 crucis
784 2427 1048 2485 inventio

441 2518 652 2571 Amen.

552 2625 618 2678 ll.
650 2623 738 2678 De
760 2625 823 2679 S.
871 2624 1213 2681 Wilibaldo.

443 2732 618 2800 Mare,
651 2730 808 2800 fons,
841 2733 1061 2789 ostium

371 2825 562 2892 Atque
593 2823 882 2876 terrarum
894 2865 907 2890 ,

374 2913 550 2978 Deus,
583 2913 647 2965 tu
672 2911 946 2966 omnium

376 3000 567 3068 Caput
591 2998 918 3067 bonorum,

375 3089 422 3140 Α
451 3088 506 3139 te
535 3084 700 3140 bona
730 3086 945 3157 ﬂuunt,

377 3172 471 3227 Ad
501 3176 553 3227 te
579 3179 912 3228 recurrunt.

449 3280 648 3347 Longe
675 3277 753 3333 ab
782 3278 993 3334 insulis

378 3371 517 3424 Pars
547 3367 712 3423 bona
740 3368 924 3424 maris

2807 2359 3082 2423 ingressa
3110 2347 3448 2405 thalamum

2738 2442 2908 2513 Regis
2938 2439 3228 2495 caelorum

2739 2532 2923 2589 Audis
2955 2528 3296 2599 angelicum

2742 2626 2997 2679 Carmen
3019 2616 3357 2689 jocundum
3384 2633 3396 2670 :

2741 2715 2920 2780 Intra,
2957 2709 3151 2777 virgo,
3182 2705 3266 2761 tui

2743 2798 3041 2857 Gaudium
3076 2793 3296 2869 Sponsi

1122 2429 1443 2500 [exaltatio]

2814 2927 2967 2980 Laus
2997 2920 3124 2990 tibi,
3156 2918 3429 2983 Trinitas,

2745 3017 2896 3070 Laus
2926 3015 2984 3066 et
3012 3012 3275 3081 potestas
3309 3025 3323 3074 ;

2743 3105 2817 3160 Te
2844 3099 3097 3157 laudant
3124 3095 3386 3165 virgines

2747 3189 3021 3261 Quinque
3053 3185 3377 3257 prudentes

2745 3280 2819 3332 Te
2851 3279 2977 3331 oret
3001 3290 3111 3346 pro
3139 3272 3334 3328 nobis.

2748 3366 2924 3435 Virgo
2954 3361 3308 3432 Walpurgis.
3342 3363 3551 3414 Amen.

2300 3487 2564 3546 Primum
2591 3492 2838 3548 virtutes
2868 3489 3080 3560 igneae,

2229 3579 2358 3635 Mox
2386 3579 2625 3652 repletae
2657 3579 2938 3650 scientiae,

2231 3664 2378 3722 Exin
2400 3667 2608 3737 juvate
2637 3686 2749 3728 nos
2782 3682 2979 3742 prece,

2232 3757 2538 3813 Sessiones
2567 3758 2904 3815 dominicas.

2301 3846 2450 3903 Hinc
2479 3847 2659 3905 dicati
2690 3846 3029 3910 virtutibus,

2232 3939 2466 4010 Vosque
2499 3937 2793 3996 tremendi
2823 3933 3092 3994 mutibus
3123 3929 3450 4006 (nutibus?)

2231 4028 2297 4082 Et
2325 4025 2616 4097 fulgurosi
2641 4026 2928 4094 vultibus,

2231 4116 2442 4171 Christi
2472 4116 2659 4172 favete
2688 4114 2987 4188 plebibus.

2300 4207 2403 4272 Tu,
2437 4209 2626 4278 pater,
2659 4204 2824 4260 adsis
2850 4201 3178 4267 Abraham,

2231 4293 2468 4351 Claram
2498 4310 2709 4365 gerens
2737 4292 3107 4367 prosapiam,

455 4406 521 4458 Et
545 4404 748 4476 impiis
779 4405 1124 4476 tortoribus,

455 4493 702 4550 Devictis
733 4495 905 4550 suavis
937 4495 1232 4566 hostibus,

454 4585 621 4638 Nunc
647 4584 869 4653 gaudet
892 4585 955 4640 in
985 4585 1347 4642 coelestibus.

525 4677 656 4744 ipse
684 4673 963 4743 dignetur
992 4676 1314 4731 Dominum

455 4766 686 4832 Rogare
717 4764 1272 4835 clementissimum,

457 4855 527 4909 Ut
551 4853 629 4909 ab
658 4855 892 4910 aeternis
922 4854 1160 4925 ignibus

458 4943 577 4997 Nos
609 4941 797 4999 salvet
825 4948 881 4999 et
911 4943 1312 4999 daemonibus.

530 5033 650 5088 Deo
683 5033 833 5089 Patri
861 5034 933 5088 sit
959 5033 1149 5104 gloria

460 5123 519 5193 Ej
529 5139 720 5194 usque
753 5123 860 5180 soli
893 5123 1032 5179 Filio

461 5214 608 5267 Cum
642 5213 858 5285 Spiritu
888 5212 1175 5269 Paraclito

464 5302 528 5355 Et
553 5316 715 5357 nunc
744 5307 800 5358 et
827 5304 890 5359 in
917 5308 1297 5376 perpetuum.
1328 5307 1538 5358 Amen.

677 5411 740 5464 γ.
774 5412 859 5465 De
887 5411 1159 5465 omnibus
1189 5411 1431 5466 sanctis.

540 5511 759 5568 Omnes
787 5517 1027 5588 superni
1055 5517 1318 5587 ordines,

470 5599 696 5664 Quibus
725 5602 958 5659 dicatur
983 5607 1080 5661 hic
1109 5607 1256 5675 dies,

468 5688 613 5746 Mille
644 5689 870 5744 milleni
899 5693 1133 5762 millies,

471 5779 704 5834 Vestras
731 5777 934 5836 audite
959 5781 1258 5850 supplices

2230 4384 2379 4439 Cum
2408 4383 2556 4455 ipsis
2580 4381 2985 4440 necessariam

2231 4473 2407 4528 Nobis
2439 4473 2748 4546 precando
2775 4472 3032 4529 veniam.

2302 4563 2479 4617 Sacer
2509 4563 2718 4619 adesto
2750 4561 3027 4632 claviger,

2235 4655 2298 4708 Et
2329 4669 2502 4708 novae
2533 4653 2702 4725 pacis
2732 4651 2954 4722 legifer,

2232 4742 2562 4814 Omnisque
2595 4742 2808 4798 Christi
2836 4739 3087 4797 crucifer

2229 4836 2408 4890 Actus
2435 4833 2724 4892 mundate
2751 4831 2988 4908 pariter.

2303 4926 2421 4979 Deo
2452 4923 2605 4982 Patri
2637 4923 2710 4978 sit
2735 4921 2923 4991 gloria

2234 5015 2496 5086 Ejusque
2524 5013 2631 5068 soli
2663 5013 2801 5068 Filio

2232 5105 2380 5158 Cum
2414 5102 2632 5176 Spiritu
2663 5101 2949 5158 Paraclito

2233 5196 2300 5250 Et
2327 5208 2488 5250 nunc
2520 5197 2577 5250 et
2600 5193 2661 5250 in
2692 5196 3070 5264 perpetuum.
3103 5192 3314 5245 Amen.

2446 5303 2533 5355 Vl.
2570 5303 2654 5356 De
2684 5301 3022 5356 inventione
3050 5299 3108 5354 S.
3141 5297 3455 5367 Stephani.

2308 5410 2462 5462 Deus
2493 5407 2768 5476 deorum,
2804 5407 3073 5476 Domine,

2237 5502 2355 5555 Rex
2383 5498 2756 5569 sempiternae
2790 5497 3014 5567 gloriae,

2237 5593 2352 5644 Rex
2386 5586 2743 5642 invictorum
2774 5585 3050 5655 militum,

2239 5682 2492 5734 Carmen
2519 5675 2733 5730 exaudi
2765 5675 3128 5748 supplicum.

2308 5787 2485 5842 Terra
2507 5788 2712 5855 tegens
2742 5781 3166 5841 absconditum
