3836 6436
335 312 472 366 ιετδ

1549 302 1757 357 ΕΜΜιΕ
1794 300 1952 355 REGI
1960 301 2071 356 NE
2108 300 2510 357 ANGLORUM.

2287 302 2510 357 .ORUM.
3708 292 3802 345 137‘

335 436 455 489 tem
484 430 566 488 illi
592 430 827 504 placere
857 429 1074 486 nescio.
1103 427 1271 489 Quod
1301 427 1461 483 enim
1486 421 1800 495 cujuslibet
1822 420 1972 494 peri-
2009 430 2055 479 Α
2081 423 2197 478 ciat
2221 442 2233 491 ;
2282 440 2421 479 cum
2450 424 2672 497 pariter
2700 424 3016 481 considero
3043 439 3251 497 quam
3302 415 3641 493 pessime
3756 423 3805 467 ta-

335 521 377 577 ti
406 520 737 593 eloquentis
765 519 838 574 de
870 525 921 574 te
952 518 1132 572 virtus
1173 521 1274 571 tua
1304 513 1663 587 praeminet,
1697 510 1976 566 omnibus

338 626 375 667 a
397 609 618 683 quibus
660 606 1033 676 cognosceris
1062 605 1192 676 ipso
1222 604 1362 660 solis
1401 603 1613 674 jubare
1644 600 1859 657 clarius
1887 598 1976 653 lu-

339 703 448 755 cet.
480 700 552 753 Te
580 696 755 765 igitur
782 710 924 763 erga
953 710 1048 749 me
1096 691 1249 749 adeo
1289 692 1441 748 bene
1471 691 1744 747 meritam
1776 686 1980 756 magni

337 786 510 852 facio,
541 789 606 840 ut
632 783 807 840 morti
836 781 1164 854 intrepidus
1207 780 1649 849 occumberem,
1680 778 1731 833 si
1756 778 1816 833 in
1854 792 1980 832 rem

340 874 442 930 tibi
469 872 778 946 provenire
804 872 1126 928 crederem.
1158 871 1285 936 Qua
1308 886 1382 925 ex
1418 886 1482 925 re
1510 868 1659 924 mihi
1687 866 1885 932 etiam,
1917 867 1983 920 ut

338 962 634 1037 praecipis,
666 961 1019 1017 memoriam
1062 976 1262 1015 rerum
1293 962 1614 1028 gestarum,
1647 971 1867 1021 rerum,
1900 954 1983 1008 in-

339 1068 546 1125 quam,
579 1056 680 1106 tuo
724 1057 1078 1121 tuorumque
1131 1049 1341 1104 honori
1379 1045 1752 1103 attinentium
1781 1042 1982 1098 litteris

339 1139 666 1213 posteritati
695 1139 982 1195 mandare
1014 1136 1233 1206 gestio;
1267 1136 1372 1192 sed
1400 1136 1477 1191 ad
1506 1136 1618 1190 hoc
1644 1131 1981 1189 faciendum

342 1244 441 1285 me
469 1227 614 1283 mihi
666 1226 933 1282 sufﬁcere
972 1242 1150 1297 posse
1180 1225 1407 1280 dubito.
1442 1225 1562 1279 Hoc
1594 1222 1754 1277 enim
1796 1220 1857 1275 in
1890 1218 1982 1273 Hi-

343 1316 522 1373 storia
549 1315 858 1388 proprium
882 1314 1132 1383 exigitur
1154 1318 1216 1369 ut
1239 1313 1404 1369 nullo
1433 1311 1646 1368 erroris
1673 1308 1985 1365 diverticu-

343 1406 401 1461 lo
446 1421 483 1461 a
527 1409 686 1460 recto
711 1403 972 1459 veritatis
1021 1402 1251 1459 tramite
1298 1400 1656 1466 declinetur;
1697 1396 1985 1469 quoniam

345 1510 484 1550 cum
529 1493 662 1566 quis
705 1492 956 1562 alicujus
1010 1495 1178 1561 gesta
1224 1490 1507 1551 scribens,
1559 1486 1785 1542 veritati
1836 1483 1987 1540 falsa

345 1582 623 1656 quaedam
673 1597 777 1635 seu
822 1579 1099 1648 errando,
1129 1578 1250 1634 sive
1289 1580 1376 1648 (ut
1422 1592 1578 1648 saepe
1609 1575 1694 1646 ﬁt)
1743 1577 1986 1628 ornatus

348 1670 535 1740 gratia
563 1669 867 1731 interserit,
898 1668 1160 1740 profecto
1192 1668 1368 1722 unius
1412 1671 1639 1721 tantum
1682 1666 1986 1733 comperta

2080 511 2236 567 libus
2294 529 2423 568 sese
2481 514 2748 569 humana
2800 512 3183 569 consuetudo
3250 508 3571 567 habeat.
3632 502 3805 559 Viden

2082 603 2242 658 enim
2272 603 2484 676 aliquis
2514 605 2866 676 quempiam
2914 620 3027 677 pro
3058 598 3546 676 exprimenda
3580 596 3675 651 rei
3706 613 3796 649 va.

2084 694 2199 745 tate
2245 690 2441 745 verbis
2490 691 2918 761 indulgentem,
2948 707 3125 747 vanae
3182 683 3666 762 loquacitatis
3710 700 3807 739 em;

2084 779 2442 835 mordaciter
2465 780 2805 850 redarguit;
2840 781 3026 837 alium
3057 796 3216 836 vero
3270 791 3513 853 quem
3553 773 3692 829 dixi
3720 773 3811 826 bla—

2086 867 2420 940 sphemiam
2478 867 2803 937 fugientem
2855 874 2912 925 et
2965 885 3149 942 aequo
3210 863 3729 923 modestiorem
3779 878 3811 915 ι]

2086 957 2443 1026 narratione,
2475 974 2612 1012 cum
2660 963 2867 1030 operta
2910 959 3237 1015 denudare
3295 954 3609 1020 debeat,
3644 960 3812 1024 apert:

2087 1046 2414 1102 occuluisse
2439 1046 2595 1101 dicit.
2616 1047 2737 1103 Tali
2756 1048 2955 1120 itaque
2982 1047 3289 1117 angustia
3322 1045 3811 1113 circumseptu»

2088 1136 2165 1192 ab
2194 1134 2591 1190 invidentibus
2622 1135 2845 1208 loquax
2873 1137 2989 1192 dici
3022 1137 3243 1202 timeo,
3277 1134 3366 1200 si,
3414 1130 3729 1201 neglecta
3750 1146 3812 1183 ve

2087 1224 2319 1275 nustate
2350 1220 2707 1293 dictaminis,
2734 1224 3048 1279 Historiam
3083 1224 3490 1296 scripturus
3520 1216 3812 1289 multipli:

2089 1307 2425 1362 narratione
2454 1324 2598 1363 usus
2629 1309 2815 1366 fuero.
2850 1312 3154 1377 Quoniam
3203 1326 3408 1375 vero,
3452 1307 3633 1380 quin
3665 1307 3812 1375 scrip

2090 1400 2255 1451 turus
2287 1396 2398 1451 sim
2428 1397 2680 1453 evadere
2706 1415 2802 1454 me
2831 1415 2956 1455 non
2986 1416 3174 1473 posse
3208 1399 3461 1468 video,
3508 1411 3722 1450 unum
3747 1394 3812 1446 hc

2090 1501 2224 1539 rum
2271 1501 2406 1556 quae
2454 1502 2795 1559 proponam
2853 1488 3214 1559 eligendum
3278 1503 3449 1543 esse
3512 1489 3804 1541 autumno

2094 1573 2312 1629 scilicet
2341 1580 2443 1629 aut
2467 1576 2642 1630 variis
2667 1576 2908 1647 judiciis
2937 1577 3283 1633 hominum
3325 1576 3499 1646 subj
3512 1589 3725 1636 acere,
3746 1588 3811 1627 at:

2094 1662 2166 1716 de
2215 1663 2306 1717 his
2354 1679 2489 1734 qua;
2539 1664 2682 1719 mihi
2723 1681 2760 1720 a
2808 1670 2883 1734 te,
2915 1665 3175 1720 domina
3209 1665 3495 1735 regina,
3535 1672 3812 1737 prtecept:

348 1757 702 1814 admistione
751 1756 1044 1812 mendacii
1089 1755 1324 1810 auditor
1366 1754 1520 1809 facta
1568 1752 1727 1807 velut
1776 1751 1989 1805 infecta
2027 1770 2068 1821 Β
2097 1756 2252 1816 sunt,
2285 1752 2722 1824 praeripientem
2765 1753 3131 1824 negligendo
3165 1754 3669 1810 conticescere.
3702 1752 3812 1805 ΞΜ(

349 1846 528 1902 ducit.
564 1845 725 1901 Unde
770 1845 1061 1900 historicis
1100 1859 1465 1914 magnopere
1495 1840 1829 1896 cavendum
1863 1854 1989 1893 esse

350 1950 563 1990 censeo
606 1949 699 1997 ne,
748 1932 971 1988 veritati
1023 1932 1391 2003 quibusdam
1440 1930 1591 1985 falso
1635 1925 1990 1998 interpositis

351 2023 776 2082 contraeundo.
810 2038 1029 2076 nomen
1077 2021 1255 2076 etiam
1303 2020 1513 2089 perdat
1552 2018 1714 2089 quod
1768 2016 1992 2069 videtur

350 2113 571 2168 habere
601 2129 673 2166 ex
703 2110 916 2166 ofﬁcio.
951 2114 1060 2165 Res
1100 2111 1260 2165 enim
1307 2109 1556 2171 veritati,
1592 2106 1807 2161 veritas
1851 2120 1996 2176 quo-

353 2216 470 2272 que
520 2200 702 2255 ﬁdem
745 2200 883 2255 facit
932 2203 1034 2255 rei.
1065 2200 1197 2253 Haec
1249 2214 1483 2253 mecum
1525 2196 1760 2266 aliaque
1791 2194 1997 2263 hujus-

356 2288 522 2344 modi
545 2292 874 2359 reputante,
897 2287 1080 2343 rubor
1108 2287 1376 2342 animum
1400 2286 1778 2339 vehementer
1800 2298 1995 2336 excru-

2096 1838 2295 1909 itaque
2322 1855 2358 1893 a
2377 1839 2743 1910 quibusdam
2765 1841 2839 1896 de
2859 1840 3239 1913 loquacitate
3270 1840 3642 1910 redargui,
3660 1855 3812 1910 quan

2100 1928 2403 1981 veritatem
2436 1928 2696 1982 maxime
2726 1928 3140 1984 memorabilis
3181 1929 3281 1985 rei
3317 1945 3452 2003 per
3488 1944 3604 1983 me
3650 1928 3812 1981 omni—

2101 2014 2214 2068 bus
2241 2014 2541 2070 occultari.
2578 2016 2867 2081 Quocirca
2913 2015 3249 2086 jubentem
3298 2017 3673 2072 dominam
3718 2030 3812 2068 ma-

2103 2103 2202 2170 gni
2245 2102 2532 2172 pendens,
2565 2103 2721 2159 hanc
2772 2104 2921 2159 mihi
2969 2103 3122 2174 elegi
3176 2104 3396 2175 viam,
3434 2103 3812 2161 excusabile

2102 2191 2383 2261 deinceps
2412 2192 2760 2247 occasiones
2802 2191 3209 2266 posthabens,
3246 2194 3415 2251 hinc
3451 2192 3811 2249 narrationi:

2105 2296 2214 2334 con
2224 2279 2540 2335 textionem
2569 2280 2808 2338 faciam.

1651 2573 1702 2648 ,Ἃ
1728 2560 2447 2649 RGUMENTl'M.

431 2750 713 2810 Fortasse,
746 2762 782 2800 ο
812 2745 1011 2810 lector,
1056 2744 1346 2813 ambiges,
1397 2759 1611 2814 meque
1656 2741 2003 2814 scriptorem
2043 2742 2082 2795 C
2114 2756 2415 2795 summam
2434 2744 2860 2816 complectitur.
2878 2746 3051 2811 Quod
3069 2761 3215 2801 esse
3250 2762 3539 2801 mecum
3577 2744 3802 2799 sentien~

359 2834 570 2889 erroris
603 2839 705 2889 aut
734 2832 976 2888 inscitiae
1020 2832 1363 2900 redargues,
1397 2847 1501 2885 cur
1529 2831 1586 2885 in
1616 2830 1796 2900 hujus
1825 2826 2002 2883 libelli

360 2923 550 2994 capite
602 2926 768 2976 actus
816 2920 1144 2992 laudesque
1198 2919 1394 2975 Sueini
1445 2918 1804 2973 serenissimi
1848 2915 2003 2983 regis

360 3008 906 3081 promulgaverim,
972 3024 1109 3063 cum
1170 3008 1229 3062 in
1297 3007 1700 3078 suprascripta
1761 3002 2006 3076 epistola

360 3097 562 3169 ipsum
594 3096 944 3152 codicellum
992 3096 1154 3150 laudi
1197 3097 1378 3165 hujus
1427 3095 1686 3149 dominae
1729 3110 1824 3148 me
1869 3108 2003 3164 spo-

363 3185 678 3257 ponderim
724 3185 1039 3239 facturum.
1075 3183 1241 3248 Quod
1275 3183 1353 3237 ita
1396 3199 1523 3237 esse
1571 3182 1696 3252 ipse
1727 3180 2004 3244 fatebere,

364 3287 582 3343 meque
612 3271 690 3327 ab
719 3271 847 3341 ejus
882 3269 1162 3324 laudibus
1192 3284 1493 3339 nusquam
1523 3268 1776 3339 accipies
1807 3266 2006 3321 devia-

363 3377 449 3432 re,
477 3361 528 3415 si
557 3361 751 3432 prima
783 3358 1012 3428 mediis,
1046 3364 1222 3430 atque
1268 3359 1315 3411 si
1360 3358 1577 3412 extima
1615 3357 1813 3427 sagaci
1844 3372 2007 3411 more

365 3448 634 3505 conferas
666 3447 889 3519 primis.
916 3452 1102 3518 Atque
1137 3452 1198 3501 ut
1224 3446 1301 3500 ad
1326 3446 1438 3500 hoc
1464 3445 1816 3501 intuendum
1847 3443 2010 3498 nulla

364 3538 575 3594 erroris
598 3536 941 3608 impediaris
969 3535 1206 3604 nebula,
1241 3551 1275 3589 a
1309 3534 1603 3589 similibus
1632 3540 1809 3606 atque
1849 3550 1881 3588 a
1914 3549 2009 3604 pe-

363 3626 523 3682 nitus
579 3626 731 3681 veris
787 3625 900 3679 hoc
954 3624 1055 3678 tibi
1106 3623 1330 3679 habeas
1380 3624 1700 3678 theorema.
1746 3622 2008 3690 Aineida,

364 3714 763 3786 conscriptam
794 3730 828 3768 a
851 3712 1083 3781 Virgilio
1109 3713 1245 3784 quis
1275 3712 1487 3784 poterit
1511 3711 1761 3767 inﬁciari
1791 3712 2009 3781 ubique

364 3804 644 3860 laudibus
693 3802 1050 3873 respondere
1110 3801 1435 3865 Octaviani,
1476 3817 1612 3855 cum
1667 3816 1817 3872 pene
1868 3799 2011 3853 nihil

366 3895 470 3947 aut
494 3890 671 3962 plane
700 3905 915 3960 parum
944 3888 1072 3956 ejus
1102 3890 1326 3942 mentio
1355 3888 1624 3943 videatur
1656 3886 2011 3941 nominatim

367 3976 677 4034 interseri?
721 3976 1140 4030 Animadverte
1185 3974 1359 4043 igitur
1408 3975 1648 4030 laudem
1676 3992 1783 4029 suo
1814 3978 2012 4043 generi

2112 2828 2191 2882 sic
2233 2829 2458 2899 collige.
2495 2832 2746 2888 Sueinus
2796 2849 2900 2889 rex
2948 2836 3301 2904 Danorum,
3361 2835 3610 2889 virtute
3658 2831 3799 2887 armi-

2114 2934 2261 2988 sque
2292 2918 2521 2989 pollens
2550 2926 2605 2976 et
2635 2922 2902 2992 consilio,
2937 2922 3276 2991 Anglicum
3309 2938 3610 2993 regnum
3642 2921 3696 2974 vi
3725 2936 3799 2972 sun

2114 3006 2455 3076 subjugavit
2504 3009 2775 3082 imperio,
2831 3011 3229 3083 moriensque
3298 3012 3616 3082 ejusdem
3673 3010 3796 3075 regni

2116 3095 2442 3148 Cnutonem
2490 3094 2677 3151 ﬁlium
2706 3112 3120 3154 successorem
3157 3114 3309 3154 esse
3341 3098 3700 3154 constituit.
3733 3098 3793 3148 Η).

2114 3184 2498 3254 postmodum
2530 3186 2755 3241 eisdem
2777 3188 2985 3257 Anglis
3025 3192 3247 3245 contra
3283 3206 3359 3245 se
3396 3187 3795 3245 sentientibus.

2117 3276 2293 3341 atque
2336 3272 2544 3328 acriter
2594 3274 2715 3328 vim
2769 3276 3157 3332 instrumenti
3206 3276 3273 3332 vi
3324 3294 3609 3350 quoque
3661 3290 3798 3345 ΓΘΡΠ·

2118 3361 2458 3429 gnantibus,
2492 3363 2677 3419 multa
2718 3364 2970 3420 confecit
3021 3365 3230 3432 bella;
3293 3371 3361 3422 et
3417 3366 3687 3422 fortasse
3732 3362 3797 3415 vix

2118 3454 2217 3504 aut
2244 3465 2556 3522 nunquam
2603 3452 2865 3509 bellandi
2912 3455 3153 3510 adesset
3182 3454 3365 3526 ﬁnis,
3406 3455 3547 3512 nisi
3594 3453 3798 3511 tandem

2117 3539 2295 3609 hujus
2324 3540 2709 3598 nobilissimae
2743 3544 2965 3613 reginae
2990 3544 3186 3614 jugali
3217 3545 3486 3618 copula
3520 3546 3795 3618 potiretur.

2120 3628 2348 3683 favente
2374 3630 2562 3698 gratia
2595 3630 2932 3687 Salvatoris.
2968 3632 3186 3687 Vivens
3212 3633 3453 3689 adhuc
3486 3635 3574 3689 de
3606 3635 3707 3689 hac
3727 3646 3795 3683 ea-

2117 3718 2254 3772 dem
2316 3720 2519 3787 regina
2584 3725 2859 3792 suscepto
2924 3720 3068 3789 ﬁlio,
3126 3721 3527 3779 Hardecnut
3599 3721 3791 3777 scilicet,

2119 3806 2409 3878 quidquid
2442 3824 2562 3861 sua:
2587 3808 2838 3879 parebat
2861 3808 3069 3863 ditioni
3099 3809 3393 3866 tradidit.
3437 3812 3595 3879 Qui,
3625 3808 3791 3866 defun-

2121 3901 2213 3950 cto
2246 3899 2428 3966 patre,
2462 3895 2718 3963 Anglicis
2749 3895 2966 3951 absens
2992 3901 3138 3952 erat.
3174 3900 3496 3967 Regnum
3535 3898 3791 3972 siquidem

2124 3987 2423 4039 Danorum
2454 3989 2878 4055 procuraturus
2905 3985 3073 4040 ierat.
3110 3987 3263 4051 Qum
3309 3986 3633 4043 absentia
3661 3987 3793 4057 impe-

369 4065 689 4136 ascriptam
731 4064 917 4136 ipsius
957 4063 1154 4118 decori
1198 4063 1581 4127 claritudinis,
1616 4064 2011 4135 claritatisque
2052 4085 2093 4136 D
2125 4072 2190 4126 rii
2216 4071 2307 4125 sui
2336 4072 2483 4125 ﬁnes
2512 4072 2835 4132 invadendi
2864 4073 3089 4144 injusto
3119 4077 3464 4146 pervasori
3499 4076 3706 4133 locum
3728 4072 3797 4126 de-

371 4155 433 4208 in
489 4152 772 4207 omnibus
830 4150 1140 4228 nobilitare
1190 4151 1460 4221 gloriam.
1495 4153 1637 4216 Quis
1686 4157 1881 4206 autem
1923 4151 2016 4206 hic

369 4246 545 4310 neget
570 4239 850 4295 laudibus
879 4237 1096 4307 reginae
1126 4239 1284 4293 hunc
1331 4254 1435 4310 per
1464 4239 1667 4293 omnia
1691 4238 2014 4310 responde-

371 4343 433 4383 re
459 4327 746 4395 codicem,
776 4344 909 4383 cum
943 4342 1063 4382 non
1107 4327 1292 4381 modo
1322 4327 1395 4381 ad
1439 4328 1566 4397 ejus
1598 4326 1848 4395 gloriam
1876 4326 2012 4381 scri-

370 4416 564 4482 batur,
593 4432 802 4471 verum
832 4415 1008 4470 etiam
1039 4416 1169 4485 ejus
1209 4416 1538 4471 maximam
1565 4416 1834 4471 videatur
1861 4415 2012 4470 obti-

372 4520 510 4561 nere
532 4504 807 4577 partem?
838 4504 901 4559 ld
934 4503 1033 4560 tibi
1065 4505 1113 4558 si
1144 4504 1455 4576 probabile
1474 4520 1593 4559 non
1625 4503 1876 4571 videtur,
1901 4504 2016 4558 evi-

373 4592 531 4649 denti
580 4592 819 4649 alterius
868 4592 951 4647 rei
999 4592 1215 4648 indicio
1268 4593 1652 4666 approbetur.
1688 4593 1842 4648 Nosti
1873 4609 2016 4664 quo-

371 4681 555 4751 niam,
585 4681 925 4753 ubicunque
974 4681 1278 4753 gyraveris
1328 4681 1636 4748 circulum,
1669 4681 1865 4754 primo
1894 4698 2019 4736 om-

372 4768 540 4824 nium
584 4767 792 4840 procul
841 4767 1026 4823 dubio
1071 4768 1432 4840 principium
1486 4769 1666 4825 facies
1714 4784 1840 4823 esse
1869 4785 2018 4840 pun-

373 4861 554 4923 ctum,
586 4857 789 4927 sicque
826 4860 1015 4911 rotato
1058 4856 1447 4913 continuatim
1505 4857 1650 4911 orbe
1706 4857 2020 4913 reducetur

374 4944 796 5015 circulus,.quo
844 4943 1092 4999 reductu
1140 4943 1217 4999 ad
1260 4960 1437 5000 suum
1485 4943 1842 5016 principium
1890 4946 2019 5015 ejus

370 5031 578 5100 ﬁgurae
603 5031 981 5088 continuatur
1004 5031 1283 5087 ambitus.
1310 5031 1498 5089 Simili
1521 5032 1697 5101 igitur
1718 5034 2023 5088 continua-

370 5118 531 5175 tione
556 5119 687 5175 laus
715 5120 933 5191 reginae
964 5119 1145 5176 claret
1168 5120 1230 5175 in
1260 5120 1486 5193 primis,
1512 5121 1572 5175 in
1602 5121 1812 5175 mediis
1837 5122 2018 5189 viget,

373 5206 439 5261 in
483 5206 703 5262 ultimis
753 5209 1063 5277 invenitur,
1095 5224 1462 5281 omnemque
1510 5225 1759 5281 prorsus
1799 5208 2019 5264 codicis

2125 4160 2226 4214 dit.
2260 4159 2368 4224 Qui
2396 4166 2641 4231 accepto
2660 4176 2867 4231 regno,
2887 4160 3130 4218 fratrem
3160 4162 3330 4231 regis
3366 4164 3795 4221 nefandissima

2122 4247 2452 4319 proditione
2482 4247 2792 4303 interemit.
2824 4248 2938 4304 Sed
2985 4249 3199 4305 divina
3253 4250 3421 4307 ultio
3471 4253 3793 4308 subsecuta.

2121 4336 2493 4408 impiumque
2546 4336 2905 4407 percutiens,
2961 4332 3226 4407 regnum
3311 4339 3425 4394 cui
3492 4340 3793 4397 debebatur

2121 4423 2388 4479 restituit.
2423 4424 2763 4480 Hardecnut
2788 4423 3012 4496 itaque,
3046 4430 3300 4497 recepto
3333 4443 3591 4499 regno,
3632 4433 3792 4484 mater-

2122 4516 2212 4571 nis
2260 4531 2365 4587 per
2394 4514 2597 4569 omnia
2638 4529 2857 4585 parens
2904 4513 3192 4582 consiliis,
3224 4514 3502 4573 divitias
3542 4516 3794 4590 amplian-

2122 4604 2201 4659 do
2230 4620 2484 4673 regnum
2511 4602 2893 4675 imperialiter
2924 4602 3204 4658 obtinuit.
3242 4606 3417 4660 Usus
3462 4608 3642 4679 quin
3669 4606 3790 4662 etiam

2123 4692 2360 4762 egregia
2406 4690 2752 4746 liberalitate
2795 4690 2981 4756 fratri,
3018 4694 3228 4763 utpote
3280 4691 3608 4761 decebat,
3645 4706 3791 4749 secum

2124 4780 2291 4849 regni
2332 4780 2515 4835 decus
2577 4783 2755 4851 atque
2798 4778 3035 4835 divitias
3085 4778 3462 4853 impertivit.
3529 4784 3648 4839 His
3685 4782 3789 4837 enim

2128 4868 2578 4935 animadversis,
2613 4884 2649 4922 o
2678 4868 2879 4935 lector,
2914 4867 3225 4941 vigilique,
3261 4868 3404 4924 imo
3455 4872 3665 4929 etiam
3707 4886 3790 4943 per-

2127 4958 2345 5031 spicaci
2394 4955 2569 5011 oculo
2622 4955 2837 5010 mentis
2887 4961 3269 5027 perscrutato
3320 4962 3541 5027 textu,
3581 4960 3787 5016 intelligis

2126 5049 2306 5119 hujus
2336 5044 2513 5101 libelli
2544 5045 2753 5100 seriem
2784 5060 2890 5117 per
2919 5045 3129 5102 omnia
3155 5045 3402 5116 reginae
3436 5052 3691 5106 Emmaa
3715 5050 3788 5104 lau-

2128 5136 2304 5191 dibus
2333 5133 2711 5206 respondere.

391 5333 3782 5357 Μ

1621 5472 1953 5557 LIBER
2042 5469 2500 5557 PRIMUS.

454 5638 674 5706 Βεεθω
694 5641 994 5700 Danorum
1004 5648 1849 5722 Sueinum,inquam,veridica
1866 5665 2024 5704 com-

378 5722 514 5799 peri
536 5722 817 5784 relatione
846 5732 1114 5789 omnium
1141 5737 1231 5791 sui
1262 5738 1545 5809 temporis
1594 5751 1803 5805 regum
1843 5736 2026 5792 ferme

2132 5648 2673 5704 fortunatissimum
2694 5648 3009 5717 exstitisse,
3034 5649 3195 5706 adeo
3211 5656 3283 5709 ut
3304 5632 3528 5726 (quod
3546 5675 3687 5713 raro
3705 5668 3780 5711 ιῖρηα

2134 5737 2357 5806 tingere
2388 5735 2558 5803 solet)
2587 5735 2893 5808 principiis
2920 5735 3227 5809 felicibus,
3257 5746 3636 5802 secundum
3660 5750 3780 5803 Deum
