3836 6446
25 309 141 360 [377

1338 294 1723 363 ENCOMIUM.
1767 336 1836 344 —
1879 297 2002 361 LIB.
2047 295 2086 361 Ι.

3294 307 3430 368 1378

25 433 60 481 εἴ
82 424 387 490 saeculum,
423 423 612 480 multo
643 424 867 480 felicior
891 429 1278 499 responderet
1306 431 1514 484 exitus.
1559 429 1657 484 llic
1689 434 1734 484 A
1772 427 2173 499 quadraginta
2203 429 2510 503 puppibus
2540 447 2695 503 quas
2726 447 2931 487 secum
2969 431 3139 488 duxit
3185 441 3430 492 onustas

27 515 259 585 lenique
291 530 326 568 a
373 513 783 578 nobilissimis,
848 517 1014 588 quod
1062 518 1326 589 primum
1374 525 1461 574 est
1513 520 1662 574 inter

26 604 298 665 iomines,
340 602 508 657 duxit
537 604 850 674 originem,
876 622 1290 679 magnumque
1338 608 1448 662 sibi
1478 608 1661 662 decus

25 693 337 749 iecundum
368 693 656 748 saeculum
689 696 916 768 peperit
944 697 1178 770 imperii
1209 700 1374 770 quod
1406 698 1661 754 admini-

25 783 228 838 ztrabat
252 783 539 851 regimen.
571 787 820 840 Tantam
849 787 1065 842 deinde
1097 789 1177 843 illi
1211 790 1464 860 gratiam
1512 789 1660 843 divi-

25 891 80 928 ia
111 873 401 928 concessit
429 873 634 940 virtus,
668 880 731 930 ut
757 877 935 931 etiam
970 879 1256 949 puerulus
1287 880 1496 934 intimo
1527 878 1664 933 affe-

25 967 98 1016 :tu
130 961 470 1031 diligeretur
499 963 576 1018 ab
607 965 890 1019 omnibus
939 970 1172 1022 tantum
1220 967 1373 1039 patri
1421 968 1663 1040 proprio

26 1052 247 1118 nvisus,
284 1052 446 1107 nulla
476 1053 590 1108 hoc
622 1061 996 1125 promerentc
1047 1058 1253 1128 puerili
1309 1058 1504 1130 culpa,
1560 1057 1663 1112 sed

25 1141 128 1196 :ola
161 1141 434 1197 turbante
462 1141 704 1198 invidia.
740 1144 847 1209 Qui
879 1145 1068 1200 factus
1095 1148 1348 1216 juvenis,
1373 1147 1433 1202 in
1461 1164 1664 1203 amore

25 1229 267 1301 [uotidie
294 1231 599 1287 crescebat
620 1233 847 1305 populi,
899 1236 1056 1289 unde
1107 1238 1298 1301 magis
1351 1237 1663 1308 magisque

26 1319 222 1374 nvidia
247 1322 584 1390 augebatur
609 1323 790 1396 patri:
813 1324 966 1378 adeo
1000 1331 1060 1380 ut
1091 1342 1229 1380 eum
1265 1343 1300 1382 a
1326 1328 1517 1398 patria
1543 1343 1662 1381 non

27 1425 123 1463 am
151 1408 514 1479 clanculum,
550 1411 658 1466 sed
690 1413 892 1483 palam
924 1414 1098 1469 vellet
1145 1415 1457 1487 expellere,
1502 1416 1665 1485 jure-

30 1498 382 1571 urandoque
410 1516 682 1556 asserens
713 1519 851 1557 eum
875 1509 1010 1575 post
1042 1521 1102 1558 se
1134 1510 1525 1572 regnaturum
1543 1521 1663 1559 non

25 1606 148 1644 esse.
186 1589 351 1644 Unde
374 1591 586 1646 dolens
621 1594 931 1664 exercitus,
965 1595 1164 1652 relicto
1195 1602 1382 1668 patre,
1404 1597 1667 1651 haerebat

25 1677 122 1732 ilio
153 1682 210 1733 et
239 1695 381 1734 eum
421 1680 774 1736 defensabat
824 1683 1051 1739 sedulo.
1105 1686 1292 1755 Hujus
1347 1686 1426 1740 rei
1478 1686 1666 1751 gratia

1771 516 1844 572 de
1875 519 2177 574 Danorum
2208 519 2594 576 bellatoribus
2624 520 2855 592 primis.
2914 525 3040 576 Non
3087 526 3208 577 tam
3255 539 3430 592 grave

1771 607 2053 662 dominus
2077 615 2275 664 noster
2305 611 2564 682 patiatur
2606 610 3012 682 dispendium,
3073 611 3174 666 sed
3223 613 3432 669 abiens

1771 698 2110 768 cupientem
2141 698 2321 754 ducat
2349 700 2693 768 exercitum,
2741 706 2797 754 et
2844 700 2925 755 illi
2954 701 3190 756 Turchil
3221 707 3431 758 contu-

1772 803 2005 842 macem
2035 788 2415 860 acquiremus
2446 806 2582 844 cum
2609 790 2730 845 suis
2761 789 3138 857 satellitibus,
3171 790 3254 846 eis
3283 808 3434 864 quo-

1771 891 1888 947 que
1919 876 2239 932 foederatos
2267 879 2488 947 Anglos
2539 896 2677 934 cum
2727 879 3009 934 omnibus
3062 896 3271 935 eorum
3298 897 3435 945 pos-

1775 964 2159 1020 sessionibus.
2195 966 2424 1022 Scimus
2453 967 2611 1021 enim
2643 967 2746 1021 diu
2776 983 2877 1022 eos
2917 983 3038 1021 non
3074 984 3250 1040 posse
3294 969 3432 1025 resi-

1775 1060 1943 1122 stere,
1977 1055 2119 1127 quia
2158 1061 2448 1111 nostrates
2477 1057 2586 1111 viri
2616 1057 2693 1111 ad
2720 1073 2830 1112 nos
2863 1057 3201 1113 transibunt
3238 1057 3427 1114 facile.

1773 1144 1944 1209 Quod
1974 1145 2020 1198 si
2051 1162 2154 1200 eos
2187 1146 2334 1201 velle
2361 1147 2692 1217 contigerit,
2724 1163 2824 1201 rex
2869 1147 3006 1201 duci
3066 1163 3177 1202 suo
3229 1149 3432 1203 Danis-

1773 1250 1889 1305 que
1914 1250 2192 1306 parcens,
2227 1251 2329 1290 eos
2379 1235 2711 1290 honoribus
2757 1234 3085 1307 ampliabit.
3144 1235 3201 1291 Si
3230 1241 3432 1292 autem

1775 1323 2047 1389 noluerit,
2077 1340 2257 1394 quem
2290 1324 2616 1396 despexere
2646 1324 2914 1378 sentient.
2949 1326 3062 1379 Hac
3094 1323 3311 1396 illaque
3332 1341 3434 1396 pa-

1774 1412 1883 1466 tria
1941 1413 2151 1484 privati
2223 1413 2372 1468 inter
2442 1414 2668 1486 primos
2730 1414 2932 1468 hostes
3001 1413 3156 1483 regis
3220 1430 3433 1486 pmnas

1775 1501 1954 1555 luent.
2003 1526 2028 1550 ››

1849 1591 2031 1660 Hujus
2064 1593 2142 1646 rei
2176 1592 2655 1648 adhortationem
2685 1609 2786 1647 rex
2817 1593 2921 1647 ubi
2947 1593 3434 1665 audiit,primum

1778 1696 1980 1734 secum
2013 1680 2213 1736 mirari
2245 1697 2365 1736 non
2398 1682 2774 1736 mediocriter
2823 1682 3018 1754 ccepit,
3078 1683 3220 1755 quia
3267 1681 3435 1754 quod

25 1767 474 1835 :ongrediuntur
503 1770 563 1824 in
592 1771 818 1843 praelio.
853 1772 911 1827 in
933 1790 1056 1844 quo
1101 1774 1444 1830 vulneratus
1494 1775 1664 1844 fuga-
1699 1785 1739 1836 Β
1779 1770 1907 1841 ipso
1938 1771 2040 1824 diu
2063 1771 2461 1826 dissimulanti
2494 1771 2825 1843 celantique
2855 1772 2914 1827 in
2955 1777 3215 1827 mentem
3261 1787 3436 1828 vene-

30 1872 217 1927 usque
245 1862 418 1927 pater
448 1859 526 1913 ad
559 1859 798 1915 Sclavos
829 1860 998 1929 fugit,
1057 1867 1112 1918 et
1161 1879 1278 1917 non
1316 1863 1504 1918 multo
1533 1868 1669 1935 post

26 1945 84 1998 bi
111 1944 274 2010 obiit,
305 1951 364 2001 et
397 1948 571 2004 Suein
604 1949 732 2018 ejus
765 1951 978 2006 solium
1010 1952 1204 2022 quiete
1238 1953 1438 2008 tenuit.
1473 1954 1665 2018 Quam

25 2038 240 2089 itrenue
269 2051 414 2090 vero
441 2037 884 2110 prudenterque
934 2040 1168 2095 interim
1219 2041 1525 2096 saecularia
1576 2042 1666 2096 di-

25 2123 300 2193 ;posuerit
328 2126 594 2194 negotia,
628 2127 834 2198 paucis
866 2128 1008 2184 libet
1052 2130 1129 2184 ad
1180 2131 1531 2184 memoriam
1581 2147 1665 2184 re-

26 2212 242 2281 lucere,
275 2220 579 2286 quatenus
609 2218 700 2272 his
729 2218 1090 2290 interpositis
1141 2221 1368 2275 facilius
1426 2221 1496 2275 sit
1537 2236 1667 2284 gra-

27 2301 188 2355 latim
222 2318 329 2373 per
371 2303 498 2360 haec
529 2306 603 2361 ad
634 2307 1061 2379 subsequentia
1090 2310 1468 2366 descendere.
1502 2311 1668 2365 Deni-

26 2407 118 2460 [ue
150 2407 289 2446 cum
316 2393 486 2448 nullo
511 2395 770 2451 hostium
798 2398 1039 2453 incursu
1072 2400 1335 2472 trepidus
1362 2416 1572 2472 pacem
1608 2400 1664 2453 in

25 2482 314 2536 iecuritate
352 2487 572 2551 ageret,
613 2486 856 2556 periculi
905 2504 1140 2561 semper
1183 2489 1341 2544 velut
1398 2489 1666 2544 instantis

26 2575 275 2626 netuens
307 2572 375 2626 in
397 2574 602 2629 castris
633 2575 887 2640 vivebat,
922 2578 1085 2649 quod
1116 2578 1468 2646 hostibus,si
1500 2578 1668 2632 ades-

25 2667 154 2724 ;ent,
186 2661 534 2717 nullatenus
579 2663 829 2719 fortasse
883 2667 1194 2730 resisteret,
1230 2667 1491 2739 nihilque
1548 2667 1668 2721 suis

26 2764 141 2819 {uae
165 2749 324 2805 bello
357 2753 695 2808 necessaria
725 2755 917 2810 forent
961 2757 1361 2828 praeparando
1407 2756 1667 2827 patieba—

25 2853 101 2890 ,ω’
130 2840 369 2907 remitti,
401 2841 618 2897 scilicet
648 2858 721 2898 ne
747 2859 853 2915 per
879 2844 1087 2911 otium,
1128 2853 1190 2899 ut
1236 2845 1478 2910 assoles,
1531 2845 1664 2899 viri-

33 2942 92 2980 es
122 2928 528 2985 emollirentur
557 2931 760 2986 animi.
798 2933 1032 2988 Nullum
1078 2939 1276 2989 tamen
1329 2935 1480 2989 adeo
1520 2933 1670 2987 difﬁ-

26 3015 117 3070 :ile
171 3017 438 3074 invenire
499 3025 730 3092 poterat
780 3023 1086 3092 negotium
1139 3024 1211 3078 ad
1259 3023 1423 3096 quod
1455 3023 1670 3078 invitos

1779 1865 1885 1922 rat,
1911 1859 2112 1914 itidem
2147 1859 2432 1915 militibus
2462 1861 2885 1928 cogitationem
2933 1862 3063 1932 ejus
3115 1861 3436 1931 ignoranti-

1775 1949 1887 2002 bus
1920 1949 2122 2003 animo
2157 1951 2409 2005 sederat.
2438 1951 2733 2006 Accersito
2760 1951 2960 2023 itaque
3019 1954 3286 2007 Cnutone
3313 1949 3435 2005 tilio

1778 2055 1887 2092 suo
1923 2033 2168 2106 majore,
2203 2039 2346 2110 quid
2380 2040 2491 2094 sibi
2519 2056 2698 2112 super
2721 2041 2833 2095 hoc
2865 2041 3083 2109 negotii
3115 2041 3432 2106 videretur,

1775 2144 1946 2182 orsus
1969 2128 2391 2200 estinquirere.
2431 2130 2749 2202 lnquisitus
2778 2136 2981 2185 autem
3033 2129 3128 2185 ille
3179 2147 3213 2185 a
3243 2135 3435 2202 patre,

1774 2221 2048 2271 metuens
2100 2233 2174 2272 ne
2227 2218 2685 2287 redargueretur
2741 2220 2788 2273 si
2848 2219 3066 2291 placito
3124 2217 3440 2275 contrairet

1778 2306 1992 2360 techna
2047 2306 2359 2370 socordiae,
2413 2323 2534 2362 non
2574 2311 2809 2362 tantum
2841 2314 3060 2362 terram
3094 2306 3440 2361 adeundam

1775 2409 1907 2447 esse
1937 2394 2254 2466 approbat,
2305 2412 2512 2450 verum
2553 2395 2730 2450 etiam
2761 2396 3002 2466 instigat
3051 2396 3440 2467 hortaturque

1775 2498 1850 2538 ne
1881 2499 2051 2537 mora
2083 2483 2202 2538 ulla
2229 2483 2554 2556 inemptum
2587 2484 2864 2539 detineat.
2899 2487 3049 2552 Ergo
3074 2501 3175 2539 rex
3206 2483 3442 2539 consul-

1777 2577 1836 2626 tu
1869 2572 2227 2643 optimatum
2269 2572 2560 2636 firmatus,
2600 2574 2973 2646 militumque
3024 2573 3440 2630 benevolentia

1776 2662 2220 2724 fisus,classem
2253 2679 2639 2718 numerosam
2660 2665 2842 2734 jussit
2872 2666 3069 2737 parari
3119 2670 3175 2719 et
3210 2665 3440 2720 univer-

1777 2767 1907 2805 sam
1940 2751 2210 2806 militiam
2244 2755 2544 2806 Danorum
2589 2752 2852 2824 undique
2899 2753 3148 2818 moneri,
3206 2757 3269 2808 ut
3326 2757 3442 2808 sta-

1780 2845 1902 2896 tuto
1931 2840 2025 2895 die
2057 2846 2287 2897 armata
2338 2842 2576 2897 adesset
2628 2847 2684 2896 et
2730 2843 2885 2911 regis
2932 2842 3288 2898 sententiam
3329 2858 3438 2898 au-

1778 2929 1969 2996 diens,
1998 2947 2251 3002 quaeque
2281 2932 2717 3003 imperarentur
2738 2932 3125 2988 devotissime
3157 2933 3438 3004 expleret.

1782 3022 2062 3074 t'lursores
2095 3036 2234 3074 mox
2267 3021 2588 3092 provinciae
2623 3037 2695 3076 ex
2712 3022 2882 3091 jussu
2913 3021 3141 3076 domini
3173 3021 3262 3076 sui
3295 3037 3443 3076 cun-

26 3106 346 3177 meulisset
371 3109 607 3179 milites,
635 3127 788 3183 quos
830 3112 1018 3168 multa
1044 3112 1269 3168 liberali
1317 3114 1667 3168 muniﬁcen-
1701 3135 1741 3187 ο
1781 3115 1937 3163 ctam
1970 3115 2296 3180 pergyrant
2327 3111 2653 3180 regionem,
2686 3111 2951 3183 quietam
2985 3127 3228 3183 quoque
3279 3127 3444 3166 com-

25 3195 90 3249 :ia
122 3196 235 3250 sibi
267 3197 490 3254 fecerat
514 3199 808 3255 obnoxios
839 3205 895 3256 et
923 3201 1146 3257 ﬁdeles.
1183 3205 1394 3274 Atque,
1422 3207 1486 3257 ut
1517 3203 1671 3258 scias

25 3288 274 3353 quantus
307 3303 558 3342 suorum
585 3288 757 3344 fuerit
795 3290 853 3345 in
876 3291 1218 3361 praecordiis
1246 3291 1514 3361 affectus,
1563 3308 1672 3364 pro

26 3377 170 3427 serto
224 3374 527 3431 affirmare
584 3377 821 3433 valeam
875 3379 1039 3451 quod
1106 3379 1303 3435 nullus
1357 3380 1674 3436 formidine

25 3463 219 3518 mortis
249 3465 584 3536 periculum
615 3467 928 3534 refugeret,
962 3469 1212 3540 ejusque
1253 3485 1362 3540 pro
1393 3469 1673 3524 fidelitate

25 3552 282 3609 hostibus
315 3555 645 3612 innumeris
672 3557 854 3622 solus,
891 3559 1133 3614 armatis
1160 3559 1357 3623 etiam,
1392 3559 1673 3615 manibus

25 3641 191 3696 nudis
223 3643 658 3716 imperterritus
688 3648 1102 3714 occurreret,si
1130 3648 1409 3703 euntibus
1440 3653 1673 3704 tantum

25 3731 209 3800 regale
237 3740 798 3805 praemonstraretur
833 3737 1091 3805 signum.
1145 3740 1215 3792 At
1241 3753 1314 3792 ne
1345 3755 1440 3792 me
1473 3737 1676 3792 credat

25 3820 229 3891 aliquis
260 3823 388 3878 haec
422 3823 569 3879 falsa
598 3824 884 3895 ﬁngendo
911 3826 1162 3897 alicujus
1211 3827 1434 3883 amoris
1484 3827 1673 3897 gratia

26 3911 366 3983 compilare,
399 3919 552 3970 recte
582 3915 1152 3972 animadvertentiin
1175 3917 1678 3989 subsequentibus

25 4001 238 4070 patebit
271 4007 473 4058 utrum
503 4021 646 4060 vera
673 4005 924 4060 dixerim
965 4023 1040 4061 an
1073 4006 1336 4062 minime.
1390 4007 1680 4063 Omnibus

25 4089 175 4146 enim
207 4091 398 4163 liquet
422 4093 630 4165 procul
658 4094 845 4149 dubio
870 4096 1161 4166 quoniam
1189 4096 1577 4153 humanitatis
1602 4097 1683 4152 ita

25 4196 146 4235 sese
174 4181 403 4237 habeat
429 4183 819 4249 consuetudo,
873 4188 935 4238 ut
980 4183 1332 4258 plerumque
1384 4202 1454 4240 ex
1503 4186 1682 4241 rebUs

25 4285 309 4341 prospere
367 4271 755 4327 redeuntibus
804 4277 1032 4328 mentes
1088 4275 1474 4346 quorundam
1548 4275 1683 4347 plus

26 4372 188 4426 equo
215 4359 479 4427 exagitet
503 4360 928 4429 cogitationum
960 4367 1161 4429 aestus,
1197 4367 1375 4434 atque
1398 4379 1466 4418 ex
1498 4362 1685 4419 nimia

1783 3198 2190 3252 monefaciunt
2244 3204 2503 3267 gentem,
2565 3216 2640 3254 ne
2692 3199 2826 3272 quis
2871 3217 2945 3255 ex
2997 3204 3156 3254 tanto
3188 3200 3448 3256 exercitu

1782 3286 2033 3348 deesset,
2069 3287 2216 3358 quin
2238 3283 2439 3342 ~omnis
2470 3289 2723 3344 bellator
2754 3294 2919 3344 terrae
2952 3294 3052 3345 aut
3093 3289 3242 3345 iram
3293 3289 3450 3359 regis

1784 3377 2132 3446 incurreret,
2166 3383 2269 3433 aut
2290 3378 2550 3447 jussioni
2583 3380 2713 3449 ejus
2761 3379 3090 3435 advolaret.
3149 3379 3301 3444 Quid
3356 3395 3451 3435 er-

1787 3482 1862 3535 go
1895 3466 1922 3519 ‘?
1955 3467 2195 3536 Absque
2227 3467 2694 3522 contradictione
2741 3468 3106 3533 adunantur,
3156 3467 3450 3522 instructi-

1785 3571 1902 3626 que
1924 3554 2106 3608 armis
2132 3553 2358 3607 bellicis
2391 3555 2682 3623 gregatim
2715 3555 2834 3624 regi
2859 3571 2968 3609 suo
2985 3559 3446 3626 praesentantur,

1787 3648 2148 3698 ostentantes
2180 3659 2244 3698 se
2274 3649 2516 3714 paratos
2548 3643 2624 3699 ad
2642 3643 2972 3715 periculum
2995 3649 3050 3699 et
3071 3645 3147 3700 ad
3168 3648 3446 3713 mortem,

1793 3733 1841 3788 si
1870 3737 2099 3787 tantum
2129 3731 2358 3786 domini
2390 3732 2479 3787 sui
2506 3738 2732 3804 queant
2753 3733 3037 3805 perlicere
3058 3733 3448 3791 voluntatem.

1793 3825 1909 3877 Rex
1937 3825 2138 3876 autem
2166 3821 2371 3876 videns
2414 3823 2709 3894 populum
2749 3823 3269 3891 innumerabilem,
3301 3839 3450 3881 voce

1792 3910 2162 3984 praeconaria
2200 3911 2379 3981 jussit
2409 3929 2581 3967 suam
2628 3912 2894 3984 pateﬁeri
2943 3912 3329 3980 voluntatem,
3385 3926 3451 3969 se

1791 4001 1940 4057 velle
1968 4000 2187 4056 scilicet
2235 4000 2494 4056 classem
2542 4003 2863 4056 adversum
2923 4002 3143 4073 Anglos
3195 4017 3451 4070 armare,

1791 4089 2120 4162 ditionique
2153 4106 2277 4145 suae
2307 4106 2551 4146 omnem
2583 4092 2740 4147 hanc
2771 4092 3029 4165 patriam
3057 4091 3212 4148 ferro
3228 4091 3454 4148 dolisve

1793 4179 2106 4250 subjicere.
2144 4180 2316 4244 Quod
2351 4179 2447 4235 ubi
2483 4181 2765 4236 omnibus
2794 4181 2988 4236 visum
3009 4185 3162 4236 esset
3185 4181 3459 4236 laudabi-

1791 4269 1866 4336 le,
1899 4269 2074 4339 elegit
2102 4269 2366 4341 primum
2393 4270 2498 4341 qui
2529 4285 2781 4339 regnum
2809 4285 2985 4324 suum
3025 4268 3311 4325 deberent
3355 4279 3457 4325 cu‘-

1795 4359 2034 4424 stodire,
2067 4374 2161 4425 ne,
2197 4358 2344 4413 dum
2372 4357 2636 4413 alienum
2668 4358 2902 4413 incaute
2936 4362 3258 4430 appeteret,
3307 4357 3455 4413 illud

25 4444 73 4499 in
107 4446 230 4502 otio
257 4447 499 4504 licentia
524 4450 955 4519 aggrediuntur
986 4451 1169 4524 aliqui
1200 4451 1365 4523 quod
1397 4453 1496 4506 vix
1521 4452 1680 4521 cogi-
1714 4493 1756 4546 Ι)
1795 4448 1958 4520 quod
1990 4462 2235 4501 securus
2266 4446 2505 4502 tenebat
2534 4447 2827 4502 amitteret
2857 4451 2911 4501 et
2940 4446 3201 4546 intentus
3219 4446 3279 4501 in
3296 4450 3455 4546 utro"-

25 4538 162 4604 tare,
198 4537 430 4593 nedum
461 4539 674 4606 facere,
716 4540 941 4596 audent
969 4540 1027 4595 in
1072 4540 1422 4597 adversitate
1467 4541 1678 4613 posita.

25 4629 98 4680 [ta
131 4627 316 4682 etiam
347 4628 634 4699 praelibati
664 4630 817 4698 regis
849 4629 1156 4694 militibus,
1190 4647 1329 4686 cum
1377 4631 1685 4703 incompo-

25 4715 140 4770 sitae
173 4717 348 4789 pacis
374 4716 757 4775 diuturnitate
790 4724 1004 4775 cuncta
1032 4720 1348 4776 cessissent
1377 4736 1682 4793 prospere,

25 4803 194 4860 ﬁrma
229 4805 325 4860 sui
382 4823 490 4878 pro
540 4808 864 4863 benefactis
893 4808 1122 4864 domini
1157 4809 1316 4863 fretis
1350 4809 1684 4877 stabilitate,

26 4895 234 4950 eadem
279 4895 399 4967 ipsi
429 4896 671 4966 agitanti
718 4897 939 4968 placuit
970 4898 1203 4954 studere
1236 4902 1450 4954 terram
1484 4899 1684 4968 Angli-

25 5000 151 5039 eam
206 4984 559 5040 invadendo
608 4991 761 5041 sorte
819 4987 1030 5043 bellica
1077 4987 1310 5060 imperii
1337 4988 1428 5042 sui
1467 4987 1688 5044 ﬁnibus

26 5074 302 5144 idjicere.
347 5096 375 5120 ‹‹
408 5075 975 5147 Turchil,inquiunt,
1002 5076 1278 5148 princeps
1305 5076 1521 5130 militiae
1551 5081 1684 5142 tuae,

25 5162 266 5219 domine
331 5179 480 5230 rex,
542 5164 775 5220 licentia
833 5182 868 5220 a
923 5171 976 5221 te
1035 5170 1324 5236 accepta,
1404 5165 1548 5220 abiit
1629 5171 1690 5220 ut

26 5251 266 5307 :‘ratrem
327 5268 505 5307 suum
555 5252 700 5307 inibi
753 5252 1125 5309 interfectum
1181 5252 1579 5322 ulcisceretur,
1612 5258 1685 5319 et,

25 5356 315 5409 magnam
352 5345 581 5412 partem
621 5342 911 5397 exercitus
955 5342 1036 5396 tui
1092 5342 1419 5411 abducens,
1481 5342 1689 5398 vicisse

25 5446 75 5484 se
105 5433 373 5497 gat-det:
407 5435 460 5485 et
490 5447 650 5484 nunc
681 5431 1075 5486 meridianam
1112 5436 1342 5502 partem
1373 5431 1690 5503 provinciae

25 5519 208 5574 vietor
237 5518 495 5588 obtinet,
546 5536 614 5575 ac
647 5520 877 5575 mavult
923 5520 1003 5575 ibi
1053 5521 1219 5575 exsul
1269 5521 1514 5589 degens,
1548 5519 1691 5575 ami-

25 5623 250 5680 2usque
280 5608 477 5663 factus
509 5609 857 5677 Anglorum,
886 5625 1040 5680 quos
1072 5614 1172 5664 tua
1199 5625 1385 5664 manu
1417 5608 1552 5662 vicit
1573 5607 1694 5676 glo-

26 5698 177 5767 riari,
211 5714 414 5770 quam
439 5698 761 5754 exercitum
791 5698 1081 5753 reducens
1115 5698 1215 5753 tibi
1243 5698 1439 5762 subdi,
1471 5698 1692 5769 tibique

25 5789 346 5852 victoriam
401 5787 636 5846 ascribi.
721 5791 787 5848 Et
831 5803 993 5846 nunc
1022 5787 1376 5845 fraudamur
1424 5786 1597 5844 sociis
1640 5792 1695 5843 et

1795 4552 1912 4608 que
1943 4535 2129 4590 neutri
2163 4535 2503 4607 imperaret.
2522 4534 2794 4590 Habebat
2814 4534 2974 4590 enim
2996 4534 3151 4590 ﬁlios
3167 4534 3321 4590 duos
3343 4534 3454 4590 bo-

1793 4641 1883 4680 nae
1913 4623 2150 4689 indolis,
2206 4640 2278 4679 ex
2329 4623 2552 4696 quibus
2604 4623 3072 4695 primogenitum
3122 4639 3233 4678 suo
3257 4623 3457 4693 junxit

1794 4712 2120 4781 comitatui,
2168 4719 2314 4770 natu
2368 4729 2509 4768 vero
2560 4712 2855 4768 minorem
2901 4711 3162 4785 praefecit
3190 4711 3456 4768 universi

1793 4803 1961 4873 regni
1985 4803 2338 4871 dominatui,
2365 4803 2651 4873 adjuncta
2679 4802 2730 4857 ei
2753 4802 2928 4874 copia
2950 4800 3207 4867 militari,
3223 4801 3458 4872 paucis-

1795 4909 1912 4965 que
1940 4891 2264 4965 primatum
2293 4892 2398 4965 qui
2426 4891 2746 4964 puerulum
2773 4891 3066 4962 sagaciter
3086 4890 3457 4946 instituerent

1797 4987 1852 5037 et
1880 4981 1982 5054 qui
2007 4981 2144 5037 huic
2175 4981 2437 5037 consiliis
2469 4980 2773 5052 armisque
2807 4995 2916 5051 pro
2947 4994 3120 5034 muro
3147 4983 3360 5034 essent.

1868 5071 2159 5127 Omnibus
2186 5086 2326 5140 ergo
2356 5072 2463 5126 rite
2493 5069 2823 5142 dispositis,
2874 5068 3170 5124 recensuit
3211 5067 3458 5125 comites

1785 5150 2207 5233 expeditionis,
2238 5160 2560 5232 relictoque
2591 5158 2821 5214 minore
2854 5157 2972 5212 lilio
3022 5173 3132 5212 suo
3184 5156 3244 5211 in
3293 5156 3454 5227 sede,

1798 5250 1942 5306 adiit
1967 5249 2274 5318 navigium
2296 5249 2548 5305 vallatus
2578 5252 2812 5304 armato
2841 5246 3044 5302 milite.
3104 5249 3218 5301 Nec
3261 5263 3456 5317 mora,

1798 5340 2169 5395 concurritur
2201 5339 2467 5412 undique
2495 5337 2573 5393 ad
2601 5337 2816 5405 littora,
2865 5335 3278 5403 circumfertur
3321 5353 3462 5410 pas-

1800 5429 1910 5484 sim
1943 5444 2250 5484 armorum
2274 5444 2444 5498 seges
2472 5427 2819 5496 multigena.
2847 5425 3160 5496 Aggregati
3217 5426 3464 5483 tandem

1801 5521 2036 5574 turritas
2068 5517 2402 5573 ascendunt
2432 5533 2684 5590 puppes,
2702 5517 2895 5572 aeratis
2911 5515 3115 5571 rostris
3138 5515 3326 5572 duces
3349 5516 3466 5570 sin-

1803 5607 1972 5678 gulos
2004 5607 2344 5662 videntibus
2377 5605 2875 5662 discriminantes.
2936 5603 3079 5660 Hinc
3129 5605 3290 5662 enim
3340 5608 3468 5660 erat

1802 5712 2038 5752 cernere
2068 5696 2271 5750 leones
2324 5712 2473 5750 auro
2521 5695 2723 5750 fusiles
2751 5695 2810 5751 in
2838 5692 3167 5769 puppibus,
3191 5694 3327 5749 hinc
3358 5707 3466 5746 au-

1802 5791 1922 5844 tem
1952 5785 2220 5842 volucres
2257 5785 2320 5842 in
2347 5785 2600 5843 summis
2644 5785 2822 5844 malis
2866 5783 3176 5844 venientes
3236 5789 3470 5837 austros
