  <div class='ocr_page' id='page_1' title='image "/cluster/home/n/w/nwhite01/storage/ocr_20150623/140-141/uc1.31175018559917/1266.png"; bbox 0 0 3950 6418; ppageno 0'>
   <div class='ocr_carea' id='block_1_1' title="bbox 127 255 255 313">
    <p class='ocr_par' dir='ltr' id='par_1_1' title="bbox 127 255 255 313">
     <span class='ocr_line' id='line_1_1' title="bbox 127 255 255 313; baseline 0.016 -2"><span class='ocrx_word' id='word_1_1' title='bbox 127 255 255 313; x_wconf 71' lang='grc'>1381</span> 
     </span>
    </p>
   </div>
   <div class='ocr_carea' id='block_1_2' title="bbox 1469 251 2208 313">
    <p class='ocr_par' dir='ltr' id='par_1_2' title="bbox 1469 251 2208 313">
     <span class='ocr_line' id='line_1_2' title="bbox 1469 251 2208 313; baseline 0.007 -5"><span class='ocrx_word' id='word_1_2' title='bbox 1469 251 1852 310; x_wconf 70' lang='grc' dir='ltr'><strong>ΕΝΟΟΜῘΠΜ.</strong></span> <span class='ocrx_word' id='word_1_3' title='bbox 1880 279 1953 292; x_wconf 89' lang='lat'><strong>-</strong></span> <span class='ocrx_word' id='word_1_4' title='bbox 1981 255 2107 311; x_wconf 87' lang='lat' dir='ltr'><strong>LIB.</strong></span> <span class='ocrx_word' id='word_1_5' title='bbox 2144 260 2208 313; x_wconf 89' lang='lat' dir='ltr'><strong>ll.</strong></span> 
     </span>
    </p>
   </div>
   <div class='ocr_carea' id='block_1_3' title="bbox 3419 267 3558 320">
    <p class='ocr_par' dir='ltr' id='par_1_3' title="bbox 3419 267 3558 320">
     <span class='ocr_line' id='line_1_3' title="bbox 3419 267 3558 320; baseline 0.014 -1"><span class='ocrx_word' id='word_1_6' title='bbox 3419 267 3558 320; x_wconf 71' lang='lat' dir='ltr'><strong>I382</strong></span> 
     </span>
    </p>
   </div>
   <div class='ocr_carea' id='block_1_4' title="bbox 120 377 3564 457">
    <p class='ocr_par' dir='ltr' id='par_1_4' title="bbox 120 377 3564 457">
     <span class='ocr_line' id='line_1_4' title="bbox 120 377 3564 457; baseline 0.002 -19"><span class='ocrx_word' id='word_1_7' title='bbox 120 381 321 455; x_wconf 73' lang='lat' dir='ltr'><strong>prium</strong></span> <span class='ocrx_word' id='word_1_8' title='bbox 345 394 593 452; x_wconf 89' lang='lat' dir='ltr'><strong>quoque</strong></span> <span class='ocrx_word' id='word_1_9' title='bbox 622 377 1020 451; x_wconf 81' lang='lat' dir='ltr'><strong>patefaceret;</strong></span> <span class='ocrx_word' id='word_1_10' title='bbox 1052 380 1264 446; x_wconf 90' lang='lat' dir='ltr'><strong>Cnuto,</strong></span> <span class='ocrx_word' id='word_1_11' title='bbox 1288 379 1391 451; x_wconf 86' lang='lat' dir='ltr'><strong>qui</strong></span> <span class='ocrx_word' id='word_1_12' title='bbox 1419 384 1563 435; x_wconf 89' lang='lat' dir='ltr'><strong>natu</strong></span> <span class='ocrx_word' id='word_1_13' title='bbox 1594 378 1790 448; x_wconf 83' lang='lat' dir='ltr'><strong>major</strong></span> <span class='ocrx_word' id='word_1_14' title='bbox 1821 381 1859 431; x_wconf 81' lang='grc' dir='ltr'><strong>Α</strong></span> <span class='ocrx_word' id='word_1_15' title='bbox 1903 398 2052 437; x_wconf 88' lang='lat' dir='ltr'><strong>cere.</strong></span> <span class='ocrx_word' id='word_1_16' title='bbox 2089 385 2258 449; x_wconf 86' lang='lat' dir='ltr'>Quod</span> <span class='ocrx_word' id='word_1_17' title='bbox 2289 385 2390 441; x_wconf 90' lang='lat' dir='ltr'><strong>ubi</strong></span> <span class='ocrx_word' id='word_1_18' title='bbox 2420 403 2775 443; x_wconf 91' lang='lat' dir='ltr'><strong>concessum</strong></span> <span class='ocrx_word' id='word_1_19' title='bbox 2831 393 2938 457; x_wconf 88' lang='lat' dir='ltr'><strong>est,</strong></span> <span class='ocrx_word' id='word_1_20' title='bbox 2990 389 3277 451; x_wconf 86' lang='lat' dir='ltr'><strong>ascendit</strong></span> <span class='ocrx_word' id='word_1_21' title='bbox 3333 390 3564 448; x_wconf 89' lang='lat' dir='ltr'><strong>miseri-</strong></span> 
     </span>
    </p>
   </div>
   <div class='ocr_carea' id='block_1_5' title="bbox 121 466 1786 541">
    <p class='ocr_par' dir='ltr' id='par_1_5' title="bbox 121 466 1786 541">
     <span class='ocr_line' id='line_1_5' title="bbox 121 466 1786 541; baseline -0.003 -15"><span class='ocrx_word' id='word_1_22' title='bbox 121 470 334 536; x_wconf 81' lang='lat' dir='ltr'><strong>fuerat,</strong></span> <span class='ocrx_word' id='word_1_23' title='bbox 369 469 452 524; x_wconf 90' lang='lat' dir='ltr'><strong>sic</strong></span> <span class='ocrx_word' id='word_1_24' title='bbox 482 467 808 524; x_wconf 82' lang='lat' dir='ltr'><strong>Haraldum</strong></span> <span class='ocrx_word' id='word_1_25' title='bbox 840 468 1078 524; x_wconf 83' lang='lat' dir='ltr'><strong>fratrem</strong></span> <span class='ocrx_word' id='word_1_26' title='bbox 1113 469 1454 541; x_wconf 78' lang='lat' dir='ltr'><strong>alloquitur:</strong></span> <span class='ocrx_word' id='word_1_27' title='bbox 1485 492 1510 516; x_wconf 92' lang='grc'><strong>‹‹</strong></span> <span class='ocrx_word' id='word_1_28' title='bbox 1539 466 1786 533; x_wconf 81' lang='lat' dir='ltr'><strong>Adveni,</strong></span> 
     </span>
    </p>
   </div>
   <div class='ocr_carea' id='block_1_6' title="bbox 121 557 1793 631">
    <p class='ocr_par' dir='ltr' id='par_1_6' title="bbox 121 557 1793 631">
     <span class='ocr_line' id='line_1_6' title="bbox 121 557 1793 631; baseline -0.003 -16"><span class='ocrx_word' id='word_1_29' title='bbox 121 560 322 629; x_wconf 84' lang='lat' dir='ltr'><strong>frater,</strong></span> <span class='ocrx_word' id='word_1_30' title='bbox 376 557 599 631; x_wconf 85' lang='lat' dir='ltr'><strong>partim</strong></span> <span class='ocrx_word' id='word_1_31' title='bbox 653 574 837 613; x_wconf 87' lang='lat' dir='ltr'><strong>causa</strong></span> <span class='ocrx_word' id='word_1_32' title='bbox 891 558 973 613; x_wconf 90' lang='lat' dir='ltr'><strong>tui</strong></span> <span class='ocrx_word' id='word_1_33' title='bbox 1033 559 1274 625; x_wconf 90' lang='lat' dir='ltr'><strong>amoris,</strong></span> <span class='ocrx_word' id='word_1_34' title='bbox 1308 560 1525 630; x_wconf 85' lang='lat' dir='ltr'><strong>partim</strong></span> <span class='ocrx_word' id='word_1_35' title='bbox 1558 574 1698 612; x_wconf 91' lang='lat' dir='ltr'><strong>vero</strong></span> <span class='ocrx_word' id='word_1_36' title='bbox 1729 561 1793 610; x_wconf 90' lang='lat' dir='ltr'><strong>ut</strong></span> 
     </span>
    </p>
   </div>
   <div class='ocr_carea' id='block_1_7' title="bbox 119 645 1794 720">
    <p class='ocr_par' dir='ltr' id='par_1_7' title="bbox 119 645 1794 720">
     <span class='ocr_line' id='line_1_7' title="bbox 119 645 1794 720; baseline -0.003 -16"><span class='ocrx_word' id='word_1_37' title='bbox 119 648 491 704; x_wconf 84' lang='lat' dir='ltr'><strong>declinarem</strong></span> <span class='ocrx_word' id='word_1_38' title='bbox 561 647 959 720; x_wconf 88' lang='lat' dir='ltr'><strong>improvisam</strong></span> <span class='ocrx_word' id='word_1_39' title='bbox 1024 649 1413 703; x_wconf 86' lang='lat' dir='ltr'><strong>temeritatem</strong></span> <span class='ocrx_word' id='word_1_40' title='bbox 1494 645 1794 702; x_wconf 82' lang='lat' dir='ltr'><strong>barbarici</strong></span> 
     </span>
    </p>
   </div>
   <div class='ocr_carea' id='block_1_8' title="bbox 120 738 1794 810">
    <p class='ocr_par' dir='ltr' id='par_1_8' title="bbox 120 738 1794 810">
     <span class='ocr_line' id='line_1_8' title="bbox 120 738 1794 810; baseline -0.003 -16"><span class='ocrx_word' id='word_1_41' title='bbox 120 738 340 794; x_wconf 86' lang='lat' dir='ltr'><strong>furoris</strong></span> <span class='ocrx_word' id='word_1_42' title='bbox 371 756 384 803; x_wconf 89' lang='lat'><strong>;</strong></span> <span class='ocrx_word' id='word_1_43' title='bbox 414 752 540 792; x_wconf 90' lang='lat' dir='ltr'><strong>non</strong></span> <span class='ocrx_word' id='word_1_44' title='bbox 569 742 768 792; x_wconf 91' lang='lat' dir='ltr'><strong>tamen</strong></span> <span class='ocrx_word' id='word_1_45' title='bbox 800 743 1073 793; x_wconf 79' lang='lat' dir='ltr'><strong>metuens</strong></span> <span class='ocrx_word' id='word_1_46' title='bbox 1116 739 1433 804; x_wconf 90' lang='lat' dir='ltr'><strong>bellorum,</strong></span> <span class='ocrx_word' id='word_1_47' title='bbox 1462 753 1597 810; x_wconf 65' lang='lat' dir='ltr'><strong>quae</strong></span> <span class='ocrx_word' id='word_1_48' title='bbox 1646 753 1794 791; x_wconf 67' lang='lat' dir='ltr'><strong>meae</strong></span> 
     </span>
    </p>
   </div>
   <div class='ocr_carea' id='block_1_9' title="bbox 120 825 1796 901">
    <p class='ocr_par' dir='ltr' id='par_1_9' title="bbox 120 825 1796 901">
     <span class='ocr_line' id='line_1_9' title="bbox 120 825 1796 901; baseline -0.001 -19"><span class='ocrx_word' id='word_1_49' title='bbox 120 831 391 901; x_wconf 84' lang='lat' dir='ltr'><strong>repetam</strong></span> <span class='ocrx_word' id='word_1_50' title='bbox 426 825 648 896; x_wconf 62' lang='lat' dir='ltr'><strong>glorier,</strong></span> <span class='ocrx_word' id='word_1_51' title='bbox 685 827 790 881; x_wconf 88' lang='lat' dir='ltr'><strong>sed</strong></span> <span class='ocrx_word' id='word_1_52' title='bbox 815 833 877 882; x_wconf 91' lang='lat' dir='ltr'><strong>ut</strong></span> <span class='ocrx_word' id='word_1_53' title='bbox 905 832 1008 882; x_wconf 91' lang='lat' dir='ltr'><strong>tuo</strong></span> <span class='ocrx_word' id='word_1_54' title='bbox 1035 828 1314 882; x_wconf 87' lang='lat' dir='ltr'><strong>consultu</strong></span> <span class='ocrx_word' id='word_1_55' title='bbox 1352 827 1619 893; x_wconf 82' lang='lat' dir='ltr'><strong>edoctus,</strong></span> <span class='ocrx_word' id='word_1_56' title='bbox 1642 843 1796 898; x_wconf 76' lang='lat' dir='ltr'><strong>pree-</strong></span> 
     </span>
    </p>
   </div>
   <div class='ocr_carea' id='block_1_10' title="bbox 118 915 1795 988">
    <p class='ocr_par' dir='ltr' id='par_1_10' title="bbox 118 915 1795 988">
     <span class='ocr_line' id='line_1_10' title="bbox 118 915 1795 988; baseline -0.001 -18"><span class='ocrx_word' id='word_1_57' title='bbox 118 915 398 988; x_wconf 90' lang='lat' dir='ltr'><strong>sidioque</strong></span> <span class='ocrx_word' id='word_1_58' title='bbox 432 916 730 983; x_wconf 72' lang='lat' dir='ltr'><strong>suffultus,</strong></span> <span class='ocrx_word' id='word_1_59' title='bbox 765 917 1007 972; x_wconf 86' lang='lat' dir='ltr'><strong>redeam</strong></span> <span class='ocrx_word' id='word_1_60' title='bbox 1040 923 1234 971; x_wconf 80' lang='lat' dir='ltr'><strong>certus</strong></span> <span class='ocrx_word' id='word_1_61' title='bbox 1265 916 1538 971; x_wconf 83' lang='lat' dir='ltr'><strong>victoriae.</strong></span> <span class='ocrx_word' id='word_1_62' title='bbox 1573 919 1665 970; x_wconf 84' lang='lat' dir='ltr'><strong>Est</strong></span> <span class='ocrx_word' id='word_1_63' title='bbox 1688 931 1795 970; x_wconf 91' lang='lat' dir='ltr'><strong>au-</strong></span> 
     </span>
    </p>
   </div>
   <div class='ocr_carea' id='block_1_11' title="bbox 119 1006 1793 1079">
    <p class='ocr_par' dir='ltr' id='par_1_11' title="bbox 119 1006 1793 1079">
     <span class='ocr_line' id='line_1_11' title="bbox 119 1006 1793 1079; baseline -0.002 -18"><span class='ocrx_word' id='word_1_64' title='bbox 119 1011 243 1062; x_wconf 81' lang='lat' dir='ltr'><strong>tem</strong></span> <span class='ocrx_word' id='word_1_65' title='bbox 274 1007 562 1079; x_wconf 85' lang='lat' dir='ltr'><strong>primum,</strong></span> <span class='ocrx_word' id='word_1_66' title='bbox 597 1007 762 1078; x_wconf 89' lang='lat' dir='ltr'><strong>quod</strong></span> <span class='ocrx_word' id='word_1_67' title='bbox 784 1007 930 1060; x_wconf 90' lang='lat' dir='ltr'><strong>mihi</strong></span> <span class='ocrx_word' id='word_1_68' title='bbox 966 1007 1164 1072; x_wconf 84' lang='lat' dir='ltr'><strong>facies,</strong></span> <span class='ocrx_word' id='word_1_69' title='bbox 1191 1008 1237 1061; x_wconf 87' lang='lat' dir='ltr'><strong>si</strong></span> <span class='ocrx_word' id='word_1_70' title='bbox 1267 1023 1390 1061; x_wconf 89' lang='lat' dir='ltr'><strong>non</strong></span> <span class='ocrx_word' id='word_1_71' title='bbox 1423 1006 1623 1076; x_wconf 70' lang='lat' dir='ltr'><strong>gloriae</strong></span> <span class='ocrx_word' id='word_1_72' title='bbox 1647 1022 1793 1060; x_wconf 85' lang='lat' dir='ltr'><strong>meae</strong></span> 
     </span>
    </p>
   </div>
   <div class='ocr_carea' id='block_1_12' title="bbox 121 1094 1791 1165">
    <p class='ocr_par' dir='ltr' id='par_1_12' title="bbox 121 1094 1791 1165">
     <span class='ocr_line' id='line_1_12' title="bbox 121 1094 1791 1165; baseline -0.001 -15"><span class='ocrx_word' id='word_1_73' title='bbox 121 1094 382 1163; x_wconf 82' lang='lat' dir='ltr'><strong>invides,</strong></span> <span class='ocrx_word' id='word_1_74' title='bbox 439 1099 502 1149; x_wconf 90' lang='lat' dir='ltr'><strong>ut</strong></span> <span class='ocrx_word' id='word_1_75' title='bbox 559 1094 790 1150; x_wconf 79' lang='lat' dir='ltr'><strong>dividas</strong></span> <span class='ocrx_word' id='word_1_76' title='bbox 835 1112 1073 1150; x_wconf 91' lang='lat' dir='ltr'><strong>meeum</strong></span> <span class='ocrx_word' id='word_1_77' title='bbox 1126 1112 1382 1165; x_wconf 83' lang='lat' dir='ltr'><strong>regnum</strong></span> <span class='ocrx_word' id='word_1_78' title='bbox 1468 1097 1791 1161; x_wconf 88' lang='lat' dir='ltr'><strong>Danorum,</strong></span> 
     </span>
    </p>
   </div>
   <div class='ocr_carea' id='block_1_13' title="bbox 121 1185 1792 1258">
    <p class='ocr_par' dir='ltr' id='par_1_13' title="bbox 121 1185 1792 1258">
     <span class='ocr_line' id='line_1_13' title="bbox 121 1185 1792 1258; baseline -0.001 -18"><span class='ocrx_word' id='word_1_79' title='bbox 121 1202 326 1240; x_wconf 91' lang='lat' dir='ltr'><strong>meam</strong></span> <span class='ocrx_word' id='word_1_80' title='bbox 380 1185 606 1240; x_wconf 86' lang='lat' dir='ltr'><strong>scilicet</strong></span> <span class='ocrx_word' id='word_1_81' title='bbox 669 1185 1099 1252; x_wconf 66' lang='lat' dir='ltr'><strong>hiereditatem,</strong></span> <span class='ocrx_word' id='word_1_82' title='bbox 1155 1203 1344 1258; x_wconf 91' lang='lat' dir='ltr'><strong>quam</strong></span> <span class='ocrx_word' id='word_1_83' title='bbox 1406 1185 1568 1240; x_wconf 92' lang='lat' dir='ltr'><strong>solus</strong></span> <span class='ocrx_word' id='word_1_84' title='bbox 1608 1190 1792 1252; x_wconf 90' lang='lat' dir='ltr'><strong>tenes,</strong></span> 
     </span>
    </p>
   </div>
   <div class='ocr_carea' id='block_1_14' title="bbox 122 1273 1797 1346">
    <p class='ocr_par' dir='ltr' id='par_1_14' title="bbox 122 1273 1797 1346">
     <span class='ocr_line' id='line_1_14' title="bbox 122 1273 1797 1346; baseline -0.001 -16"><span class='ocrx_word' id='word_1_85' title='bbox 122 1273 339 1330; x_wconf 89' lang='lat' dir='ltr'><strong>deinde</strong></span> <span class='ocrx_word' id='word_1_86' title='bbox 371 1290 627 1344; x_wconf 84' lang='lat' dir='ltr'><strong>regnum</strong></span> <span class='ocrx_word' id='word_1_87' title='bbox 659 1275 1009 1343; x_wconf 62' lang='lat' dir='ltr'><strong>Anglorum,</strong></span> <span class='ocrx_word' id='word_1_88' title='bbox 1049 1276 1098 1329; x_wconf 86' lang='lat' dir='ltr'><strong>si</strong></span> <span class='ocrx_word' id='word_1_89' title='bbox 1127 1275 1436 1330; x_wconf 89' lang='lat' dir='ltr'><strong>communi</strong></span> <span class='ocrx_word' id='word_1_90' title='bbox 1478 1291 1663 1346; x_wconf 89' lang='lat' dir='ltr'><strong>opera</strong></span> <span class='ocrx_word' id='word_1_91' title='bbox 1692 1291 1797 1346; x_wconf 91' lang='lat' dir='ltr'><strong>po-</strong></span> 
     </span>
    </p>
   </div>
   <div class='ocr_carea' id='block_1_15' title="bbox 125 1363 1794 1434">
    <p class='ocr_par' dir='ltr' id='par_1_15' title="bbox 125 1363 1794 1434">
     <span class='ocr_line' id='line_1_15' title="bbox 125 1363 1794 1434; baseline -0.001 -16"><span class='ocrx_word' id='word_1_92' title='bbox 125 1364 371 1418; x_wconf 81' lang='lat' dir='ltr'><strong>terimus</strong></span> <span class='ocrx_word' id='word_1_93' title='bbox 393 1369 611 1418; x_wconf 73' lang='lat' dir='ltr'><strong>nostrae</strong></span> <span class='ocrx_word' id='word_1_94' title='bbox 645 1363 972 1419; x_wconf 65' lang='lat' dir='ltr'><strong>haereditati</strong></span> <span class='ocrx_word' id='word_1_95' title='bbox 1017 1364 1293 1434; x_wconf 81' lang='lat' dir='ltr'><strong>adjicere.</strong></span> <span class='ocrx_word' id='word_1_96' title='bbox 1331 1366 1524 1419; x_wconf 92' lang='lat' dir='ltr'><strong>Unum</strong></span> <span class='ocrx_word' id='word_1_97' title='bbox 1575 1365 1794 1418; x_wconf 88' lang='lat' dir='ltr'><strong>horum</strong></span> 
     </span>
    </p>
   </div>
   <div class='ocr_carea' id='block_1_16' title="bbox 120 1452 1789 1524">
    <p class='ocr_par' dir='ltr' id='par_1_16' title="bbox 120 1452 1789 1524">
     <span class='ocr_line' id='line_1_16' title="bbox 120 1452 1789 1524; baseline -0.001 -17"><span class='ocrx_word' id='word_1_98' title='bbox 120 1452 535 1524; x_wconf 85' lang='lat' dir='ltr'><strong>quodcunque</strong></span> <span class='ocrx_word' id='word_1_99' title='bbox 563 1452 810 1520; x_wconf 82' lang='lat' dir='ltr'><strong>elegeris</strong></span> <span class='ocrx_word' id='word_1_100' title='bbox 855 1452 1095 1508; x_wconf 86' lang='lat' dir='ltr'><strong>feliciter</strong></span> <span class='ocrx_word' id='word_1_101' title='bbox 1126 1457 1344 1521; x_wconf 83' lang='lat' dir='ltr'><strong>teneto,</strong></span> <span class='ocrx_word' id='word_1_102' title='bbox 1374 1458 1429 1507; x_wconf 91' lang='lat' dir='ltr'><strong>et</strong></span> <span class='ocrx_word' id='word_1_103' title='bbox 1465 1469 1576 1520; x_wconf 92' lang='lat' dir='ltr'><strong>ego</strong></span> <span class='ocrx_word' id='word_1_104' title='bbox 1630 1453 1789 1507; x_wconf 89' lang='lat' dir='ltr'><strong>aliud</strong></span> 
     </span>
    </p>
   </div>
   <div class='ocr_carea' id='block_1_17' title="bbox 117 1541 1790 1611">
    <p class='ocr_par' dir='ltr' id='par_1_17' title="bbox 117 1541 1790 1611">
     <span class='ocr_line' id='line_1_17' title="bbox 117 1541 1790 1611; baseline 0.001 -15"><span class='ocrx_word' id='word_1_105' title='bbox 117 1541 394 1597; x_wconf 74' lang='lat' dir='ltr'><strong>similiter</strong></span> <span class='ocrx_word' id='word_1_106' title='bbox 420 1541 660 1596; x_wconf 87' lang='lat' dir='ltr'><strong>tenebo.</strong></span> <span class='ocrx_word' id='word_1_107' title='bbox 695 1542 882 1611; x_wconf 83' lang='lat' dir='ltr'><strong>Hujus</strong></span> <span class='ocrx_word' id='word_1_108' title='bbox 914 1543 995 1597; x_wconf 90' lang='lat' dir='ltr'><strong>rei</strong></span> <span class='ocrx_word' id='word_1_109' title='bbox 1030 1543 1219 1611; x_wconf 83' lang='lat' dir='ltr'><strong>gratia</strong></span> <span class='ocrx_word' id='word_1_110' title='bbox 1260 1548 1455 1597; x_wconf 86' lang='lat' dir='ltr'><strong>tecum</strong></span> <span class='ocrx_word' id='word_1_111' title='bbox 1487 1542 1790 1610; x_wconf 88' lang='lat' dir='ltr'><strong>hiemabo,</strong></span> 
     </span>
    </p>
   </div>
   <div class='ocr_carea' id='block_1_18' title="bbox 114 1632 1792 1705">
    <p class='ocr_par' dir='ltr' id='par_1_18' title="bbox 114 1632 1792 1705">
     <span class='ocr_line' id='line_1_18' title="bbox 114 1632 1792 1705; baseline 0 -17"><span class='ocrx_word' id='word_1_112' title='bbox 114 1637 189 1688; x_wconf 75' lang='lat' dir='ltr'><strong>ut</strong></span> <span class='ocrx_word' id='word_1_113' title='bbox 213 1637 452 1705; x_wconf 89' lang='lat' dir='ltr'><strong>tempus</strong></span> <span class='ocrx_word' id='word_1_114' title='bbox 489 1637 588 1687; x_wconf 91' lang='lat' dir='ltr'><strong>tuo</strong></span> <span class='ocrx_word' id='word_1_115' title='bbox 622 1632 877 1687; x_wconf 81' lang='lat' dir='ltr'><strong>sufﬁciat</strong></span> <span class='ocrx_word' id='word_1_116' title='bbox 905 1633 1151 1688; x_wconf 92' lang='lat' dir='ltr'><strong>consilio</strong></span> <span class='ocrx_word' id='word_1_117' title='bbox 1179 1638 1254 1701; x_wconf 91' lang='lat' dir='ltr'><strong>et,</strong></span> <span class='ocrx_word' id='word_1_118' title='bbox 1289 1638 1350 1688; x_wconf 91' lang='lat' dir='ltr'><strong>ut</strong></span> <span class='ocrx_word' id='word_1_119' title='bbox 1393 1633 1650 1705; x_wconf 85' lang='lat' dir='ltr'><strong>expedit,</strong></span> <span class='ocrx_word' id='word_1_120' title='bbox 1702 1649 1792 1688; x_wconf 92' lang='lat' dir='ltr'><strong>re-</strong></span> 
     </span>
    </p>
   </div>
   <div class='ocr_carea' id='block_1_19' title="bbox 1901 472 3564 549">
    <p class='ocr_par' dir='ltr' id='par_1_19' title="bbox 1901 472 3564 549">
     <span class='ocr_line' id='line_1_19' title="bbox 1901 472 3564 549; baseline 0.005 -24"><span class='ocrx_word' id='word_1_121' title='bbox 1901 472 2287 545; x_wconf 87' lang='lat' dir='ltr'><strong>cordiamque</strong></span> <span class='ocrx_word' id='word_1_122' title='bbox 2313 476 2544 531; x_wconf 87' lang='lat' dir='ltr'><strong>domini</strong></span> <span class='ocrx_word' id='word_1_123' title='bbox 2571 477 2662 532; x_wconf 92' lang='lat' dir='ltr'><strong>sui</strong></span> <span class='ocrx_word' id='word_1_124' title='bbox 2694 477 2990 549; x_wconf 67' lang='lat' dir='ltr'><strong>quaesivit,</strong></span> <span class='ocrx_word' id='word_1_125' title='bbox 3025 483 3081 533; x_wconf 92' lang='lat' dir='ltr'><strong>et</strong></span> <span class='ocrx_word' id='word_1_126' title='bbox 3130 477 3208 532; x_wconf 91' lang='lat' dir='ltr'><strong>illi</strong></span> <span class='ocrx_word' id='word_1_127' title='bbox 3239 479 3428 534; x_wconf 90' lang='lat' dir='ltr'><strong>multo</strong></span> <span class='ocrx_word' id='word_1_128' title='bbox 3482 479 3564 534; x_wconf 90' lang='lat' dir='ltr'><strong>la-</strong></span> 
     </span>
    </p>
   </div>
   <div class='ocr_carea' id='block_1_20' title="bbox 1900 560 3568 628">
    <p class='ocr_par' dir='ltr' id='par_1_20' title="bbox 1900 560 3568 628">
     <span class='ocr_line' id='line_1_20' title="bbox 1900 560 3568 628; baseline 0.005 -14"><span class='ocrx_word' id='word_1_129' title='bbox 1900 560 2044 615; x_wconf 86' lang='lat' dir='ltr'><strong>bore</strong></span> <span class='ocrx_word' id='word_1_130' title='bbox 2094 565 2465 628; x_wconf 83' lang='lat' dir='ltr'><strong>conciliatus,</strong></span> <span class='ocrx_word' id='word_1_131' title='bbox 2513 565 2615 620; x_wconf 89' lang='lat' dir='ltr'><strong>dat</strong></span> <span class='ocrx_word' id='word_1_132' title='bbox 2667 566 2805 621; x_wconf 84' lang='lat' dir='ltr'><strong>ﬁdei</strong></span> <span class='ocrx_word' id='word_1_133' title='bbox 2859 573 3306 624; x_wconf 86' lang='lat' dir='ltr'><strong>sacramentum</strong></span> <span class='ocrx_word' id='word_1_134' title='bbox 3367 583 3428 623; x_wconf 88' lang='lat' dir='ltr'><strong>se</strong></span> <span class='ocrx_word' id='word_1_135' title='bbox 3487 567 3568 622; x_wconf 89' lang='lat' dir='ltr'><strong>illi</strong></span> 
     </span>
    </p>
   </div>
   <div class='ocr_carea' id='block_1_21' title="bbox 1903 649 3565 729">
    <p class='ocr_par' dir='ltr' id='par_1_21' title="bbox 1903 649 3565 729">
     <span class='ocr_line' id='line_1_21' title="bbox 1903 649 3565 729; baseline 0.005 -27"><span class='ocrx_word' id='word_1_136' title='bbox 1903 649 2185 723; x_wconf 78' lang='lat' dir='ltr'><strong>deinceps</strong></span> <span class='ocrx_word' id='word_1_137' title='bbox 2214 653 3014 711; x_wconf 87' lang='lat' dir='ltr'><strong>ﬁdeliterserviturum.Cum</strong></span> <span class='ocrx_word' id='word_1_138' title='bbox 3043 671 3166 727; x_wconf 91' lang='lat' dir='ltr'><strong>quo</strong></span> <span class='ocrx_word' id='word_1_139' title='bbox 3195 673 3406 711; x_wconf 88' lang='lat' dir='ltr'><strong>mense</strong></span> <span class='ocrx_word' id='word_1_140' title='bbox 3429 656 3565 729; x_wconf 90' lang='lat' dir='ltr'><strong>plus</strong></span> 
     </span>
    </p>
   </div>
   <div class='ocr_carea' id='block_1_22' title="bbox 1904 738 3562 813">
    <p class='ocr_par' dir='ltr' id='par_1_22' title="bbox 1904 738 3562 813">
     <span class='ocr_line' id='line_1_22' title="bbox 1904 738 3562 813; baseline 0.004 -21"><span class='ocrx_word' id='word_1_141' title='bbox 1904 738 2131 808; x_wconf 85' lang='lat' dir='ltr'><strong>integro</strong></span> <span class='ocrx_word' id='word_1_142' title='bbox 2165 748 2451 812; x_wconf 88' lang='lat' dir='ltr'><strong>moratur,</strong></span> <span class='ocrx_word' id='word_1_143' title='bbox 2483 750 2538 800; x_wconf 88' lang='lat' dir='ltr'><strong>et</strong></span> <span class='ocrx_word' id='word_1_144' title='bbox 2568 749 2631 798; x_wconf 90' lang='lat' dir='ltr'><strong>ut</strong></span> <span class='ocrx_word' id='word_1_145' title='bbox 2658 744 2734 800; x_wconf 90' lang='lat' dir='ltr'><strong>ad</strong></span> <span class='ocrx_word' id='word_1_146' title='bbox 2766 744 2987 813; x_wconf 79' lang='lat' dir='ltr'><strong>Anglos</strong></span> <span class='ocrx_word' id='word_1_147' title='bbox 3034 746 3240 800; x_wconf 90' lang='lat' dir='ltr'><strong>redeat</strong></span> <span class='ocrx_word' id='word_1_148' title='bbox 3269 745 3562 812; x_wconf 82' lang='lat' dir='ltr'><strong>hortatur,</strong></span> 
     </span>
    </p>
   </div>
   <div class='ocr_carea' id='block_1_23' title="bbox 1903 827 3567 910">
    <p class='ocr_par' dir='ltr' id='par_1_23' title="bbox 1903 827 3567 910">
     <span class='ocr_line' id='line_1_23' title="bbox 1903 827 3567 910; baseline 0.005 -29"><span class='ocrx_word' id='word_1_149' title='bbox 1903 827 2109 883; x_wconf 86' lang='lat' dir='ltr'><strong>dicens</strong></span> <span class='ocrx_word' id='word_1_150' title='bbox 2142 847 2278 885; x_wconf 89' lang='lat' dir='ltr'><strong>cum</strong></span> <span class='ocrx_word' id='word_1_151' title='bbox 2307 832 2511 888; x_wconf 84' lang='lat' dir='ltr'><strong>leviter</strong></span> <span class='ocrx_word' id='word_1_152' title='bbox 2548 833 2680 888; x_wconf 88' lang='lat' dir='ltr'><strong>illos</strong></span> <span class='ocrx_word' id='word_1_153' title='bbox 2713 849 2887 904; x_wconf 86' lang='lat' dir='ltr'><strong>posse</strong></span> <span class='ocrx_word' id='word_1_154' title='bbox 2947 849 3253 905; x_wconf 89' lang='lat' dir='ltr'><strong>superare,</strong></span> <span class='ocrx_word' id='word_1_155' title='bbox 3304 850 3567 910; x_wconf 90' lang='lat' dir='ltr'><strong>quorum</strong></span> 
     </span>
    </p>
   </div>
   <div class='ocr_carea' id='block_1_24' title="bbox 1903 917 3565 996">
    <p class='ocr_par' dir='ltr' id='par_1_24' title="bbox 1903 917 3565 996">
     <span class='ocr_line' id='line_1_24' title="bbox 1903 917 3565 996; baseline 0.004 -26"><span class='ocrx_word' id='word_1_156' title='bbox 1903 917 2053 971; x_wconf 84' lang='lat' dir='ltr'><strong>ﬁnes</strong></span> <span class='ocrx_word' id='word_1_157' title='bbox 2085 919 2259 989; x_wconf 87' lang='lat' dir='ltr'><strong>longe</strong></span> <span class='ocrx_word' id='word_1_158' title='bbox 2282 922 2516 994; x_wconf 88' lang='lat' dir='ltr'><strong>lateque</strong></span> <span class='ocrx_word' id='word_1_159' title='bbox 2540 922 2988 977; x_wconf 85' lang='lat' dir='ltr'><strong>notiticarentur</strong></span> <span class='ocrx_word' id='word_1_160' title='bbox 3016 923 3300 996; x_wconf 91' lang='lat' dir='ltr'><strong>utrisque.</strong></span> <span class='ocrx_word' id='word_1_161' title='bbox 3318 926 3565 980; x_wconf 61' lang='lat' dir='ltr'><strong>Praeser-</strong></span> 
     </span>
    </p>
   </div>
   <div class='ocr_carea' id='block_1_25' title="bbox 1903 1007 3568 1086">
    <p class='ocr_par' dir='ltr' id='par_1_25' title="bbox 1903 1007 3568 1086">
     <span class='ocr_line' id='line_1_25' title="bbox 1903 1007 3568 1086; baseline 0.005 -26"><span class='ocrx_word' id='word_1_162' title='bbox 1903 1007 2008 1062; x_wconf 92' lang='lat' dir='ltr'><strong>tim</strong></span> <span class='ocrx_word' id='word_1_163' title='bbox 2039 1009 2236 1065; x_wconf 83' lang='lat' dir='ltr'><strong>aiebat</strong></span> <span class='ocrx_word' id='word_1_164' title='bbox 2268 1029 2330 1066; x_wconf 89' lang='lat' dir='ltr'><strong>se</strong></span> <span class='ocrx_word' id='word_1_165' title='bbox 2359 1012 2597 1079; x_wconf 83' lang='lat' dir='ltr'><strong>triginta</strong></span> <span class='ocrx_word' id='word_1_166' title='bbox 2636 1028 2820 1067; x_wconf 85' lang='lat' dir='ltr'><strong>naves</strong></span> <span class='ocrx_word' id='word_1_167' title='bbox 2881 1012 2940 1066; x_wconf 91' lang='lat' dir='ltr'><strong>in</strong></span> <span class='ocrx_word' id='word_1_168' title='bbox 2999 1013 3330 1081; x_wconf 80' lang='lat' dir='ltr'><strong>Anglorum</strong></span> <span class='ocrx_word' id='word_1_169' title='bbox 3377 1011 3568 1086; x_wconf 88' lang='lat' dir='ltr'><strong>patria</strong></span> 
     </span>
    </p>
   </div>
   <div class='ocr_carea' id='block_1_26' title="bbox 1881 1101 3567 1174">
    <p class='ocr_par' dir='ltr' id='par_1_26' title="bbox 1881 1101 3567 1174">
     <span class='ocr_line' id='line_1_26' title="bbox 1881 1101 3567 1174; baseline 0.004 -24"><span class='ocrx_word' id='word_1_170' title='bbox 1881 1104 2041 1152; x_wconf 88' lang='lat' dir='ltr'><strong>cum</strong></span> <span class='ocrx_word' id='word_1_171' title='bbox 2075 1101 2331 1155; x_wconf 79' lang='lat' dir='ltr'><strong>exercitu</strong></span> <span class='ocrx_word' id='word_1_172' title='bbox 2371 1101 2663 1157; x_wconf 83' lang='lat' dir='ltr'><strong>fidissimo</strong></span> <span class='ocrx_word' id='word_1_173' title='bbox 2722 1101 3051 1174; x_wconf 87' lang='lat' dir='ltr'><strong>reliquisse,</strong></span> <span class='ocrx_word' id='word_1_174' title='bbox 3108 1103 3211 1174; x_wconf 89' lang='lat' dir='ltr'><strong>qui</strong></span> <span class='ocrx_word' id='word_1_175' title='bbox 3264 1101 3567 1159; x_wconf 81' lang='lat' dir='ltr'><strong>venientes</strong></span> 
     </span>
    </p>
   </div>
   <div class='ocr_carea' id='block_1_27' title="bbox 1907 1189 3565 1264">
    <p class='ocr_par' dir='ltr' id='par_1_27' title="bbox 1907 1189 3565 1264">
     <span class='ocr_line' id='line_1_27' title="bbox 1907 1189 3565 1264; baseline 0.004 -25"><span class='ocrx_word' id='word_1_176' title='bbox 1907 1189 2273 1260; x_wconf 81' lang='lat' dir='ltr'><strong>susciperent</strong></span> <span class='ocrx_word' id='word_1_177' title='bbox 2296 1191 2645 1257; x_wconf 76' lang='lat' dir='ltr'><strong>lionor.tice,</strong></span> <span class='ocrx_word' id='word_1_178' title='bbox 2672 1191 3055 1264; x_wconf 86' lang='lat' dir='ltr'><strong>lucerentque</strong></span> <span class='ocrx_word' id='word_1_179' title='bbox 3087 1207 3192 1264; x_wconf 90' lang='lat' dir='ltr'><strong>per</strong></span> <span class='ocrx_word' id='word_1_180' title='bbox 3209 1192 3358 1245; x_wconf 84' lang='lat' dir='ltr'><strong>fines</strong></span> <span class='ocrx_word' id='word_1_181' title='bbox 3389 1191 3565 1247; x_wconf 89' lang='lat' dir='ltr'><strong>totius</strong></span> 
     </span>
    </p>
   </div>
   <div class='ocr_carea' id='block_1_28' title="bbox 1904 1279 3569 1351">
    <p class='ocr_par' dir='ltr' id='par_1_28' title="bbox 1904 1279 3569 1351">
     <span class='ocr_line' id='line_1_28' title="bbox 1904 1279 3569 1351; baseline 0.004 -21"><span class='ocrx_word' id='word_1_182' title='bbox 1904 1279 2128 1348; x_wconf 53' lang='lat' dir='ltr'><strong>patriae.</strong></span> <span class='ocrx_word' id='word_1_183' title='bbox 2160 1283 2321 1334; x_wconf 90' lang='lat' dir='ltr'><strong>Tunc</strong></span> <span class='ocrx_word' id='word_1_184' title='bbox 2345 1297 2444 1335; x_wconf 92' lang='lat' dir='ltr'><strong>rex</strong></span> <span class='ocrx_word' id='word_1_185' title='bbox 2473 1281 2810 1336; x_wconf 89' lang='lat' dir='ltr'><strong>valedicens</strong></span> <span class='ocrx_word' id='word_1_186' title='bbox 2849 1281 3020 1336; x_wconf 89' lang='lat' dir='ltr'><strong>matri</strong></span> <span class='ocrx_word' id='word_1_187' title='bbox 3048 1285 3104 1335; x_wconf 93' lang='lat' dir='ltr'><strong>et</strong></span> <span class='ocrx_word' id='word_1_188' title='bbox 3159 1279 3343 1351; x_wconf 87' lang='lat' dir='ltr'><strong>fratri,</strong></span> <span class='ocrx_word' id='word_1_189' title='bbox 3403 1281 3569 1337; x_wconf 88' lang='lat' dir='ltr'><strong>curvi</strong></span> 
     </span>
    </p>
   </div>
   <div class='ocr_carea' id='block_1_29' title="bbox 1902 1366 3630 1442">
    <p class='ocr_par' dir='ltr' id='par_1_29' title="bbox 1902 1366 3630 1442">
     <span class='ocr_line' id='line_1_29' title="bbox 1902 1366 3630 1442; baseline 0.001 -22"><span class='ocrx_word' id='word_1_190' title='bbox 1902 1366 2109 1421; x_wconf 81' lang='lat' dir='ltr'><strong>littoris</strong></span> <span class='ocrx_word' id='word_1_191' title='bbox 2143 1369 2370 1441; x_wconf 84' lang='lat' dir='ltr'><strong>repetiit</strong></span> <span class='ocrx_word' id='word_1_192' title='bbox 2396 1369 2678 1435; x_wconf 85' lang='lat' dir='ltr'><strong>conﬁnia,</strong></span> <span class='ocrx_word' id='word_1_193' title='bbox 2701 1387 2824 1442; x_wconf 91' lang='lat' dir='ltr'><strong>qua</strong></span> <span class='ocrx_word' id='word_1_194' title='bbox 2849 1371 2980 1441; x_wconf 90' lang='lat' dir='ltr'><strong>jam</strong></span> <span class='ocrx_word' id='word_1_195' title='bbox 3029 1370 3403 1426; x_wconf 87' lang='lat' dir='ltr'><strong>adunaverat</strong></span> <span class='ocrx_word' id='word_1_196' title='bbox 3454 1371 3566 1426; x_wconf 90' lang='lat' dir='ltr'><strong>du-</strong></span> <span class='ocrx_word' id='word_1_197' title='bbox 3627 1419 3630 1422; x_wconf 89' lang='lat'><strong>.</strong></span> 
     </span>
    </p>
   </div>
   <div class='ocr_carea' id='block_1_30' title="bbox 1901 1458 3565 1532">
    <p class='ocr_par' dir='ltr' id='par_1_30' title="bbox 1901 1458 3565 1532">
     <span class='ocr_line' id='line_1_30' title="bbox 1901 1458 3565 1532; baseline 0.004 -24"><span class='ocrx_word' id='word_1_198' title='bbox 1901 1462 2209 1512; x_wconf 87' lang='lat' dir='ltr'><strong>centarum</strong></span> <span class='ocrx_word' id='word_1_199' title='bbox 2250 1458 2491 1513; x_wconf 87' lang='lat' dir='ltr'><strong>navium</strong></span> <span class='ocrx_word' id='word_1_200' title='bbox 2521 1460 2792 1532; x_wconf 89' lang='lat' dir='ltr'><strong>speciosa</strong></span> <span class='ocrx_word' id='word_1_201' title='bbox 2834 1459 3196 1532; x_wconf 90' lang='lat' dir='ltr'><strong>spectacula.</strong></span> <span class='ocrx_word' id='word_1_202' title='bbox 3265 1462 3411 1514; x_wconf 74' lang='lat' dir='ltr'><strong>Nam</strong></span> <span class='ocrx_word' id='word_1_203' title='bbox 3469 1460 3565 1515; x_wconf 91' lang='lat' dir='ltr'><strong>hic</strong></span> 
     </span>
    </p>
   </div>
   <div class='ocr_carea' id='block_1_31' title="bbox 1901 1549 3563 1624">
    <p class='ocr_par' dir='ltr' id='par_1_31' title="bbox 1901 1549 3563 1624">
     <span class='ocr_line' id='line_1_31' title="bbox 1901 1549 3563 1624; baseline 0.005 -28"><span class='ocrx_word' id='word_1_204' title='bbox 1901 1549 2024 1598; x_wconf 88' lang='lat' dir='ltr'><strong>erat</strong></span> <span class='ocrx_word' id='word_1_205' title='bbox 2057 1551 2217 1601; x_wconf 88' lang='lat' dir='ltr'><strong>tanta</strong></span> <span class='ocrx_word' id='word_1_206' title='bbox 2239 1564 2548 1603; x_wconf 89' lang='lat' dir='ltr'><strong>armorum</strong></span> <span class='ocrx_word' id='word_1_207' title='bbox 2576 1549 2768 1624; x_wconf 91' lang='lat' dir='ltr'><strong>copia,</strong></span> <span class='ocrx_word' id='word_1_208' title='bbox 2805 1553 2867 1604; x_wconf 92' lang='lat' dir='ltr'><strong>ut</strong></span> <span class='ocrx_word' id='word_1_209' title='bbox 2905 1565 3026 1603; x_wconf 89' lang='lat' dir='ltr'><strong>una</strong></span> <span class='ocrx_word' id='word_1_210' title='bbox 3056 1565 3266 1604; x_wconf 90' lang='lat' dir='ltr'><strong>earum</strong></span> <span class='ocrx_word' id='word_1_211' title='bbox 3298 1549 3563 1616; x_wconf 87' lang='lat' dir='ltr'><strong>navium,</strong></span> 
     </span>
    </p>
   </div>
   <div class='ocr_carea' id='block_1_32' title="bbox 1902 1633 3567 1710">
    <p class='ocr_par' dir='ltr' id='par_1_32' title="bbox 1902 1633 3567 1710">
     <span class='ocr_line' id='line_1_32' title="bbox 1902 1633 3567 1710; baseline 0.004 -24"><span class='ocrx_word' id='word_1_212' title='bbox 1902 1633 1948 1686; x_wconf 89' lang='lat' dir='ltr'><strong>si</strong></span> <span class='ocrx_word' id='word_1_213' title='bbox 1979 1636 2262 1690; x_wconf 89' lang='lat' dir='ltr'><strong>omnibus</strong></span> <span class='ocrx_word' id='word_1_214' title='bbox 2320 1638 2563 1710; x_wconf 83' lang='lat' dir='ltr'><strong>reliquis</strong></span> <span class='ocrx_word' id='word_1_215' title='bbox 2611 1638 2986 1704; x_wconf 87' lang='lat' dir='ltr'><strong>defecissent,</strong></span> <span class='ocrx_word' id='word_1_216' title='bbox 3036 1637 3331 1694; x_wconf 81' lang='lat' dir='ltr'><strong>sufﬁceret</strong></span> <span class='ocrx_word' id='word_1_217' title='bbox 3377 1638 3567 1694; x_wconf 89' lang='lat' dir='ltr'><strong>abun-</strong></span> 
     </span>
    </p>
   </div>
   <div class='ocr_carea' id='block_1_33' title="bbox 122 1722 3568 1794">
    <p class='ocr_par' dir='ltr' id='par_1_33' title="bbox 122 1722 3568 1794">
     <span class='ocr_line' id='line_1_33' title="bbox 122 1722 3568 1794; baseline 0.001 -17"><span class='ocrx_word' id='word_1_218' title='bbox 122 1728 416 1794; x_wconf 85' lang='lat' dir='ltr'><strong>parentur</strong></span> <span class='ocrx_word' id='word_1_219' title='bbox 433 1737 623 1776; x_wconf 81' lang='lat' dir='ltr'><strong>naves</strong></span> <span class='ocrx_word' id='word_1_220' title='bbox 657 1726 711 1776; x_wconf 89' lang='lat' dir='ltr'><strong>et</strong></span> <span class='ocrx_word' id='word_1_221' title='bbox 742 1722 1052 1789; x_wconf 87' lang='lat' dir='ltr'><strong>exercitus,</strong></span> <span class='ocrx_word' id='word_1_222' title='bbox 1085 1739 1159 1776; x_wconf 91' lang='lat' dir='ltr'><strong>ne</strong></span> <span class='ocrx_word' id='word_1_223' title='bbox 1187 1722 1469 1777; x_wconf 80' lang='lat' dir='ltr'><strong>deficiant</strong></span> <span class='ocrx_word' id='word_1_224' title='bbox 1514 1739 1790 1778; x_wconf 87' lang='lat' dir='ltr'><strong>necessa-</strong></span> <span class='ocrx_word' id='word_1_225' title='bbox 1824 1733 1866 1786; x_wconf 75' lang='grc' dir='ltr'><strong>Β</strong></span> <span class='ocrx_word' id='word_1_226' title='bbox 1901 1722 2250 1780; x_wconf 84' lang='lat' dir='ltr'><strong>dantissime</strong></span> <span class='ocrx_word' id='word_1_227' title='bbox 2285 1726 2418 1783; x_wconf 88' lang='lat' dir='ltr'><strong>tela.</strong></span> <span class='ocrx_word' id='word_1_228' title='bbox 2453 1731 2630 1782; x_wconf 81' lang='lat' dir='ltr'><strong>Erant</strong></span> <span class='ocrx_word' id='word_1_229' title='bbox 2676 1732 2875 1782; x_wconf 90' lang='lat' dir='ltr'><strong>autem</strong></span> <span class='ocrx_word' id='word_1_230' title='bbox 2926 1725 3005 1781; x_wconf 88' lang='lat' dir='ltr'><strong>ibi</strong></span> <span class='ocrx_word' id='word_1_231' title='bbox 3047 1732 3352 1782; x_wconf 89' lang='lat' dir='ltr'><strong>scutorum</strong></span> <span class='ocrx_word' id='word_1_232' title='bbox 3403 1731 3568 1782; x_wconf 85' lang='lat' dir='ltr'><strong>tanta</strong></span> 
     </span>
    </p>
   </div>
   <div class='ocr_carea' id='block_1_34' title="bbox 121 1811 1793 1883">
    <p class='ocr_par' dir='ltr' id='par_1_34' title="bbox 121 1811 1793 1883">
     <span class='ocr_line' id='line_1_34' title="bbox 121 1811 1793 1883; baseline -0.002 -16"><span class='ocrx_word' id='word_1_233' title='bbox 121 1812 234 1876; x_wconf 86' lang='lat' dir='ltr'><strong>ria,</strong></span> <span class='ocrx_word' id='word_1_234' title='bbox 263 1811 413 1865; x_wconf 90' lang='lat' dir='ltr'><strong>dum</strong></span> <span class='ocrx_word' id='word_1_235' title='bbox 441 1826 664 1882; x_wconf 69' lang='lat' dir='ltr'><strong>pugnze</strong></span> <span class='ocrx_word' id='word_1_236' title='bbox 692 1811 978 1878; x_wconf 82' lang='lat' dir='ltr'><strong>ingruerit</strong></span> <span class='ocrx_word' id='word_1_237' title='bbox 1011 1816 1266 1883; x_wconf 91' lang='lat' dir='ltr'><strong>tempus.</strong></span> <span class='ocrx_word' id='word_1_238' title='bbox 1289 1811 1564 1866; x_wconf 88' lang='lat' dir='ltr'><strong>Thurchil</strong></span> <span class='ocrx_word' id='word_1_239' title='bbox 1590 1814 1793 1865; x_wconf 88' lang='lat' dir='ltr'><strong>noster</strong></span> 
     </span>
    </p>
   </div>
   <div class='ocr_carea' id='block_1_35' title="bbox 117 1899 1794 1973">
    <p class='ocr_par' dir='ltr' id='par_1_35' title="bbox 117 1899 1794 1973">
     <span class='ocr_line' id='line_1_35' title="bbox 117 1899 1794 1973; baseline -0.001 -18"><span class='ocrx_word' id='word_1_240' title='bbox 117 1916 236 1955; x_wconf 89' lang='lat' dir='ltr'><strong>nos</strong></span> <span class='ocrx_word' id='word_1_241' title='bbox 290 1899 708 1971; x_wconf 90' lang='lat' dir='ltr'><strong>relinquendo,</strong></span> <span class='ocrx_word' id='word_1_242' title='bbox 764 1905 827 1955; x_wconf 91' lang='lat' dir='ltr'><strong>ut</strong></span> <span class='ocrx_word' id='word_1_243' title='bbox 876 1905 1130 1973; x_wconf 89' lang='lat' dir='ltr'><strong>patrem,</strong></span> <span class='ocrx_word' id='word_1_244' title='bbox 1187 1900 1246 1954; x_wconf 89' lang='lat' dir='ltr'><strong>in</strong></span> <span class='ocrx_word' id='word_1_245' title='bbox 1307 1904 1459 1954; x_wconf 89' lang='lat' dir='ltr'><strong>terra</strong></span> <span class='ocrx_word' id='word_1_246' title='bbox 1494 1899 1709 1954; x_wconf 87' lang='lat' dir='ltr'><strong>resedit</strong></span> <span class='ocrx_word' id='word_1_247' title='bbox 1739 1903 1794 1953; x_wconf 89' lang='lat' dir='ltr'><strong>et</strong></span> 
     </span>
    </p>
   </div>
   <div class='ocr_carea' id='block_1_36' title="bbox 119 1989 1795 2061">
    <p class='ocr_par' dir='ltr' id='par_1_36' title="bbox 119 1989 1795 2061">
     <span class='ocr_line' id='line_1_36' title="bbox 119 1989 1795 2061; baseline -0.001 -17"><span class='ocrx_word' id='word_1_248' title='bbox 119 2004 416 2058; x_wconf 89' lang='lat' dir='ltr'><strong>magnam</strong></span> <span class='ocrx_word' id='word_1_249' title='bbox 448 1994 682 2061; x_wconf 89' lang='lat' dir='ltr'><strong>partem</strong></span> <span class='ocrx_word' id='word_1_250' title='bbox 716 1989 965 2044; x_wconf 86' lang='lat' dir='ltr'><strong>navium</strong></span> <span class='ocrx_word' id='word_1_251' title='bbox 1021 1994 1368 2043; x_wconf 86' lang='lat' dir='ltr'><strong>nostrarum</strong></span> <span class='ocrx_word' id='word_1_252' title='bbox 1424 1989 1678 2052; x_wconf 87' lang='lat' dir='ltr'><strong>retinuit,</strong></span> <span class='ocrx_word' id='word_1_253' title='bbox 1730 1992 1795 2042; x_wconf 90' lang='lat' dir='ltr'><strong>ut</strong></span> 
     </span>
    </p>
   </div>
   <div class='ocr_carea' id='block_1_37' title="bbox 116 2078 1791 2150">
    <p class='ocr_par' dir='ltr' id='par_1_37' title="bbox 116 2078 1791 2150">
     <span class='ocr_line' id='line_1_37' title="bbox 116 2078 1791 2150; baseline -0.002 -17"><span class='ocrx_word' id='word_1_254' title='bbox 116 2095 281 2147; x_wconf 86' lang='lat' dir='ltr'><strong>reor,</strong></span> <span class='ocrx_word' id='word_1_255' title='bbox 309 2078 484 2134; x_wconf 90' lang='lat' dir='ltr'><strong>nobis</strong></span> <span class='ocrx_word' id='word_1_256' title='bbox 515 2079 895 2134; x_wconf 85' lang='lat' dir='ltr'><strong>adversarius</strong></span> <span class='ocrx_word' id='word_1_257' title='bbox 925 2079 1051 2144; x_wconf 91' lang='lat' dir='ltr'><strong>erit,</strong></span> <span class='ocrx_word' id='word_1_258' title='bbox 1083 2079 1186 2133; x_wconf 82' lang='lat' dir='ltr'><strong>sed</strong></span> <span class='ocrx_word' id='word_1_259' title='bbox 1219 2082 1420 2134; x_wconf 89' lang='lat' dir='ltr'><strong>tamen</strong></span> <span class='ocrx_word' id='word_1_260' title='bbox 1467 2093 1588 2134; x_wconf 92' lang='lat' dir='ltr'><strong>non</strong></span> <span class='ocrx_word' id='word_1_261' title='bbox 1641 2093 1791 2150; x_wconf 83' lang='lat' dir='ltr'><strong>prae-</strong></span> 
     </span>
    </p>
   </div>
   <div class='ocr_carea' id='block_1_38' title="bbox 119 2168 431 2224">
    <p class='ocr_par' dir='ltr' id='par_1_38' title="bbox 119 2168 431 2224">
     <span class='ocr_line' id='line_1_38' title="bbox 119 2168 431 2224; baseline 0 0"><span class='ocrx_word' id='word_1_262' title='bbox 119 2168 362 2224; x_wconf 85' lang='lat' dir='ltr'><strong>valebit.</strong></span> <span class='ocrx_word' id='word_1_263' title='bbox 407 2192 431 2216; x_wconf 87' lang='grc'><strong>››</strong></span> 
     </span>
    </p>
   </div>
   <div class='ocr_carea' id='block_1_39' title="bbox 194 2255 1792 2328">
    <p class='ocr_par' dir='ltr' id='par_1_39' title="bbox 194 2255 1792 2328">
     <span class='ocr_line' id='line_1_39' title="bbox 194 2255 1792 2328; baseline -0.001 -17"><span class='ocrx_word' id='word_1_264' title='bbox 194 2256 491 2312; x_wconf 83' lang='lat' dir='ltr'><strong>Haraldus</strong></span> <span class='ocrx_word' id='word_1_265' title='bbox 522 2273 647 2324; x_wconf 90' lang='lat' dir='ltr'><strong>rex,</strong></span> <span class='ocrx_word' id='word_1_266' title='bbox 680 2256 885 2312; x_wconf 88' lang='lat' dir='ltr'><strong>audito</strong></span> <span class='ocrx_word' id='word_1_267' title='bbox 929 2257 1094 2328; x_wconf 89' lang='lat' dir='ltr'><strong>quod</strong></span> <span class='ocrx_word' id='word_1_268' title='bbox 1157 2256 1364 2318; x_wconf 88' lang='lat' dir='ltr'><strong>noluit,</strong></span> <span class='ocrx_word' id='word_1_269' title='bbox 1419 2256 1510 2310; x_wconf 90' lang='lat' dir='ltr'><strong>his</strong></span> <span class='ocrx_word' id='word_1_270' title='bbox 1551 2255 1792 2310; x_wconf 78' lang='lat' dir='ltr'><strong>fratrem</strong></span> 
     </span>
    </p>
   </div>
   <div class='ocr_carea' id='block_1_40' title="bbox 118 2345 1791 2418">
    <p class='ocr_par' dir='ltr' id='par_1_40' title="bbox 118 2345 1791 2418">
     <span class='ocr_line' id='line_1_40' title="bbox 118 2345 1791 2418; baseline -0.001 -18"><span class='ocrx_word' id='word_1_271' title='bbox 118 2345 324 2401; x_wconf 81' lang='lat' dir='ltr'><strong>verbis</strong></span> <span class='ocrx_word' id='word_1_272' title='bbox 353 2347 585 2418; x_wconf 75' lang='lat' dir='ltr'><strong>excepit</strong></span> <span class='ocrx_word' id='word_1_273' title='bbox 619 2363 631 2399; x_wconf 92' lang='lat'>:</span> <span class='ocrx_word' id='word_1_274' title='bbox 667 2369 692 2395; x_wconf 88' lang='grc'><em>‹‹</em></span> <span class='ocrx_word' id='word_1_275' title='bbox 727 2346 991 2413; x_wconf 80' lang='lat' dir='ltr'><strong>Gaudeo,</strong></span> <span class='ocrx_word' id='word_1_276' title='bbox 1029 2346 1226 2415; x_wconf 88' lang='lat' dir='ltr'><strong>frater,</strong></span> <span class='ocrx_word' id='word_1_277' title='bbox 1261 2347 1334 2400; x_wconf 92' lang='lat' dir='ltr'><strong>de</strong></span> <span class='ocrx_word' id='word_1_278' title='bbox 1366 2351 1468 2400; x_wconf 91' lang='lat' dir='ltr'><strong>tuo</strong></span> <span class='ocrx_word' id='word_1_279' title='bbox 1509 2345 1791 2413; x_wconf 89' lang='lat' dir='ltr'><strong>adventu,</strong></span> 
     </span>
    </p>
   </div>
   <div class='ocr_carea' id='block_1_41' title="bbox 121 2433 1796 2508">
    <p class='ocr_par' dir='ltr' id='par_1_41' title="bbox 121 2433 1796 2508">
     <span class='ocr_line' id='line_1_41' title="bbox 121 2433 1796 2508; baseline -0.002 -18"><span class='ocrx_word' id='word_1_280' title='bbox 121 2435 446 2508; x_wconf 87' lang='lat' dir='ltr'><strong>habeoque</strong></span> <span class='ocrx_word' id='word_1_281' title='bbox 477 2435 698 2505; x_wconf 85' lang='lat' dir='ltr'><strong>gratias</strong></span> <span class='ocrx_word' id='word_1_282' title='bbox 725 2435 826 2490; x_wconf 87' lang='lat' dir='ltr'><strong>tibi</strong></span> <span class='ocrx_word' id='word_1_283' title='bbox 865 2435 1032 2506; x_wconf 90' lang='lat' dir='ltr'><strong>quod</strong></span> <span class='ocrx_word' id='word_1_284' title='bbox 1064 2452 1157 2490; x_wconf 90' lang='lat' dir='ltr'><strong>me</strong></span> <span class='ocrx_word' id='word_1_285' title='bbox 1216 2435 1498 2500; x_wconf 88' lang='lat' dir='ltr'><strong>visitasti;</strong></span> <span class='ocrx_word' id='word_1_286' title='bbox 1549 2433 1653 2488; x_wconf 87' lang='lat' dir='ltr'><strong>sed</strong></span> <span class='ocrx_word' id='word_1_287' title='bbox 1710 2437 1796 2487; x_wconf 91' lang='lat' dir='ltr'><strong>est</strong></span> 
     </span>
    </p>
   </div>
   <div class='ocr_carea' id='block_1_42' title="bbox 123 2521 1791 2596">
    <p class='ocr_par' dir='ltr' id='par_1_42' title="bbox 123 2521 1791 2596">
     <span class='ocr_line' id='line_1_42' title="bbox 123 2521 1791 2596; baseline -0.002 -18"><span class='ocrx_word' id='word_1_288' title='bbox 123 2540 310 2594; x_wconf 86' lang='lat' dir='ltr'><strong>grave</strong></span> <span class='ocrx_word' id='word_1_289' title='bbox 338 2525 546 2580; x_wconf 88' lang='lat' dir='ltr'><strong>auditu</strong></span> <span class='ocrx_word' id='word_1_290' title='bbox 591 2525 758 2596; x_wconf 88' lang='lat' dir='ltr'><strong>quod</strong></span> <span class='ocrx_word' id='word_1_291' title='bbox 817 2523 1077 2596; x_wconf 88' lang='lat' dir='ltr'><strong>loqueris</strong></span> <span class='ocrx_word' id='word_1_292' title='bbox 1127 2525 1199 2578; x_wconf 87' lang='lat' dir='ltr'><strong>de</strong></span> <span class='ocrx_word' id='word_1_293' title='bbox 1259 2524 1549 2578; x_wconf 82' lang='lat' dir='ltr'><strong>divisione</strong></span> <span class='ocrx_word' id='word_1_294' title='bbox 1606 2521 1791 2590; x_wconf 85' lang='lat' dir='ltr'><strong>regni.</strong></span> 
     </span>
    </p>
   </div>
   <div class='ocr_carea' id='block_1_43' title="bbox 124 2612 1793 2687">
    <p class='ocr_par' dir='ltr' id='par_1_43' title="bbox 124 2612 1793 2687">
     <span class='ocr_line' id='line_1_43' title="bbox 124 2612 1793 2687; baseline -0.002 -18"><span class='ocrx_word' id='word_1_295' title='bbox 124 2615 545 2671; x_wconf 70' lang='lat' dir='ltr'><strong>Haareditatem</strong></span> <span class='ocrx_word' id='word_1_296' title='bbox 576 2631 764 2687; x_wconf 91' lang='lat' dir='ltr'><strong>quam</strong></span> <span class='ocrx_word' id='word_1_297' title='bbox 796 2615 939 2669; x_wconf 89' lang='lat' dir='ltr'><strong>mihi</strong></span> <span class='ocrx_word' id='word_1_298' title='bbox 969 2620 1157 2686; x_wconf 76' lang='lat' dir='ltr'><strong>pater,</strong></span> <span class='ocrx_word' id='word_1_299' title='bbox 1187 2620 1239 2669; x_wconf 91' lang='lat' dir='ltr'><strong>te</strong></span> <span class='ocrx_word' id='word_1_300' title='bbox 1274 2614 1581 2678; x_wconf 88' lang='lat' dir='ltr'><strong>laudante,</strong></span> <span class='ocrx_word' id='word_1_301' title='bbox 1616 2612 1793 2667; x_wconf 89' lang='lat' dir='ltr'><strong>tradi-</strong></span> 
     </span>
    </p>
   </div>
   <div class='ocr_carea' id='block_1_44' title="bbox 125 2700 1794 2774">
    <p class='ocr_par' dir='ltr' id='par_1_44' title="bbox 125 2700 1794 2774">
     <span class='ocr_line' id='line_1_44' title="bbox 125 2700 1794 2774; baseline -0.002 -16"><span class='ocrx_word' id='word_1_302' title='bbox 125 2702 234 2774; x_wconf 81' lang='lat' dir='ltr'><strong>dit,</strong></span> <span class='ocrx_word' id='word_1_303' title='bbox 263 2703 578 2774; x_wconf 81' lang='lat' dir='ltr'><strong>guberno;</strong></span> <span class='ocrx_word' id='word_1_304' title='bbox 616 2708 674 2759; x_wconf 89' lang='lat' dir='ltr'><strong>tu</strong></span> <span class='ocrx_word' id='word_1_305' title='bbox 702 2720 843 2758; x_wconf 90' lang='lat' dir='ltr'><strong>vero</strong></span> <span class='ocrx_word' id='word_1_306' title='bbox 883 2704 1037 2759; x_wconf 88' lang='lat' dir='ltr'><strong>hanc</strong></span> <span class='ocrx_word' id='word_1_307' title='bbox 1093 2704 1388 2774; x_wconf 89' lang='lat' dir='ltr'><strong>majorem</strong></span> <span class='ocrx_word' id='word_1_308' title='bbox 1443 2703 1493 2757; x_wconf 91' lang='lat' dir='ltr'><strong>si</strong></span> <span class='ocrx_word' id='word_1_309' title='bbox 1546 2700 1794 2757; x_wconf 88' lang='lat' dir='ltr'><strong>amisisti</strong></span> 
     </span>
    </p>
   </div>
   <div class='ocr_carea' id='block_1_45' title="bbox 125 2788 1794 2866">
    <p class='ocr_par' dir='ltr' id='par_1_45' title="bbox 125 2788 1794 2866">
     <span class='ocr_line' id='line_1_45' title="bbox 125 2788 1794 2866; baseline -0.003 -18"><span class='ocrx_word' id='word_1_310' title='bbox 125 2791 325 2860; x_wconf 86' lang='lat' dir='ltr'><strong>doleo,</strong></span> <span class='ocrx_word' id='word_1_311' title='bbox 365 2799 536 2866; x_wconf 85' lang='lat' dir='ltr'><strong>teque</strong></span> <span class='ocrx_word' id='word_1_312' title='bbox 563 2794 776 2863; x_wconf 87' lang='lat' dir='ltr'><strong>juvarc</strong></span> <span class='ocrx_word' id='word_1_313' title='bbox 811 2799 1055 2864; x_wconf 88' lang='lat' dir='ltr'><strong>paratus</strong></span> <span class='ocrx_word' id='word_1_314' title='bbox 1079 2810 1334 2863; x_wconf 85' lang='lat' dir='ltr'><strong>regmun</strong></span> <span class='ocrx_word' id='word_1_315' title='bbox 1357 2809 1561 2847; x_wconf 88' lang='lat' dir='ltr'><strong>meum</strong></span> <span class='ocrx_word' id='word_1_316' title='bbox 1595 2788 1794 2862; x_wconf 82' lang='lat' dir='ltr'><strong>partiri</strong></span> 
     </span>
    </p>
   </div>
   <div class='ocr_carea' id='block_1_46' title="bbox 125 2881 1795 2951">
    <p class='ocr_par' dir='ltr' id='par_1_46' title="bbox 125 2881 1795 2951">
     <span class='ocr_line' id='line_1_46' title="bbox 125 2881 1795 2951; baseline -0.003 -11"><span class='ocrx_word' id='word_1_317' title='bbox 125 2897 251 2940; x_wconf 74' lang='lat' dir='ltr'><strong>non</strong></span> <span class='ocrx_word' id='word_1_318' title='bbox 277 2882 606 2939; x_wconf 77' lang='lat' dir='ltr'><strong>sustinebo.</strong></span> <span class='ocrx_word' id='word_1_319' title='bbox 631 2906 659 2930; x_wconf 90' lang='grc'><strong><em>››</em></strong></span> <span class='ocrx_word' id='word_1_320' title='bbox 699 2883 818 2938; x_wconf 83' lang='lat' dir='ltr'><strong>Hoc</strong></span> <span class='ocrx_word' id='word_1_321' title='bbox 858 2884 1046 2937; x_wconf 90' lang='lat' dir='ltr'><strong>Cnuto</strong></span> <span class='ocrx_word' id='word_1_322' title='bbox 1101 2882 1374 2948; x_wconf 89' lang='lat' dir='ltr'><strong>audiens,</strong></span> <span class='ocrx_word' id='word_1_323' title='bbox 1432 2881 1795 2951; x_wconf 87' lang='lat' dir='ltr'><strong>fratremque</strong></span> 
     </span>
    </p>
   </div>
   <div class='ocr_carea' id='block_1_47' title="bbox 123 2972 1795 3045">
    <p class='ocr_par' dir='ltr' id='par_1_47' title="bbox 123 2972 1795 3045">
     <span class='ocr_line' id='line_1_47' title="bbox 123 2972 1795 3045; baseline -0.005 -13"><span class='ocrx_word' id='word_1_324' title='bbox 123 2977 282 3032; x_wconf 81' lang='lat' dir='ltr'><strong>recte</strong></span> <span class='ocrx_word' id='word_1_325' title='bbox 311 2972 579 3030; x_wconf 89' lang='lat' dir='ltr'><strong>locutum</strong></span> <span class='ocrx_word' id='word_1_326' title='bbox 611 2973 780 3028; x_wconf 88' lang='lat' dir='ltr'><strong>tacite</strong></span> <span class='ocrx_word' id='word_1_327' title='bbox 822 2973 1203 3045; x_wconf 81' lang='lat' dir='ltr'><strong>perpendens</strong></span> <span class='ocrx_word' id='word_1_328' title='bbox 1239 2991 1250 3027; x_wconf 91' lang='lat'>:</span> <span class='ocrx_word' id='word_1_329' title='bbox 1313 2995 1340 3023; x_wconf 69' lang='grc'>1(</span> <span class='ocrx_word' id='word_1_330' title='bbox 1374 2973 1497 3027; x_wconf 87' lang='lat' dir='ltr'><strong>Hoc</strong></span> <span class='ocrx_word' id='word_1_331' title='bbox 1529 2976 1795 3042; x_wconf 87' lang='lat' dir='ltr'><strong>tempore</strong></span> 
     </span>
    </p>
   </div>
   <div class='ocr_carea' id='block_1_48' title="bbox 123 3060 1794 3134">
    <p class='ocr_par' dir='ltr' id='par_1_48' title="bbox 123 3060 1794 3134">
     <span class='ocr_line' id='line_1_48' title="bbox 123 3060 1794 3134; baseline -0.003 -16"><span class='ocrx_word' id='word_1_332' title='bbox 123 3061 201 3118; x_wconf 89' lang='lat' dir='ltr'><strong>de</strong></span> <span class='ocrx_word' id='word_1_333' title='bbox 229 3062 347 3116; x_wconf 68' lang='lat' dir='ltr'><strong>huc</strong></span> <span class='ocrx_word' id='word_1_334' title='bbox 378 3061 683 3130; x_wconf 81' lang='lat' dir='ltr'><strong>sileamus,</strong></span> <span class='ocrx_word' id='word_1_335' title='bbox 709 3062 921 3134; x_wconf 87' lang='lat' dir='ltr'><strong>inquit.</strong></span> <span class='ocrx_word' id='word_1_336' title='bbox 980 3065 1133 3116; x_wconf 87' lang='lat' dir='ltr'><strong>Deus</strong></span> <span class='ocrx_word' id='word_1_337' title='bbox 1188 3062 1349 3117; x_wconf 85' lang='lat' dir='ltr'><strong>enim</strong></span> <span class='ocrx_word' id='word_1_338' title='bbox 1402 3061 1620 3116; x_wconf 88' lang='lat' dir='ltr'><strong>rectius</strong></span> <span class='ocrx_word' id='word_1_339' title='bbox 1677 3060 1794 3114; x_wconf 88' lang='lat' dir='ltr'><strong>for-</strong></span> 
     </span>
    </p>
   </div>
   <div class='ocr_carea' id='block_1_49' title="bbox 123 3148 1798 3221">
    <p class='ocr_par' dir='ltr' id='par_1_49' title="bbox 123 3148 1798 3221">
     <span class='ocr_line' id='line_1_49' title="bbox 123 3148 1798 3221; baseline -0.006 -9"><span class='ocrx_word' id='word_1_340' title='bbox 123 3156 283 3212; x_wconf 66' lang='lat' dir='ltr'><strong>tasse</strong></span> <span class='ocrx_word' id='word_1_341' title='bbox 305 3151 419 3208; x_wconf 87' lang='lat' dir='ltr'><strong>hoc</strong></span> <span class='ocrx_word' id='word_1_342' title='bbox 452 3150 614 3206; x_wconf 89' lang='lat' dir='ltr'><strong>solus</strong></span> <span class='ocrx_word' id='word_1_343' title='bbox 653 3151 1006 3208; x_wconf 67' lang='lat' dir='ltr'><strong>ordinavit.»</strong></span> <span class='ocrx_word' id='word_1_344' title='bbox 1065 3151 1301 3206; x_wconf 82' lang='lat' dir='ltr'><strong>Talibus</strong></span> <span class='ocrx_word' id='word_1_345' title='bbox 1329 3150 1578 3221; x_wconf 85' lang='lat' dir='ltr'><strong>aliisque</strong></span> <span class='ocrx_word' id='word_1_346' title='bbox 1607 3148 1798 3204; x_wconf 89' lang='lat' dir='ltr'><strong>diver—</strong></span> 
     </span>
    </p>
   </div>
   <div class='ocr_carea' id='block_1_50' title="bbox 123 3237 1796 3312">
    <p class='ocr_par' dir='ltr' id='par_1_50' title="bbox 123 3237 1796 3312">
     <span class='ocr_line' id='line_1_50' title="bbox 123 3237 1796 3312; baseline -0.005 -12"><span class='ocrx_word' id='word_1_347' title='bbox 123 3242 206 3300; x_wconf 82' lang='lat' dir='ltr'><strong>sis</strong></span> <span class='ocrx_word' id='word_1_348' title='bbox 233 3241 619 3300; x_wconf 78' lang='lat' dir='ltr'><strong>sermonibus</strong></span> <span class='ocrx_word' id='word_1_349' title='bbox 648 3240 1076 3312; x_wconf 82' lang='lat' dir='ltr'><strong>colloquentes,</strong></span> <span class='ocrx_word' id='word_1_350' title='bbox 1110 3240 1517 3312; x_wconf 85' lang='lat' dir='ltr'><strong>conviviisque</strong></span> <span class='ocrx_word' id='word_1_351' title='bbox 1582 3237 1796 3307; x_wconf 83' lang='lat' dir='ltr'><strong>regali-</strong></span> 
     </span>
    </p>
   </div>
   <div class='ocr_carea' id='block_1_51' title="bbox 123 3329 1796 3402">
    <p class='ocr_par' dir='ltr' id='par_1_51' title="bbox 123 3329 1796 3402">
     <span class='ocr_line' id='line_1_51' title="bbox 123 3329 1796 3402; baseline -0.004 -14"><span class='ocrx_word' id='word_1_352' title='bbox 123 3331 242 3396; x_wconf 74' lang='grc'>11118</span> <span class='ocrx_word' id='word_1_353' title='bbox 273 3333 686 3399; x_wconf 77' lang='lat' dir='ltr'><strong>convivantes,</strong></span> <span class='ocrx_word' id='word_1_354' title='bbox 721 3330 1029 3402; x_wconf 84' lang='lat' dir='ltr'><strong>aliquanto</strong></span> <span class='ocrx_word' id='word_1_355' title='bbox 1063 3335 1329 3401; x_wconf 86' lang='lat' dir='ltr'><strong>tempore</strong></span> <span class='ocrx_word' id='word_1_356' title='bbox 1355 3329 1534 3384; x_wconf 89' lang='lat' dir='ltr'><strong>simul</strong></span> <span class='ocrx_word' id='word_1_357' title='bbox 1557 3344 1796 3384; x_wconf 90' lang='lat' dir='ltr'><strong>manse-</strong></span> 
     </span>
    </p>
   </div>
   <div class='ocr_carea' id='block_1_52' title="bbox 122 3420 1797 3484">
    <p class='ocr_par' dir='ltr' id='par_1_52' title="bbox 122 3420 1797 3484">
     <span class='ocr_line' id='line_1_52' title="bbox 122 3420 1797 3484; baseline -0.004 -7"><span class='ocrx_word' id='word_1_358' title='bbox 122 3424 288 3484; x_wconf 65' lang='lat' dir='ltr'><strong>runt,</strong></span> <span class='ocrx_word' id='word_1_359' title='bbox 313 3424 372 3478; x_wconf 68' lang='lat' dir='ltr'><strong>et</strong></span> <span class='ocrx_word' id='word_1_360' title='bbox 399 3436 584 3478; x_wconf 84' lang='lat' dir='ltr'><strong>naves</strong></span> <span class='ocrx_word' id='word_1_361' title='bbox 612 3420 995 3476; x_wconf 89' lang='lat' dir='ltr'><strong>meliorantes</strong></span> <span class='ocrx_word' id='word_1_362' title='bbox 1037 3420 1365 3475; x_wconf 79' lang='lat' dir='ltr'><strong>exercitum</strong></span> <span class='ocrx_word' id='word_1_363' title='bbox 1425 3424 1797 3474; x_wconf 63' lang='grc' dir='ltr'>1081011101νο-</span> 
     </span>
    </p>
   </div>
   <div class='ocr_carea' id='block_1_53' title="bbox 122 3509 1798 3580">
    <p class='ocr_par' dir='ltr' id='par_1_53' title="bbox 122 3509 1798 3580">
     <span class='ocr_line' id='line_1_53' title="bbox 122 3509 1798 3580; baseline -0.004 -13"><span class='ocrx_word' id='word_1_364' title='bbox 122 3514 286 3580; x_wconf 80' lang='lat' dir='ltr'><strong>runt.</strong></span> <span class='ocrx_word' id='word_1_365' title='bbox 317 3509 536 3566; x_wconf 79' lang='lat' dir='ltr'><strong>Pariter</strong></span> <span class='ocrx_word' id='word_1_366' title='bbox 563 3525 706 3566; x_wconf 83' lang='lat' dir='ltr'><strong>vero</strong></span> <span class='ocrx_word' id='word_1_367' title='bbox 738 3509 1117 3566; x_wconf 86' lang='lat' dir='ltr'><strong>Sclavoniam</strong></span> <span class='ocrx_word' id='word_1_368' title='bbox 1137 3509 1431 3578; x_wconf 84' lang='lat' dir='ltr'><strong>adierunt,</strong></span> <span class='ocrx_word' id='word_1_369' title='bbox 1460 3512 1516 3562; x_wconf 92' lang='lat' dir='ltr'><strong>et</strong></span> <span class='ocrx_word' id='word_1_370' title='bbox 1543 3511 1798 3564; x_wconf 87' lang='lat' dir='ltr'><strong>mat-rem</strong></span> 
     </span>
    </p>
   </div>
   <div class='ocr_carea' id='block_1_54' title="bbox 128 3599 1456 3672">
    <p class='ocr_par' dir='ltr' id='par_1_54' title="bbox 128 3599 1456 3672">
     <span class='ocr_line' id='line_1_54' title="bbox 128 3599 1456 3672; baseline -0.004 -15"><span class='ocrx_word' id='word_1_371' title='bbox 128 3616 328 3667; x_wconf 77' lang='lat' dir='ltr'><strong>suam,</strong></span> <span class='ocrx_word' id='word_1_372' title='bbox 361 3617 497 3672; x_wconf 74' lang='lat' dir='ltr'><strong>quae</strong></span> <span class='ocrx_word' id='word_1_373' title='bbox 528 3599 644 3656; x_wconf 88' lang='lat' dir='ltr'><strong>illic</strong></span> <span class='ocrx_word' id='word_1_374' title='bbox 673 3599 1045 3664; x_wconf 88' lang='lat' dir='ltr'><strong>morabatur,</strong></span> <span class='ocrx_word' id='word_1_375' title='bbox 1068 3599 1456 3655; x_wconf 77' lang='lat' dir='ltr'><strong>reduxerunt.</strong></span> 
     </span>
    </p>
   </div>
   <div class='ocr_carea' id='block_1_55' title="bbox 205 3685 1798 3759">
    <p class='ocr_par' dir='ltr' id='par_1_55' title="bbox 205 3685 1798 3759">
     <span class='ocr_line' id='line_1_55' title="bbox 205 3685 1798 3759; baseline -0.002 -18"><span class='ocrx_word' id='word_1_376' title='bbox 205 3689 434 3744; x_wconf 76' lang='lat' dir='ltr'><strong>interea</strong></span> <span class='ocrx_word' id='word_1_377' title='bbox 454 3689 739 3759; x_wconf 74' lang='lat' dir='ltr'><strong>quaedam</strong></span> <span class='ocrx_word' id='word_1_378' title='bbox 761 3693 1174 3744; x_wconf 86' lang='lat' dir='ltr'><strong>matronarum</strong></span> <span class='ocrx_word' id='word_1_379' title='bbox 1192 3687 1574 3757; x_wconf 78' lang='lat' dir='ltr'><strong>Anglicarum</strong></span> <span class='ocrx_word' id='word_1_380' title='bbox 1594 3685 1798 3742; x_wconf 82' lang='lat' dir='ltr'><strong>navim</strong></span> 
     </span>
    </p>
   </div>
   <div class='ocr_carea' id='block_1_56' title="bbox 124 3773 1798 3850">
    <p class='ocr_par' dir='ltr' id='par_1_56' title="bbox 124 3773 1798 3850">
     <span class='ocr_line' id='line_1_56' title="bbox 124 3773 1798 3850; baseline -0.004 -17"><span class='ocrx_word' id='word_1_381' title='bbox 277 3777 414 3833; x_wconf 78' lang='lat' dir='ltr'><strong>fecit</strong></span> <span class='ocrx_word' id='word_1_382' title='bbox 446 3778 672 3849; x_wconf 73' lang='lat' dir='ltr'><strong>parari,</strong></span> <span class='ocrx_word' id='word_1_383' title='bbox 706 3785 762 3833; x_wconf 89' lang='lat' dir='ltr'><strong>et</strong></span> <span class='ocrx_word' id='word_1_384' title='bbox 794 3784 1109 3850; x_wconf 86' lang='lat' dir='ltr'><strong>assumpto</strong></span> <span class='ocrx_word' id='word_1_385' title='bbox 1141 3793 1388 3848; x_wconf 87' lang='lat' dir='ltr'><strong>corpore</strong></span> <span class='ocrx_word' id='word_1_386' title='bbox 1426 3775 1624 3831; x_wconf 86' lang='lat' dir='ltr'><strong>Sueini</strong></span> <span class='ocrx_word' id='word_1_387' title='bbox 1641 3773 1798 3843; x_wconf 88' lang='lat' dir='ltr'><strong>regis</strong></span> 
     </span>
    </p>
   </div>
   <div class='ocr_carea' id='block_1_57' title="bbox 125 3862 1794 3940">
    <p class='ocr_par' dir='ltr' id='par_1_57' title="bbox 125 3862 1794 3940">
     <span class='ocr_line' id='line_1_57' title="bbox 125 3862 1794 3940; baseline -0.004 -16"><span class='ocrx_word' id='word_1_388' title='bbox 125 3883 239 3924; x_wconf 79' lang='lat' dir='ltr'><strong>sua</strong></span> <span class='ocrx_word' id='word_1_389' title='bbox 270 3866 330 3922; x_wconf 84' lang='lat' dir='ltr'><strong>in</strong></span> <span class='ocrx_word' id='word_1_390' title='bbox 359 3867 554 3939; x_wconf 83' lang='lat' dir='ltr'><strong>patria</strong></span> <span class='ocrx_word' id='word_1_391' title='bbox 583 3867 818 3939; x_wconf 82' lang='lat' dir='ltr'><strong>sepulti,</strong></span> <span class='ocrx_word' id='word_1_392' title='bbox 851 3867 1073 3940; x_wconf 88' lang='lat' dir='ltr'><strong>illoque</strong></span> <span class='ocrx_word' id='word_1_393' title='bbox 1109 3865 1486 3924; x_wconf 86' lang='lat' dir='ltr'><strong>aromatibus</strong></span> <span class='ocrx_word' id='word_1_394' title='bbox 1535 3862 1794 3928; x_wconf 88' lang='lat' dir='ltr'><strong>condito,</strong></span> 
     </span>
    </p>
   </div>
   <div class='ocr_carea' id='block_1_58' title="bbox 120 3955 1799 4029">
    <p class='ocr_par' dir='ltr' id='par_1_58' title="bbox 120 3955 1799 4029">
     <span class='ocr_line' id='line_1_58' title="bbox 120 3955 1799 4029; baseline -0.004 -18"><span class='ocrx_word' id='word_1_395' title='bbox 120 3955 444 4029; x_wconf 76' lang='lat' dir='ltr'><strong>palliisque</strong></span> <span class='ocrx_word' id='word_1_396' title='bbox 477 3955 689 4023; x_wconf 82' lang='lat' dir='ltr'><strong>velato,</strong></span> <span class='ocrx_word' id='word_1_397' title='bbox 731 3973 897 4013; x_wconf 87' lang='lat' dir='ltr'><strong>mare</strong></span> <span class='ocrx_word' id='word_1_398' title='bbox 949 3956 1115 4025; x_wconf 87' lang='lat' dir='ltr'><strong>adiit,</strong></span> <span class='ocrx_word' id='word_1_399' title='bbox 1168 3960 1224 4012; x_wconf 80' lang='lat' dir='ltr'><strong>et</strong></span> <span class='ocrx_word' id='word_1_400' title='bbox 1277 3968 1570 4027; x_wconf 86' lang='lat' dir='ltr'><strong>prospero</strong></span> <span class='ocrx_word' id='word_1_401' title='bbox 1619 3966 1799 4006; x_wconf 90' lang='lat' dir='ltr'><strong>cursu</strong></span> 
     </span>
    </p>
   </div>
   <div class='ocr_carea' id='block_1_59' title="bbox 123 4043 1797 4120">
    <p class='ocr_par' dir='ltr' id='par_1_59' title="bbox 123 4043 1797 4120">
     <span class='ocr_line' id='line_1_59' title="bbox 123 4043 1797 4120; baseline -0.004 -18"><span class='ocrx_word' id='word_1_402' title='bbox 123 4045 387 4120; x_wconf 77' lang='lat' dir='ltr'><strong>appulsa</strong></span> <span class='ocrx_word' id='word_1_403' title='bbox 417 4045 496 4104; x_wconf 76' lang='lat' dir='ltr'><strong>ad</strong></span> <span class='ocrx_word' id='word_1_404' title='bbox 521 4051 734 4117; x_wconf 82' lang='lat' dir='ltr'><strong>portus</strong></span> <span class='ocrx_word' id='word_1_405' title='bbox 759 4050 1064 4104; x_wconf 88' lang='lat' dir='ltr'><strong>Danorum</strong></span> <span class='ocrx_word' id='word_1_406' title='bbox 1091 4044 1380 4118; x_wconf 87' lang='lat' dir='ltr'><strong>parvenit.</strong></span> <span class='ocrx_word' id='word_1_407' title='bbox 1408 4043 1631 4100; x_wconf 85' lang='lat' dir='ltr'><strong>Mittens</strong></span> <span class='ocrx_word' id='word_1_408' title='bbox 1656 4057 1797 4111; x_wconf 84' lang='lat' dir='ltr'><strong>ergo</strong></span> 
     </span>
    </p>
   </div>
   <div class='ocr_carea' id='block_1_60' title="bbox 121 4131 1798 4208">
    <p class='ocr_par' dir='ltr' id='par_1_60' title="bbox 121 4131 1798 4208">
     <span class='ocr_line' id='line_1_60' title="bbox 121 4131 1798 4208; baseline -0.006 -14"><span class='ocrx_word' id='word_1_409' title='bbox 121 4135 395 4208; x_wconf 75' lang='lat' dir='ltr'><strong>utrisque</strong></span> <span class='ocrx_word' id='word_1_410' title='bbox 425 4134 708 4192; x_wconf 69' lang='lat' dir='ltr'><strong>fratribus</strong></span> <span class='ocrx_word' id='word_1_411' title='bbox 733 4135 1294 4204; x_wconf 85' lang='lat' dir='ltr'><strong>nuntium,mandat</strong></span> <span class='ocrx_word' id='word_1_412' title='bbox 1325 4149 1548 4205; x_wconf 87' lang='lat' dir='ltr'><strong>corpus</strong></span> <span class='ocrx_word' id='word_1_413' title='bbox 1579 4131 1798 4188; x_wconf 87' lang='lat' dir='ltr'><strong>adesse</strong></span> 
     </span>
    </p>
   </div>
   <div class='ocr_carea' id='block_1_61' title="bbox 123 4221 1798 4297">
    <p class='ocr_par' dir='ltr' id='par_1_61' title="bbox 123 4221 1798 4297">
     <span class='ocr_line' id='line_1_61' title="bbox 123 4221 1798 4297; baseline -0.005 -15"><span class='ocrx_word' id='word_1_414' title='bbox 123 4229 472 4297; x_wconf 78' lang='lat' dir='ltr'><strong>paternum,</strong></span> <span class='ocrx_word' id='word_1_415' title='bbox 506 4229 570 4280; x_wconf 87' lang='lat' dir='ltr'><strong>ut</strong></span> <span class='ocrx_word' id='word_1_416' title='bbox 591 4225 705 4280; x_wconf 88' lang='lat' dir='ltr'><strong>hoc</strong></span> <span class='ocrx_word' id='word_1_417' title='bbox 732 4229 1034 4284; x_wconf 85' lang='lat' dir='ltr'><strong>maturent</strong></span> <span class='ocrx_word' id='word_1_418' title='bbox 1071 4224 1393 4296; x_wconf 83' lang='lat' dir='ltr'><strong>suscipere,</strong></span> <span class='ocrx_word' id='word_1_419' title='bbox 1447 4221 1798 4291; x_wconf 81' lang='lat' dir='ltr'><strong>tumuloque</strong></span> 
     </span>
    </p>
   </div>
   <div class='ocr_carea' id='block_1_62' title="bbox 122 4311 1796 4387">
    <p class='ocr_par' dir='ltr' id='par_1_62' title="bbox 122 4311 1796 4387">
     <span class='ocr_line' id='line_1_62' title="bbox 122 4311 1796 4387; baseline -0.004 -17"><span class='ocrx_word' id='word_1_420' title='bbox 122 4313 294 4386; x_wconf 75' lang='lat' dir='ltr'><strong>quod</strong></span> <span class='ocrx_word' id='word_1_421' title='bbox 328 4313 440 4369; x_wconf 85' lang='lat' dir='ltr'><strong>sibi</strong></span> <span class='ocrx_word' id='word_1_422' title='bbox 469 4319 914 4387; x_wconf 60' lang='lat' dir='ltr'><strong>praeparaverat</strong></span> <span class='ocrx_word' id='word_1_423' title='bbox 945 4313 1162 4372; x_wconf 82' lang='lat' dir='ltr'><strong>locare.</strong></span> <span class='ocrx_word' id='word_1_424' title='bbox 1197 4313 1282 4368; x_wconf 90' lang='lat' dir='ltr'><strong>llli</strong></span> <span class='ocrx_word' id='word_1_425' title='bbox 1312 4313 1535 4368; x_wconf 88' lang='lat' dir='ltr'><strong>hilares</strong></span> <span class='ocrx_word' id='word_1_426' title='bbox 1556 4311 1796 4374; x_wconf 88' lang='lat' dir='ltr'><strong>adsunt,</strong></span> 
     </span>
    </p>
   </div>
   <div class='ocr_carea' id='block_1_63' title="bbox 124 4400 1800 4476">
    <p class='ocr_par' dir='ltr' id='par_1_63' title="bbox 124 4400 1800 4476">
     <span class='ocr_line' id='line_1_63' title="bbox 124 4400 1800 4476; baseline -0.003 -19"><span class='ocrx_word' id='word_1_427' title='bbox 124 4401 457 4458; x_wconf 85' lang='lat' dir='ltr'><strong>honoriﬁce</strong></span> <span class='ocrx_word' id='word_1_428' title='bbox 499 4419 718 4475; x_wconf 90' lang='lat' dir='ltr'><strong>corpus</strong></span> <span class='ocrx_word' id='word_1_429' title='bbox 776 4403 1128 4476; x_wconf 85' lang='lat' dir='ltr'><strong>suspiciunt,</strong></span> <span class='ocrx_word' id='word_1_430' title='bbox 1188 4400 1800 4470; x_wconf 83' lang='lat' dir='ltr'><strong>honoriﬁcentiusque</strong></span> 
     </span>
    </p>
   </div>
   <div class='ocr_carea' id='block_1_64' title="bbox 123 4486 1799 4547">
    <p class='ocr_par' dir='ltr' id='par_1_64' title="bbox 123 4486 1799 4547">
     <span class='ocr_line' id='line_1_64' title="bbox 123 4486 1799 4547; baseline -0.003 -2"><span class='ocrx_word' id='word_1_431' title='bbox 123 4489 275 4545; x_wconf 87' lang='lat' dir='ltr'><strong>illud</strong></span> <span class='ocrx_word' id='word_1_432' title='bbox 317 4491 378 4545; x_wconf 90' lang='lat' dir='ltr'><strong>in</strong></span> <span class='ocrx_word' id='word_1_433' title='bbox 409 4491 776 4546; x_wconf 90' lang='lat' dir='ltr'><strong>monasterio</strong></span> <span class='ocrx_word' id='word_1_434' title='bbox 804 4491 864 4546; x_wconf 91' lang='lat' dir='ltr'><strong>in</strong></span> <span class='ocrx_word' id='word_1_435' title='bbox 891 4492 1117 4547; x_wconf 89' lang='lat' dir='ltr'><strong>honore</strong></span> <span class='ocrx_word' id='word_1_436' title='bbox 1151 4495 1372 4546; x_wconf 76' lang='lat' dir='ltr'><strong>sanctae</strong></span> <span class='ocrx_word' id='word_1_437' title='bbox 1395 4488 1689 4546; x_wconf 89' lang='lat' dir='ltr'><strong>Trinitatis</strong></span> <span class='ocrx_word' id='word_1_438' title='bbox 1722 4486 1799 4541; x_wconf 91' lang='lat' dir='ltr'><strong>ab</strong></span> 
     </span>
    </p>
   </div>
   <div class='ocr_carea' id='block_1_65' title="bbox 125 4577 1798 4652">
    <p class='ocr_par' dir='ltr' id='par_1_65' title="bbox 125 4577 1798 4652">
     <span class='ocr_line' id='line_1_65' title="bbox 125 4577 1798 4652; baseline -0.003 -16"><span class='ocrx_word' id='word_1_439' title='bbox 125 4581 344 4636; x_wconf 90' lang='lat' dir='ltr'><strong>eodem</strong></span> <span class='ocrx_word' id='word_1_440' title='bbox 369 4596 511 4651; x_wconf 87' lang='lat' dir='ltr'><strong>rege</strong></span> <span class='ocrx_word' id='word_1_441' title='bbox 544 4585 906 4650; x_wconf 90' lang='lat' dir='ltr'><strong>constructo,</strong></span> <span class='ocrx_word' id='word_1_442' title='bbox 939 4582 1001 4636; x_wconf 89' lang='lat' dir='ltr'><strong>in</strong></span> <span class='ocrx_word' id='word_1_443' title='bbox 1030 4580 1304 4652; x_wconf 89' lang='lat' dir='ltr'><strong>sepulcro</strong></span> <span class='ocrx_word' id='word_1_444' title='bbox 1351 4578 1517 4650; x_wconf 89' lang='lat' dir='ltr'><strong>quod</strong></span> <span class='ocrx_word' id='word_1_445' title='bbox 1551 4577 1662 4633; x_wconf 91' lang='lat' dir='ltr'><strong>sibi</strong></span> <span class='ocrx_word' id='word_1_446' title='bbox 1696 4591 1798 4650; x_wconf 53' lang='lat' dir='ltr'><strong>pa‘</strong></span> 
     </span>
    </p>
   </div>
   <div class='ocr_carea' id='block_1_66' title="bbox 121 4669 1798 4742">
    <p class='ocr_par' dir='ltr' id='par_1_66' title="bbox 121 4669 1798 4742">
     <span class='ocr_line' id='line_1_66' title="bbox 121 4669 1798 4742; baseline -0.003 -18"><span class='ocrx_word' id='word_1_447' title='bbox 121 4674 366 4726; x_wconf 88' lang='lat' dir='ltr'><strong>raverat</strong></span> <span class='ocrx_word' id='word_1_448' title='bbox 389 4669 742 4726; x_wconf 90' lang='lat' dir='ltr'><strong>recondunt.</strong></span> <span class='ocrx_word' id='word_1_449' title='bbox 769 4673 897 4735; x_wconf 89' lang='lat' dir='ltr'><strong>Quo</strong></span> <span class='ocrx_word' id='word_1_450' title='bbox 943 4669 1228 4742; x_wconf 81' lang='lat' dir='ltr'><strong>perfecto,</strong></span> <span class='ocrx_word' id='word_1_451' title='bbox 1281 4669 1528 4740; x_wconf 90' lang='lat' dir='ltr'><strong>jamque</strong></span> <span class='ocrx_word' id='word_1_452' title='bbox 1577 4681 1798 4738; x_wconf 88' lang='lat' dir='ltr'><strong>appro-</strong></span> 
     </span>
    </p>
   </div>
   <div class='ocr_carea' id='block_1_67' title="bbox 121 4756 1798 4830">
    <p class='ocr_par' dir='ltr' id='par_1_67' title="bbox 121 4756 1798 4830">
     <span class='ocr_line' id='line_1_67' title="bbox 121 4756 1798 4830; baseline -0.002 -16"><span class='ocrx_word' id='word_1_453' title='bbox 121 4759 332 4830; x_wconf 89' lang='lat' dir='ltr'><strong>piante</strong></span> <span class='ocrx_word' id='word_1_454' title='bbox 366 4758 491 4814; x_wconf 91' lang='lat' dir='ltr'><strong>sole</strong></span> <span class='ocrx_word' id='word_1_455' title='bbox 521 4759 724 4814; x_wconf 88' lang='lat' dir='ltr'><strong>aestivo</strong></span> <span class='ocrx_word' id='word_1_456' title='bbox 784 4759 1075 4814; x_wconf 87' lang='lat' dir='ltr'><strong>accelerat</strong></span> <span class='ocrx_word' id='word_1_457' title='bbox 1129 4763 1340 4824; x_wconf 85' lang='lat' dir='ltr'><strong>Cnuto,</strong></span> <span class='ocrx_word' id='word_1_458' title='bbox 1395 4756 1798 4826; x_wconf 89' lang='lat' dir='ltr'><strong>redintegrato</strong></span> 
     </span>
    </p>
   </div>
   <div class='ocr_carea' id='block_1_68' title="bbox 121 4847 1800 4921">
    <p class='ocr_par' dir='ltr' id='par_1_68' title="bbox 121 4847 1800 4921">
     <span class='ocr_line' id='line_1_68' title="bbox 121 4847 1800 4921; baseline -0.004 -14"><span class='ocrx_word' id='word_1_459' title='bbox 121 4849 411 4918; x_wconf 83' lang='lat' dir='ltr'><strong>exercitu,</strong></span> <span class='ocrx_word' id='word_1_460' title='bbox 462 4849 675 4917; x_wconf 89' lang='lat' dir='ltr'><strong>redire,</strong></span> <span class='ocrx_word' id='word_1_461' title='bbox 737 4865 1002 4921; x_wconf 89' lang='lat' dir='ltr'><strong>suasque</strong></span> <span class='ocrx_word' id='word_1_462' title='bbox 1058 4849 1309 4920; x_wconf 87' lang='lat' dir='ltr'><strong>injurias</strong></span> <span class='ocrx_word' id='word_1_463' title='bbox 1343 4847 1661 4903; x_wconf 87' lang='lat' dir='ltr'><strong>vindicare.</strong></span> <span class='ocrx_word' id='word_1_464' title='bbox 1728 4847 1800 4900; x_wconf 84' lang='lat' dir='ltr'><strong>At</strong></span> 
     </span>
    </p>
   </div>
   <div class='ocr_carea' id='block_1_69' title="bbox 119 4937 1801 5010">
    <p class='ocr_par' dir='ltr' id='par_1_69' title="bbox 119 4937 1801 5010">
     <span class='ocr_line' id='line_1_69' title="bbox 119 4937 1801 5010; baseline -0.004 -14"><span class='ocrx_word' id='word_1_465' title='bbox 119 4939 206 4996; x_wconf 82' lang='lat' dir='ltr'><strong>illi</strong></span> <span class='ocrx_word' id='word_1_466' title='bbox 239 4939 401 4994; x_wconf 90' lang='lat' dir='ltr'><strong>circa</strong></span> <span class='ocrx_word' id='word_1_467' title='bbox 424 4937 620 4994; x_wconf 90' lang='lat' dir='ltr'><strong>littora</strong></span> <span class='ocrx_word' id='word_1_468' title='bbox 663 4939 1080 4995; x_wconf 83' lang='lat' dir='ltr'><strong>deambulanti</strong></span> <span class='ocrx_word' id='word_1_469' title='bbox 1140 4938 1338 4993; x_wconf 88' lang='lat' dir='ltr'><strong>subito</strong></span> <span class='ocrx_word' id='word_1_470' title='bbox 1392 4937 1801 5010; x_wconf 89' lang='lat' dir='ltr'><strong>appareseunt</strong></span> 
     </span>
    </p>
   </div>
   <div class='ocr_carea' id='block_1_70' title="bbox 120 5024 1800 5085">
    <p class='ocr_par' dir='ltr' id='par_1_70' title="bbox 120 5024 1800 5085">
     <span class='ocr_line' id='line_1_70' title="bbox 120 5024 1800 5085; baseline -0.004 0"><span class='ocrx_word' id='word_1_471' title='bbox 120 5029 387 5085; x_wconf 88' lang='lat' dir='ltr'><strong>carbasa</strong></span> <span class='ocrx_word' id='word_1_472' title='bbox 410 5044 535 5083; x_wconf 93' lang='lat' dir='ltr'><strong>non</strong></span> <span class='ocrx_word' id='word_1_473' title='bbox 566 5028 754 5084; x_wconf 89' lang='lat' dir='ltr'><strong>multa</strong></span> <span class='ocrx_word' id='word_1_474' title='bbox 785 5029 845 5082; x_wconf 89' lang='lat' dir='ltr'><strong>in</strong></span> <span class='ocrx_word' id='word_1_475' title='bbox 889 5028 1088 5084; x_wconf 89' lang='lat' dir='ltr'><strong>medio</strong></span> <span class='ocrx_word' id='word_1_476' title='bbox 1149 5029 1319 5084; x_wconf 92' lang='lat' dir='ltr'><strong>mari.</strong></span> <span class='ocrx_word' id='word_1_477' title='bbox 1362 5031 1514 5083; x_wconf 80' lang='lat' dir='ltr'><strong>Nam</strong></span> <span class='ocrx_word' id='word_1_478' title='bbox 1567 5024 1800 5082; x_wconf 89' lang='lat' dir='ltr'><strong>Turehil</strong></span> 
     </span>
    </p>
   </div>
   <div class='ocr_carea' id='block_1_71' title="bbox 117 5115 1800 5191">
    <p class='ocr_par' dir='ltr' id='par_1_71' title="bbox 117 5115 1800 5191">
     <span class='ocr_line' id='line_1_71' title="bbox 117 5115 1800 5191; baseline -0.004 -16"><span class='ocrx_word' id='word_1_479' title='bbox 117 5133 366 5175; x_wconf 91' lang='lat' dir='ltr'><strong>memor</strong></span> <span class='ocrx_word' id='word_1_480' title='bbox 391 5118 557 5191; x_wconf 91' lang='lat' dir='ltr'><strong>quod</strong></span> <span class='ocrx_word' id='word_1_481' title='bbox 591 5119 810 5174; x_wconf 89' lang='lat' dir='ltr'><strong>Sueino</strong></span> <span class='ocrx_word' id='word_1_482' title='bbox 841 5118 1080 5184; x_wconf 88' lang='lat' dir='ltr'><strong>fecerat,</strong></span> <span class='ocrx_word' id='word_1_483' title='bbox 1111 5123 1167 5173; x_wconf 90' lang='lat' dir='ltr'><strong>et</strong></span> <span class='ocrx_word' id='word_1_484' title='bbox 1194 5117 1362 5190; x_wconf 90' lang='lat' dir='ltr'><strong>quod</strong></span> <span class='ocrx_word' id='word_1_485' title='bbox 1392 5120 1533 5172; x_wconf 90' lang='lat' dir='ltr'><strong>tunc</strong></span> <span class='ocrx_word' id='word_1_486' title='bbox 1564 5115 1624 5170; x_wconf 90' lang='lat' dir='ltr'><strong>in</strong></span> <span class='ocrx_word' id='word_1_487' title='bbox 1645 5119 1800 5169; x_wconf 89' lang='lat' dir='ltr'><strong>terra</strong></span> 
     </span>
    </p>
   </div>
   <div class='ocr_carea' id='block_1_72' title="bbox 117 5203 1798 5279">
    <p class='ocr_par' dir='ltr' id='par_1_72' title="bbox 117 5203 1798 5279">
     <span class='ocr_line' id='line_1_72' title="bbox 117 5203 1798 5279; baseline -0.004 -15"><span class='ocrx_word' id='word_1_488' title='bbox 117 5206 380 5277; x_wconf 81' lang='lat' dir='ltr'><strong>Anglica</strong></span> <span class='ocrx_word' id='word_1_489' title='bbox 411 5206 643 5279; x_wconf 89' lang='lat' dir='ltr'><strong>absque</strong></span> <span class='ocrx_word' id='word_1_490' title='bbox 668 5207 909 5270; x_wconf 84' lang='lat' dir='ltr'><strong>licentia</strong></span> <span class='ocrx_word' id='word_1_491' title='bbox 947 5207 1176 5263; x_wconf 90' lang='lat' dir='ltr'><strong>domini</strong></span> <span class='ocrx_word' id='word_1_492' title='bbox 1225 5206 1316 5261; x_wconf 88' lang='lat' dir='ltr'><strong>sui</strong></span> <span class='ocrx_word' id='word_1_493' title='bbox 1369 5203 1656 5260; x_wconf 88' lang='lat' dir='ltr'><strong>Cnutonis</strong></span> <span class='ocrx_word' id='word_1_494' title='bbox 1708 5203 1798 5257; x_wconf 89' lang='lat' dir='ltr'><strong>in-</strong></span> 
     </span>
    </p>
   </div>
   <div class='ocr_carea' id='block_1_73' title="bbox 118 5294 1798 5364">
    <p class='ocr_par' dir='ltr' id='par_1_73' title="bbox 118 5294 1798 5364">
     <span class='ocr_line' id='line_1_73' title="bbox 118 5294 1798 5364; baseline -0.004 -11"><span class='ocrx_word' id='word_1_495' title='bbox 118 5296 399 5353; x_wconf 89' lang='lat' dir='ltr'><strong>consulte</strong></span> <span class='ocrx_word' id='word_1_496' title='bbox 420 5302 818 5364; x_wconf 88' lang='lat' dir='ltr'><strong>remanserat,</strong></span> <span class='ocrx_word' id='word_1_497' title='bbox 848 5314 985 5352; x_wconf 91' lang='lat' dir='ltr'><strong>cum</strong></span> <span class='ocrx_word' id='word_1_498' title='bbox 1017 5312 1232 5352; x_wconf 89' lang='lat' dir='ltr'><strong>novem</strong></span> <span class='ocrx_word' id='word_1_499' title='bbox 1262 5294 1520 5350; x_wconf 86' lang='lat' dir='ltr'><strong>navibus</strong></span> <span class='ocrx_word' id='word_1_500' title='bbox 1559 5309 1798 5348; x_wconf 88' lang='lat' dir='ltr'><strong>earum-</strong></span> 
     </span>
    </p>
   </div>
   <div class='ocr_carea' id='block_1_74' title="bbox 115 5383 1798 5460">
    <p class='ocr_par' dir='ltr' id='par_1_74' title="bbox 115 5383 1798 5460">
     <span class='ocr_line' id='line_1_74' title="bbox 115 5383 1798 5460; baseline -0.002 -18"><span class='ocrx_word' id='word_1_501' title='bbox 115 5402 243 5460; x_wconf 92' lang='lat' dir='ltr'><strong>que</strong></span> <span class='ocrx_word' id='word_1_502' title='bbox 275 5385 540 5442; x_wconf 84' lang='lat' dir='ltr'><strong>exereitu</strong></span> <span class='ocrx_word' id='word_1_503' title='bbox 568 5386 888 5442; x_wconf 91' lang='lat' dir='ltr'><strong>dominum</strong></span> <span class='ocrx_word' id='word_1_504' title='bbox 922 5403 1103 5441; x_wconf 91' lang='lat' dir='ltr'><strong>suum</strong></span> <span class='ocrx_word' id='word_1_505' title='bbox 1139 5385 1472 5458; x_wconf 89' lang='lat' dir='ltr'><strong>requisivit,</strong></span> <span class='ocrx_word' id='word_1_506' title='bbox 1497 5388 1562 5440; x_wconf 88' lang='lat' dir='ltr'><strong>ut</strong></span> <span class='ocrx_word' id='word_1_507' title='bbox 1587 5383 1640 5439; x_wconf 90' lang='lat' dir='ltr'><strong>ei</strong></span> <span class='ocrx_word' id='word_1_508' title='bbox 1691 5398 1798 5455; x_wconf 89' lang='lat' dir='ltr'><strong>pa-</strong></span> 
     </span>
    </p>
   </div>
   <div class='ocr_carea' id='block_1_75' title="bbox 119 5475 1798 5551">
    <p class='ocr_par' dir='ltr' id='par_1_75' title="bbox 119 5475 1798 5551">
     <span class='ocr_line' id='line_1_75' title="bbox 119 5475 1798 5551; baseline -0.004 -19"><span class='ocrx_word' id='word_1_509' title='bbox 119 5476 407 5533; x_wconf 83' lang='lat' dir='ltr'><strong>tefaceret</strong></span> <span class='ocrx_word' id='word_1_510' title='bbox 435 5475 580 5551; x_wconf 89' lang='lat' dir='ltr'><strong>quia</strong></span> <span class='ocrx_word' id='word_1_511' title='bbox 602 5492 726 5532; x_wconf 92' lang='lat' dir='ltr'><strong>non</strong></span> <span class='ocrx_word' id='word_1_512' title='bbox 758 5480 967 5531; x_wconf 92' lang='lat' dir='ltr'><strong>contra</strong></span> <span class='ocrx_word' id='word_1_513' title='bbox 1022 5477 1152 5546; x_wconf 90' lang='lat' dir='ltr'><strong>ejus</strong></span> <span class='ocrx_word' id='word_1_514' title='bbox 1212 5475 1466 5532; x_wconf 88' lang='lat' dir='ltr'><strong>salutem</strong></span> <span class='ocrx_word' id='word_1_515' title='bbox 1527 5490 1588 5528; x_wconf 91' lang='lat' dir='ltr'><strong>se</strong></span> <span class='ocrx_word' id='word_1_516' title='bbox 1636 5488 1798 5527; x_wconf 88' lang='lat' dir='ltr'><strong>rece-</strong></span> 
     </span>
    </p>
   </div>
   <div class='ocr_carea' id='block_1_76' title="bbox 118 5562 1800 5637">
    <p class='ocr_par' dir='ltr' id='par_1_76' title="bbox 118 5562 1800 5637">
     <span class='ocr_line' id='line_1_76' title="bbox 118 5562 1800 5637; baseline -0.004 -15"><span class='ocrx_word' id='word_1_517' title='bbox 118 5566 305 5622; x_wconf 88' lang='lat' dir='ltr'><strong>dente</strong></span> <span class='ocrx_word' id='word_1_518' title='bbox 359 5567 735 5622; x_wconf 88' lang='lat' dir='ltr'><strong>remanserit.</strong></span> <span class='ocrx_word' id='word_1_519' title='bbox 789 5566 896 5632; x_wconf 87' lang='lat' dir='ltr'><strong>Qui</strong></span> <span class='ocrx_word' id='word_1_520' title='bbox 968 5567 1216 5622; x_wconf 90' lang='lat' dir='ltr'><strong>veniens</strong></span> <span class='ocrx_word' id='word_1_521' title='bbox 1256 5582 1378 5621; x_wconf 90' lang='lat' dir='ltr'><strong>non</strong></span> <span class='ocrx_word' id='word_1_522' title='bbox 1418 5562 1800 5637; x_wconf 81' lang='lat' dir='ltr'><strong>praesumpsit</strong></span> 
     </span>
    </p>
   </div>
   <div class='ocr_carea' id='block_1_77' title="bbox 118 5654 1798 5730">
    <p class='ocr_par' dir='ltr' id='par_1_77' title="bbox 118 5654 1798 5730">
     <span class='ocr_line' id='line_1_77' title="bbox 118 5654 1798 5730; baseline -0.004 -18"><span class='ocrx_word' id='word_1_523' title='bbox 118 5657 326 5713; x_wconf 85' lang='lat' dir='ltr'><strong>littora</strong></span> <span class='ocrx_word' id='word_1_524' title='bbox 354 5656 623 5730; x_wconf 85' lang='lat' dir='ltr'><strong>injussus</strong></span> <span class='ocrx_word' id='word_1_525' title='bbox 659 5656 882 5723; x_wconf 86' lang='lat' dir='ltr'><strong>subire,</strong></span> <span class='ocrx_word' id='word_1_526' title='bbox 919 5657 1024 5712; x_wconf 88' lang='lat' dir='ltr'><strong>sed</strong></span> <span class='ocrx_word' id='word_1_527' title='bbox 1053 5656 1253 5726; x_wconf 88' lang='lat' dir='ltr'><strong>ejectis</strong></span> <span class='ocrx_word' id='word_1_528' title='bbox 1296 5654 1594 5725; x_wconf 88' lang='lat' dir='ltr'><strong>anchoris,</strong></span> <span class='ocrx_word' id='word_1_529' title='bbox 1649 5667 1798 5725; x_wconf 69' lang='lat' dir='ltr'><strong>prie-</strong></span> 
     </span>
    </p>
   </div>
   <div class='ocr_carea' id='block_1_78' title="bbox 119 5739 1803 5817">
    <p class='ocr_par' dir='ltr' id='par_1_78' title="bbox 119 5739 1803 5817">
     <span class='ocr_line' id='line_1_78' title="bbox 119 5739 1803 5817; baseline -0.004 -16"><span class='ocrx_word' id='word_1_530' title='bbox 119 5742 423 5817; x_wconf 86' lang='lat' dir='ltr'><strong>missique</strong></span> <span class='ocrx_word' id='word_1_531' title='bbox 481 5744 728 5811; x_wconf 89' lang='lat' dir='ltr'><strong>nuntiis,</strong></span> <span class='ocrx_word' id='word_1_532' title='bbox 780 5744 974 5816; x_wconf 86' lang='lat' dir='ltr'><strong>poscit</strong></span> <span class='ocrx_word' id='word_1_533' title='bbox 1030 5759 1092 5797; x_wconf 90' lang='lat' dir='ltr'><strong>se</strong></span> <span class='ocrx_word' id='word_1_534' title='bbox 1144 5748 1354 5815; x_wconf 87' lang='lat' dir='ltr'><strong>portus</strong></span> <span class='ocrx_word' id='word_1_535' title='bbox 1379 5742 1717 5799; x_wconf 86' lang='lat' dir='ltr'><strong>subintrare</strong></span> <span class='ocrx_word' id='word_1_536' title='bbox 1737 5739 1803 5794; x_wconf 89' lang='lat' dir='ltr'><strong>li-</strong></span> 
     </span>
    </p>
   </div>
   <div class='ocr_carea' id='block_1_79' title="bbox 1905 1817 3561 1892">
    <p class='ocr_par' dir='ltr' id='par_1_79' title="bbox 1905 1817 3561 1892">
     <span class='ocr_line' id='line_1_79' title="bbox 1905 1817 3561 1892; baseline 0.003 -26"><span class='ocrx_word' id='word_1_537' title='bbox 1905 1827 2142 1880; x_wconf 71' lang='lat' dir='ltr'><strong>genere,</strong></span> <span class='ocrx_word' id='word_1_538' title='bbox 2174 1821 2235 1870; x_wconf 89' lang='lat' dir='ltr'><strong>ut</strong></span> <span class='ocrx_word' id='word_1_539' title='bbox 2290 1817 2560 1871; x_wconf 89' lang='lat' dir='ltr'><strong>crederes</strong></span> <span class='ocrx_word' id='word_1_540' title='bbox 2609 1818 2822 1872; x_wconf 88' lang='lat' dir='ltr'><strong>adesse</strong></span> <span class='ocrx_word' id='word_1_541' title='bbox 2875 1818 3145 1872; x_wconf 90' lang='lat' dir='ltr'><strong>omnium</strong></span> <span class='ocrx_word' id='word_1_542' title='bbox 3199 1818 3561 1892; x_wconf 84' lang='lat' dir='ltr'><strong>pepulerum</strong></span> 
     </span>
    </p>
   </div>
   <div class='ocr_carea' id='block_1_80' title="bbox 1903 1904 3568 1980">
    <p class='ocr_par' dir='ltr' id='par_1_80' title="bbox 1903 1904 3568 1980">
     <span class='ocr_line' id='line_1_80' title="bbox 1903 1904 3568 1980; baseline 0.004 -24"><span class='ocrx_word' id='word_1_543' title='bbox 1903 1904 2168 1969; x_wconf 85' lang='lat' dir='ltr'><strong>agmina.</strong></span> <span class='ocrx_word' id='word_1_544' title='bbox 2197 1908 2415 1960; x_wconf 89' lang='lat' dir='ltr'><strong>Tantus</strong></span> <span class='ocrx_word' id='word_1_545' title='bbox 2437 1923 2680 1979; x_wconf 91' lang='lat' dir='ltr'><strong>quoque</strong></span> <span class='ocrx_word' id='word_1_546' title='bbox 2708 1907 2888 1962; x_wconf 84' lang='lat' dir='ltr'><strong>decor</strong></span> <span class='ocrx_word' id='word_1_547' title='bbox 2908 1908 3097 1962; x_wconf 90' lang='lat' dir='ltr'><strong>inerat</strong></span> <span class='ocrx_word' id='word_1_548' title='bbox 3139 1906 3469 1980; x_wconf 89' lang='lat' dir='ltr'><strong>puppibus,</strong></span> <span class='ocrx_word' id='word_1_549' title='bbox 3503 1910 3568 1962; x_wconf 92' lang='lat' dir='ltr'><strong>ut</strong></span> 
     </span>
    </p>
   </div>
   <div class='ocr_carea' id='block_1_81' title="bbox 1901 1992 3563 2064">
    <p class='ocr_par' dir='ltr' id='par_1_81' title="bbox 1901 1992 3563 2064">
     <span class='ocr_line' id='line_1_81' title="bbox 1901 1992 3563 2064; baseline 0.004 -21"><span class='ocrx_word' id='word_1_550' title='bbox 1901 1992 2259 2048; x_wconf 89' lang='lat' dir='ltr'><strong>intuentium</strong></span> <span class='ocrx_word' id='word_1_551' title='bbox 2291 1994 2580 2050; x_wconf 88' lang='lat' dir='ltr'><strong>hebetatis</strong></span> <span class='ocrx_word' id='word_1_552' title='bbox 2626 1995 2975 2061; x_wconf 90' lang='lat' dir='ltr'><strong>luminibus,</strong></span> <span class='ocrx_word' id='word_1_553' title='bbox 3020 1996 3318 2051; x_wconf 67' lang='lat' dir='ltr'><strong>ﬂammea:</strong></span> <span class='ocrx_word' id='word_1_554' title='bbox 3368 1994 3563 2064; x_wconf 90' lang='lat' dir='ltr'><strong>magis</strong></span> 
     </span>
    </p>
   </div>
   <div class='ocr_carea' id='block_1_82' title="bbox 1902 2082 3567 2156">
    <p class='ocr_par' dir='ltr' id='par_1_82' title="bbox 1902 2082 3567 2156">
     <span class='ocr_line' id='line_1_82' title="bbox 1902 2082 3567 2156; baseline 0.002 -21"><span class='ocrx_word' id='word_1_555' title='bbox 1902 2097 2084 2152; x_wconf 86' lang='lat' dir='ltr'><strong>quam</strong></span> <span class='ocrx_word' id='word_1_556' title='bbox 2120 2082 2308 2150; x_wconf 70' lang='lat' dir='ltr'><strong>ignete</strong></span> <span class='ocrx_word' id='word_1_557' title='bbox 2340 2084 2682 2140; x_wconf 88' lang='lat' dir='ltr'><strong>viderentur</strong></span> <span class='ocrx_word' id='word_1_558' title='bbox 2707 2102 2742 2140; x_wconf 90' lang='lat' dir='ltr'><strong>a</strong></span> <span class='ocrx_word' id='word_1_559' title='bbox 2794 2085 2970 2156; x_wconf 87' lang='lat' dir='ltr'><strong>longe</strong></span> <span class='ocrx_word' id='word_1_560' title='bbox 3031 2084 3476 2152; x_wconf 87' lang='lat' dir='ltr'><strong>aspicientibus.</strong></span> <span class='ocrx_word' id='word_1_561' title='bbox 3510 2083 3567 2139; x_wconf 92' lang='lat' dir='ltr'><strong>Si</strong></span> 
     </span>
    </p>
   </div>
   <div class='ocr_carea' id='block_1_83' title="bbox 1902 2167 3566 2240">
    <p class='ocr_par' dir='ltr' id='par_1_83' title="bbox 1902 2167 3566 2240">
     <span class='ocr_line' id='line_1_83' title="bbox 1902 2167 3566 2240; baseline 0.005 -20"><span class='ocrx_word' id='word_1_562' title='bbox 1902 2167 2150 2237; x_wconf 90' lang='lat' dir='ltr'><strong>quando</strong></span> <span class='ocrx_word' id='word_1_563' title='bbox 2201 2168 2358 2222; x_wconf 90' lang='lat' dir='ltr'><strong>enim</strong></span> <span class='ocrx_word' id='word_1_564' title='bbox 2394 2169 2483 2223; x_wconf 93' lang='lat' dir='ltr'><strong>sol</strong></span> <span class='ocrx_word' id='word_1_565' title='bbox 2505 2169 2616 2224; x_wconf 91' lang='lat' dir='ltr'><strong>illis</strong></span> <span class='ocrx_word' id='word_1_566' title='bbox 2645 2169 2828 2240; x_wconf 89' lang='lat' dir='ltr'><strong>jubar</strong></span> <span class='ocrx_word' id='word_1_567' title='bbox 2878 2170 3202 2225; x_wconf 87' lang='lat' dir='ltr'><strong>immiscuit</strong></span> <span class='ocrx_word' id='word_1_568' title='bbox 3231 2169 3566 2236; x_wconf 86' lang='lat' dir='ltr'><strong>radiorum,</strong></span> 
     </span>
    </p>
   </div>
   <div class='ocr_carea' id='block_1_84' title="bbox 1903 2256 3570 2329">
    <p class='ocr_par' dir='ltr' id='par_1_84' title="bbox 1903 2256 3570 2329">
     <span class='ocr_line' id='line_1_84' title="bbox 1903 2256 3570 2329; baseline 0.001 -19"><span class='ocrx_word' id='word_1_569' title='bbox 1903 2256 2041 2310; x_wconf 91' lang='lat' dir='ltr'><strong>hinc</strong></span> <span class='ocrx_word' id='word_1_570' title='bbox 2069 2257 2437 2329; x_wconf 89' lang='lat' dir='ltr'><strong>resplenduit</strong></span> <span class='ocrx_word' id='word_1_571' title='bbox 2467 2258 2661 2328; x_wconf 87' lang='lat' dir='ltr'><strong>fulgor</strong></span> <span class='ocrx_word' id='word_1_572' title='bbox 2689 2276 3020 2328; x_wconf 90' lang='lat' dir='ltr'><strong>armorum,</strong></span> <span class='ocrx_word' id='word_1_573' title='bbox 3042 2259 3198 2314; x_wconf 91' lang='lat' dir='ltr'><strong>illinc</strong></span> <span class='ocrx_word' id='word_1_574' title='bbox 3232 2275 3372 2314; x_wconf 88' lang='lat' dir='ltr'><strong>vero</strong></span> <span class='ocrx_word' id='word_1_575' title='bbox 3402 2257 3570 2312; x_wconf 89' lang='lat' dir='ltr'><strong>ﬂam-</strong></span> 
     </span>
    </p>
   </div>
   <div class='ocr_carea' id='block_1_85' title="bbox 1902 2346 3569 2420">
    <p class='ocr_par' dir='ltr' id='par_1_85' title="bbox 1902 2346 3569 2420">
     <span class='ocr_line' id='line_1_85' title="bbox 1902 2346 3569 2420; baseline 0 -19"><span class='ocrx_word' id='word_1_576' title='bbox 1902 2363 2004 2401; x_wconf 90' lang='lat' dir='ltr'><strong>ma</strong></span> <span class='ocrx_word' id='word_1_577' title='bbox 2029 2346 2496 2417; x_wconf 86' lang='lat' dir='ltr'><strong>dependentium</strong></span> <span class='ocrx_word' id='word_1_578' title='bbox 2521 2347 2891 2420; x_wconf 78' lang='lat' dir='ltr'><strong>clypeorum.</strong></span> <span class='ocrx_word' id='word_1_579' title='bbox 2934 2348 3195 2403; x_wconf 72' lang='lat' dir='ltr'><strong>Ardebat</strong></span> <span class='ocrx_word' id='word_1_580' title='bbox 3251 2363 3467 2403; x_wconf 90' lang='lat' dir='ltr'><strong>aurum</strong></span> <span class='ocrx_word' id='word_1_581' title='bbox 3507 2346 3569 2401; x_wconf 91' lang='lat' dir='ltr'><strong>in</strong></span> 
     </span>
    </p>
   </div>
   <div class='ocr_carea' id='block_1_86' title="bbox 1903 2436 3569 2510">
    <p class='ocr_par' dir='ltr' id='par_1_86' title="bbox 1903 2436 3569 2510">
     <span class='ocr_line' id='line_1_86' title="bbox 1903 2436 3569 2510; baseline 0.001 -20"><span class='ocrx_word' id='word_1_582' title='bbox 1903 2436 2148 2504; x_wconf 89' lang='lat' dir='ltr'><strong>nostris,</strong></span> <span class='ocrx_word' id='word_1_583' title='bbox 2207 2436 2471 2505; x_wconf 85' lang='lat' dir='ltr'><strong>fulgebat</strong></span> <span class='ocrx_word' id='word_1_584' title='bbox 2503 2454 2747 2510; x_wconf 92' lang='lat' dir='ltr'><strong>quoque</strong></span> <span class='ocrx_word' id='word_1_585' title='bbox 2772 2442 3087 2508; x_wconf 88' lang='lat' dir='ltr'><strong>argentum</strong></span> <span class='ocrx_word' id='word_1_586' title='bbox 3137 2438 3195 2492; x_wconf 92' lang='lat' dir='ltr'><strong>in</strong></span> <span class='ocrx_word' id='word_1_587' title='bbox 3254 2436 3433 2494; x_wconf 87' lang='lat' dir='ltr'><strong>variis</strong></span> <span class='ocrx_word' id='word_1_588' title='bbox 3463 2451 3569 2492; x_wconf 88' lang='lat' dir='ltr'><strong>na-</strong></span> 
     </span>
    </p>
   </div>
   <div class='ocr_carea' id='block_1_87' title="bbox 1905 2525 3568 2598">
    <p class='ocr_par' dir='ltr' id='par_1_87' title="bbox 1905 2525 3568 2598">
     <span class='ocr_line' id='line_1_87' title="bbox 1905 2525 3568 2598; baseline 0 -20"><span class='ocrx_word' id='word_1_589' title='bbox 1905 2525 2066 2579; x_wconf 89' lang='lat' dir='ltr'><strong>vium</strong></span> <span class='ocrx_word' id='word_1_590' title='bbox 2097 2525 2323 2593; x_wconf 86' lang='lat' dir='ltr'><strong>ﬁguris.</strong></span> <span class='ocrx_word' id='word_1_591' title='bbox 2352 2529 2572 2581; x_wconf 89' lang='lat' dir='ltr'><strong>Tantus</strong></span> <span class='ocrx_word' id='word_1_592' title='bbox 2605 2527 2900 2598; x_wconf 90' lang='lat' dir='ltr'><strong>siquidem</strong></span> <span class='ocrx_word' id='word_1_593' title='bbox 2930 2526 3133 2582; x_wconf 91' lang='lat' dir='ltr'><strong>classis</strong></span> <span class='ocrx_word' id='word_1_594' title='bbox 3165 2530 3292 2582; x_wconf 88' lang='lat' dir='ltr'><strong>erat</strong></span> <span class='ocrx_word' id='word_1_595' title='bbox 3313 2539 3568 2598; x_wconf 85' lang='lat' dir='ltr'><strong>appara-</strong></span> 
     </span>
    </p>
   </div>
   <div class='ocr_carea' id='block_1_88' title="bbox 1903 2613 3564 2689">
    <p class='ocr_par' dir='ltr' id='par_1_88' title="bbox 1903 2613 3564 2689">
     <span class='ocr_line' id='line_1_88' title="bbox 1903 2613 3564 2689; baseline -0.001 -21"><span class='ocrx_word' id='word_1_596' title='bbox 1903 2617 2022 2682; x_wconf 89' lang='lat' dir='ltr'><strong>tus,</strong></span> <span class='ocrx_word' id='word_1_597' title='bbox 2083 2618 2164 2680; x_wconf 91' lang='lat' dir='ltr'><strong>ut,</strong></span> <span class='ocrx_word' id='word_1_598' title='bbox 2196 2615 2241 2668; x_wconf 90' lang='lat' dir='ltr'><strong>si</strong></span> <span class='ocrx_word' id='word_1_599' title='bbox 2292 2631 2478 2686; x_wconf 89' lang='lat' dir='ltr'><strong>quam</strong></span> <span class='ocrx_word' id='word_1_600' title='bbox 2532 2619 2770 2684; x_wconf 81' lang='lat' dir='ltr'><strong>gentem</strong></span> <span class='ocrx_word' id='word_1_601' title='bbox 2825 2616 2954 2685; x_wconf 91' lang='lat' dir='ltr'><strong>ejus</strong></span> <span class='ocrx_word' id='word_1_602' title='bbox 2993 2613 3168 2670; x_wconf 90' lang='lat' dir='ltr'><strong>vellet</strong></span> <span class='ocrx_word' id='word_1_603' title='bbox 3215 2628 3564 2689; x_wconf 80' lang='lat' dir='ltr'><strong>expugnare</strong></span> 
     </span>
    </p>
   </div>
   <div class='ocr_carea' id='block_1_89' title="bbox 1904 2703 3565 2774">
    <p class='ocr_par' dir='ltr' id='par_1_89' title="bbox 1904 2703 3565 2774">
     <span class='ocr_line' id='line_1_89' title="bbox 1904 2703 3565 2774; baseline 0.001 -17"><span class='ocrx_word' id='word_1_604' title='bbox 1904 2703 2212 2769; x_wconf 89' lang='lat' dir='ltr'><strong>Dominus,</strong></span> <span class='ocrx_word' id='word_1_605' title='bbox 2264 2720 2449 2757; x_wconf 86' lang='lat' dir='ltr'><strong>naves</strong></span> <span class='ocrx_word' id='word_1_606' title='bbox 2511 2707 2744 2758; x_wconf 88' lang='lat' dir='ltr'><strong>tantum</strong></span> <span class='ocrx_word' id='word_1_607' title='bbox 2819 2703 3194 2758; x_wconf 88' lang='lat' dir='ltr'><strong>adversarios</strong></span> <span class='ocrx_word' id='word_1_608' title='bbox 3259 2705 3565 2774; x_wconf 75' lang='lat' dir='ltr'><strong>terrerent,</strong></span> 
     </span>
    </p>
   </div>
   <div class='ocr_carea' id='block_1_90' title="bbox 1902 2790 3564 2864">
    <p class='ocr_par' dir='ltr' id='par_1_90' title="bbox 1902 2790 3564 2864">
     <span class='ocr_line' id='line_1_90' title="bbox 1902 2790 3564 2864; baseline -0.001 -19"><span class='ocrx_word' id='word_1_609' title='bbox 1902 2792 2259 2863; x_wconf 88' lang='lat' dir='ltr'><strong>priusquam</strong></span> <span class='ocrx_word' id='word_1_610' title='bbox 2291 2809 2497 2846; x_wconf 90' lang='lat' dir='ltr'><strong>earum</strong></span> <span class='ocrx_word' id='word_1_611' title='bbox 2538 2791 2857 2847; x_wconf 90' lang='lat' dir='ltr'><strong>bellatores</strong></span> <span class='ocrx_word' id='word_1_612' title='bbox 2898 2807 3167 2864; x_wconf 90' lang='lat' dir='ltr'><strong>pugnam</strong></span> <span class='ocrx_word' id='word_1_613' title='bbox 3225 2790 3409 2847; x_wconf 90' lang='lat' dir='ltr'><strong>ullam</strong></span> <span class='ocrx_word' id='word_1_614' title='bbox 3465 2805 3564 2844; x_wconf 86' lang='lat' dir='ltr'><strong>ca—</strong></span> 
     </span>
    </p>
   </div>
   <div class='ocr_carea' id='block_1_91' title="bbox 1903 2877 3568 2954">
    <p class='ocr_par' dir='ltr' id='par_1_91' title="bbox 1903 2877 3568 2954">
     <span class='ocr_line' id='line_1_91' title="bbox 1903 2877 3568 2954; baseline -0.002 -18"><span class='ocrx_word' id='word_1_615' title='bbox 1903 2885 2228 2952; x_wconf 87' lang='lat' dir='ltr'><strong>pesserent.</strong></span> <span class='ocrx_word' id='word_1_616' title='bbox 2265 2885 2410 2936; x_wconf 82' lang='lat' dir='ltr'><strong>Nam</strong></span> <span class='ocrx_word' id='word_1_617' title='bbox 2442 2881 2578 2954; x_wconf 91' lang='lat' dir='ltr'><strong>quis</strong></span> <span class='ocrx_word' id='word_1_618' title='bbox 2611 2881 2976 2936; x_wconf 89' lang='lat' dir='ltr'><strong>contrarium</strong></span> <span class='ocrx_word' id='word_1_619' title='bbox 3016 2881 3216 2936; x_wconf 87' lang='lat' dir='ltr'><strong>leones</strong></span> <span class='ocrx_word' id='word_1_620' title='bbox 3269 2879 3400 2940; x_wconf 84' lang='lat' dir='ltr'><strong>auri</strong></span> <span class='ocrx_word' id='word_1_621' title='bbox 3456 2877 3568 2933; x_wconf 87' lang='lat' dir='ltr'><strong>ful-</strong></span> 
     </span>
    </p>
   </div>
   <div class='ocr_carea' id='block_1_92' title="bbox 1906 2969 3570 3042">
    <p class='ocr_par' dir='ltr' id='par_1_92' title="bbox 1906 2969 3570 3042">
     <span class='ocr_line' id='line_1_92' title="bbox 1906 2969 3570 3042; baseline -0.002 -16"><span class='ocrx_word' id='word_1_622' title='bbox 1906 2986 2044 3039; x_wconf 83' lang='lat' dir='ltr'><strong>gore</strong></span> <span class='ocrx_word' id='word_1_623' title='bbox 2072 2971 2380 3036; x_wconf 84' lang='lat' dir='ltr'><strong>terribiles,</strong></span> <span class='ocrx_word' id='word_1_624' title='bbox 2403 2972 2538 3042; x_wconf 91' lang='lat' dir='ltr'><strong>quis</strong></span> <span class='ocrx_word' id='word_1_625' title='bbox 2579 2970 2915 3026; x_wconf 87' lang='lat' dir='ltr'><strong>metallinos</strong></span> <span class='ocrx_word' id='word_1_626' title='bbox 2955 2969 3309 3041; x_wconf 82' lang='lat' dir='ltr'><strong>[metallicos</strong></span> <span class='ocrx_word' id='word_1_627' title='bbox 3339 2969 3409 3040; x_wconf 87' lang='lat'><strong>?]</strong></span> <span class='ocrx_word' id='word_1_628' title='bbox 3463 2969 3570 3023; x_wconf 83' lang='lat' dir='ltr'><strong>ho-</strong></span> 
     </span>
    </p>
   </div>
   <div class='ocr_carea' id='block_1_93' title="bbox 1905 3057 3569 3131">
    <p class='ocr_par' dir='ltr' id='par_1_93' title="bbox 1905 3057 3569 3131">
     <span class='ocr_line' id='line_1_93' title="bbox 1905 3057 3569 3131; baseline -0.001 -17"><span class='ocrx_word' id='word_1_629' title='bbox 1905 3060 2096 3114; x_wconf 90' lang='lat' dir='ltr'><strong>mines</strong></span> <span class='ocrx_word' id='word_1_630' title='bbox 2121 3077 2302 3116; x_wconf 88' lang='lat' dir='ltr'><strong>aureo</strong></span> <span class='ocrx_word' id='word_1_631' title='bbox 2335 3061 2523 3116; x_wconf 90' lang='lat' dir='ltr'><strong>fronte</strong></span> <span class='ocrx_word' id='word_1_632' title='bbox 2555 3060 2839 3126; x_wconf 90' lang='lat' dir='ltr'><strong>minaces,</strong></span> <span class='ocrx_word' id='word_1_633' title='bbox 2869 3059 3000 3131; x_wconf 89' lang='lat' dir='ltr'><strong>quis</strong></span> <span class='ocrx_word' id='word_1_634' title='bbox 3023 3059 3317 3114; x_wconf 87' lang='lat' dir='ltr'><strong>dracones</strong></span> <span class='ocrx_word' id='word_1_635' title='bbox 3346 3057 3569 3130; x_wconf 83' lang='lat' dir='ltr'><strong>obryzo</strong></span> 
     </span>
    </p>
   </div>
   <div class='ocr_carea' id='block_1_94' title="bbox 1907 3148 3570 3223">
    <p class='ocr_par' dir='ltr' id='par_1_94' title="bbox 1907 3148 3570 3223">
     <span class='ocr_line' id='line_1_94' title="bbox 1907 3148 3570 3223; baseline -0.001 -19"><span class='ocrx_word' id='word_1_636' title='bbox 1907 3151 2206 3216; x_wconf 87' lang='lat' dir='ltr'><strong>ardentes,</strong></span> <span class='ocrx_word' id='word_1_637' title='bbox 2237 3151 2370 3223; x_wconf 90' lang='lat' dir='ltr'><strong>quis</strong></span> <span class='ocrx_word' id='word_1_638' title='bbox 2394 3155 2594 3206; x_wconf 88' lang='lat' dir='ltr'><strong>tauros</strong></span> <span class='ocrx_word' id='word_1_639' title='bbox 2647 3149 3020 3204; x_wconf 90' lang='lat' dir='ltr'><strong>radiantibus</strong></span> <span class='ocrx_word' id='word_1_640' title='bbox 3080 3165 3228 3204; x_wconf 90' lang='lat' dir='ltr'><strong>auro</strong></span> <span class='ocrx_word' id='word_1_641' title='bbox 3286 3148 3570 3204; x_wconf 90' lang='lat' dir='ltr'><strong>cornibus</strong></span> 
     </span>
    </p>
   </div>
   <div class='ocr_carea' id='block_1_95' title="bbox 1906 3237 3571 3314">
    <p class='ocr_par' dir='ltr' id='par_1_95' title="bbox 1906 3237 3571 3314">
     <span class='ocr_line' id='line_1_95' title="bbox 1906 3237 3571 3314; baseline 0 -20"><span class='ocrx_word' id='word_1_642' title='bbox 1906 3256 2116 3296; x_wconf 86' lang='lat' dir='ltr'><strong>necem</strong></span> <span class='ocrx_word' id='word_1_643' title='bbox 2149 3241 2508 3296; x_wconf 88' lang='lat' dir='ltr'><strong>intentantes</strong></span> <span class='ocrx_word' id='word_1_644' title='bbox 2539 3241 2599 3295; x_wconf 93' lang='lat' dir='ltr'><strong>in</strong></span> <span class='ocrx_word' id='word_1_645' title='bbox 2624 3239 2934 3314; x_wconf 88' lang='lat' dir='ltr'><strong>puppibus</strong></span> <span class='ocrx_word' id='word_1_646' title='bbox 2974 3241 3282 3312; x_wconf 88' lang='lat' dir='ltr'><strong>aspiceret,</strong></span> <span class='ocrx_word' id='word_1_647' title='bbox 3308 3245 3364 3292; x_wconf 89' lang='lat' dir='ltr'><strong>et</strong></span> <span class='ocrx_word' id='word_1_648' title='bbox 3405 3237 3571 3294; x_wconf 92' lang='lat' dir='ltr'><strong>nullo</strong></span> 
     </span>
    </p>
   </div>
   <div class='ocr_carea' id='block_1_96' title="bbox 1906 3327 3568 3402">
    <p class='ocr_par' dir='ltr' id='par_1_96' title="bbox 1906 3327 3568 3402">
     <span class='ocr_line' id='line_1_96' title="bbox 1906 3327 3568 3402; baseline -0.001 -18"><span class='ocrx_word' id='word_1_649' title='bbox 1906 3335 2070 3384; x_wconf 91' lang='lat' dir='ltr'><strong>metu</strong></span> <span class='ocrx_word' id='word_1_650' title='bbox 2099 3346 2302 3400; x_wconf 89' lang='lat' dir='ltr'><strong>regem</strong></span> <span class='ocrx_word' id='word_1_651' title='bbox 2329 3334 2507 3384; x_wconf 62' lang='lat' dir='ltr'><strong>tantae</strong></span> <span class='ocrx_word' id='word_1_652' title='bbox 2557 3329 2743 3402; x_wconf 64' lang='lat' dir='ltr'><strong>copiae</strong></span> <span class='ocrx_word' id='word_1_653' title='bbox 2802 3327 3205 3382; x_wconf 85' lang='lat' dir='ltr'><strong>formidaret?</strong></span> <span class='ocrx_word' id='word_1_654' title='bbox 3259 3329 3568 3396; x_wconf 72' lang='lat' dir='ltr'><strong>Praeterea,</strong></span> 
     </span>
    </p>
   </div>
   <div class='ocr_carea' id='block_1_97' title="bbox 1905 3415 3570 3489">
    <p class='ocr_par' dir='ltr' id='par_1_97' title="bbox 1905 3415 3570 3489">
     <span class='ocr_line' id='line_1_97' title="bbox 1905 3415 3570 3489; baseline -0.002 -17"><span class='ocrx_word' id='word_1_655' title='bbox 1905 3418 1965 3473; x_wconf 93' lang='lat' dir='ltr'><strong>in</strong></span> <span class='ocrx_word' id='word_1_656' title='bbox 1993 3424 2158 3474; x_wconf 91' lang='lat' dir='ltr'><strong>tanta</strong></span> <span class='ocrx_word' id='word_1_657' title='bbox 2188 3417 2563 3489; x_wconf 86' lang='lat' dir='ltr'><strong>expeditione</strong></span> <span class='ocrx_word' id='word_1_658' title='bbox 2618 3416 2820 3471; x_wconf 91' lang='lat' dir='ltr'><strong>nullus</strong></span> <span class='ocrx_word' id='word_1_659' title='bbox 2874 3415 3286 3470; x_wconf 89' lang='lat' dir='ltr'><strong>inveniebatur</strong></span> <span class='ocrx_word' id='word_1_660' title='bbox 3339 3430 3570 3481; x_wconf 79' lang='lat' dir='ltr'><strong>servus,</strong></span> 
     </span>
    </p>
   </div>
   <div class='ocr_carea' id='block_1_98' title="bbox 1908 3501 3572 3578">
    <p class='ocr_par' dir='ltr' id='par_1_98' title="bbox 1908 3501 3572 3578">
     <span class='ocr_line' id='line_1_98' title="bbox 1908 3501 3572 3578; baseline -0.003 -18"><span class='ocrx_word' id='word_1_661' title='bbox 1908 3506 2108 3560; x_wconf 91' lang='lat' dir='ltr'><strong>nullus</strong></span> <span class='ocrx_word' id='word_1_662' title='bbox 2142 3522 2211 3560; x_wconf 87' lang='lat' dir='ltr'><strong>ex</strong></span> <span class='ocrx_word' id='word_1_663' title='bbox 2241 3521 2408 3561; x_wconf 91' lang='lat' dir='ltr'><strong>servo</strong></span> <span class='ocrx_word' id='word_1_664' title='bbox 2439 3505 2707 3569; x_wconf 88' lang='lat' dir='ltr'><strong>libertus,</strong></span> <span class='ocrx_word' id='word_1_665' title='bbox 2764 3503 2965 3557; x_wconf 91' lang='lat' dir='ltr'><strong>nullus</strong></span> <span class='ocrx_word' id='word_1_666' title='bbox 3012 3501 3332 3578; x_wconf 74' lang='lat' dir='ltr'><strong>ignobilis,</strong></span> <span class='ocrx_word' id='word_1_667' title='bbox 3371 3501 3572 3556; x_wconf 85' lang='lat' dir='ltr'><strong>nullus</strong></span> 
     </span>
    </p>
   </div>
   <div class='ocr_carea' id='block_1_99' title="bbox 1910 3588 3568 3656">
    <p class='ocr_par' dir='ltr' id='par_1_99' title="bbox 1910 3588 3568 3656">
     <span class='ocr_line' id='line_1_99' title="bbox 1910 3588 3568 3656; baseline -0.002 -9"><span class='ocrx_word' id='word_1_668' title='bbox 1910 3594 2080 3650; x_wconf 89' lang='lat' dir='ltr'><strong>senili</strong></span> <span class='ocrx_word' id='word_1_669' title='bbox 2111 3597 2341 3648; x_wconf 86' lang='lat' dir='ltr'><strong>aetatate</strong></span> <span class='ocrx_word' id='word_1_670' title='bbox 2363 3591 2594 3647; x_wconf 89' lang='lat' dir='ltr'><strong>debilis.</strong></span> <span class='ocrx_word' id='word_1_671' title='bbox 2639 3593 2858 3646; x_wconf 89' lang='lat' dir='ltr'><strong>Omnes</strong></span> <span class='ocrx_word' id='word_1_672' title='bbox 2880 3589 3040 3645; x_wconf 89' lang='lat' dir='ltr'><strong>enim</strong></span> <span class='ocrx_word' id='word_1_673' title='bbox 3099 3593 3267 3643; x_wconf 88' lang='lat' dir='ltr'><strong>erant</strong></span> <span class='ocrx_word' id='word_1_674' title='bbox 3313 3588 3568 3656; x_wconf 90' lang='lat' dir='ltr'><strong>nobiles,</strong></span> 
     </span>
    </p>
   </div>
   <div class='ocr_carea' id='block_1_100' title="bbox 1909 3677 3570 3756">
    <p class='ocr_par' dir='ltr' id='par_1_100' title="bbox 1909 3677 3570 3756">
     <span class='ocr_line' id='line_1_100' title="bbox 1909 3677 3570 3756; baseline -0.005 -15"><span class='ocrx_word' id='word_1_675' title='bbox 1909 3700 2118 3741; x_wconf 90' lang='lat' dir='ltr'><strong>omnes</strong></span> <span class='ocrx_word' id='word_1_676' title='bbox 2148 3682 2336 3756; x_wconf 78' lang='lat' dir='ltr'><strong>plenae</strong></span> <span class='ocrx_word' id='word_1_677' title='bbox 2363 3680 2547 3737; x_wconf 83' lang='lat' dir='ltr'><strong>aetatis</strong></span> <span class='ocrx_word' id='word_1_678' title='bbox 2572 3678 2787 3734; x_wconf 90' lang='lat' dir='ltr'><strong>robore</strong></span> <span class='ocrx_word' id='word_1_679' title='bbox 2827 3678 3115 3742; x_wconf 82' lang='lat' dir='ltr'><strong>valentes,</strong></span> <span class='ocrx_word' id='word_1_680' title='bbox 3144 3693 3355 3732; x_wconf 90' lang='lat' dir='ltr'><strong>omnes</strong></span> <span class='ocrx_word' id='word_1_681' title='bbox 3386 3677 3570 3732; x_wconf 87' lang='lat' dir='ltr'><strong>cuivis</strong></span> 
     </span>
    </p>
   </div>
   <div class='ocr_carea' id='block_1_101' title="bbox 1906 3765 3574 3842">
    <p class='ocr_par' dir='ltr' id='par_1_101' title="bbox 1906 3765 3574 3842">
     <span class='ocr_line' id='line_1_101' title="bbox 1906 3765 3574 3842; baseline -0.002 -18"><span class='ocrx_word' id='word_1_682' title='bbox 1906 3785 2124 3842; x_wconf 79' lang='lat' dir='ltr'><strong>pugnae</strong></span> <span class='ocrx_word' id='word_1_683' title='bbox 2155 3769 2296 3824; x_wconf 89' lang='lat' dir='ltr'><strong>satis</strong></span> <span class='ocrx_word' id='word_1_684' title='bbox 2330 3767 2582 3838; x_wconf 87' lang='lat' dir='ltr'><strong>habiles,</strong></span> <span class='ocrx_word' id='word_1_685' title='bbox 2616 3782 2829 3822; x_wconf 92' lang='lat' dir='ltr'><strong>omnes</strong></span> <span class='ocrx_word' id='word_1_686' title='bbox 2886 3770 3062 3820; x_wconf 68' lang='lat' dir='ltr'><strong>tantae</strong></span> <span class='ocrx_word' id='word_1_687' title='bbox 3115 3765 3454 3831; x_wconf 87' lang='lat' dir='ltr'><strong>velocitatis,</strong></span> <span class='ocrx_word' id='word_1_688' title='bbox 3507 3769 3574 3820; x_wconf 90' lang='lat' dir='ltr'><strong>ut</strong></span> 
     </span>
    </p>
   </div>
   <div class='ocr_carea' id='block_1_102' title="bbox 1908 3854 3408 3932">
    <p class='ocr_par' dir='ltr' id='par_1_102' title="bbox 1908 3854 3408 3932">
     <span class='ocr_line' id='line_1_102' title="bbox 1908 3854 3408 3932; baseline -0.005 -17"><span class='ocrx_word' id='word_1_689' title='bbox 1908 3859 2215 3932; x_wconf 85' lang='lat' dir='ltr'><strong>despectui</strong></span> <span class='ocrx_word' id='word_1_690' title='bbox 2244 3859 2326 3913; x_wconf 90' lang='lat' dir='ltr'><strong>eis</strong></span> <span class='ocrx_word' id='word_1_691' title='bbox 2360 3862 2555 3913; x_wconf 89' lang='lat' dir='ltr'><strong>essent</strong></span> <span class='ocrx_word' id='word_1_692' title='bbox 2586 3856 2982 3929; x_wconf 91' lang='lat' dir='ltr'><strong>equitantium</strong></span> <span class='ocrx_word' id='word_1_693' title='bbox 3010 3854 3408 3928; x_wconf 89' lang='lat' dir='ltr'><strong>pernicitates.</strong></span> 
     </span>
    </p>
   </div>
   <div class='ocr_carea' id='block_1_103' title="bbox 1979 3943 3572 4022">
    <p class='ocr_par' dir='ltr' id='par_1_103' title="bbox 1979 3943 3572 4022">
     <span class='ocr_line' id='line_1_103' title="bbox 1979 3943 3572 4022; baseline -0.003 -18"><span class='ocrx_word' id='word_1_694' title='bbox 1979 3949 2129 4004; x_wconf 88' lang='lat' dir='ltr'><strong>Talis</strong></span> <span class='ocrx_word' id='word_1_695' title='bbox 2159 3948 2358 4022; x_wconf 90' lang='lat' dir='ltr'><strong>itaque</strong></span> <span class='ocrx_word' id='word_1_696' title='bbox 2388 3946 2622 4003; x_wconf 88' lang='lat' dir='ltr'><strong>milities</strong></span> <span class='ocrx_word' id='word_1_697' title='bbox 2646 3944 2932 4000; x_wconf 89' lang='lat' dir='ltr'><strong>fastuosis</strong></span> <span class='ocrx_word' id='word_1_698' title='bbox 2959 3945 3186 4000; x_wconf 89' lang='lat' dir='ltr'><strong>scansis</strong></span> <span class='ocrx_word' id='word_1_699' title='bbox 3217 3943 3445 3999; x_wconf 89' lang='lat' dir='ltr'><strong>ratibus</strong></span> <span class='ocrx_word' id='word_1_700' title='bbox 3483 3943 3572 3999; x_wconf 90' lang='lat' dir='ltr'><strong>in-</strong></span> 
     </span>
    </p>
   </div>
   <div class='ocr_carea' id='block_1_104' title="bbox 1909 4034 3573 4111">
    <p class='ocr_par' dir='ltr' id='par_1_104' title="bbox 1909 4034 3573 4111">
     <span class='ocr_line' id='line_1_104' title="bbox 1909 4034 3573 4111; baseline -0.003 -18"><span class='ocrx_word' id='word_1_701' title='bbox 1909 4043 2022 4093; x_wconf 89' lang='lat' dir='ltr'><strong>trat</strong></span> <span class='ocrx_word' id='word_1_702' title='bbox 2044 4039 2319 4111; x_wconf 87' lang='lat' dir='ltr'><strong>pelagus,</strong></span> <span class='ocrx_word' id='word_1_703' title='bbox 2351 4037 2557 4092; x_wconf 76' lang='lat' dir='ltr'><strong>solutis</strong></span> <span class='ocrx_word' id='word_1_704' title='bbox 2585 4053 2619 4092; x_wconf 91' lang='lat' dir='ltr'><strong>a</strong></span> <span class='ocrx_word' id='word_1_705' title='bbox 2649 4036 2843 4091; x_wconf 89' lang='lat' dir='ltr'><strong>littore</strong></span> <span class='ocrx_word' id='word_1_706' title='bbox 2875 4034 3153 4094; x_wconf 88' lang='lat' dir='ltr'><strong>anchoris</strong></span> <span class='ocrx_word' id='word_1_707' title='bbox 3206 4039 3260 4090; x_wconf 90' lang='lat' dir='ltr'><strong>et</strong></span> <span class='ocrx_word' id='word_1_708' title='bbox 3309 4034 3573 4101; x_wconf 89' lang='lat' dir='ltr'><strong>funibus,</strong></span> 
     </span>
    </p>
   </div>
   <div class='ocr_carea' id='block_1_105' title="bbox 1913 4124 3578 4202">
    <p class='ocr_par' dir='ltr' id='par_1_105' title="bbox 1913 4124 3578 4202">
     <span class='ocr_line' id='line_1_105' title="bbox 1913 4124 3578 4202; baseline -0.003 -18"><span class='ocrx_word' id='word_1_709' title='bbox 1913 4129 2130 4202; x_wconf 90' lang='lat' dir='ltr'><strong>talique</strong></span> <span class='ocrx_word' id='word_1_710' title='bbox 2160 4128 2587 4200; x_wconf 86' lang='lat' dir='ltr'><strong>verritimpetu</strong></span> <span class='ocrx_word' id='word_1_711' title='bbox 2633 4127 2866 4191; x_wconf 84' lang='lat' dir='ltr'><strong>fluctus,</strong></span> <span class='ocrx_word' id='word_1_712' title='bbox 2928 4130 2992 4182; x_wconf 90' lang='lat' dir='ltr'><strong>ut</strong></span> <span class='ocrx_word' id='word_1_713' title='bbox 3047 4124 3216 4180; x_wconf 88' lang='lat' dir='ltr'><strong>alatis</strong></span> <span class='ocrx_word' id='word_1_714' title='bbox 3268 4124 3578 4199; x_wconf 86' lang='lat' dir='ltr'><strong>puppibus</strong></span> 
     </span>
    </p>
   </div>
   <div class='ocr_carea' id='block_1_106' title="bbox 1908 4212 3578 4290">
    <p class='ocr_par' dir='ltr' id='par_1_106' title="bbox 1908 4212 3578 4290">
     <span class='ocr_line' id='line_1_106' title="bbox 1908 4212 3578 4290; baseline -0.003 -18"><span class='ocrx_word' id='word_1_715' title='bbox 1908 4218 2066 4273; x_wconf 89' lang='lat' dir='ltr'><strong>hanc</strong></span> <span class='ocrx_word' id='word_1_716' title='bbox 2095 4217 2479 4290; x_wconf 84' lang='lat' dir='ltr'><strong>supervolare</strong></span> <span class='ocrx_word' id='word_1_717' title='bbox 2515 4215 2708 4268; x_wconf 90' lang='lat' dir='ltr'><strong>undas</strong></span> <span class='ocrx_word' id='word_1_718' title='bbox 2731 4219 2997 4286; x_wconf 83' lang='lat' dir='ltr'><strong>putares,</strong></span> <span class='ocrx_word' id='word_1_719' title='bbox 3050 4212 3142 4266; x_wconf 86' lang='lat' dir='ltr'><strong>vix</strong></span> <span class='ocrx_word' id='word_1_720' title='bbox 3206 4215 3373 4266; x_wconf 89' lang='lat' dir='ltr'><strong>tanto</strong></span> <span class='ocrx_word' id='word_1_721' title='bbox 3423 4213 3578 4267; x_wconf 90' lang='lat' dir='ltr'><strong>mari</strong></span> 
     </span>
    </p>
   </div>
   <div class='ocr_carea' id='block_1_107' title="bbox 1910 4299 3577 4374">
    <p class='ocr_par' dir='ltr' id='par_1_107' title="bbox 1910 4299 3577 4374">
     <span class='ocr_line' id='line_1_107' title="bbox 1910 4299 3577 4374; baseline -0.003 -14"><span class='ocrx_word' id='word_1_722' title='bbox 1910 4305 2282 4360; x_wconf 88' lang='lat' dir='ltr'><strong>rudentibus.</strong></span> <span class='ocrx_word' id='word_1_723' title='bbox 2317 4302 2550 4374; x_wconf 80' lang='lat' dir='ltr'><strong>Regalis</strong></span> <span class='ocrx_word' id='word_1_724' title='bbox 2574 4306 2776 4358; x_wconf 86' lang='lat' dir='ltr'><strong>autem</strong></span> <span class='ocrx_word' id='word_1_725' title='bbox 2803 4300 2974 4356; x_wconf 90' lang='lat' dir='ltr'><strong>navis</strong></span> <span class='ocrx_word' id='word_1_726' title='bbox 3005 4299 3250 4371; x_wconf 89' lang='lat' dir='ltr'><strong>reliquis</strong></span> <span class='ocrx_word' id='word_1_727' title='bbox 3298 4303 3426 4354; x_wconf 90' lang='lat' dir='ltr'><strong>erat</strong></span> <span class='ocrx_word' id='word_1_728' title='bbox 3468 4299 3577 4355; x_wconf 91' lang='lat' dir='ltr'><strong>ho-</strong></span> 
     </span>
    </p>
   </div>
   <div class='ocr_carea' id='block_1_108' title="bbox 1911 4387 3574 4464">
    <p class='ocr_par' dir='ltr' id='par_1_108' title="bbox 1911 4387 3574 4464">
     <span class='ocr_line' id='line_1_108' title="bbox 1911 4387 3574 4464; baseline -0.005 -13"><span class='ocrx_word' id='word_1_729' title='bbox 1911 4412 2023 4451; x_wconf 91' lang='lat' dir='ltr'><strong>nor</strong></span> <span class='ocrx_word' id='word_1_730' title='bbox 2051 4401 2104 4450; x_wconf 91' lang='lat' dir='ltr'><strong>et</strong></span> <span class='ocrx_word' id='word_1_731' title='bbox 2133 4393 2398 4458; x_wconf 91' lang='lat' dir='ltr'><strong>intentio,</strong></span> <span class='ocrx_word' id='word_1_732' title='bbox 2433 4391 2576 4464; x_wconf 90' lang='lat' dir='ltr'><strong>quia</strong></span> <span class='ocrx_word' id='word_1_733' title='bbox 2606 4390 2773 4446; x_wconf 89' lang='lat' dir='ltr'><strong>nulla</strong></span> <span class='ocrx_word' id='word_1_734' title='bbox 2803 4389 2931 4444; x_wconf 90' lang='lat' dir='ltr'><strong>aliis</strong></span> <span class='ocrx_word' id='word_1_735' title='bbox 2970 4389 3161 4444; x_wconf 91' lang='lat' dir='ltr'><strong>inerat</strong></span> <span class='ocrx_word' id='word_1_736' title='bbox 3215 4387 3400 4462; x_wconf 91' lang='lat' dir='ltr'><strong>optio,</strong></span> <span class='ocrx_word' id='word_1_737' title='bbox 3458 4387 3574 4442; x_wconf 87' lang='lat' dir='ltr'><strong>nisi</strong></span> 
     </span>
    </p>
   </div>
   <div class='ocr_carea' id='block_1_109' title="bbox 1911 4475 3570 4552">
    <p class='ocr_par' dir='ltr' id='par_1_109' title="bbox 1911 4475 3570 4552">
     <span class='ocr_line' id='line_1_109' title="bbox 1911 4475 3570 4552; baseline -0.006 -12"><span class='ocrx_word' id='word_1_738' title='bbox 1911 4489 2143 4540; x_wconf 88' lang='lat' dir='ltr'><strong>tantum</strong></span> <span class='ocrx_word' id='word_1_739' title='bbox 2164 4487 2231 4537; x_wconf 91' lang='lat' dir='ltr'><strong>ut</strong></span> <span class='ocrx_word' id='word_1_740' title='bbox 2255 4481 2410 4552; x_wconf 90' lang='lat' dir='ltr'><strong>regis</strong></span> <span class='ocrx_word' id='word_1_741' title='bbox 2439 4479 2528 4534; x_wconf 88' lang='lat' dir='ltr'><strong>sui</strong></span> <span class='ocrx_word' id='word_1_742' title='bbox 2553 4479 2712 4535; x_wconf 88' lang='lat' dir='ltr'><strong>faces</strong></span> <span class='ocrx_word' id='word_1_743' title='bbox 2761 4477 3118 4549; x_wconf 89' lang='lat' dir='ltr'><strong>ampliarent</strong></span> <span class='ocrx_word' id='word_1_744' title='bbox 3167 4480 3291 4531; x_wconf 91' lang='lat' dir='ltr'><strong>toto</strong></span> <span class='ocrx_word' id='word_1_745' title='bbox 3352 4475 3570 4536; x_wconf 71' lang='lat' dir='ltr'><strong>studio,</strong></span> 
     </span>
    </p>
   </div>
   <div class='ocr_carea' id='block_1_110' title="bbox 1912 4564 3573 4645">
    <p class='ocr_par' dir='ltr' id='par_1_110' title="bbox 1912 4564 3573 4645">
     <span class='ocr_line' id='line_1_110' title="bbox 1912 4564 3573 4645; baseline -0.007 -17"><span class='ocrx_word' id='word_1_746' title='bbox 1912 4570 2307 4645; x_wconf 83' lang='lat' dir='ltr'><strong>Exspcctabili</strong></span> <span class='ocrx_word' id='word_1_747' title='bbox 2337 4569 2537 4640; x_wconf 90' lang='lat' dir='ltr'><strong>itaque</strong></span> <span class='ocrx_word' id='word_1_748' title='bbox 2576 4567 2806 4636; x_wconf 89' lang='lat' dir='ltr'><strong>ordine,</strong></span> <span class='ocrx_word' id='word_1_749' title='bbox 2857 4565 3005 4620; x_wconf 88' lang='lat' dir='ltr'><strong>ﬂatu</strong></span> <span class='ocrx_word' id='word_1_750' title='bbox 3052 4565 3337 4631; x_wconf 91' lang='lat' dir='ltr'><strong>secundo,</strong></span> <span class='ocrx_word' id='word_1_751' title='bbox 3389 4564 3573 4621; x_wconf 87' lang='lat' dir='ltr'><strong>Sand-</strong></span> 
     </span>
    </p>
   </div>
   <div class='ocr_carea' id='block_1_111' title="bbox 1909 4653 3576 4733">
    <p class='ocr_par' dir='ltr' id='par_1_111' title="bbox 1909 4653 3576 4733">
     <span class='ocr_line' id='line_1_111' title="bbox 1909 4653 3576 4733; baseline -0.005 -17"><span class='ocrx_word' id='word_1_752' title='bbox 1909 4662 2112 4729; x_wconf 91' lang='lat' dir='ltr'><strong>huich,</strong></span> <span class='ocrx_word' id='word_1_753' title='bbox 2142 4660 2247 4733; x_wconf 91' lang='lat' dir='ltr'><strong>qui</strong></span> <span class='ocrx_word' id='word_1_754' title='bbox 2277 4663 2365 4714; x_wconf 91' lang='lat' dir='ltr'><strong>est</strong></span> <span class='ocrx_word' id='word_1_755' title='bbox 2386 4656 2660 4713; x_wconf 91' lang='lat' dir='ltr'><strong>omnium</strong></span> <span class='ocrx_word' id='word_1_756' title='bbox 2691 4655 3022 4729; x_wconf 82' lang='lat' dir='ltr'><strong>Anglorum</strong></span> <span class='ocrx_word' id='word_1_757' title='bbox 3069 4659 3354 4726; x_wconf 90' lang='lat' dir='ltr'><strong>portuum</strong></span> <span class='ocrx_word' id='word_1_758' title='bbox 3388 4653 3576 4708; x_wconf 84' lang='lat' dir='ltr'><strong>famo-</strong></span> 
     </span>
    </p>
   </div>
   <div class='ocr_carea' id='block_1_112' title="bbox 1914 4741 3571 4820">
    <p class='ocr_par' dir='ltr' id='par_1_112' title="bbox 1914 4741 3571 4820">
     <span class='ocr_line' id='line_1_112' title="bbox 1914 4741 3571 4820; baseline -0.005 -15"><span class='ocrx_word' id='word_1_759' title='bbox 1914 4751 2204 4817; x_wconf 84' lang='lat' dir='ltr'><strong>sissimus,</strong></span> <span class='ocrx_word' id='word_1_760' title='bbox 2240 4753 2377 4803; x_wconf 90' lang='lat' dir='ltr'><strong>sunt</strong></span> <span class='ocrx_word' id='word_1_761' title='bbox 2403 4745 2661 4820; x_wconf 90' lang='lat' dir='ltr'><strong>appulsi,</strong></span> <span class='ocrx_word' id='word_1_762' title='bbox 2709 4742 3358 4817; x_wconf 84' lang='lat' dir='ltr'><strong>ejectisque&#39;anchoris,</strong></span> <span class='ocrx_word' id='word_1_763' title='bbox 3389 4741 3571 4798; x_wconf 88' lang='lat' dir='ltr'><strong>bacu-</strong></span> 
     </span>
    </p>
   </div>
   <div class='ocr_carea' id='block_1_113' title="bbox 1911 4831 3572 4912">
    <p class='ocr_par' dir='ltr' id='par_1_113' title="bbox 1911 4831 3572 4912">
     <span class='ocr_line' id='line_1_113' title="bbox 1911 4831 3572 4912; baseline -0.006 -17"><span class='ocrx_word' id='word_1_764' title='bbox 1911 4840 1981 4895; x_wconf 91' lang='lat' dir='ltr'><strong>lis</strong></span> <span class='ocrx_word' id='word_1_765' title='bbox 2014 4839 2418 4912; x_wconf 83' lang='lat' dir='ltr'><strong>exploratores</strong></span> <span class='ocrx_word' id='word_1_766' title='bbox 2445 4852 2505 4891; x_wconf 91' lang='lat' dir='ltr'><strong>se</strong></span> <span class='ocrx_word' id='word_1_767' title='bbox 2535 4835 2763 4893; x_wconf 89' lang='lat' dir='ltr'><strong>dedunt</strong></span> <span class='ocrx_word' id='word_1_768' title='bbox 2789 4833 2985 4897; x_wconf 87' lang='lat' dir='ltr'><strong>littori,</strong></span> <span class='ocrx_word' id='word_1_769' title='bbox 3018 4837 3072 4888; x_wconf 90' lang='lat' dir='ltr'><strong>et</strong></span> <span class='ocrx_word' id='word_1_770' title='bbox 3131 4831 3408 4887; x_wconf 90' lang='lat' dir='ltr'><strong>citissime</strong></span> <span class='ocrx_word' id='word_1_771' title='bbox 3438 4831 3572 4885; x_wconf 87' lang='lat' dir='ltr'><strong>ﬁni-</strong></span> 
     </span>
    </p>
   </div>
   <div class='ocr_carea' id='block_1_114' title="bbox 1912 4918 3570 4998">
    <p class='ocr_par' dir='ltr' id='par_1_114' title="bbox 1912 4918 3570 4998">
     <span class='ocr_line' id='line_1_114' title="bbox 1912 4918 3570 4998; baseline -0.005 -14"><span class='ocrx_word' id='word_1_772' title='bbox 1912 4931 2057 4988; x_wconf 89' lang='lat' dir='ltr'><strong>tima</strong></span> <span class='ocrx_word' id='word_1_773' title='bbox 2099 4928 2302 4983; x_wconf 89' lang='lat' dir='ltr'><strong>tellure</strong></span> <span class='ocrx_word' id='word_1_774' title='bbox 2325 4925 2654 4998; x_wconf 86' lang='lat' dir='ltr'><strong>explorata,</strong></span> <span class='ocrx_word' id='word_1_775' title='bbox 2690 4923 2768 4978; x_wconf 93' lang='lat' dir='ltr'><strong>ad</strong></span> <span class='ocrx_word' id='word_1_776' title='bbox 2799 4926 2940 4978; x_wconf 90' lang='lat' dir='ltr'><strong>nota</strong></span> <span class='ocrx_word' id='word_1_777' title='bbox 2969 4925 3283 4977; x_wconf 88' lang='lat' dir='ltr'><strong>recurrunt</strong></span> <span class='ocrx_word' id='word_1_778' title='bbox 3311 4918 3570 4990; x_wconf 90' lang='lat' dir='ltr'><strong>navigia,</strong></span> 
     </span>
    </p>
   </div>
   <div class='ocr_carea' id='block_1_115' title="bbox 1910 5009 3572 5091">
    <p class='ocr_par' dir='ltr' id='par_1_115' title="bbox 1910 5009 3572 5091">
     <span class='ocr_line' id='line_1_115' title="bbox 1910 5009 3572 5091; baseline -0.007 -16"><span class='ocrx_word' id='word_1_779' title='bbox 1910 5020 2156 5091; x_wconf 88' lang='lat' dir='ltr'><strong>regique</strong></span> <span class='ocrx_word' id='word_1_780' title='bbox 2188 5017 2430 5072; x_wconf 89' lang='lat' dir='ltr'><strong>edicunt</strong></span> <span class='ocrx_word' id='word_1_781' title='bbox 2459 5015 2668 5070; x_wconf 90' lang='lat' dir='ltr'><strong>adesse</strong></span> <span class='ocrx_word' id='word_1_782' title='bbox 2721 5011 3122 5068; x_wconf 87' lang='lat' dir='ltr'><strong>resistentium</strong></span> <span class='ocrx_word' id='word_1_783' title='bbox 3174 5014 3386 5085; x_wconf 88' lang='lat' dir='ltr'><strong>parata</strong></span> <span class='ocrx_word' id='word_1_784' title='bbox 3437 5009 3572 5066; x_wconf 90' lang='lat' dir='ltr'><strong>mil-</strong></span> 
     </span>
    </p>
   </div>
   <div class='ocr_carea' id='block_1_116' title="bbox 1910 5099 3574 5174">
    <p class='ocr_par' dir='ltr' id='par_1_116' title="bbox 1910 5099 3574 5174">
     <span class='ocr_line' id='line_1_116' title="bbox 1910 5099 3574 5174; baseline -0.008 -7"><span class='ocrx_word' id='word_1_785' title='bbox 1910 5112 2008 5167; x_wconf 87' lang='lat' dir='ltr'><strong>lia.</strong></span> <span class='ocrx_word' id='word_1_786' title='bbox 2044 5109 2378 5165; x_wconf 86' lang='lat' dir='ltr'><strong>Patrienses</strong></span> <span class='ocrx_word' id='word_1_787' title='bbox 2420 5106 2580 5162; x_wconf 88' lang='lat' dir='ltr'><strong>enim</strong></span> <span class='ocrx_word' id='word_1_788' title='bbox 2612 5103 2735 5174; x_wconf 88' lang='lat' dir='ltr'><strong>regi</strong></span> <span class='ocrx_word' id='word_1_789' title='bbox 2793 5102 3092 5174; x_wconf 87' lang='lat' dir='ltr'><strong>Danisque</strong></span> <span class='ocrx_word' id='word_1_790' title='bbox 3141 5099 3574 5156; x_wconf 88' lang='lat' dir='ltr'><strong>ferventissime</strong></span> 
     </span>
    </p>
   </div>
   <div class='ocr_carea' id='block_1_117' title="bbox 1911 5189 3573 5267">
    <p class='ocr_par' dir='ltr' id='par_1_117' title="bbox 1911 5189 3573 5267">
     <span class='ocr_line' id='line_1_117' title="bbox 1911 5189 3573 5267; baseline -0.007 -11"><span class='ocrx_word' id='word_1_791' title='bbox 1911 5199 2199 5256; x_wconf 87' lang='lat' dir='ltr'><strong>rebellare</strong></span> <span class='ocrx_word' id='word_1_792' title='bbox 2231 5196 2532 5261; x_wconf 89' lang='lat' dir='ltr'><strong>ardentes,</strong></span> <span class='ocrx_word' id='word_1_793' title='bbox 2566 5210 2717 5267; x_wconf 91' lang='lat' dir='ltr'><strong>quas</strong></span> <span class='ocrx_word' id='word_1_794' title='bbox 2741 5191 2853 5248; x_wconf 89' lang='lat' dir='ltr'><strong>sibi</strong></span> <span class='ocrx_word' id='word_1_795' title='bbox 2897 5191 2971 5247; x_wconf 89' lang='lat' dir='ltr'><strong>ad</strong></span> <span class='ocrx_word' id='word_1_796' title='bbox 3017 5190 3242 5246; x_wconf 89' lang='lat' dir='ltr'><strong>luctam</strong></span> <span class='ocrx_word' id='word_1_797' title='bbox 3301 5189 3573 5245; x_wconf 84' lang='lat' dir='ltr'><strong>sufﬁcere</strong></span> 
     </span>
    </p>
   </div>
   <div class='ocr_carea' id='block_1_118' title="bbox 1913 5279 3573 5358">
    <p class='ocr_par' dir='ltr' id='par_1_118' title="bbox 1913 5279 3573 5358">
     <span class='ocr_line' id='line_1_118' title="bbox 1913 5279 3573 5358; baseline -0.007 -13"><span class='ocrx_word' id='word_1_798' title='bbox 1913 5289 2258 5358; x_wconf 90' lang='lat' dir='ltr'><strong>credebant,</strong></span> <span class='ocrx_word' id='word_1_799' title='bbox 2315 5285 2732 5341; x_wconf 88' lang='lat' dir='ltr'><strong>adunaverant</strong></span> <span class='ocrx_word' id='word_1_800' title='bbox 2773 5281 3128 5355; x_wconf 87' lang='lat' dir='ltr'><strong>phalanges,</strong></span> <span class='ocrx_word' id='word_1_801' title='bbox 3198 5279 3573 5350; x_wconf 79' lang='lat' dir='ltr'><strong>conglobati-</strong></span> 
     </span>
    </p>
   </div>
   <div class='ocr_carea' id='block_1_119' title="bbox 1911 5367 3575 5453">
    <p class='ocr_par' dir='ltr' id='par_1_119' title="bbox 1911 5367 3575 5453">
     <span class='ocr_line' id='line_1_119' title="bbox 1911 5367 3575 5453; baseline -0.009 -19"><span class='ocrx_word' id='word_1_802' title='bbox 1911 5394 2028 5453; x_wconf 89' lang='lat' dir='ltr'><strong>que</strong></span> <span class='ocrx_word' id='word_1_803' title='bbox 2061 5377 2122 5431; x_wconf 90' lang='lat' dir='ltr'><strong>in</strong></span> <span class='ocrx_word' id='word_1_804' title='bbox 2154 5391 2341 5430; x_wconf 90' lang='lat' dir='ltr'><strong>unum</strong></span> <span class='ocrx_word' id='word_1_805' title='bbox 2367 5371 2690 5445; x_wconf 91' lang='lat' dir='ltr'><strong>conspirati</strong></span> <span class='ocrx_word' id='word_1_806' title='bbox 2719 5368 3150 5437; x_wconf 88' lang='lat' dir='ltr'><strong>advolitabant,</strong></span> <span class='ocrx_word' id='word_1_807' title='bbox 3194 5367 3417 5424; x_wconf 87' lang='lat' dir='ltr'><strong>dextris</strong></span> <span class='ocrx_word' id='word_1_808' title='bbox 3471 5384 3575 5426; x_wconf 91' lang='lat' dir='ltr'><strong>no-</strong></span> 
     </span>
    </p>
   </div>
   <div class='ocr_carea' id='block_1_120' title="bbox 1911 5458 3573 5532">
    <p class='ocr_par' dir='ltr' id='par_1_120' title="bbox 1911 5458 3573 5532">
     <span class='ocr_line' id='line_1_120' title="bbox 1911 5458 3573 5532; baseline -0.004 -11"><span class='ocrx_word' id='word_1_809' title='bbox 1911 5465 2121 5521; x_wconf 88' lang='lat' dir='ltr'><strong>bilium</strong></span> <span class='ocrx_word' id='word_1_810' title='bbox 2152 5461 2442 5519; x_wconf 90' lang='lat' dir='ltr'><strong>morituri.</strong></span> <span class='ocrx_word' id='word_1_811' title='bbox 2467 5465 2628 5516; x_wconf 87' lang='lat' dir='ltr'><strong>Tunc</strong></span> <span class='ocrx_word' id='word_1_812' title='bbox 2654 5459 2888 5515; x_wconf 90' lang='lat' dir='ltr'><strong>Turehil</strong></span> <span class='ocrx_word' id='word_1_813' title='bbox 2944 5463 3182 5532; x_wconf 87' lang='lat' dir='ltr'><strong>tempus</strong></span> <span class='ocrx_word' id='word_1_814' title='bbox 3213 5458 3452 5514; x_wconf 89' lang='lat' dir='ltr'><strong>intuens</strong></span> <span class='ocrx_word' id='word_1_815' title='bbox 3483 5458 3573 5514; x_wconf 84' lang='lat' dir='ltr'><strong>in-</strong></span> 
     </span>
    </p>
   </div>
   <div class='ocr_carea' id='block_1_121' title="bbox 1916 5549 3574 5627">
    <p class='ocr_par' dir='ltr' id='par_1_121' title="bbox 1916 5549 3574 5627">
     <span class='ocr_line' id='line_1_121' title="bbox 1916 5549 3574 5627; baseline -0.006 -15"><span class='ocrx_word' id='word_1_816' title='bbox 1916 5562 2070 5612; x_wconf 90' lang='lat' dir='ltr'><strong>stare</strong></span> <span class='ocrx_word' id='word_1_817' title='bbox 2101 5571 2224 5627; x_wconf 92' lang='lat' dir='ltr'><strong>quo</strong></span> <span class='ocrx_word' id='word_1_818' title='bbox 2263 5552 2611 5609; x_wconf 85' lang='lat' dir='ltr'><strong>ﬁdelitatem</strong></span> <span class='ocrx_word' id='word_1_819' title='bbox 2649 5566 2824 5610; x_wconf 92' lang='lat' dir='ltr'><strong>suam</strong></span> <span class='ocrx_word' id='word_1_820' title='bbox 2868 5549 3118 5605; x_wconf 88' lang='lat' dir='ltr'><strong>domino</strong></span> <span class='ocrx_word' id='word_1_821' title='bbox 3172 5567 3281 5605; x_wconf 93' lang='lat' dir='ltr'><strong>suo</strong></span> <span class='ocrx_word' id='word_1_822' title='bbox 3336 5549 3574 5606; x_wconf 87' lang='lat' dir='ltr'><strong>valebat</strong></span> 
     </span>
    </p>
   </div>
   <div class='ocr_carea' id='block_1_122' title="bbox 1914 5639 3569 5719">
    <p class='ocr_par' dir='ltr' id='par_1_122' title="bbox 1914 5639 3569 5719">
     <span class='ocr_line' id='line_1_122' title="bbox 1914 5639 3569 5719; baseline -0.007 -17"><span class='ocrx_word' id='word_1_823' title='bbox 1914 5647 2251 5719; x_wconf 87' lang='lat' dir='ltr'><strong>patefacere</strong></span> <span class='ocrx_word' id='word_1_824' title='bbox 2282 5663 2294 5698; x_wconf 88' lang='lat'><strong>:</strong></span> <span class='ocrx_word' id='word_1_825' title='bbox 2331 5667 2354 5690; x_wconf 88' lang='grc'><em>‹‹</em></span> <span class='ocrx_word' id='word_1_826' title='bbox 2391 5645 2535 5713; x_wconf 87' lang='lat' dir='ltr'><strong>Ego,</strong></span> <span class='ocrx_word' id='word_1_827' title='bbox 2564 5641 2776 5715; x_wconf 91' lang='lat' dir='ltr'><strong>inquit,</strong></span> <span class='ocrx_word' id='word_1_828' title='bbox 2799 5641 2913 5696; x_wconf 89' lang='lat' dir='ltr'><strong>hoc</strong></span> <span class='ocrx_word' id='word_1_829' title='bbox 2964 5645 3267 5698; x_wconf 88' lang='lat' dir='ltr'><strong>certamen</strong></span> <span class='ocrx_word' id='word_1_830' title='bbox 3323 5639 3569 5696; x_wconf 88' lang='lat' dir='ltr'><strong>domino</strong></span> 
     </span>
    </p>
   </div>
   <div class='ocr_carea' id='block_1_123' title="bbox 1911 5731 3568 5802">
    <p class='ocr_par' dir='ltr' id='par_1_123' title="bbox 1911 5731 3568 5802">
     <span class='ocr_line' id='line_1_123' title="bbox 1911 5731 3568 5802; baseline -0.008 -8"><span class='ocrx_word' id='word_1_831' title='bbox 1911 5753 2048 5794; x_wconf 91' lang='lat' dir='ltr'><strong>meo</strong></span> <span class='ocrx_word' id='word_1_832' title='bbox 2064 5734 2363 5793; x_wconf 88' lang='lat' dir='ltr'><strong>accurabo</strong></span> <span class='ocrx_word' id='word_1_833' title='bbox 2377 5749 2515 5789; x_wconf 90' lang='lat' dir='ltr'><strong>cum</strong></span> <span class='ocrx_word' id='word_1_834' title='bbox 2543 5732 2696 5790; x_wconf 91' lang='lat' dir='ltr'><strong>meis</strong></span> <span class='ocrx_word' id='word_1_835' title='bbox 2714 5731 3008 5802; x_wconf 88' lang='lat' dir='ltr'><strong>evincere,</strong></span> <span class='ocrx_word' id='word_1_836' title='bbox 3021 5749 3131 5788; x_wconf 90' lang='lat' dir='ltr'><strong>nec</strong></span> <span class='ocrx_word' id='word_1_837' title='bbox 3151 5747 3354 5802; x_wconf 81' lang='lat' dir='ltr'><strong>regem</strong></span> <span class='ocrx_word' id='word_1_838' title='bbox 3364 5742 3568 5784; x_wconf 88' lang='lat' dir='ltr'><strong>meum</strong></span> 
     </span>
    </p>
   </div>
  </div>
