3836 6472
404 222 552 295 1333
1618 234 1761 291 emi
1786 233 1833 288 E
1872 219 2155 289 seems
2191 231 2592 288 ANGLOBUM.
3738 231 3836 285 un:

416 359 495 415 ad
548 358 921 430 bellandum,
983 365 1181 432 utpote
1220 360 1504 429 juvenem
1531 356 2051 420 ferventissimum,
2092 361 2138 410 A
2167 352 2317 409 liber
2347 356 2598 411 Cnutoni
2622 355 2925 426 ingressus
2953 358 3185 428 pateret
3219 357 3279 409 et
3308 350 3593 424 utrique
3651 362 3836 424 populi:

416 447 555 504 huic
584 449 818 505 misceri
845 448 1067 520 partiar
1085 462 1323 520 pugnae.
1358 450 1503 501 Nam
1537 448 1584 501 si
1626 446 1812 501 victor
1869 446 2055 510 fuero,
2168 442 2436 498 confecta
2486 460 2637 516 pace
2688 445 2995 516 paulisper
3068 442 3367 515 respirare
3429 438 3647 511 copia
3707 457 3833 496 esse:

416 537 541 606 regi
562 537 672 608 ipsi
703 534 1113 607 triumphabo;
1140 535 1188 589 si
1215 540 1413 590 autem
1435 535 1724 603 cecidero,
1778 534 1898 588 sive
1950 539 2058 588 ter-
2171 529 2341 594 Quod
2361 535 2418 585 et
2446 531 2667 587 factum
2694 535 2800 588 est.
2850 534 3000 587 Nam
3030 530 3211 597 cives,
3236 545 3351 584 suo
3384 524 3766 593 honoriﬁce
3792 547 3833 583 se

416 639 559 693 gum
575 623 815 685 dedero,
840 638 960 677 non
983 622 1188 689 Anglis
1214 622 1413 691 gloriae
1444 623 1551 677 erit
1571 622 1756 687 adeo;
1788 622 1930 694 quia
1955 637 2057 675 rex
2169 617 2334 688 pulto
2359 619 2647 692 principe,
2680 620 2944 693 initoque
2969 617 3195 675 salubri
3223 616 3535 684 consilio,
3563 614 3831 684 elegerui

416 712 722 783 supererit,
753 708 855 782 qui
881 715 937 764 et
965 710 1231 783 praelium
1287 711 1644 766 restaurabit
1695 716 1752 766 et
1804 711 2057 765 fortasse
2165 704 2556 762 internuntios
2587 710 2835 775 mittere,
2863 713 2921 764 et
2948 707 3074 777 regi
3096 706 3325 780 placita
3383 703 3750 770 mandare,
3790 722 3836 760 n-

412 800 598 855 victor
626 814 792 854 meas
817 798 1065 869 injurias
1096 798 1434 855 vindicabit.
1448 823 1473 847 ››
1505 800 1626 854 Hoc
1658 799 1883 854 dictum
1914 813 2053 853 cum
2164 792 2374 850 delicet
2401 800 2463 850 ut
2493 796 2799 853 dexteram
2829 796 2943 852 illis
2974 797 3145 852 daret
3195 800 3254 851 et
3305 794 3662 851 civitatem
3724 796 3836 865 paci

413 903 571 943 sanae
595 888 807 942 mentis
824 904 951 943 esse
976 888 1901 957 videreturomnibus,annuente
1922 903 2056 956 rege
2164 879 2272 935 fice
2306 882 2648 954 susciperet.
2718 884 2841 939 Hoc
2889 883 2992 939 ubi
3049 881 3309 940 Cnutoni
3349 880 3526 937 satis
3572 879 3836 936 videretm

412 975 679 1031 ascendit
695 992 831 1031 cum
862 978 983 1030 suis
1011 994 1041 1032 e
1062 976 1332 1040 navibus,
1357 976 1617 1042 dirigens
1643 976 1830 1031 aciem
1852 981 2057 1031 contra
2164 970 2474 1041 probabile
2515 970 2691 1031 facto.
2744 971 2937 1026 fcedus
3003 970 3318 1026 ﬁrmatum
3373 973 3516 1036 est,
3572 967 3836 1038 ingressu

412 1063 740 1133 Anglorum
788 1065 1098 1136 impetum,
1156 1065 1258 1136 qui
1312 1070 1448 1119 tunc
1496 1066 1552 1119 in
1584 1065 1715 1120 loco
1743 1066 2055 1119 Scorastan
2164 1059 2293 1128 ejus
2348 1059 2442 1114 die
2490 1061 2828 1116 constituto.
2876 1064 2952 1115 At
3006 1076 3149 1132 pars
3203 1058 3545 1115 interioris
3573 1058 3836 1113 exercitu-

414 1153 572 1208 dicto
604 1153 791 1208 fuerat
822 1153 1643 1222 congregatusuuadraginta
1668 1154 1925 1225 denique
1955 1170 2058 1207 na-
2166 1163 2438 1217 sprevere
2470 1152 2756 1204 statutum
2780 1150 3019 1215 civium,
3048 1148 3473 1221 latenterque,
3534 1152 3728 1202 nocte

412 1241 578 1296 vium
608 1246 663 1296 et
690 1258 760 1297 eo
790 1241 1067 1314 amplius,
1105 1245 1403 1296 Danorum
1434 1242 1723 1297 exercitus
1775 1241 2055 1297 aseende-
2162 1236 2335 1305 cuius
2370 1237 2639 1308 sequenti
2667 1237 2763 1293 die
2787 1237 3096 1309 ingressus
3119 1242 3211 1293 est
3237 1253 3373 1304 rex,
3408 1252 3580 1292 cum
3617 1234 3744 1290 ﬁlio
3769 1235 3836 1289 de-

412 1333 522 1395 rat,
556 1330 661 1385 sed
687 1329 883 1385 adhuc
909 1329 1002 1384 hic
1033 1345 1320 1384 numerus
1342 1329 1640 1385 medietati
1659 1328 1923 1384 hostium

2320 1324 2344 1378 ti
2369 1324 2653 1397 principis
2678 1326 2897 1395 egressi
2923 1330 3064 1381 sunt
3109 1325 3464 1391 civitatem,
3527 1328 3602 1379 ut
3654 1339 3835 1395 expet.

411 1417 572 1473 nime
600 1434 710 1490 par
740 1417 947 1473 fuerat.
968 1422 1037 1472 At
1064 1418 1187 1473 dux
1218 1434 1426 1473 eorum
1454 1418 1647 1490 magis
1673 1418 1821 1473 ﬁsus
1847 1419 2053 1473 virtute
2162 1416 2364 1467 rentur
2391 1429 2598 1468 rursus
2624 1413 2869 1470 collecta
2891 1414 3322 1470 innumerabili
3357 1429 3586 1469 manu
3621 1413 3677 1467 si
3732 1412 3831 1466 fort.

412 1521 594 1577 quam
614 1505 1225 1569 multitudine,omnes
1241 1522 1529 1570 rumpens
1544 1506 1828 1573 morulas,
1852 1506 2053 1561 classi-
2163 1516 2198 1554 a
2221 1499 2441 1555 ﬁnibus
2475 1501 2601 1556 suis
2642 1502 2910 1558 valerent
2957 1518 3160 1558 arcere
3199 1502 3595 1573 ingressum
3648 1516 3827 1570 regem

413 1592 1064 1663 cainsonuit,gradiens
1083 1593 1142 1647 in
1161 1592 1355 1665 prima
1378 1593 1872 1673 fronte,et,mente
1904 1610 2054 1648 sem-
2164 1591 2275 1643 Nec
2305 1588 2675 1659 quieverunt,
2706 1605 3026 1662 quousque
3048 1605 3267 1645 omnes
3281 1604 3459 1661 pene
3486 1588 3732 1659 Anglos
3762 1590 3829 1641 sib

410 1697 517 1754 per
543 1680 641 1736 Dei
670 1682 956 1739 auxilium
989 1699 1263 1751 exorans,
1298 1698 1552 1755 quaeque
1574 1682 1752 1737 obvia
1798 1682 2056 1738 metebat
2083 1702 2125 1755 Β
2162 1676 2356 1746 magis
2405 1677 2602 1733 adhuc
2677 1678 2932 1734 acclives
2985 1695 3173 1751 quam
3260 1679 3555 1737 Cnutoni
3629 1678 3836 1747 conglo~

411 1770 714 1826 mucronis
743 1770 887 1826 acie.
934 1771 1105 1839 Angli
1146 1787 1285 1826 vero
1305 1770 1364 1826 in
1396 1771 1603 1843 primis
1624 1770 1894 1826 fortiores
1924 1772 2053 1827 dira
2164 1765 2392 1820 barent.
2445 1769 2633 1823 Cnuto
2684 1772 2885 1823 autem
2945 1767 3251 1823 civitatem
3294 1767 3579 1823 intravit
3613 1768 3752 1823 etin
3777 1786 3833 1820 se

412 1858 571 1913 caede
599 1860 794 1913 Danos
823 1859 1269 1923 obtruncarunt,
1296 1860 1357 1914 in
1390 1864 1618 1915 tantum
1640 1864 1703 1914 ut
1732 1875 1883 1931 pene
1932 1861 2051 1915 vic-
2159 1854 2238 1909 lio
2283 1854 2449 1924 regni
2503 1856 2737 1923 resedit,
2790 1855 2895 1911 sed
2935 1860 3137 1912 tamen
3194 1856 3705 1912 Londonienses
3750 1872 3833 1910 nc:

412 1946 622 2003 toriam
647 1948 847 2020 adepti
877 1948 1246 2003 adversarios
1285 1949 1487 2017 fugere
1517 1954 1813 2019 cogerent,
1852 1950 1899 2003 si
1931 1966 2052 2005 non
2161 1943 2271 1996 Sibi
2304 1944 2501 1998 adhuc
2527 1960 2657 1999 esse
2686 1944 2895 2000 ﬁdeles
2925 1944 3196 2001 credidit.
3247 1944 3435 2000 Unde
3493 1949 3561 2000 et
3618 1946 3829 2000 navium

410 2034 578 2090 ducis
603 2035 865 2107 alloquio
891 2036 1097 2091 retenti
1137 2054 1549 2109 memoresque
1583 2038 1807 2092 virtutis
1848 2040 2052 2109 fugam
2162 2031 2455 2103 stipendia
2484 2031 2584 2087 illa
2613 2037 2814 2089 testate
2836 2037 3173 2090 restaurare
3214 2033 3387 2103 fecit,
3436 2050 3554 2105 ne,
3614 2035 3668 2089 Si
3724 2034 3831 2088 fork

410 2123 842 2179 erubescerent.
876 2128 1141 2197 Namque
1172 2126 1547 2181 memorabat
1572 2125 1667 2180 ille
1706 2126 1915 2181 abesse
1945 2127 2053 2182 dif-
2162 2120 2451 2175 exercitus
2502 2121 2985 2177 adversariorum
3045 2122 3360 2179 civitatem
3441 2134 3832 2195 oppugnaret

412 2208 665 2280 fugium,
696 2211 756 2266 in
789 2218 939 2266 terra
970 2212 1186 2267 scilicet
1209 2214 1430 2279 hostes,
1462 2219 1518 2268 et
1556 2230 1592 2268 a
1642 2213 1830 2269 littore
1874 2215 2051 2284 longe
2164 2208 2288 2279 ipse
2319 2208 2396 2264 ab
2427 2208 2803 2265 interioribus
2859 2210 3132 2266 hostibus
3191 2210 3642 2267 exterioribus
3694 2213 3831 2266 tradi-

411 2304 671 2354 remotas
697 2315 967 2371 puppes;
1001 2300 1276 2371 ideoque,
1302 2301 1348 2355 si
1378 2317 1496 2356 non
1528 2301 1845 2371 vincerent,
1886 2303 2051 2374 quod
2164 2302 2254 2350 tus
2298 2296 2571 2351 interiret.
2621 2297 2793 2362 Quod
2836 2314 3077 2366 cavens,
3132 2314 3356 2354 rursus
3402 2300 3498 2355 ad
3528 2304 3768 2373 tempus
3796 2308 3836 2352 ut

412 2386 630 2458 pariter
657 2388 1011 2442 occumbere
1040 2387 1344 2444 deberent.
1381 2390 1541 2444 Unde
1564 2389 1643 2444 illi
1663 2390 2052 2447 animosiores
2161 2385 2427 2456 prudens
2460 2386 2638 2441 cessit
2666 2391 2741 2456 et,
2770 2387 3001 2442 ascensi
3041 2388 3277 2444 ratibus
3336 2404 3419 2444 ac
3491 2388 3735 2445 civitate
3772 2406 3831 2441 re-

411 2474 620 2541 eﬁecﬁ,
651 2476 711 2531 in
738 2476 943 2547 praelio
973 2476 1127 2531 illico
1159 2477 1542 2533 manifestanl
1587 2495 1772 2550 quam
1818 2480 2050 2550 pericu—
2162 2472 2319 2542 licia,
2351 2474 2607 2529 insulam
2641 2475 2842 2547 Scepei
2872 2475 3097 2531 dictam
3123 2492 3269 2531 cum
3309 2477 3456 2532 suis
3514 2477 3712 2550 petiit,
3761 2477 3829 2531 ib:-

408 2562 540 2619 losa
565 2564 638 2619 sit
664 2563 1339 2636 desperatio.Enimvero
1377 2565 1451 2620 de
1482 2566 1709 2635 refugio
1731 2566 1884 2635 fugae
1916 2567 2049 2622 des-
2164 2578 2281 2633 que
2308 2561 2580 2617 hiemans
2612 2563 2857 2635 paciﬁce
2887 2569 3172 2620 eventum
3194 2565 3285 2620 rei
3311 2567 3737 2638 exspectavit.

409 2652 596 2723 perati
624 2653 767 2708 tanti
796 2652 995 2707 hostes
1016 2652 1365 2708 (lebacchati
1390 2659 1527 2709 sunt
1555 2654 1813 2722 insania,
1847 2661 1909 2710 ut
1928 2672 2049 2710 non

408 2744 641 2796 tantum
687 2746 1059 2797 mortuorum
1116 2742 1413 2814 aspiceres
1469 2759 1721 2815 corpora
1754 2744 2049 2816 cadentia,

407 2844 617 2884 verum
645 2829 819 2885 etiam
864 2830 1133 2885 vivorum
1156 2829 1305 2885 ictus
1351 2830 1729 2887 declinantia.
1787 2832 2050 2888 Tandem

409 2932 551 2985 ergo
590 2917 756 2989 potiti
782 2922 988 2989 optata
1017 2917 1278 2988 victoria,
1327 2934 1574 2973 suorum
1630 2936 1765 2992 quae
1798 2920 2050 2992 reperire

408 3005 1131 3096 poterant,__tumulabant
1160 3006 1469 3096 inembra.
1536 3007 1625 3062 Ab
1696 3008 2050 3096 adversariis
2091 3041 2131 3096 ε

408 3106 649 3163 quoque
679 3091 1017 3165 diripientes
1049 3093 1255 3165 spolia,
1308 3099 1697 3163 revertuntur,
1755 3100 1809 3149 et
1848 3095 1925 3149 ad
1964 3096 2051 3167 ja-

410 3182 641 3233 centem
670 3179 975 3248 regionem
1004 3180 1410 3235 invadendam
1464 3181 1874 3251 accinguntur.
1930 3184 2049 3238 Hoc

2234 2703 2583 2759 Edmundus
2614 2704 2812 2777 itaque
2846 2706 2947 2776 (sic
2977 2707 3141 2762 enim
3176 2707 3447 2778 juvenis
3481 2709 3602 2784 qui
3655 2714 3829 2765 exemi

2158 2796 2285 2846 tum
2317 2792 2633 2859 collegerat
2660 2792 2853 2849 dictus
2876 2796 3005 2863 est),
3038 2795 3367 2851 recedente
3403 2799 3827 2865 Cnutone,cum

2158 2879 2383 2951 populo
2413 2896 2533 2934 non
2586 2880 2892 2950 mediocri,
2949 2882 3054 2937 sed
3085 2882 3559 2941 innumerabili
3594 2888 3821 2941 veniens.

2157 2967 2448 3023 civitatem
2477 2970 2816 3041 pompatice
2845 2969 3199 3042 ingreditur,
3233 2978 3294 3027 et
3329 2990 3497 3029 mox
3532 2990 3685 3030 eum
3740 2991 3824 3029 um

2157 3056 2306 3110 versi
2338 3062 2687 3128 sequuntur,
2716 3058 3157 3131 obtemperant,
3190 3064 3251 3116 et
3283 3060 3541 3131 favent,
3578 3068 3642 3119 et
3672 3064 3821 3119 virum

2156 3144 2368 3199 fortem
2402 3144 2527 3199 ﬁeri
2558 3145 2830 3215 suadent,
2885 3146 3151 3204 dicentes
3203 3150 3392 3221 quod
3443 3167 3605 3208 eum
3668 3154 3821 3221 magis

2157 3249 2343 3304 quam
2384 3236 2686 3289 Danorum
2717 3235 3050 3307 principem
3080 3236 3405 3307 eligerent.
3440 3242 3601 3297 Erat
3619 3257 3823 3314 quoque

2158 3322 2285 3391 ejus
2314 3322 2499 3393 partis
2530 3339 2732 3377 comes
2763 3324 2994 3395 primus
3045 3324 3324 3397 Edricus,
3390 3330 3688 3386 consiliis
3732 3329 3823 3402 pol-

2155 3408 2307 3477 lens,
2344 3410 2449 3465 sed
2476 3416 2675 3466 tamen
2719 3411 3035 3469 dolositate
3074 3414 3450 3487 versipellis,
3501 3434 3701 3491 quem
3746 3419 3821 3473 sit».

2158 3499 2235 3553 ad
2266 3514 2472 3554 aurem
2502 3505 2785 3571 posuerat
2815 3500 3176 3557 Edmundus
3207 3503 3273 3559 in
3328 3506 3658 3563 omnibus
3684 3523 3825 3577 nego

2158 3586 2270 3641 tiis.
2304 3590 2504 3642 Fertur
2541 3594 2739 3643 autem
2769 3588 2899 3661 ipse
2925 3590 3167 3660 juvenis
3198 3591 3305 3648 illo
3336 3599 3646 3667 tempore
3665 3596 3822 3651 domi-

2154 3691 2234 3730 no
2266 3677 2513 3732 Cnutoni
2544 3677 2839 3732 recedenti
2861 3678 3234 3748 singularem
3266 3697 3584 3753 pugnam
3623 3684 3824 3741 obtulis

2154 3780 2239 3832 se,
2273 3764 2377 3819 sed
2395 3780 2499 3820 rex
2525 3765 2763 3837 sapiens
2800 3766 3017 3823 dicitur
3046 3768 3131 3823 sic
3168 3771 3602 3841 respondisse
3633 3791 3647 3827 :
3680 3798 3705 3823 α
3738 3776 3818 3842 Ege

2155 3856 2392 3924 tempus
2420 3851 2590 3907 luctas
2623 3853 3013 3925 praestolabor
3036 3872 3335 3927 congrue,
3371 3859 3551 3917 dum
3591 3879 3716 3919 non
3755 3877 3820 3917 ca-

2156 3957 2291 3995 sum
2323 3946 2654 4013 suspectus,
2686 3947 2881 3998 certus
2909 3943 3080 4000 fuero
3110 3944 3529 4005 victoriaa.'l‘u
3563 3966 3730 4020 vero,
3750 3967 3819 4022 qu

2154 4043 2293 4085 aves
2315 4029 2580 4085 duellum
2602 4029 2663 4085 in
2684 4030 2899 4099 hieme,
2929 4047 3077 4088 cave
3115 4049 3193 4089 ne
3224 4033 3507 4093 deﬁcias
3532 4040 3722 4097 etiam
3754 4055 3822 4110 at»

2153 4117 2286 4172 tiori
2311 4122 2597 4189 tempore.
2635 4141 2661 4168 »ι
2696 4118 2788 4175 Sic
2815 4135 2940 4187 rex,
2975 4125 3041 4183 ut
3064 4121 3301 4178 dictum
3329 4114 3457 4190 est,
3532 4126 3602 4184 in
3662 4131 3819 4200 Scepe;

408 4233 527 4289 suis
556 4239 643 4291 est
671 4250 964 4306 egressus,
987 4207 1299 4309 etvpartem
1324 4207 1486 4292 terra:
1509 4207 2049 4310 aggressus'spolia
2455 4207 3142 4316 ἔξεωέ
3191 4212 3448 4316 indui”,
3488 4222 3563 4316 ξιτ
3610 4223 3819 4316 Ῑῖξπίῖτδίν

404 4322 665 4397 diripuit,
697 4324 859 4381 vicos
915 4293 1255 4381 invadenda
1307 4326 1615 4396 destruxit,
1672 4293 2047 4383 occurrentes
2081 4385 2119 4397 n
2152 4293 2453 4397 h‘eméf'lt-
2486 4295 2839 4397 ξέωυηάξλῗ
2871 4303 3164 4397 autem_m
3188 4302 3582 4397 Pondonia’
3613 4306 3818 4363 diluis“

406 4382 538 4468 sibi‘
552 4382 753 4470 hostes
780 4414 1029 4481 domuit,
1054 4420 1109 4470 et
1156 4415 1377 4470 multos
1434 4430 1505 4469 ex
1562 4382 1646 4469 eis
1705 4415 2043 4488 captivavit,
2080 4385 2124 4438 Β
2152 4383 2429 4446 exercitu’
2456 4382 2732 4441 ultimam
2761 4385 3024 4447 hiemem
3053 4388 3247 4445 dux“

404 4502 765 4575 tandemque
793 4504 1144 4560 victoriosus
1167 4503 1244 4559 ad
1277 4503 1468 4559 socios
1493 4520 1631 4559 cum
1654 4504 1857 4577 spoliis
1874 4504 2042 4560 redit.
2222 4506 2537 4563 Recedenti
2589 4524 2730 4564 vero
2775 4509 3039 4571 brumali
3113 4517 3436 4588 tempore,
3504 4524 3643 4578 tota
3715 4522 3821 4586 Qua-

406 4589 532 4654 Ouo
561 4607 819 4658 reverso,
847 4608 951 4648 rex
975 4608 1229 4664 parcens
1258 4592 1482 4664 patriae,
1534 4591 1838 4664 prohibuit
1894 4593 2047 4649 ultra
2152 4594 2493 4664 dragesima
2570 4614 2777 4654 rursus
2852 4598 3131 4658 militiam
3194 4603 3553 4678 adunavit,
3621 4615 3679 4666 et
3725 4625 3820 4665 mox

402 4694 535 4735 eam
558 4681 834 4755 praedari,
868 4682 1174 4752 sedjussit
1196 4681 1489 4737 civitatem
1520 4681 1889 4737 Londoniam
1917 4699 2042 4737 me-
2150 4687 2285 4754 post
2340 4682 2648 4739 Paschales
2699 4685 2828 4741 dies
2887 4703 3096 4759 regem
3146 4695 3206 4746 et
3263 4693 3500 4750 Danos
3556 4713 3600 4753 a
3644 4698 3817 4754 ﬁnibu-

404 4769 682 4841 tropolim
711 4774 874 4826 terrae
901 4770 1212 4825 obsidione
1238 4770 1441 4837 teneri,
1479 4770 1621 4843 quia
1646 4771 1702 4826 iu
1734 4787 1806 4826 ea
1835 4770 2042 4827 confu-
2152 4769 2480 4839 Anglorum
2554 4771 2872 4829 deturbare
2956 4777 3215 4848 paravit,
3274 4784 3339 4835 et
3388 4786 3679 4842 veniens
3726 4802 3815 4840 cui:

403 4862 611 4927 gerant
640 4857 955 4931 optimates
987 4860 1044 4912 et
1063 4873 1202 4930 pars
1228 4858 1514 4914 exercitus
1535 4863 1591 4914 et
1610 4858 2047 4930 maximum(ut
2149 4857 2569 4914 innumerabili
2616 4861 3019 4931 multitudine,
3095 4881 3200 4920 eos
3258 4867 3494 4927 subito
3584 4876 3809 4944 cogitatr

404 4948 491 5000 est
514 4945 1002 5018 populosissima)
1047 4946 1283 5017 vulgus.
1336 4949 1401 5001 Et
1451 4947 1594 5019 quia
1649 4947 1762 5002 hoc
1815 4946 2042 5018 pedites
2149 4945 2447 5036 invadere.
2480 4952 2552 5003 At
2578 4965 2777 5005 sermo
2819 4967 2942 5007 non
2962 4951 3135 5008 latuit
3164 4955 3411 5026 Danos,
3476 4962 3602 5034 qui
3658 4962 3817 5036 puppi

402 5035 746 5109 equitesque
775 5035 1105 5108 nequibant
1126 5035 1359 5108 explere
1385 5035 1673 5123 (undique
1703 5035 1861 5089 enim
1892 5037 2044 5093 mari
2150 5034 2266 5089 bus
2289 5035 2646 5107 posthabitis
2665 5042 2876 5111 petunt
2903 5040 3094 5108 arida,
3144 5046 3457 5115 aptantes
3483 5066 3557 5106 se
3592 5034 3811 5123 excipe:

401 5123 856 5195 quodammodo
893 5140 1017 5180 non
1041 5126 1169 5197 pari
1194 5124 1484 5179 vallantur
1511 5121 1798 5191 ﬂumine),
1824 5123 2042 5179 turritis
2152 5138 2406 5195 quaeque
2474 5125 2673 5183 obvia.
2725 5130 2859 5184 Erat
2912 5144 3183 5202 namque
3222 5132 3315 5188 eis
3363 5138 3691 5197 vexillum
3733 5121 3807 5194 in:

403 5210 706 5283 puppibus
737 5228 872 5268 eam
896 5216 1249 5281 congustare
1272 5211 1424 5273 fecit.
1458 5215 1514 5266 et
1537 5210 1879 5265 firmissima
1927 5211 2045 5267 val-
2148 5212 2425 5284 portenti,
2485 5214 2670 5285 quod,
2720 5214 2855 5272 licet
2912 5218 3161 5274 credam
3206 5236 3412 5293 posse
3506 5227 3807 5286 incredibiir

402 5295 621 5351 latione
646 5300 848 5355 tenuit.
878 5301 1033 5355 Deus
1086 5299 1306 5371 itaque,
1355 5297 1459 5370 qui
1512 5312 1721 5351 omnes
1771 5296 2042 5353 homines
2147 5298 2368 5368 lectori,
2430 5306 2649 5370 tamen,
2694 5304 2839 5376 quia
2892 5321 3102 5361 verum
3154 5313 3271 5380 est,
3341 5330 3527 5373 Vri-ag,
3607 5319 3807 5375 insae;

406 5383 531 5438 vult
589 5388 781 5455 magis
820 5388 1049 5444 salvare
1096 5404 1280 5460 quam
1337 5386 1604 5460 perdere,
1656 5385 1893 5440 intuens
1930 5387 2042 5443 has
2149 5383 2404 5443 lectioni.
2432 5389 2767 5467 Enimvero,
2798 5393 2947 5450 dum
2986 5400 3148 5453 esset
3172 5396 3680 5472 simplicissima
3728 5419 3797 5460 ca:

408 5474 611 5567 gentes
665 5477 827 5529 tanto
883 5474 1144 5546 periculo
1193 5474 1483 5540 laborare,
1533 5489 1672 5567 eum
1710 5472 2041 5546 principem
2145 5474 2581 5549 didissimoque
2611 5480 2902 5539 intextum
2935 5484 3148 5555 serico,
3168 5488 3421 5547 nullius
3452 5486 3803 5567 fugin-eine

407 5557 511 5626 qui
539 5558 781 5615 interius
829 5561 1058 5616 civitate
1107 5562 1481 5634 praesidebat,
1532 5561 1792 5615 educens
1847 5578 1878 5616 e
1918 5579 2043 5619 cor-
2148 5564 2369 5619 inserta
2427 5572 2580 5622 esset
2606 5567 2828 5639 imago,
2871 5576 3142 5643 tempore
3173 5572 3327 5632 belli
3394 5557 3668 5659 semper
3703 5585 3801 5639 ine

408 5660 573 5716 pore,
604 5646 801 5715 junxit
822 5646 1005 5716 quieti
1033 5650 1419 5727 sempiternae,
1476 5652 1559 5718 ut,
1612 5663 1684 5704 eo
1731 5646 2033 5722 defuncto,
2145 5651 2455 5723 videbatur
2480 5670 2712 5725 corvus,
2744 5674 2816 5716 ac
2842 5660 3202 5731 siintextus,
3256 5665 3330 5723 in
3396 5646 3675 5732 victoria
3724 5687 3800 5727 su-

409 3260 672 3333 primum
692 3261 875 3317 decus
900 3263 1175 3318 Thurchil
1200 3264 1383 3318 armis
1424 3265 1705 3320 Cnutonis
1757 3266 1942 3335 auxit,
1996 3272 2051 3321 et

408 3365 699 3419 magnam
722 3355 954 3424 partem
984 3351 1189 3424 patriae
1212 3368 1320 3424 pro
1350 3353 1464 3408 hoc
1495 3354 1878 3425 postmodum
1914 3370 2049 3426 pro-

406 3439 638 3495 meruit.

476 3532 547 3583 At
573 3532 712 3584 tunc
736 3528 815 3584 ad
842 3528 1158 3586 dominum
1187 3546 1515 3600 regressus,
1549 3531 1600 3586 ei
1622 3535 1678 3586 et
1709 3531 1883 3587 sociis
1910 3547 2051 3587 suos

406 3610 627 3673 indicat
654 3623 921 3689 eventus,
948 3619 1204 3692 facitque
1261 3636 1362 3675 eos
1419 3619 1622 3691 spoliis
1678 3637 1811 3692 quae
1860 3620 2052 3676 attulit

406 3704 770 3760 ardentiores
792 3707 867 3761 ad
894 3722 1185 3779 pugnam,
1219 3706 1521 3762 manubiis
1548 3707 1716 3763 laetus
1747 3712 1803 3763 et
1830 3708 2047 3781 palmae

406 3793 801 3849 successibus.
844 3797 973 3861 Quo
1023 3796 1296 3869 exemplo
1347 3795 1472 3851 Eric
1528 3795 1778 3869 quidam
1817 3797 1940 3851 dux
1994 3801 2050 3853 et

405 3881 682 3954 princeps
710 3883 1032 3954 provinciae
1062 3900 1196 3956 quae
1229 3885 1582 3955 Northwega
1609 3884 1842 3952 dicitur,
1901 3885 2045 3940 inci-

408 3974 563 4025 tatus
592 3971 758 4039 (nam
784 3976 841 4027 et
868 3971 916 4025 is
948 3972 1231 4029 Cnutonis
1270 3972 1425 4041 regis
1455 3972 1732 4028 intererat
1786 3971 2049 4028 officiali-

408 4055 543 4123 bus,
571 4055 806 4126 jamdiu
834 4057 916 4113 illi
947 4058 1241 4125 subditus,
1273 4058 1359 4113 vir
1382 4059 1565 4114 armis
1595 4063 1893 4124 strenuus,
1918 4076 2047 4116 om-

407 4144 468 4200 ni
492 4145 943 4203 honoriﬁcentia
978 4147 1239 4219 dignus),
1300 4153 1543 4220 accepta
1594 4147 1848 4216 licentia,
1909 4166 2046 4205 cum
