3836 6446
27 267 153 322 1383

1351 254 1730 313 ΕΝΟΟΜΙΗΠ.
1763 284 1832 292 -
1874 255 1999 312 LIB.
2045 258 2110 313 ll.

3312 270 3446 324 1386

15 406 149 444 rum
193 387 366 460 quasi
422 386 595 441 hians
639 401 761 444 ore.
794 385 1222 456 excutiensque
1253 382 1400 449 alas,
1432 378 1675 436 instabi-
1707 382 1752 433 Α
1789 395 1910 435 non
1939 380 2115 453 longe
2157 391 2294 440 sunt
2325 387 2638 458 persecuti,
2665 387 2810 458 quia
2840 386 3125 456 incogniti
3172 390 3260 458 [f.,
3292 392 3457 449 inco-

17 479 201 549 lisque
231 476 487 548 pedibus
530 481 586 528 et
638 475 760 528 suis
795 474 1043 529 devictis
1090 472 1497 545 quietissimus
1531 474 1678 525 toto-

15 583 130 639 que
185 583 434 637 corpore
487 564 803 618 demissus.
858 563 1028 628 Quod
1089 562 1400 634 requirens
1445 558 1679 615 Turchil

16 662 221 712 i-lllCtOl‘
255 655 431 729 primi
464 654 686 727 praelii:
723 678 748 702 ‹‹
786 657 1145 723 Pugnemus,
1189 652 1402 724 inquit,
1436 649 1678 704 viriliter

17 745 158 800 socii
208 745 351 800 nihil
383 744 539 798 enim
591 743 766 798 nobis
811 742 919 797 erit
958 742 1222 814 periculi.
1255 742 1375 796 Hoc
1420 737 1679 810 denique

15 841 262 891 testatur
311 834 602 889 instabilis
655 849 866 887 corvus
913 831 1324 905 praesagientis
1401 828 1613 884 vexilli.
1653 849 1678 876 »

15 928 145 990 Quo
196 923 422 990 audito,
473 923 608 995 equi
661 922 1040 977 audentiores
1090 921 1280 976 effecti
1328 918 1680 990 ferratisque

11 1014 274 1069 induviis
315 1013 594 1072 indurati.
648 1017 969 1067 occurrunt
1016 1010 1254 1080 Angelis
1310 1009 1368 1064 in
1419 1012 1683 1063 :Escene-

11 1103 182 1157 duno
211 1102 363 1163 loco,
410 1100 576 1172 quod
609 1117 719 1154 nos
772 1100 954 1155 Latini
1008 1104 1273 1154 montem
1307 1098 1680 1153 fraxinorum

8 1191 322 1264 possimus
336 1189 724 1262 interpretari.
746 1190 946 1260 ibique
966 1206 999 1243 [ι
1013 1189 1240 1243 undum
1260 1187 1680 1253 congressione

12 1284 196 1346 facta,
244 1280 433 1342 Edric,
487 1296 670 1351 quem
718 1279 984 1351 primum
1037 1278 1323 1332 comitum
1383 1274 1680 1332 Edmundi

8 1371 296 1431 diximus,
333 1370 458 1424 haec
487 1369 615 1451 suis
649 1368 842 1422 intulit
873 1367 1198 1422 affamina:
1233 1390 1258 1414 «
1284 1366 1680 1436 Fugiamus,o

7 1462 182 1530 socii,
232 1461 535 1532 vitamque
605 1459 1034 1513 subtraliamus
1092 1458 1266 1512 morti
1323 1455 1678 1523 imminenti,

9 1551 286 1624 alioquin
326 1549 757 1605 occumbemus
784 1548 957 1602 illico.
994 1551 1297 1602 Danorum
1331 1547 1490 1601 enim
1516 1545 1680 1600 duri-

9 1642 162 1696 tiam
190 1656 403 1695 nosco.
435 1663 460 1686 »
492 1641 554 1693 Et
587 1637 778 1692 velato
808 1637 1024 1692 vexillo
1055 1636 1219 1709 quod
1250 1637 1459 1691 dextra
1492 1639 1682 1704 gesta-

1788 469 1984 539 gnitis.
2021 475 2117 528 En.
2153 475 2242 544 P.)
2268 475 2539 531 locorum
2570 477 2763 532 noctis
2797 476 3158 533 obscuritate
3192 487 3328 536 sunt
3359 499 3448 537 re-

1787 559 1948 615 tenti.
1982 561 2153 630 Angli
2199 579 2336 619 vero
2367 564 2479 620 loci
2519 581 2640 621 non
2681 565 2874 634 inscii,
2930 566 3044 621 cito
3090 583 3126 622 a
3169 570 3452 627 manibus

1787 647 2048 704 hostium
2082 657 2218 708 sunt
2261 653 2466 726 elapsi,
2509 671 2610 710 eos
2659 654 3065 727 relinquentes
3114 657 3190 712 ad
3238 658 3450 731 spolia,

1789 753 2038 810 seseque
2067 739 2278 796 dantes
2311 744 2388 798 ad
2414 743 2732 800 inhonesta
2762 744 3013 813 refugia.

1859 830 2019 882 'l‘unc
2051 828 2303 886 victores
2346 848 2454 887 sua
2501 833 2618 888 laeti
2663 835 2926 902 victoria,
2979 838 3282 892 transacta
3320 838 3449 908 jam

1791 920 1963 992 nocte
1989 917 2124 989 plus
2153 921 2372 987 media,
2403 927 2756 994 pernoctant
2777 924 2941 996 quod
2967 932 3272 996 supererat
3300 927 3452 983 inter

1790 1009 2208 1063 mortuoruum
2241 1011 2554 1067 cadavera.
2588 1016 2713 1068 Non
2745 1019 2946 1068 autem
2969 1013 3030 1067 in
3059 1020 3230 1070 nocte
3262 1017 3452 1089 spolia

1789 1094 2215 1158 dirimunt.sed
2238 1099 2474 1155 interim
2509 1119 2653 1157 suos
2672 1103 3002 1175 requirunt,
3035 1120 3288 1177 seseque
3313 1107 3455 1162 adu-

1790 1190 2000 1240 nantes
2048 1191 2111 1242 ut
2160 1190 2485 1245 securiores
2531 1207 2658 1246 esse
2705 1197 2970 1264 possent,
3021 1193 3200 1248 simul
3244 1211 3456 1252 omnes

1795 1290 1914 1327 uno
1965 1275 2024 1330 in
2077 1275 2210 1332 loco
2259 1280 2659 1350 perstiterunt.
2719 1281 3094 1338 lllucescente
3129 1300 3269 1339 vero
3323 1286 3455 1356 jam

1793 1379 1990 1430 mane,
2027 1382 2276 1422 suorum
2329 1376 2665 1439 agnoscunt
2705 1371 2926 1428 multos
2972 1372 3029 1427 in
3071 1373 3277 1445 praelio
3313 1375 3458 1430 ceci-

1791 1450 1968 1517 disse,
2001 1469 2262 1525 quorum
2304 1458 2600 1514 cadavera
2646 1465 2708 1515 ut
2749 1465 3023 1532 poterant
3063 1464 3453 1521 tumulavere.

1791 1539 1879 1594 Ab
1910 1540 2392 1600 adversariorum
2418 1563 2661 1619 quoque
2680 1549 2968 1604 membris
2995 1551 3298 1608 abradunt
3321 1570 3458 1626 spo-

1790 1629 1890 1700 lia,
1909 1631 2112 1687 bestiis
2138 1638 2194 1690 et
2215 1636 2432 1692 avibus
2457 1653 2668 1694 eorum
2696 1639 3096 1712 relinquentes
3116 1643 3450 1711 morticina,

6 1733 139 1799 bat,
189 1730 343 1785 dans
369 1735 604 1797 tergum
632 1727 924 1796 hostibus,
959 1743 1247 1795 magnam
1274 1731 1502 1799 partem
1534 1724 1683 1779 mili-
1715 1739 1753 1792 Β
1793 1725 1848 1775 et
1880 1720 1957 1776 ad
1999 1739 2184 1778 naves
2242 1726 2579 1794 redeuntes,
2635 1728 3126 1802 Londoniamque
3182 1738 3452 1804 repeten-

5 1829 144 1877 tum
177 1820 332 1876 bello
364 1819 702 1874 fraudabat.
735 1822 817 1884 Et,
854 1823 917 1873 ut
947 1818 1195 1890 quidam
1223 1818 1408 1882 aiunt,
1425 1817 1538 1871 hoc
1560 1831 1682 1870 non

5 1928 206 1967 causa
249 1911 368 1979 egit
398 1910 647 1978 timoris,
681 1909 786 1963 sed
835 1908 1192 1976 dolositatis,
1225 1913 1288 1963 ut
1316 1913 1525 1980 postea
1564 1906 1683 1961 cla-

6 2001 153 2066 ruit,
196 1999 341 2073 quia
364 1999 478 2054 hoc
510 2015 649 2054 eum
677 1998 832 2054 clam
866 1998 1043 2053 [lanis
1074 1998 1441 2069 promisisse,
1487 1996 1686 2051 nescio

5 2107 144 2164 quo
184 2105 295 2162 pro
327 2087 638 2152 beneﬁcio,
685 2087 930 2143 assertio
974 2087 1301 2142 multorum
1331 2085 1490 2141 dicit.
1524 2089 1686 2141 Tunc

11 2179 378 2235 Edmundus
419 2179 531 2233 hoc
579 2177 828 2233 intuitus
861 2182 917 2232 et
957 2176 1221 2248 undique
1263 2175 1683 2244 angustiatus:

9 2293 37 2317 ‹‹
91 2272 137 2324 Ο
172 2267 364 2337 Angli,
406 2267 615 2339 inquit.
651 2272 753 2322 aut
783 2267 959 2322 hodie
994 2265 1308 2322 bellabitis.
1336 2271 1438 2320 aut
1477 2281 1688 2320 omnes

10 2375 145 2412 una
177 2357 236 2411 in
269 2355 636 2411 deditionem
664 2355 839 2410 ibitis.
877 2356 1144 2420 Pugnate
1175 2353 1354 2423 igitur
1379 2369 1487 2425 pro
1521 2352 1690 2407 liber-

10 2452 138 2503 tate
183 2457 240 2501 et
271 2445 484 2518 patria,
519 2444 621 2499 viri
655 2443 900 2499 cordati.
938 2443 997 2498 Hi
1030 2443 1254 2515 quippe
1285 2445 1387 2515 qui
1433 2442 1687 2512 fugiunt,

11 2540 228 2606 utpote
276 2533 666 2598 formidolosi,
707 2533 754 2587 si
779 2548 900 2588 non
931 2531 1184 2596 abirent,
1205 2535 1402 2586 essent
1443 2530 1691 2603 impedi-

6 2628 229 2679 mento
259 2623 559 2679 exercitui.
591 2646 616 2670 ν
653 2625 714 2676 Et
741 2621 864 2676 haec
899 2621 1124 2687 dicens,
1149 2620 1209 2675 in
1236 2619 1467 2675 medios
1496 2620 1689 2690 ingre-

6 2715 183 2768 ditur
211 2713 432 2776 hostes,
462 2713 934 2784 circumquaque
961 2710 1198 2765 c:edens
1222 2709 1687 2777 Danos,nobiles

6 2805 136 2858 hoc
166 2801 446 2874 exemplo
477 2817 619 2856 suos
649 2800 907 2856 reddens
937 2801 1012 2855 ad
1055 2799 1404 2855 bellandum
1450 2799 1689 2870 pronio-

6 2909 136 2947 res.
174 2890 574 2946 Commissum
607 2894 695 2944 est
724 2905 866 2959 ergo
909 2889 1181 2960 praelium
1234 2888 1507 2960 pedestre
1560 2903 1692 2957 gra-

6 2980 359 3046 vissimum,
393 2980 539 3034 dum
575 2978 719 3034 Dani
743 2978 875 3033 licet
904 2977 1218 3050 pauciores
1246 2977 1429 3032 nescii
1455 2976 1686 3045 cedere,

1798 1816 1900 1876 tes,
1955 1812 2194 1868 saniora
2221 1814 2350 1870 .sibi
2394 1822 2675 1888 quaerunt
2740 1819 3010 1875 consilia.
3079 1820 3354 1877 Similiter
3400 1828 3458 1879 et

1793 1900 1966 1970 Angli
2020 1919 2128 1958 suo
2173 1920 2312 1959 cum
2361 1905 2627 1978 principe
2660 1907 2770 1962 sibi
2821 1909 3142 1965 consulunt
3191 1916 3248 1967 et
3277 1929 3458 1985 super

1796 1990 1907 2045 hoc
1937 1992 2156 2061 negotii
2189 1994 2289 2048 Dei
2337 1996 2625 2052 auxilium
2674 2005 2970 2070 quierunt,
3004 2005 3068 2054 ut
3097 2000 3200 2072 qui
3245 2002 3457 2058 totiens

1795 2080 1980 2135 armis
2014 2087 2153 2137 sunt
2178 2083 2414 2150 devicti,
2443 2085 2654 2141 saltem
2686 2087 2888 2160 aliquo
2911 2088 3160 2144 consilio
3194 2090 3460 2146 valerent

1795 2184 2104 2225 remanere
2136 2172 2381 2228 suffulti.
2414 2177 2545 2230 lam
2571 2175 2751 2232 etiam
2781 2177 3044 2244 Edricus,
3078 2178 3180 2250 qui
3213 2185 3392 2236 antea
3423 2196 3457 2234 a

1796 2257 1954 2314 bello
1985 2261 2225 2316 recessit
2264 2263 2576 2334 profugus,
2609 2265 2687 2320 ad
2717 2266 3037 2322 dominum
3069 2285 3248 2324 suum
3279 2275 3335 2326 et
3385 2269 3462 2325 ad

1799 2347 1994 2402 socios
2017 2349 2190 2404 rediit
2213 2353 2270 2405 et
2295 2356 2608 2423 susceptus
2640 2358 2747 2423 est,
2780 2355 2924 2427 quia
2947 2355 3034 2410 vir
3062 2356 3206 2412 boni
3234 2358 3464 2413 consilii

1799 2435 1924 2491 fuit.
1958 2441 2008 2492 Is
2037 2454 2289 2508 surgens
2320 2440 2379 2494 in
2410 2441 2610 2496 medio
2643 2444 2903 2513 agmine,
2939 2460 3152 2501 omnes
3183 2446 3283 2501 tali
3314 2447 3460 2502 allo-

1799 2530 1970 2580 cutus
2010 2532 2098 2582 est
2145 2544 2462 2584 sermone:
2517 2553 2542 2577 ‹‹
2583 2531 2732 2586 Licet
2775 2533 3058 2588 omnibus
3088 2550 3241 2606 pene
3289 2536 3460 2590 vobis

1800 2615 1911 2669 sim
1958 2616 2208 2687 invisus,
2239 2619 2394 2690 quia
2449 2620 2604 2675 bello
2663 2621 2833 2686 cessi,
2891 2627 3088 2678 tamen
3146 2624 3193 2679 si
3251 2626 3460 2680 vestris

1800 2705 2029 2762 sederet
2059 2706 2275 2762 animis
2309 2708 2479 2763 dictis
2511 2727 2718 2781 parere
2748 2711 2862 2766 mei
2897 2713 3148 2784 consilii,
3185 2715 3459 2770 victorio-

1801 2794 1984 2850 siores
2016 2794 2168 2850 efﬁci
2203 2813 2335 2853 meo
2367 2800 2640 2855 consultu
2668 2803 2942 2873 possetis,
2969 2818 3155 2873 quam
3203 2804 3252 2859 si
3285 2805 3460 2860 totius

1800 2887 1967 2939 terra:
1992 2885 2083 2940 his
2109 2885 2247 2941 viris
2278 2887 2626 2944 resisteretis
2659 2891 2861 2946 armis.
2890 2891 3039 2947 Satis
3070 2893 3231 2949 enim
3264 2895 3459 2950 Dano-

1799 2990 1933 3030 rum
1965 2976 2242 3032 victorias
2273 2984 2573 3050 expertus,
2608 2979 2825 3035 frustra
2858 2997 2967 3035 nos
2997 2983 3166 3037 reniti
3211 2984 3460 3039 omnino

6 3070 226 3139 magis
259 3069 538 3137 eligerent
569 3067 1036 3123 internecionem
1065 3082 1252 3138 quam
1277 3066 1431 3136 fugae
1464 3066 1692 3138 pericu-
1721 3094 1762 3148 ο
1802 3064 1944 3132 scio,
1985 3070 2042 3120 et
2091 3066 2171 3121 ob
2221 3067 2336 3122 hoc
2381 3085 2477 3124 me
2524 3069 2793 3124 subtraxi
2837 3086 2874 3125 a
2919 3072 3144 3143 praelio,
3197 3078 3258 3128 ut
3288 3073 3461 3129 vobis

6 3161 176 3215 lum.
205 3159 502 3214 Resistunt
525 3159 724 3230 itaque
753 3156 991 3212 viriliter
1020 3163 1075 3211 et
1095 3155 1368 3229 praelium
1393 3156 1543 3212 hora
1573 3154 1690 3210 diei

6 3265 192 3306 nona
219 3254 483 3321 coeptum
507 3249 737 3304 ducunt
759 3247 818 3302 in
845 3262 1180 3318 vesperam,
1198 3262 1262 3301 se
1294 3244 1506 3314 gladiis
1523 3244 1690 3300 haud

6 3343 246 3412 sponte
277 3342 675 3410 opponentes,
709 3336 816 3391 sed
845 3335 1183 3405 gladiorum
1217 3334 1438 3390 aculeis
1484 3333 1690 3390 valun-

6 3428 215 3482 tarius
241 3427 576 3498 [valentius]
607 3425 755 3482 alios
789 3429 1086 3494 urgentes.
1122 3424 1357 3479 Cadunt
1382 3424 1690 3495 utriusque

5 3516 213 3591 partis
259 3515 492 3582 armati,
537 3515 671 3587 plus
701 3518 903 3570 tamen
942 3513 1073 3583 ejus
1105 3529 1241 3584 qua:
1282 3517 1406 3567 erat
1437 3527 1690 3566 numero

5 3605 424 3662 eminentiori.
458 3609 528 3660 At
551 3604 654 3660 ubi
680 3604 808 3675 jam
841 3602 1271 3673 advesperante
1306 3600 1496 3657 noctis
1525 3601 1692 3655 ades-

5 3702 160 3752 sent
210 3700 502 3768 tempora,
551 3693 736 3750 vincit
785 3709 955 3750 amor
995 3691 1255 3747 victoriae
1306 3690 1687 3746 tenebrarum

5 3785 439 3846 incommoda.
482 3784 626 3858 quia
668 3799 865 3856 neque
907 3782 1235 3838 horrebant
1278 3780 1576 3845 tenebras,
1610 3779 1694 3834 in-

5 3881 223 3932 stante
245 3891 388 3931 cura
413 3874 664 3944 majore,
683 3888 878 3944 neque
904 3871 1085 3927 etiam
1107 3870 1266 3926 nocti
1288 3869 1696 3938 dignabantur

6 3963 326 4030 3edere,in
340 3963 574 4019 hostem
603 3967 835 4020 tantum
861 3962 1005 4016 dum
1031 3959 1324 4016 ardebant
1352 3958 1692 4031 praevalere.

5 4061 84 4112 Et
117 4054 238 4110 nisi
276 4053 420 4109 luna
445 4052 780 4109 clarescens
813 4051 1014 4124 ipsum
1045 4053 1409 4106 monstraret
1437 4049 1693 4114 hostem,

6 4142 557 4216 :zederetquisque
589 4158 767 4198 suum
788 4140 1359 4206 commilitonem,ut
1389 4137 1698 4193 inimicum

5 4235 430 4301 resistentem,
486 4232 806 4305 nullusque
844 4231 1151 4303 utriusque
1202 4230 1387 4303 partis
1429 4227 1697 4302 supervi-

5 4329 223 4392 veret,
256 4323 369 4378 nisi
399 4339 580 4396 quem
611 4322 776 4392 fulga
792 4321 1109 4377 salvasset.
1130 4324 1359 4375 Interea
1390 4322 1701 4392 coeperunt

1800 3155 2190 3226 postmodum
2220 3156 2571 3228 prodessem
2613 3158 2882 3225 consilio,
2928 3176 3051 3216 non
3083 3166 3147 3216 ut
3176 3178 3282 3218 vos
3314 3163 3465 3217 aesti-

1802 3243 1998 3311 matis,
2042 3244 2351 3316 perculsus
2383 3245 2593 3302 timore
2625 3247 2848 3319 aliquo.
2886 3251 3034 3304 Dum
3065 3250 3223 3305 enim
3254 3252 3464 3307 scirem

1801 3347 2043 3388 necesse
2087 3350 2214 3388 esse
2248 3350 2342 3389 me
2375 3334 2598 3403 fugere,
2633 3335 2777 3408 quid
2808 3337 2992 3392 satius
3037 3338 3164 3404 fuit,
3197 3345 3298 3395 aut
3341 3341 3466 3395 vul-

1802 3428 2102 3490 neratum,
2135 3429 2239 3478 aut
2268 3439 2483 3479 sanum
2529 3425 2804 3480 recedere
2830 3427 2857 3480 ?
2902 3429 2998 3481 Est
3036 3428 3246 3498 procul
3277 3429 3464 3485 dubio

1802 3517 1963 3568 certa
2007 3512 2254 3567 victoria
2301 3512 2603 3568 interdum
2659 3513 2736 3568 ab
2793 3514 3020 3569 fortiori
3083 3517 3251 3572 hoste
3310 3518 3465 3574 elabi

1801 3601 1962 3670 fuga,
1989 3600 2080 3656 cui
2113 3600 2319 3672 nequit
2346 3601 2535 3656 resisti
2560 3618 2669 3674 per
2693 3618 2882 3658 arma.
2907 3603 3124 3659 Omnes
3149 3606 3310 3661 enim
3359 3607 3463 3679 qui

1803 3690 2118 3755 adsumus,
2151 3690 2303 3762 proh
2333 3689 2540 3745 dolor!
2585 3690 2868 3760 fugimus.
2911 3693 3022 3748 Sed
3052 3709 3126 3749 ne
3159 3693 3254 3750 hic
3284 3712 3462 3751 casus

1803 3780 1976 3835 vobis
2007 3779 2242 3834 eveniat
2293 3779 2560 3850 ulterius,
2592 3780 2831 3837 dextras
2881 3782 3059 3838 Danis
3107 3783 3341 3856 demus,
3378 3790 3459 3852 ut,

1803 3868 1970 3941 ipsos
2021 3867 2343 3923 foederatos
2382 3867 2692 3938 habentes,
2743 3869 2953 3939 fugam
3010 3872 3464 3946 periculumque

1804 3957 2099 4013 bellorum
2159 3957 2243 4012 sic
2295 3956 2508 4012 saltem
2560 3958 2950 4016 declinemus.
3014 3965 3287 4017 Attamen
3353 3963 3464 4018 hoc

1807 4048 1972 4103 aliter
2019 4046 2227 4118 nequit
2268 4045 2416 4118 ﬁeri,
2447 4048 2565 4103 nisi
2614 4049 2906 4105 divisione
2939 4051 3109 4121 regni
3155 4053 3361 4109 nostri.
3406 4055 3470 4108 Et

1807 4137 2021 4194 melius
2048 4153 2181 4192 esse
2203 4137 2430 4208 judico,
2465 4142 2528 4193 ut
2554 4139 2934 4195 medietatem
2956 4143 3124 4208 regni
3149 4159 3250 4197 rex
3272 4148 3471 4198 noster

1808 4244 1947 4283 cum
1966 4242 2113 4299 pace
2135 4225 2375 4293 habeat,
2397 4242 2582 4297 quam
2609 4233 2795 4282 totum
2819 4229 3038 4300 pariter
3054 4230 3269 4284 invitus
3297 4233 3468 4287 amit-

1809 4321 1911 4372 tat.
1947 4339 1974 4364 ››
2020 4314 2243 4371 Placuit
2269 4329 2466 4368 sermo
2498 4314 2911 4386 optimatibus,
2961 4322 3036 4385 et,
3064 4317 3199 4372 licet
3228 4318 3466 4384 invitus,

5 4414 208 4484 Angli
249 4413 502 4483 fatigari,
535 4412 946 4486 paulatimque
974 4411 1181 4478 fugam
1226 4409 1519 4474 meditari,
1550 4409 1696 4463 dum
1728 4451 1774 4505 Β
1811 4406 1925 4460 hoc
1977 4409 2175 4502 tamen
2225 4402 2436 4501 annuit
2476 4403 2879 4505 ‘Edmundus;
2929 4405 3249 4477 electisque
3298 4407 3472 4463 inter-

11 4508 340 4563 ntuentur
368 4505 564 4559 Danos
596 4502 657 4557 in
703 4502 817 4557 hoc
848 4499 1222 4572 conspiratos
1269 4503 1567 4570 quatenus
1598 4501 1702 4552 aut
1728 4491 1770 4505 ⁵’
1795 4492 2054 4560 ‘nuntiis,
2087 4491 2388 4564 prsemittit
2417 4491 2495 4546 ad
2525 4507 2711 4546 naves
2745 4495 3049 4562 Cnutonis,
3097 4495 3201 4567 qui
3232 4495 3470 4552 dextras

5 4596 340 4651 rincerent
369 4595 472 4647 aut
493 4607 684 4664 usque
705 4590 784 4646 ad
808 4606 998 4646 unum
1022 4604 1234 4644 omnes
1265 4603 1388 4643 una
1415 4588 1694 4660 perirent.

5 4680 406 4741 Videbantur
434 4679 594 4735 enim
633 4679 704 4734 iis
734 4683 874 4734 tunc
918 4676 1362 4732 numerosiores
1400 4680 1454 4730 et
1485 4674 1545 4729 in
1577 4679 1701 4729 tam

6 4769 272 4830 liutina
313 4769 750 4826 conﬂictatione
782 4767 1070 4824 fortiores.
1103 4766 1391 4821 Fortiores
1438 4779 1703 4836 namque

1811 4582 1990 4638 Danis
2023 4581 2166 4636 dent
2210 4585 2268 4636 et
2297 4581 2593 4653 accipiant
2637 4581 2715 4636 ab
2742 4581 2844 4636 eis.
2876 4584 3036 4647 Quos
3078 4583 3180 4638 ubi
3209 4586 3469 4656 primum

1812 4671 1958 4730 Dani
2009 4671 2308 4726 venientes
2357 4671 2681 4738 intuentur,
2731 4671 3138 4743 exploratores
3189 4689 3291 4729 eos
3343 4691 3471 4730 esse

1812 4761 2215 4834 suspicantur,
2273 4760 2376 4814 sed
2415 4765 2738 4832 postquam
2786 4761 3036 4833 propius
3101 4778 3203 4817 eos
3271 4763 3476 4820 vident

1814 4850 2119 4920 accedere,
2151 4849 2449 4907 accersitis
2489 4849 2572 4904 eis
2610 4850 2906 4922 quidnam
2945 4851 3308 4923 quaesierunt
3356 4853 3471 4908 orsi

1815 4944 1953 4995 sunt
1980 4939 2256 5008 rogitare.
2294 4939 2560 4993 Dicentes
2588 4953 2729 4993 vero
2748 4937 2825 4993 ab
2848 4938 2931 4993 eis
2960 4954 3071 5010 pro
3102 4939 3476 4997 conﬁcienda

1814 5044 1963 5101 pace
1990 5043 2092 5082 eos
2123 5028 2344 5094 venire,
2384 5025 2652 5082 laetantes
2677 5042 2780 5082 eos
2812 5026 3024 5081 sistunt
3054 5026 3474 5098 conspectibus

1819 5117 1995 5187 regis.
2027 5120 2207 5172 Erant
2236 5116 2397 5172 enim
2427 5115 2646 5171 obnixe
2677 5119 2953 5187 optantes
2977 5130 3268 5188 prospera
3287 5115 3476 5188 pacis,

1814 5209 1943 5278 jam
1981 5206 2124 5262 lassi
2151 5205 2450 5262 bellorum
2495 5209 2551 5260 et
2580 5203 3022 5273 continuatione
3053 5204 3476 5274 navigationis.

1819 5301 1980 5352 Tunc
2024 5296 2211 5362 missi,
2263 5310 2400 5364 rege
2459 5294 2704 5368 paciﬁce
2749 5292 3048 5348 salutato:
3132 5318 3156 5341 ‹‹
3208 5293 3484 5351 Miserunt

1821 5402 1954 5453 nos,
1990 5384 2290 5457 inquiunt,
2325 5383 2404 5439 ad
2427 5390 2498 5450 te,
2523 5400 2559 5439 o
2589 5399 2712 5452 rex,
2743 5382 3020 5455 princeps
3051 5387 3252 5439 noster
3268 5389 3325 5440 et
3354 5400 3487 5457 pro-

1824 5490 2028 5530 cerum
2056 5477 2396 5528 nostrorum
2429 5471 2767 5537 multitudo,
2815 5475 2879 5526 ut
2909 5473 3249 5528 consentias
3297 5475 3379 5529 eis
3414 5475 3486 5528 de

1824 5580 1992 5638 pace,
2027 5569 2081 5618 et
2109 5561 2263 5617 datis
2293 5560 2471 5616 nobis
2513 5560 2734 5616 dextris
2767 5564 2823 5615 et
2848 5559 3188 5631 obsidibus,
3233 5581 3268 5620 a
3315 5565 3488 5620 nobis

5 4879 138 4922 sos
170 4859 554 4916 aestimabant
575 4874 718 4915 vera
751 4857 1111 4930 suspicione,
1139 4855 1284 4928 quia
1304 4855 1427 4927 jam
1453 4853 1706 4909 stimulis

5 4949 180 5010 'erri
221 4948 590 5015 commoniti,
624 4963 896 5019 casuque
942 4960 1190 5000 suorum
1244 4943 1460 4999 turbati
1512 4941 1705 5011 magis

5 5037 404 5100 ridebantur
471 5036 676 5092 saevire
741 5051 928 5108 quam
988 5034 1230 5090 bellare.
1295 5032 1456 5088 Unde
1510 5030 1705 5100 Angli,

11 5144 212 5199 erga
233 5131 556 5196 vertentes,
583 5127 696 5183 hac
725 5130 783 5182 et
811 5125 910 5181 illa
950 5123 1206 5194 fugitant
1234 5122 1467 5194 absque
1515 5136 1706 5186 mora,

5 5232 282 5290 semper
334 5220 470 5272 ante
528 5215 942 5272 adversarium
998 5213 1299 5279 cadentes,
1357 5210 1710 5282 adduntque

6 5318 230 5371 tecus
291 5306 576 5362 Cnutonis
632 5311 687 5360 et
735 5303 1016 5368 victoriis,
1065 5302 1346 5358 decorate
1393 5299 1712 5356 Edmundo

5 5398 306 5473 'ugiente
347 5395 638 5469 principe.
683 5395 794 5462 Qui
823 5395 959 5450 licet
986 5393 1252 5449 devictus
1285 5389 1716 5447 valentioribus

5 5489 266 5552 gedens
281 5485 602 5551 recederet,
620 5489 822 5540 tamen
853 5483 1053 5540 adhuc
1082 5497 1206 5537 non
1238 5480 1477 5553 penitus
1509 5479 1719 5551 despe-

5 5593 210 5642 -ans,
262 5574 400 5630 tutis
435 5590 496 5630 se
535 5573 836 5630 commisit
872 5572 1039 5638 locis,
1082 5575 1147 5627 ut
1188 5571 1458 5637 demum,
1490 5567 1717 5624 fortiori

5 5663 430 5734 nultitudine
478 5663 741 5729 collecta,
797 5663 1013 5718 iterum
1070 5659 1435 5733 experiretur
1483 5657 1528 5713 si
1567 5657 1717 5730 quid
1824 5652 2030 5709 itidem
2060 5650 2312 5722 recipias
2345 5667 2484 5704 cum
2521 5649 2687 5720 regni
2715 5649 3053 5707 medietate.
3083 5653 3396 5709 Dominare
3425 5653 3481 5706 in

5 5762 200 5824 orte
232 5753 346 5812 sibi
372 5751 518 5822 boni
548 5752 867 5810 succedere
895 5754 1116 5827 posset.
1148 5753 1220 5806 At
1250 5747 1396 5807 Dani
1425 5745 1717 5823 fugientes
1826 5740 2054 5798 boreali
2082 5743 2248 5813 parte
2305 5755 2445 5795 cum
2496 5737 2734 5812 quiete;
2790 5755 2822 5796 e
2878 5739 3123 5810 regione
3162 5747 3361 5796 autem
3418 5740 3491 5794 sit

485 5845 736 5903 Pauci.
775 5844 950 5902 CXLI.
3031 5833 3100 5886 ιι
