3836 6474
372 260 515 322 τηετ

1598 260 1803 317 eum
1842 250 2121 313 necum
2158 246 2559 317 ANeLonUM.

3721 260 3827 316 1381

377 393 587 444 noster
644 387 949 443 Emundus
1004 386 1066 442 in
1122 386 1341 441 ﬁnibus
1394 384 1737 440 meridianae
1802 380 2013 453 plagae.
2050 382 2095 434 Α
2123 381 2299 449 jussit
2324 381 2638 455 inquirere,
2680 388 2745 439 ut
2770 384 3082 443 inventam
3108 386 3272 442 hanc
3304 381 3634 455 lcgaliter
3662 388 3830 454 acqui-

379 476 568 548 Hujus
599 476 683 531 rei
712 475 899 545 gratia
940 475 1020 529 ad
1047 478 1101 529 te
1134 488 1341 527 sumus
1370 472 1568 541 legati,
1608 475 1671 526 tu
1701 480 1840 523 vero
1865 469 2016 523 bene

377 566 599 621 faciens
614 566 831 639 placito
852 564 1137 619 censenti.
1162 562 1455 634 Alioquin,
1479 561 1609 615 licet
1627 560 1814 614 simus
1836 555 2015 612 semel

376 660 432 711 et
467 656 679 710 iterum
729 669 764 709 a
812 652 981 707 vobis
1012 651 1169 707 bello
1216 650 1533 711 deturbati,
1579 649 1777 704 adhuc
1816 651 2014 703 tamen

375 742 587 813 majori
610 741 884 797 violentia
899 739 1320 797 reborabimur
1344 738 1656 795 vobiscum
1672 736 1965 792 bellaturi.
1986 758 2011 784 ››

373 830 599 896 Quibus
618 846 721 885 rex
746 845 867 885 non
900 836 1117 885 temere
1147 828 1489 901 rcSpeudit;
1523 827 1648 897 sed,
1679 826 1819 897 ipsis
1850 839 2014 880 ame-

370 920 467 987 tis,
486 918 798 974 consilium
827 934 861 973 a
882 918 1004 973 suis
1026 918 1315 989 qutesivit,
1332 922 1389 971 et
1406 916 1486 971 sic
1517 916 1601 969 eis
1623 912 2009 987 postmodum

370 1008 616 1079 pacitice
673 1008 987 1062 consensit.
1049 1006 1329 1060 Audierat
1378 1004 1533 1058 enim
1586 1018 1621 1057 a
1668 1002 1789 1057 suis
1846 1000 2008 1073 quod

370 1095 538 1150 multi
567 1110 811 1150 suorum
840 1094 1215 1163 defecissent,
1241 1109 1349 1147 nec
1380 1097 1502 1146 erat
1531 1091 1634 1162 qui
1663 1090 1860 1145 locum
1881 1104 2006 1143 mo-

366 1183 641 1238 rientium
686 1183 1005 1255 suppleret,
1037 1197 1175 1237 cum
1222 1182 1398 1249 longe
1440 1180 1648 1235 remoti
1689 1194 1722 1233 a
1768 1178 2008 1250 propria

366 1273 556 1343 patria
582 1278 815 1338 essent;
864 1272 1189 1339 Anglorum
1222 1286 1463 1343 quoque
1499 1284 1848 1341 quanquam
1883 1283 2007 1338 per-

364 1360 603 1432 plurimi
632 1360 1117 1425 interficerentur,
1150 1375 1436 1414 numerus
1467 1374 1673 1412 eorum
1704 1374 1822 1411 non
1852 1356 2005 1409 adeo

363 1450 762 1518 minuebatur,
812 1449 955 1521 quia
1001 1449 1061 1503 in
1094 1448 1347 1521 propriis
1390 1447 1593 1519 positis
1640 1461 1874 1517 semper
1901 1444 2002 1516 qui

360 1539 665 1594 morientis
709 1539 906 1594 locum
961 1543 1313 1593 restauraret
1351 1536 1778 1591 inveniebatur.
1828 1537 2003 1588 Revo-

361 1628 505 1682 catis
550 1627 748 1699 itaque
797 1628 1204 1682 internuntiis:
1258 1650 1283 1673 ‹‹
1322 1626 1556 1690 Vestris,
1591 1624 1781 1695 inquit
1810 1638 1931 1687 rex,
1966 1637 2001 1676 ο

353 1717 620 1784 juvenes,
650 1715 1045 1785 legationibus
1067 1715 1390 1780 consentio,
1424 1719 1497 1773 ct,
1520 1719 1602 1766 uti
1624 1712 2003 1765 dixistisme-
2033 1723 2074 1775 Β

358 1805 455 1859 dia
481 1805 627 1860 mihi
652 1805 832 1861 libere
862 1807 965 1861 erit
985 1804 1295 1875 regio.Scd
1330 1810 1528 1858 tamen
1560 1800 1999 1867 vectigaletiam

359 1909 478 1949 suae
509 1897 693 1966 partis
734 1901 927 1950 vester
953 1912 1076 1965 rex,
1117 1896 1457 1967 quicunque
1490 1892 1581 1946 illc
1614 1891 1801 1955 fuerit,
1836 1902 1998 1944 exer-

356 1983 490 2037 citui
518 1983 683 2039 dabit
712 2000 865 2039 meo.
898 1987 1015 2039 Hoc
1035 1983 1193 2038 enim
1221 1983 1299 2037 illi
1326 1982 1538 2050 debeo,
1558 1981 1811 2051 ideoque
1836 1979 2000 2034 aliter

355 2076 598 2142 pactum
629 2088 748 2126 non
780 2072 984 2128 laudo.
1017 2094 1044 2119 »

429 2160 663 2215 Fo=dere
695 2162 891 2232 itaque
924 2161 1177 2225 ﬁrmato,
1223 2159 1461 2213 obsides
1491 2159 1709 2212 dantur
1737 2156 1812 2211 ab
1844 2159 1997 2209 utra-

354 2262 472 2319 que
500 2253 687 2319 parte,
708 2254 763 2303 et
794 2249 875 2302 sic
907 2249 1194 2303 exercitus
1211 2248 1436 2301 solutus
1460 2246 1751 2301 bellorum
1784 2244 1999 2315 iinper-

355 2336 619 2401 tunitate,
654 2343 855 2409 optata
897 2338 1060 2392 laetus
1090 2338 1331 2409 ponitur
1361 2351 1525 2406 pace.
1560 2338 1997 2387 Verumtamen)

357 2429 508 2480 Deus
539 2443 768 2482 memor
800 2445 920 2481 suae
948 2427 1206 2498 antiquae
1239 2426 1540 2483 doctrinm.
1575 2424 1791 2478 scilicet
1822 2437 1997 2477 omne

356 2530 606 2583 regnum
652 2516 712 2571 in
746 2516 1008 2588 seipsum
1062 2516 1300 2569 dvisum
1349 2515 1451 2567 diu
1498 2529 1845 2584 permanere
1876 2528 1997 2565 non

354 2619 549 2675 posse,
585 2621 704 2660 non
735 2605 915 2674 longe
940 2610 1075 2678 post
1100 2610 1365 2675 tempore
1394 2602 1771 2657 Edmundum
1798 2601 1999 2655 eduxit

357 2710 387 2748 e
410 2710 677 2766 corpore,
706 2695 1034 2763 Anglorum
1066 2695 1338 2748 misertus
1370 2692 1619 2762 imperii,
1671 2707 1743 2744 ne
1775 2690 1920 2744 forte
1952 2690 1999 2743 si

356 2787 601 2855 uterque
643 2784 1060 2854 superviveret,
1116 2787 1323 2837 neuter
1372 2786 1645 2844 remiaret
1694 2795 1897 2835 secure
1946 2784 1999 2834 et

357 2886 607 2940 regnum
633 2871 839 2926 diatim
860 2870 1284 2926 adnihilaretur
1302 2875 1578 2923 renovata
1604 2868 1995 2923 contentione.

360 2960 677 3015 Defunctus
720 2966 919 3015 autem
969 2959 1163 3027 regius
1214 2958 1449 3028 juvenis
1488 2958 1649 3026 regio
1677 2958 2001 3011 tumulatur

358 3047 630 3118 sepulcro
659 3047 907 3103 deﬂetus
949 3048 1052 3103 diu
1092 3048 1465 3119 multumque
1518 3060 1551 3100 a
1590 3046 1871 3118 patriensi
1901 3062 2002 3117 pe-
2040 3070 2079 3124 ρ

361 3134 525 3206 pulo,
556 3136 650 3190 cui
688 3137 842 3190 Deus
880 3151 1059 3190 omne
1111 3134 1395 3204 gaudium
1446 3133 1662 3188 tribuat
1690 3133 1750 3187 in
1782 3133 2001 3187 caelesti

361 3222 528 3278 solio.
577 3224 755 3293 Cujus
799 3224 876 3277 rei
930 3224 1115 3291 gratia
1165 3238 1300 3276 eum
1356 3226 1503 3274 lteus
1533 3221 1765 3290 jusserit
1816 3220 1998 3285 obire,

361 3326 501 3366 mox
563 3312 777 3367 deinde
842 3313 1048 3385 patuit.
1102 3312 1246 3384 quia
1302 3312 1575 3365 universa
1631 3311 1795 3375 regie
1850 3310 2002 3364 illiee

358 3404 691 3456 tinutonem
735 3401 846 3456 sibi
890 3417 1089 3470 regem
1121 3398 1311 3468 elegit,
1345 3405 1395 3454 et
1430 3416 1521 3454 eui
1553 3404 1685 3453 ante
1717 3400 1877 3453 omni
1910 3416 2001 3453 ee-

362 3490 601 3544 namine
620 3490 987 3558 restitit,tum
1021 3494 1229 3562 sponte
1255 3503 1363 3542 sua
1393 3504 1452 3543 se
1480 3488 1559 3542 illi
1590 3494 1641 3543 et
1667 3488 1869 3543 omnia
1893 3504 2001 3542 sua

360 3578 642 3634 subdidit.

430 3670 583 3737 Ergo
594 3669 971 3723 miseratione
985 3667 1186 3721 divina
1207 3667 1620 3721 menareliiam
1634 3666 1796 3735 regni
1816 3672 1937 3721 una
1949 3671 2003 3721 to

362 3757 448 3812 vir
476 3763 750 3813 strenuus
776 3756 1053 3827 suscepit,
1086 3754 1141 3811 et
1166 3755 1441 3810 nobiliter
1466 3753 1647 3809 duces
1674 3760 1726 3809 et
1758 3755 2002 3810 comites

362 3859 501 3901 suos
532 3845 847 3916 disposuit,
875 3848 929 3899 et
953 3843 1073 3898 ﬁne
1105 3849 1274 3898 tenus
1303 3842 1583 3914 deinceps
1607 3856 1858 3911 regnum
1890 3846 2009 3898 An-

364 3933 599 4003 glorum
626 3931 872 4003 paciﬁce
902 3932 1257 3986 tenuit.Ei-at
1282 3935 1478 3984 autem
1504 3930 1699 3986 adhuc
1715 3932 2005 4002 primaeva

358 4025 532 4076 'aetate
568 4020 806 4087 ﬂorens,
839 4020 938 4073 sed
980 4023 1179 4074 tamen
1210 4019 1494 4074 indicibili
1528 4018 1845 4092 prudentia
1873 4020 2005 4093 pel-

362 4108 509 4164 lens.
546 4107 708 4163 Unde
753 4108 995 4175 contigit
1024 4113 1087 4162 ut
1140 4122 1241 4162 eos
1288 4108 1441 4179 quos
1471 4112 1644 4163 antea
1690 4108 2005 4164 Edmunde

366 4198 487 4252 sine
510 4196 647 4253 dolo
668 4196 914 4251 ﬁdeliter
939 4196 1187 4251 militare
1210 4197 1498 4263 audierat,
1518 4192 1802 4263 diligeret,
1826 4202 1883 4251 et
1903 4212 2004 4252 eos

362 4299 514 4359 quos
553 4284 838 4341 subdolos
867 4284 1075 4340 scierat
1114 4291 1290 4357 atque
1317 4290 1581 4357 tempore
1603 4284 1738 4339 belli
1768 4286 1825 4340 in
1850 4290 2005 4340 utra-

362 4391 479 4447 que
508 4380 677 4448 parte
722 4374 1101 4430 fraudulenta
1151 4374 1628 4443 tergiversatione
1675 4370 2003 4447 pendentes

362 4466 499 4520 odio
524 4465 769 4521 haberet
792 4484 805 4532 ;
848 4462 999 4519 adeo
1026 4468 1092 4518 ut
1121 4463 1338 4518 multos
1364 4463 1705 4535 principum
1735 4464 2002 4537 quadam

361 4552 455 4608 die
494 4552 761 4609 occidere
808 4567 919 4624 pro
966 4551 1313 4621 hujusmodi
1362 4550 1501 4607 dole
1544 4548 1796 4621 juberet.
1846 4548 2003 4607 Inter

360 4654 512 4712 ques
542 4641 785 4697 Edricus
813 4642 913 4713 qui
946 4657 981 4695 a
1008 4640 1163 4695 bello
1192 4639 1445 4709 fugerat,
1465 4656 1602 4696 cum
1622 4640 1870 4713 praemia
1887 4654 1999 4713 pro

359 4730 472 4807 hoc
522 4730 655 4802 ipse
704 4744 745 4786 ‘a
798 4744 935 4797 rege
984 4727 1329 4800 postularet,
1380 4745 1450 4784 ac
1481 4729 1527 4784 si
1576 4729 1689 4783 hoc
1716 4740 1828 4799 pro
1868 4728 1999 4799 ejus

357 4818 603 4875 victoria
628 4818 863 4874 fecisset
896 4836 908 4883 ;
940 4832 1043 4871 rex
1075 4817 1405 4873 subtristis:
1465 4816 1631 4881 «Qui
1661 4816 1995 4885 dominum,

358 4906 566 4980 inquit,
594 4911 765 4963 tuum
792 4905 1073 4978 decepisti
1101 4902 1486 4971 fraude,mihi
1512 4919 1585 4958 ne
1614 4905 1835 4974 poteris
1856 4905 2000 4961 ﬁde-

354 4995 427 5051 lis
460 5013 586 5052 esse
607 4998 634 5052 ?
666 4994 1006 5067 Rependam
1036 4993 1140 5049 tibi
1169 4993 1468 5063 condigna
1495 4992 1763 5064 prtemia,
1794 4993 1899 5048 sed
1929 5008 1999 5050 ea

355 5102 430 5141 ne
454 5086 744 5157 deinceps
772 5083 879 5140 tibi
914 5083 1149 5157 placeat
1195 5082 1445 5138 fallacia.
1479 5103 1507 5131 »
1548 5082 1615 5135 Et
1644 5081 1804 5136 Erice
1846 5078 1996 5139 duce

358 5190 465 5228 suo
490 5180 721 5230 vocate.
753 5197 777 5221 ‹‹
824 5172 983 5239 Huic,
1010 5171 1110 5241 ait,
1143 5166 1307 5244 quod
1336 5170 1627 5226 debemus
1654 5171 1995 5241 persolvite,

356 5260 625 5317 videlicet
652 5277 726 5317 ne
756 5276 866 5316 nes
897 5256 1173 5331 decipiat,
1223 5258 1494 5314 occidito.
1528 5280 1553 5306 ››
1600 5254 1697 5311 Ille
1725 5274 1866 5314 vero
1914 5260 1997 5315 nil

358 5355 640 5417 moratus,
666 5350 990 5421 bipennem
1021 5346 1242 5413 extulit,
1263 5347 1434 5420 eique
1462 5347 1581 5402 ictu
1596 5344 1794 5401 valide
1820 5354 1999 5421 caput

359 5438 705 5505 amputavit,
721 5440 786 5490 ut
812 5436 927 5490 hee
956 5433 1229 5508 exemplo
1255 5436 1486 5491 discant
1515 5434 1727 5490 milites
1756 5436 1994 5503 regibus

359 5521 481 5576 suis
512 5538 642 5576 esse
670 5521 894 5587 ﬁdeles,
916 5537 1040 5578 non
1067 5523 1354 5578 inﬁdeles.

429 5607 718 5663 Omnibus
772 5606 970 5679 itaque
1021 5610 1130 5665 rite
1173 5609 1494 5683 dispositis,
1533 5608 1620 5664 nil
1662 5610 1782 5677 regi
1814 5610 1998 5668 defuit

359 5690 585 5763 absque
622 5686 995 5748 nobilissima
1043 5694 1319 5767 conjuge,
1370 5696 1555 5769 quam
1600 5693 1827 5766 ubique
1883 5695 1997 5751 sibi

2124 475 2276 525 reret
2308 475 2360 526 et
2400 471 2687 543 adeptam
2739 472 2970 545 imperii
3017 473 3108 529 sui
3158 479 3561 529 consortem
3613 470 3819 525 faceret

2125 556 2305 626 Igitur
2333 575 2438 630 per
2466 572 2651 629 regna
2678 566 2733 615 et
2762 577 2868 632 per
2891 567 3073 617 urbes
3098 562 3503 617 discurritur
3539 563 3608 615 et
3636 561 3824 628 regat-

2124 660 2345 718 sponsa
2370 650 2749 722 perquiritur,
2773 651 2878 705 sed
2910 651 3088 721 longe
3109 651 3369 723 lateque
3411 650 3733 723 qnasita.
3760 652 3825 703 Ti!

2122 736 2362 792 tandem
2384 738 2566 808 digna
2590 740 2898 810 reperitur.
2926 743 3168 796 Inventa
3200 746 3298 796 est
3332 746 3511 795 Vero
3546 738 3694 794 haec
3738 739 3827 793 ini-

2118 825 2355 896 perialis
2384 840 2607 898 sponsa
2655 828 2717 882 in
2758 829 3103 885 'cenﬁnitate
3132 829 3354 885 Galliae
3394 834 3467 885 et
3528 826 3825 900 praecipue

2118 913 2177 968 in
2206 915 2703 971 Nertbmannensi
2748 918 2991 987 regione
3016 920 3205 991 stirpe
3239 924 3302 974 et
3334 917 3607 990 Opibus
3634 916 3825 972 ditissi-

2117 1017 2238 1069 ma,
2270 1004 2373 1058 sed
2408 1010 2601 1060 tamen
2650 1006 3110 1078 pulchritudinis
3149 1012 3209 1063 et
3238 1006 3638 1080 prudentiae
3666 1005 3826 1060 deler-

2117 1092 2337 1146 tamine
2368 1094 2641 1148 omnium
2684 1096 2817 1164 ejus
2858 1100 3205 1167 temporum
3266 1095 3653 1151 mulierum
3706 1108 3824 1167 praL

2116 1181 2497 1246 stantissima,
2534 1188 2735 1253 utpote
2768 1184 2976 1252 regina
3015 1184 3284 1240 famosa.
3312 1187 3613 1257 Propter
3642 1183 3822 1253 hujus

2115 1268 2345 1322 cemedi
2379 1269 2637 1337 insignia
2667 1271 2924 1325 multum
2952 1272 3375 1345 appetebatur
3406 1276 3634 1342 ai‘ege
3661 1276 3719 1326 et
3738 1280 3821 1343 pre

2112 1357 2223 1411 hoc
2256 1359 2551 1430 praecipue
2599 1358 2762 1431 que‘d
2794 1365 2918 1415 erat
2948 1362 3207 1417 oriunda
3238 1377 3320 1419 ex
3369 1361 3602 1416 vitrici
3646 1368 3821 1429 gente.

2111 1462 2244 1517 quae
2269 1446 2380 1500 sibi
2411 1453 2638 1518 partem
2672 1448 2871 1503 Galliae
2903 1449 3355 1519 vindicaverat,
3394 1451 3633 1506 invitis
3670 1452 3821 1504 Fran.

2110 1532 2331 1599 cigenis
2363 1540 2417 1588 et
2446 1546 2654 1589 eorum
2685 1534 2972 1608 principe.
3009 1538 3162 1602 Quid
3198 1538 3435 1593 multis
3467 1540 3821 1594 immorer?

2111 1622 2423 1677 mittuntur
2454 1625 2617 1695 preci
2657 1625 2733 1679 ad
2772 1626 3114 1697 dominam,
3146 1628 3517 1683 mittuntur
3561 1627 3821 1683 donare

2111 1712 2287 1780 galia,
2320 1713 2633 1768 mittuntur
2662 1715 2838 1770 etiam
2866 1714 3046 1771 Verba
3076 1716 3474 1788 precatoria.
3496 1718 3627 1773 Sed
3665 1718 3821 1773 abne

2110 1808 2207 1865 gat
2240 1802 2334 1856 illa
2382 1819 2444 1857 se
2496 1812 2766 1874 unquam
2799 1805 3086 1861 Cnutonis
3129 1814 3456 1878 Sponsam
3514 1807 3686 1867 ﬁeri,
3727 1808 3818 1860 uici

2108 1889 2186 1944 illi
2227 1891 2618 1960 jurejurando
2646 1892 2969 1948 aiﬁrmaret
2993 1895 3161 1967 quod
3194 1904 3560 1966 nunquam
3595 1896 3817 1950 alterius

2108 1979 2379 2048 conjugis
2411 1980 2598 2035 tilium
2649 1987 2789 2051 post
2827 1990 2889 2036 se
2920 1991 3174 2052 regnare
3208 1984 3487 2053 faceret,
3528 1986 3659 2040 nisi
3687 1986 3814 2055 ejus.

2109 2067 2157 2120 si
2203 2068 2347 2122 forte
2380 2068 2458 2123 illi
2504 2071 2657 2125 Deus
2704 2087 2776 2125 ex
2806 2086 2877 2126 eo
2906 2072 3098 2126 tilium
3141 2073 3460 2129 dedisset.
3499 2070 3817 2130 Dicebatur

2107 2156 2265 2210 enim
2306 2157 2381 2211 ab
2427 2158 2541 2213 alia
2590 2160 2857 2230 quadam
2901 2170 3005 2215 rex
3052 2159 3211 2214 ﬁlios
3245 2161 3609 2218 habuisse.
3666 2162 3812 2218 Unde

2106 2244 2203 2299 illa
2246 2246 2366 2300 suis
2406 2248 2729 2318 prudenter
2772 2249 3118 2320 providens,
3168 2250 3357 2306 scivit
3394 2251 3568 2325 ipsis
3622 2253 3812 2322 sagaci

2107 2335 2307 2389 animo
2361 2336 2668 2407 profutura
2716 2339 3147 2408 praeerdinare.
3189 2339 3453 2396 Placuit
3496 2356 3661 2411 ergo
3708 2359 3787 2409 re;

2106 2424 2355 2477 verbum
2384 2425 2645 2491 virginis,
2675 2431 2729 2480 et
2754 2428 3155 2497 jurejurando
3188 2426 3388 2493 facto,
3416 2430 3667 2501 virgini
3708 2431 3810 2503 pla-

2108 2512 2223 2565 euit
2254 2512 2527 2567 voluntas
2576 2515 2751 2583 regis.
2808 2518 2873 2570 Et
2917 2517 3024 2585 sic,
3072 2519 3196 2572 Deo
3242 2518 3530 2589 gratias,
3576 2520 3809 2574 domina

2112 2603 2318 2655 limina
2383 2603 2701 2657 mulierum
2760 2604 3136 2661 nobilissima
3206 2607 3277 2662 ﬁt
3355 2610 3619 2680 conjux
3676 2610 3808 2677 regni

2108 2688 2411 2743 fortissimi
2457 2692 2761 2745 Cnutenis.
2798 2692 3055 2748 Laetatur
3084 2692 3307 2760 Gallia,
3344 2695 3622 2752 laetatur
3652 2699 3807 2752 etiam

2110 2777 2438 2846 Anglorum
2474 2780 2684 2850 patria,
2710 2781 2854 2836 dum
2886 2786 3125 2838 tantum
3157 2782 3361 2839 decus
3394 2786 3809 2842 tranSVehitur

2108 2881 2213 2936 per
2271 2880 2532 2937 aequora.
2594 2871 2863 2936 Lzetatu'r,
2930 2870 3214 2943 inquam,
3275 2873 3523 2943 Gallia,
3598 2880 3805 2931 tantam

2112 2958 2272 3008 tante
2325 2956 2447 3023 regi
2496 2956 2743 3023 dignam
2798 2975 2859 3013 se
2911 2960 3177 3015 eniXam.
3234 2961 3625 3031 Anglorum
3689 2979 3805 3018 mo

2110 3042 2338 3097 laetatur
2380 3045 2589 3116 patria,
2636 3046 2816 3102 talem
2864 3060 2923 3103 se
2979 3050 3287 3121 recepisse
3328 3052 3404 3107 in
3463 3054 3732 3126 oppida.
3772 3054 3805 3107 Ο

2109 3147 2202 3186 res
2234 3132 2487 3187 millenis
2536 3134 2747 3189 millies
2803 3136 3015 3208 parata
3045 3138 3225 3207 votis,
3284 3140 3544 3215 vixque
3580 3142 3804 3199 tandem

2113 3220 2338 3287 effecta,
2398 3222 2745 3293 auspicante
2801 3224 2992 3291 gratia
3051 3225 3460 3284 Salvatoris!
3522 3234 3658 3287 Hoc
3706 3238 3807 3285 erat

2112 3310 2273 3379 quod
2324 3311 2641 3382 utrobique
2684 3313 3068 3369 vehem‘enter
3116 3316 3534 3386 jamdudum
3591 3321 3805 3376 deside-

2110 3402 2343 3451 raverat
2400 3402 2713 3469 exercitus,
2769 3401 2989 3458 scilicet
3040 3410 3108 3458 ut
3150 3409 3331 3462 tanta
3394 3413 3591 3465 tanto
3642 3411 3805 3471 digna

2113 3487 2287 3541 etiam
2320 3487 2502 3555 digno
2558 3490 2812 3545 maritali
2844 3492 3276 3549 convinculata
3314 3497 3516 3568 j‘ug‘o,

2114 3576 2342 3629 sedaret
2372 3581 2587 3631 metus.
2616 3577 2769 3641 Quid
2799 3579 2960 3634 enim
2989 3582 3196 3652 majus
3228 3598 3305 3638 ac
3324 3584 3805 3643 desidet-abuius

2113 3680 2242 3717 esse
2269 3671 2468 3735 posset
2497 3666 2554 3720 in
2589 3667 2756 3734 votis,
2796 3678 2983 3739 quam
3015 3669 3375 3728 damnosos
3410 3674 3803 3748 ingratusque

2112 3751 2346 3806 labores
2396 3752 2532 3808 belli
2586 3754 2823 3825 placida
2882 3757 3041 3812 tiniri
3096 3762 3583 3833 tranquillitate
3638 3766 3799 3838 paris,

2113 3856 2251 3895 cum
2297 3857 2470 3914 pares
2508 3844 2754 3914 paribus
2796 3847 2853 3899 vi
2884 3848 3157 3919 corporis
3208 3849 3599 3927 virtuteque
3646 3854 3802 3912 animi

2108 3937 2530 3986 concurrerent
2560 3934 2587 3986 ‘?
2641 3948 2901 4006 cumque
2940 3950 3103 3991 nunc
3151 3936 3239 3993 hi.
3288 3950 3481 3998 nunc
3519 3958 3676 4001 vero
3722 3943 3801 4011 illi,

2114 4017 2437 4075 alternante
2468 4036 2611 4075 casu
2645 4020 2804 4089 belii,
2838 4036 2961 4079 non
2995 4024 3123 4080 sine
3156 4034 3405 4097 magno
3442 4032 3801 4091 detrimento

2108 4106 2223 4170 sui,
2253 4107 2555 4163 vincerent
2582 4109 2610 4164 ?

2185 4197 2417 4265 Verum,
2448 4197 2553 4253 ubi
2578 4198 2783 4254 divina
2810 4200 3291 4273 dispensatione,
3340 4208 3712 4285 multisque
3742 4211 3801 4265 al-

2112 4288 2399 4339 terutrum
2430 4286 2532 4340 diu
2559 4286 2780 4342 habitis
2810 4289 3217 4359 internuntiis,
3252 4300 3556 4355 maritali
3588 4317 3657 4355 se
3700 4306 3800 4355 tan<

2031 4402 2080 4469 ὓ
2111 4371 2249 4426 dem
2266 4372 2481 4444 copula
2502 4373 2724 4469 placuit
2746 4377 3140 4469 confederari,
3157 4379 3450 4439 difﬁcile
3474 4390 3722 4443 credito
3740 4393 3800 4441 est

2109 4466 2335 4531 quanta
2350 4468 2589 4534 repente
2601 4464 2659 4518 in
2674 4464 2987 4538 utriusque
3000 4466 3169 4523 alteri
3186 4470 3264 4524 de
3282 4470 3504 4530 aitero
3518 4484 3738 4533 exorta
3755 4478 3800 4529 sit

2106 4550 2461 4619 magnitude
2489 4550 3039 4619 gaudii.Gaudebat
3059 4557 3225 4613 enim
3256 4575 3376 4615 rex
3402 4562 3800 4622 nobiﬁssimis

2106 4637 2411 4729 insperate
2442 4655 2503 4693 se
2533 4656 2708 4729 usum
2736 4641 3048 4711 thalamis;
3078 4646 3211 4701 haec
3234 4655 3468 4707 autem
3495 4653 3658 4710 hinc
3685 4670 3798 4729 pm

2107 4726 2471 4815 stantissima
2499 4728 2705 4784 virtute
2731 4731 3029 4801 conjugis,
3062 4732 3206 4789 hinc
3239 4737 3447 4795 etiam
3466 4756 3597 4815 spe
3632 4726 3798 4813 grate

2105 4813 2372 4870 labunda
2384 4817 2822 4873 accendebatur
2836 4819 3051 4876 futura:
3062 4813 3798 4894 pmhs.lnaest{mabintei

2106 4919 2346 4976 quoque
2366 4909 2614 4976 uterque
2634 4908 2934 4975 gaudebat
2956 4911 3459 4988 exercitus,opes
3481 4934 3650 4979 suas
3672 4936 3796 4979 coni

2105 4992 2391 5084 munibus
2422 5008 2669 5064 Sperans
2696 4996 3007 5066 augendas
3034 4999 3298 5069 viribus,
3318 5010 3397 5061 ut
3427 5009 3528 5064 rei
3548 5018 3796 5084 ’ροςίωὺ

2269 5081 2545 5173 probavit
2569 5084 2776 5139 exitus.
2804 5085 3211 5173 Quamplures
3242 5093 3426 5150 enim
3718 5100 3796 5155 do-

2104 5169 2229 5224 miti
2239 5169 2416 5237 bello,
2426 5177 2751 5244 gentesque
2765 5174 3108 5247 complures
3116 5172 3225 5233 Ion
3234 5186 3312 5249 ge
3335 5183 3407 5238 di
3415 5169 3679 5246 sitan-tes
3692 5192 3795 5244 vita

2102 5257 2389 5350 moribus,
2415 5259 2592 5350 etiam
2625 5266 2679 5317 et
2698 5261 2930 5331 lingua,
2946 5266 3317 5324 mternaliter
3332 5275 3486 5344 regi
3512 5280 3793 5350 regianm

2100 5346 2429 5438 posteritati
2455 5362 2657 5438 annua
2683 5351 2977 5424 compulsi
3003 5356 3145 5409 sum
3160 5342 3447 5418 εσινθηέ
3472 5342 3789 5438 ve-

2102 5433 2214 5526 S-ecl
2235 5433 2379 5526 quid
2408 5436 2702 5526 mirum,si
2727 5443 2928 5494 tantus
2954 5440 3215 5514 talisque
3235 5454 3356 5503 rex
3377 5433 3788 5526 repugnantes

2103 5521 2214 5618 sibi
2235 5522 2580 5618 dimica-nde
2597 5521 3787 5618 devincereecumquampuimﬁospe

2102 5610 2207 5706 tim
2235 5610 2467 5706 liberali
2494 5612 2830 5706 largitione,
2859 5619 3081 5689 partim
3118 5628 3612 5693 patrecinandi
3630 5610 3782 5706 grati!

2110 5697 2363 5770 imperio
2394 5714 2503 5757 suo
2530 5703 2833 5762 ultraneos
2860 5706 3248 5769 submitteret
3276 5714 3309 5770 ?
3338 5697 3669 5791 promi;
3696 5734 3780 5779 an
3816 5774 3817 5791 ξ
