3980 6412
404 307 508 361 239

1718 300 1773 352 S.
1819 299 2102 354 HENRICI
2143 297 2616 354 IMPERATORIS

3827 293 3934 344 240

405 429 667 485 ctoritate
698 445 730 482 a
761 429 875 482 Deo
934 425 1098 480 nobis
1149 421 1358 479 collata
1403 421 1669 476 roborare
1723 421 2096 476 decrevimus.
2139 421 2186 474 A
2287 420 2647 490 Engilbertus
2704 415 3074 471 cancellarius
3145 415 3263 468 vice
3342 413 3616 480 Willegisi
3663 413 3936 467 archica-

407 519 566 573 Unde
595 517 864 571 volumus
895 522 949 568 et
980 513 1520 583 lirmiterjubemus
1551 517 1848 564 utcurtem
1880 511 2104 565 Coslam

403 612 661 660 vocatam
728 620 858 658 cum
926 604 1193 656 omnibus
1220 599 1568 670 appenditiis
1601 601 1716 652 suis
1765 600 1834 653 ad
1902 603 1993 668 jus
2051 604 2106 652 et

405 694 814 765 proprietatem
869 692 1128 761 ejusdem
1175 689 1327 742 beati
1395 687 1639 757 Remigii
1699 689 2101 757 pertinentem,

404 783 551 834 infra
588 781 753 849 regni
797 779 975 832 nostri
1007 777 1284 831 terminos
1342 775 1730 840 constitutam,
1765 790 1938 844 quam
1972 790 2102 828 om-

404 868 574 922 nibus
611 873 765 921 retro
822 865 1180 936 temporibus
1227 863 1332 916 sub
1382 862 1835 915 antecessoribus
1893 861 2104 915 nostris

402 953 851 1014 beneﬁciariam,
893 968 999 1022 pro
1065 956 1214 1003 statu
1245 954 1302 1002 et
1353 948 1741 1002 incolumitate
1789 948 1952 1018 regni
2015 947 2102 1001 vel

400 1042 631 1112 imperii
659 1043 773 1106 sui,
806 1041 958 1094 idem
1010 1054 1256 1108 magnus
1313 1036 1442 1091 Otto
1498 1036 1569 1089 ad
1626 1051 1793 1089 usum
1844 1034 2103 1106 praedicti

401 1130 643 1185 coenobii
673 1131 820 1183 sicut
851 1134 906 1183 et
958 1145 1060 1183 nos
1089 1129 1260 1182 modo
1293 1127 1536 1189 remisit,
1583 1132 1638 1180 et
1670 1125 1933 1190 absolvit,
1977 1141 2099 1178 mo-

401 1219 572 1272 nachi
627 1217 841 1272 ibidem
904 1217 1018 1269 Deo
1074 1222 1387 1286 sanctoque
1446 1213 1711 1285 Remigio
1755 1213 2101 1266 famulantes

404 1307 618 1377 absque
656 1305 829 1358 ullius
874 1304 1320 1358 contradictione
1351 1307 1586 1356 teneant
1642 1307 1699 1356 et
1745 1301 2096 1372 possideant,

404 1399 460 1448 et
498 1394 777 1465 quidquid
853 1393 1116 1448 utilitatis
1165 1391 1369 1446 exinde
1409 1390 1759 1461 provenerit,
1816 1389 1934 1442 suis
1954 1395 2011 1442 et
2038 1393 2098 1442 ut

403 1483 637 1536 libuerit
687 1482 883 1536 usibus
933 1482 1270 1552 adjungant.
1307 1480 1506 1534 Nullus
1559 1479 1732 1532 etiam
1773 1478 1954 1548 judex
2008 1477 2095 1530 vel

402 1571 707 1624 advocatus
739 1571 871 1623 hinc
918 1570 1135 1640 aliquid
1193 1568 1456 1638 exigendi
1498 1568 1704 1621 habeat
1755 1571 2093 1636 potestatem

404 1659 511 1711 nisi
535 1665 813 1728 quantum
845 1658 1019 1710 abbas
1059 1662 1159 1710 aut
1189 1655 1455 1709 monachi
1507 1654 1761 1724 ejusdem
1822 1652 2090 1716 cmnobii,

404 1747 668 1800 dederint
696 1747 782 1798 vel
822 1744 1209 1815 permiserint.
1253 1745 1315 1797 Et
1347 1749 1410 1796 ut
1467 1743 1574 1796 hoc
1614 1749 1823 1795 nostra!
1857 1741 2097 1795 auctori—

405 1835 532 1888 tatis
561 1839 910 1904 przrceptum
945 1833 1175 1886 ﬁrmum
1208 1838 1262 1885 et
1294 1831 1496 1884 stabile
1553 1835 1908 1900 permaneat,
1950 1828 2097 1882 hanc

402 1923 659 1975 chartam
712 1919 998 1974 conscribi
1063 1925 1120 1972 et
1180 1918 1378 1972 annuli
1453 1920 1632 1971 nostri
1719 1916 2096 1988 impressione

403 2008 914 2077 signarijussimus
953 2022 1126 2077 quam
1160 2012 1216 2060 et
1248 2005 1481 2076 propria
1512 2021 1687 2059 manu
1737 2007 1932 2060 subter
1993 2005 2096 2058 tir-

403 2113 649 2151 manuus.

474 2185 703 2253 Signum
733 2182 918 2236 domui
950 2184 1168 2236 Henrici
1191 2184 1542 2237 invictissimi
1560 2184 1722 2250 regis.

477 2272 798 2342 Egilbertus
857 2271 1230 2324 cancellarius
1287 2271 1406 2324 vice
1462 2271 1720 2340 Willigisi
1800 2269 2098 2324 archican-

403 2360 622 2413 cellarii
652 2359 976 2429 recognovi.

479 2450 618 2503 Data
649 2467 678 2502 v
712 2450 840 2503 ldus
897 2447 1212 2518 Septemb.,
1273 2464 1424 2502 anno
1465 2448 1778 2502 Dominicaa
1831 2448 2100 2502 incarna-

405 2537 577 2590 tionis
611 2539 767 2603 1002,
800 2537 1111 2590 indictione
1140 2553 1179 2604 ι,
1228 2552 1380 2590 anno
1426 2553 1562 2590 vero
1619 2537 1844 2591 Domini
1875 2535 2100 2591 Henrici

406 2626 556 2696 regis
579 2625 784 2696 primo.
818 2628 1018 2679 Actum
1051 2623 1414 2694 Aquisgrani.

407 2804 518 2857 Rea:
577 2804 842 2856 Henricus
897 2803 948 2856 ιι
991 2801 1157 2855 donat
1224 2799 1542 2857 Godehardo
1579 2801 1768 2854 abbati
1821 2799 2101 2856 Niederal-

760 2892 962 2943 tacensi
999 2905 1184 2942 aream
1219 2889 1528 2944 Ratisbonae
1555 2892 1737 2944 sitam.

929 2978 1117 3047 (Anno
1156 2979 1309 3042 1002,
1348 2979 1410 3031 13
1440 2977 1577 3047 Jul.)

819 3065 1001 3132 [Ried,
1034 3066 1144 3122 Col.
1176 3065 1427 3134 diplom.,
1457 3065 1502 3131 Ι,
1541 3068 1682 3132 115.]

477 3156 540 3207 In
569 3153 803 3208 nomine
854 3159 1064 3206 sanctae
1098 3157 1154 3205 et
1203 3153 1513 3206 individuee
1564 3151 1879 3216 Trinitatis,
1930 3152 2103 3204 Ham-

406 3257 558 3295 aicus
586 3241 778 3294 divina
806 3240 1029 3294 favente
1061 3239 1366 3293 clementia
1393 3255 1509 3293 rex.

477 3329 687 3382 Notum
745 3328 819 3380 sit
844 3327 1112 3380 omnibus
1164 3326 1376 3380 nostris
1406 3325 1689 3392 ﬁdelibus,
1728 3324 2107 3396 praesentibus

410 3415 621 3468 scilicet
666 3420 723 3468 et
780 3414 1009 3473 futuris.
1071 3413 1338 3483 qualiter,
1393 3429 1518 3477 nos,
1571 3412 1726 3482 piam
1785 3412 2107 3466 Godehardi

409 3502 628 3557 abbatis
661 3503 1024 3556 intendentes
1052 3501 1408 3570 petitionem,
1457 3501 1590 3571 quia
1642 3500 1806 3554 nobis
1863 3501 2108 3555 ﬁdeliter

410 3591 661 3658 servivit,
697 3597 752 3644 et
779 3591 1018 3660 dignum
1054 3606 1225 3660 quem
1245 3589 1737 3652 beneﬁciaremur,
1770 3590 2104 3660 fuit,quan-

406 3681 537 3734 dam
571 3679 750 3733 nostri
773 3679 922 3748 juris
952 3693 1142 3732 aream
1186 3678 1334 3731 infra
1377 3693 1572 3730 muros
1604 3677 1762 3730 urbis
1810 3677 2108 3747 Radespo-

406 3769 601 3823 Densis
631 3767 798 3822 sitam
829 3768 993 3833 (tOll,
1036 3767 1339 3820 habentem
1392 3767 1451 3820 in
1499 3766 1796 3821 latitudine
1827 3767 1998 3837 pedes
2041 3781 2108 3820 ιι.

407 3863 464 3910 et
485 3857 542 3910 in
575 3855 936 3926 longitudine
966 3870 1124 3921 Lxxx,
1152 3871 1280 3925 qum
1312 3871 1374 3908 ex
1408 3870 1524 3908 una
1551 3861 1707 3924 parte
1748 3855 1950 3923 plateae
1977 3869 2105 3924 quae

407 3945 565 3998 ducit
640 3946 710 3998 ad
785 3943 1023 4008 ﬂumen,
1074 3958 1137 3995 ex
1195 3943 1376 3996 altera
1432 3957 1564 3995 vero
1612 3957 1760 3995 area!
1809 3942 2105 4011 cujusdam

407 4029 657 4084 hominis
690 4030 926 4082 nomine
983 4029 1160 4082 Ruozi
1189 4028 1511 4092 collimitat,
1547 4028 1897 4082 monasterio
1929 4029 2107 4082 sancti

407 4117 655 4172 Mauritii
699 4117 983 4185 martyris,
1043 4115 1136 4168 cui
1212 4116 1362 4170 idem
1402 4115 1747 4170 venerabilis
1807 4115 1981 4169 abbas
2047 4116 2105 4169 in

404 4205 533 4259 loco
582 4205 681 4275 qui
738 4205 942 4258 dicitur
1005 4203 1227 4268 Altaha,
1287 4219 1530 4273 praeesse
1585 4203 1920 4268 dinoscitur,
1973 4203 2104 4273 jure

404 4301 681 4365 perpetuo
711 4292 1068 4346 retinendam
1102 4308 1202 4362 per
1231 4293 1338 4346 hoc
1359 4294 1548 4362 regale
1588 4297 1938 4362 praeceptum
1969 4308 2106 4346 con-

404 4385 642 4437 tulimus
675 4398 804 4436 cum
836 4381 1099 4434 terminis
1130 4381 1269 4446 suis,
1329 4382 1570 4435 exitibus
1601 4398 1831 4452 quoque
1868 4388 1919 4435 et
1951 4381 2106 4435 redi-

404 4472 578 4536 tibus,
635 4471 750 4524 sive
794 4471 1036 4537 caeteris,
1073 4485 1201 4540 quin
1230 4469 1480 4540 quolibet
1513 4473 1684 4523 modo
1715 4469 1903 4523 vocari
1951 4469 2105 4540 juste

406 4566 462 4613 et
500 4559 759 4628 legaliter
797 4564 1060 4628 possunt,
1093 4558 1465 4628 appendiciis,
1524 4574 1590 4611 ea
1649 4558 1868 4611 ratione
1921 4556 2104 4627 quati-

404 4663 512 4700 nus
543 4648 807 4715 praelatus
828 4645 1002 4699 abbas
1033 4645 1404 4700 Godehardus
1436 4645 1549 4699 sive
1601 4661 1953 4699 successores
1983 4645 2104 4714 ejus

403 4735 640 4789 liberam
673 4735 942 4804 deinceps
967 4735 1035 4788 de
1067 4735 1266 4788 eadem
1297 4751 1427 4788 area
1471 4734 1716 4788 habeant
1765 4740 2102 4805 potestatem

403 4821 750 4891 possidendi,
783 4822 868 4874 vel
901 4821 1182 4890 quidquid
1219 4838 1321 4890 pro
1367 4821 1713 4874 utilitatibus
1771 4821 2105 4876 monasterii

403 4910 516 4962 illis
556 4909 726 4962 libeat
757 4909 1098 4978 potestative
1155 4909 1420 4963 faciendi.
1481 4910 1545 4963 Et
1601 4913 1664 4962 ut
1720 4909 1839 4964 haec
1894 4916 2102 4964 nostrae

400 4996 728 5050 traditionis
759 4997 1066 5049 auctoritas
1112 4997 1328 5050 stabilis
1388 5001 1445 5050 et
1499 4997 1828 5051 inconvulsa
1887 5015 2105 5068 perma-

400 5090 551 5148 neat,
595 5100 766 5137 manu
801 5084 1029 5153 propria
1061 5099 1187 5138 eam
1222 5084 1562 5138 roborautes
1610 5085 1847 5156 sigillari
1909 5093 2104 5140 nostra

398 5172 652 5242 imagine
670 5173 970 5242 jussimus.

470 5262 703 5329 Signum
748 5261 933 5316 damni
980 5261 1222 5315 Heinrici
1274 5262 1418 5327 regis
1461 5263 1826 5317 invictissimi.
1890 5263 2102 5328 (Mono-

401 5353 692 5418 grammu.)

2215 510 2429 580 pellani
2460 505 2779 577 recognovi.

2227 627 2230 630 -
2291 598 2428 651 Data
2458 613 2516 650 ιιι
2547 597 2676 649 ldus
2729 593 2885 658 Julii,
2947 608 3096 645 anno
3146 591 3453 645 Dominicae
3504 588 3937 643 incarnationis

2218 687 2373 752 1002,
2416 684 2728 738 indictione
2775 698 2863 746 xv,
2901 697 3051 734 anno
3079 696 3213 734 vero
3245 679 3466 734 domini
3497 677 3753 732 Heinrici
3842 693 3938 730 re-

2258 791 2300 827 lS
2333 789 2369 826 Ι.

2258 791 2300 827 Is
2333 791 2369 826 ι.

2215 791 2252 845 Β
2283 865 2485 916 Actum
2531 857 2853 912 Babenberc
2884 857 2944 910 in
2978 856 3075 910 Dei
3116 855 3351 909 nomine
3404 855 3665 908 feliciter.
3709 857 3936 909 Amen.

2355 947 2492 1002 Cum
2520 948 2700 1014 sigillo
2731 947 3002 1015 majestat.
3036 945 3225 1009 illaesa,
3255 945 3402 997 intus
3431 946 3714 1012 impresso.

3001 1032 3094 1086 III.

2209 1124 2325 1178 Rea:
2372 1125 2632 1177 Henricus
2656 1124 2718 1177 Il
2745 1122 2911 1176 donat
2946 1122 3269 1174 monasterio
3302 1121 3683 1188 Teqernseensi
3723 1134 3924 1172 aream

2794 1193 3109 1246 Ratisbonae
3129 1197 3313 1245 sitam.

2725 1279 2912 1344 (Anno
2950 1280 3101 1345 1002,
3144 1281 3208 1332 12
3237 1277 3396 1346 Nov.)

2284 1369 2464 1435 [Ried,
2523 1369 2620 1422 ubi
2668 1383 2859 1437 supra,
2901 1383 2957 1437 p.
2997 1369 3116 1431 116,
3172 1382 3240 1420 ea:
3291 1367 3434 1420 Mon.
3468 1367 3612 1419 Boic.
3661 1365 3731 1417 Vl
3772 1367 3930 1429 156.;

2279 1458 2343 1511 In
2372 1456 2605 1510 nomine
2651 1464 2858 1509 sanctae
2919 1459 2976 1508 et
3026 1453 3336 1508 individua;
3367 1451 3682 1518 Trinitatis,
3737 1453 3936 1506 Ham-

2205 1560 2358 1600 mcus
2389 1545 2582 1598 cmlica
2610 1545 2929 1614 imperante
2958 1542 3260 1596 clementia
3287 1557 3382 1594 rex
3413 1541 3650 1594 electus.

2276 1634 2422 1687 Dum
2450 1634 2666 1688 cunctis
2696 1631 3030 1686 mortalibus
3059 1647 3093 1683 a
3152 1631 3264 1683 Deo
3306 1644 3638 1682 concessum
3669 1627 3769 1693 sit,
3824 1643 3929 1680 se—

2207 1722 2459 1775 cundum
2492 1722 2787 1792 proprium
2821 1719 3122 1773 arbitrium
3148 1717 3615 1787 uniuscujusque,
3657 1732 3764 1787 pro
3799 1717 3930 1768 feli-

2206 1810 2374 1863 citate
2405 1815 2462 1864 et
2484 1827 2582 1880 spe
2607 1824 2874 1862 mansura
2903 1807 3010 1861 sibi
3045 1805 3416 1876 praecavenda
3459 1821 3624 1875 posse
3679 1806 3929 1858 thesau-

2206 1898 2387 1952 rizare
2443 1898 2636 1952 futura
2693 1898 2861 1962 bona,
2938 1895 3148 1949 idcirco
3205 1901 3409 1947 notum
3458 1895 3724 1946 volumus
3795 1909 3931 1944 esse

2206 1987 2422 2040 cunctis
2452 1986 2733 2048 ﬁdelibus,
2787 1983 3187 2054 praesentibus,
3241 1987 3293 2036 et
3341 1981 3569 2048 futuris,
3615 1980 3798 2052 quod,
3849 1981 3930 2033 ad

2205 2074 2650 2144 prosperitatem
2683 2072 2849 2141 regni
2878 2071 3061 2124 nostri
3116 2075 3173 2123 et
3217 2071 3392 2124 vitam
3424 2085 3739 2140 perennem
3780 2085 3930 2138 pro-

2206 2163 2565 2229 merendam,
2623 2161 2968 2231 impctrante
3016 2160 3331 2214 venerabili
3394 2162 3518 2212 viro
3568 2159 3933 2226 .Ebarhardo

2207 2252 2434 2317 abbate,
2493 2251 2562 2303 ad
2617 2248 3030 2302 monasterium
3105 2247 3282 2300 sancti
3337 2245 3581 2315 [Quirini
3648 2247 3931 2300 dedimus

2207 2355 2387 2393 unum
2419 2328 2618 2392 curtile
2650 2338 2708 2390 in
2767 2335 3169 2405 Ratisponensi
3225 2335 3468 2401 civitate,
3530 2335 3704 2389 situm
3755 2336 3930 2404 juxta

2210 2433 2552 2492 mercatum,
2609 2425 2860 2479 vicinum
2893 2425 3016 2478 loco
3044 2424 3145 2494 qui
3193 2423 3402 2477 dicitur
3445 2423 3827 2488 Ahachircha,
3864 2423 3929 2475 in

2209 2516 2488 2570 comitatu
2519 2513 2859 2583 Ruodperti.
2914 2514 2977 2566 Et
3033 2519 3096 2566 ut
3151 2513 3273 2566 haec
3321 2517 3516 2565 nostra
3564 2513 3779 2582 regalis
3810 2516 3932 2564 tra-

2209 2602 2352 2657 ditio
2385 2603 2598 2672 absque
2650 2602 2768 2655 ulla
2813 2599 3262 2655 contradictione
3313 2600 3382 2654 ad
3435 2600 3585 2654 idem
3621 2606 3932 2654 monaste-

2209 2692 2364 2746 rium
2429 2691 2671 2745 ﬁrmiter
2730 2695 3065 2760 permaneat
3112 2690 3240 2758 jure
3318 2693 3619 2759 perpetuo,
3679 2687 3935 2758 propria

2212 2796 2390 2834 manu
2419 2779 2479 2833 in
2509 2779 2617 2833 hac
2651 2779 2848 2832 charta
2872 2777 3305 2831 subnotavimus
3335 2779 3586 2847 signum,
3627 2781 3684 2831 et
3742 2776 3931 2846 sigilli

2211 2869 2394 2922 nostri
2419 2867 2799 2936 impressione
2822 2865 3103 2934 jussimus
3133 2865 3459 2933 imaginari.

2143 2972 2182 3026 α
2284 2957 2511 3023 Signum
2538 2955 2724 3009 damni
2772 2956 3017 3008 Heinrici
3071 2957 3217 3019 regis
3268 2955 3636 3008 invictissimi.
3708 2952 3926 3021 (Mono-

2216 3033 2509 3095 gramma.)

2284 3115 2605 3184 Egilbertus
2699 3111 3072 3166 cancellarius
3143 3110 3262 3166 vice
3329 3110 3591 3182 Willigisi
3658 3109 3922 3165 archica-

2214 3201 2431 3272 pellani
2464 3200 2787 3268 recognovi.

2286 3291 2427 3344 Data
2474 3289 2669 3342 “Idus
2723 3288 2880 3352 Nov.,
2923 3303 3075 3341 anno
3136 3286 3450 3342 Dominicte
3505 3287 3928 3341 incarnationis

2218 3379 2374 3445 1002,
2432 3377 2744 3431 indictione
2798 3393 2838 3444 ι,
2870 3381 3030 3445 anno
3073 3391 3206 3430 vero
3247 3376 3444 3430 domui
3487 3375 3736 3430 Heinrici
3766 3377 3929 3446 regis

2212 3468 2422 3538 primo.
2455 3471 2660 3520 Actum
2689 3466 2749 3518 in
2784 3465 2925 3520 urbe
2951 3465 3308 3520 Radesbona.

3021 3554 3109 3608 IV.

2214 3645 2328 3698 Rea:
2360 3643 2644 3696 Heinricus
2673 3641 2842 3696 donat
2865 3643 3026 3707 regis
3067 3641 3284 3709 capellae
3314 3642 3495 3694 Veteri
3539 3657 3574 3694 a
3611 3655 3665 3694 se
3705 3646 3925 3696 restau-

2284 3723 2419 3767 raue
2445 3715 2635 3766 villam
2672 3716 2760 3766 sui
2777 3713 2925 3781 juris
2974 3715 3288 3777 Duveniuga
3313 3726 3443 3782 .cum
3491 3713 3730 3780 ejusdem
3788 3729 3924 3780 per-

2287 3786 2548 3837 tinentiis.

2735 3853 2920 3923 (Auno
2955 3853 3111 3920 1002,
3152 3854 3214 3906 16
3246 3853 3404 3919 Nov.,

2631 3941 2814 4008 [Ried,
2847 3941 2944 3994 ubi
2979 3955 3168 4009 supra,
3202 3957 3333 4010 pag.
3363 3938 3507 4012 ll6,]

2287 4029 2346 4083 C.
2398 4029 2463 4083 ln
2522 4029 2759 4083 nomine
2817 4033 3025 4083 sancta:
3106 4034 3161 4082 et
3211 4030 3520 4082 individua:
3601 4028 3921 4095 Trinitatis,

2216 4119 2512 4171 Hsmmcus
2547 4117 2743 4170 divina
2773 4117 2994 4170 favente
3025 4116 3330 4170 clementia
3363 4131 3477 4168 rex.

2287 4205 2342 4259 Si
2401 4205 2646 4275 collapsa
2691 4210 2969 4258 vetustate
3027 4209 3126 4257 aut
3181 4203 3532 4274 negligentia
3590 4209 3920 4260 sanctorum

2217 4293 2338 4347 loca
2368 4309 2725 4363 reparamus,
2757 4298 2812 4345 et
2843 4293 2920 4346 ibi
2972 4292 3166 4345 divino
3195 4294 3374 4346 cultui
3433 4293 3770 4362 mancipatis
3818 4295 3922 4347 ali-

2217 4397 2329 4452 qua
2351 4382 2575 4435 vivendi
2628 4381 2830 4434 solatia
2885 4379 3074 4434 devoti
3102 4380 3470 4445 cont'erimus,
3505 4382 3650 4434 etin
3699 4383 3801 4435 hac
3862 4389 3921 4436 et

2215 4470 2274 4524 in
2304 4476 2518 4522 aeterna
2550 4469 2666 4522 vita
2698 4469 2862 4522 nobis
2915 4469 3020 4522 hoc
3069 4471 3439 4538 profuturum
3501 4485 3621 4521 esse
3679 4469 3921 4525 minime

2214 4558 2566 4612 dubitamus.
2621 4558 2870 4610 Proinde
2903 4563 3104 4610 notum
3157 4557 3229 4610 sit
3273 4557 3541 4611 omnibus
3572 4557 3777 4610 Christi
3809 4575 3921 4611 no-

2214 4645 2461 4716 strisque
2523 4646 2810 4710 ﬁdelibus,
2870 4645 3264 4716 praesentibus
3302 4646 3517 4698 scilicet
3579 4651 3636 4698 et
3683 4644 3919 4714 futuris,

2214 4735 2460 4805 qualiter
2487 4751 2587 4787 nos
2610 4751 2724 4787 una
2755 4751 2886 4787 cum
2934 4734 3140 4788 dilecta
3197 4736 3441 4803 conjuge
3476 4736 3692 4802 nostra,
3741 4735 3920 4789 Cuni-

2214 4823 2406 4893 gunda
2427 4823 2690 4877 videlICet
2717 4823 2937 4892 regina,
2990 4822 3144 4876 intus
3186 4823 3245 4875 in
3292 4822 3432 4876 urbe
3491 4823 3919 4892 Radesponeusi

2213 4912 2273 4964 in
2306 4918 2464 4964 curte
2499 4912 2654 4980 regia
2692 4911 3000 4979 quamdam
3023 4911 3324 4980 capellam,
3357 4927 3529 4981 quam
3580 4913 3718 4964 olim
3760 4912 3919 4966 Vete-

2212 5015 2336 5053 rem
2367 4999 2663 5062 vocabant,
2718 4999 2774 5051 in
2809 5000 3024 5052 honore
3073 5007 3285 5052 sanctae
3320 4999 3420 5051 Dei
3463 4998 3755 5067 genitricis
3793 5001 3918 5054 Ma-

2213 5087 2333 5152 riae,
2365 5103 2398 5141 a
2453 5086 2842 5141 fundamentis
2891 5085 2950 5140 in
2991 5093 3232 5140 matrem
3274 5086 3569 5139 ecclesiam
3609 5087 3914 5156 ereximus,

2214 5175 2458 5246 dataque
2491 5175 2543 5228 ei
2579 5192 2682 5246 per
2711 5183 3061 5246 praeceptum
3116 5176 3375 5230 libertate
3403 5175 3603 5244 regali,
3644 5175 3916 5233 institute

2212 5264 2292 5317 ibi
2335 5265 2393 5317 in
2435 5263 2533 5318 Dei
2591 5264 2823 5317 servitio
2868 5264 3276 5317 canonicorum
3325 5263 3755 5332 congregationi
3806 5267 3918 5320 sub

2211 5352 2416 5406 abbate
2446 5354 2530 5406 vel
2577 5353 2886 5421 praeposito
2926 5351 3161 5405 nomine
3217 5351 3442 5421 Tagini,
3477 5367 3582 5420 pro
3612 5353 3912 5422 stipendiis

471 5517 575 5584 (10)
615 5516 742 5570 Haec
780 5532 912 5572 area
933 5532 966 5571 a
993 5515 1250 5571 ccenobio
1275 5516 1753 5572 Niedcraltacensi
1775 5518 2004 5574 vendita
2032 5519 2140 5575 fuit
2175 5535 2327 5574 anno
2366 5520 2496 5574 1485
2527 5520 2873 5574 monasterio
2899 5519 3201 5590 superiori.
