3836 6430
62 292 188 348 1389

1358 274 1739 340 ENCOMIUK.
1782 306 1849 316 -ο
1890 276 2019 331 LIB.
2066 278 2127 330 [1.

3311 276 3448 329 1390

40 417 264 471 mirum.
300 414 596 480 Quoniam
644 412 761 468 illic
811 412 1016 467 divina
1066 412 1290 483 aspirat
1334 409 1545 475 gratia,
1575 404 1679 460 ubi
1708 403 1757 457 Λ
1793 400 1863 455 lis
1895 400 1953 456 in
1985 399 2129 455 locis
2160 399 2359 454 fecerit
2386 398 2549 453 sileo.
2584 400 3004 452 Verumtamen
3034 400 3099 451 ut
3126 396 3453 452 credibilio-

35 506 256 575 justitize
287 504 718 577 probitatisque
747 518 923 573 aequa
958 502 1203 556 libratur
1234 502 1471 555 trutina.

108 596 211 650 Sed
236 594 381 667 quid
414 594 616 649 multis
667 594 1003 646 immorer?
1057 592 1345 655 gaudium
1391 603 1683 653 magnum

42 686 97 740 in
120 684 529 755 conjugatione
566 688 860 737 tantorum
886 682 1003 735 dixi
1032 682 1231 743 fuisse,
1263 680 1451 735 multo
1484 684 1685 734 autem

42 775 285 847 amplius
319 774 474 841 dico,
508 776 783 842 suscepta
817 770 1099 825 masculze
1130 770 1311 842 prolis
1342 766 1687 841 opportuni-

40 870 172 920 tate.
205 868 325 919 Non
351 863 538 917 multo
564 867 703 934 post
734 862 1051 932 siquidem,
1074 860 1395 915 Salvatoris
1420 872 1688 913 annuen-

40 960 93 1009 te
124 954 322 1023 gratia,
355 952 545 1007 ﬁlium
578 953 803 1023 peperit
832 951 1213 1005 nobilissima
1245 950 1471 1017 regina.
1505 948 1687 1016 Cujus

42 1060 174 1098 cum
202 1047 443 1113 uterque
476 1055 692 1112 parens
734 1041 961 1105 intima,
994 1044 1173 1111 atque
1224 1044 1287 1093 ut
1338 1039 1415 1092 ita
1464 1036 1685 1101 dicam,

43 1131 314 1195 singulari
367 1130 655 1199 gauderet
695 1129 1031 1191 dilectione,
1067 1129 1214 1183 alios
1244 1145 1381 1181 vero
1412 1125 1686 1181 liberales

40 1221 188 1275 ﬁlios
216 1218 563 1275 educandos
616 1218 961 1272 direxerunt
1010 1216 1471 1283 Northmanuim,
1505 1216 1689 1269 istum

40 1311 131 1364 hic
160 1310 491 1374 retinentes,
527 1308 635 1360 sibi
682 1312 883 1378 utpote
941 1307 1207 1359 futurum
1260 1305 1558 1359 hreredem
1606 1318 1691 1357 re-

41 1400 157 1468 gni.
187 1403 379 1469 Itaque
412 1397 868 1451 dilectissimum
900 1397 1138 1466 pignus.
1176 1396 1254 1449 uti
1303 1412 1432 1449 mos
1483 1399 1570 1447 est
1598 1410 1693 1448 ea-

39 1487 285 1555 tholicis,
321 1502 492 1540 sacro
537 1485 791 1539 abluunt
847 1486 1007 1539 fonte
1060 1483 1455 1554 baptismatis,
1498 1483 1691 1554 impo-

42 1584 300 1649 nuntque
328 1576 381 1630 ei
413 1575 778 1630 vocobulum
806 1574 1264 1646 quodmnmodo
1305 1574 1582 1628 obtinens
1613 1572 1696 1627 in-

43 1668 256 1722 dicium
309 1666 520 1721 futura:
560 1665 810 1719 virtutis.
850 1668 1101 1718 Vocatur
1149 1664 1443 1735 siquidem
1478 1663 1695 1717 Harde-

1792 506 1859 545 ra
1887 490 2036 545 tiant
2062 505 2197 560 quae
2226 504 2454 557 assero,
2485 487 2634 559 quid
2686 486 2746 540 in
2789 502 2912 541 una
2942 485 3090 541 urbe
3123 486 3311 541 sancti
3340 492 3452 541 Au-

1790 578 2024 634 domari
2074 578 2273 633 fecerit
2322 578 2524 633 dicam
2574 591 2684 648 pro
2732 575 3028 647 exemplo,
3060 575 3228 647 quod
3276 576 3456 632 etiam

1792 668 1982 723 oculis
2012 667 2161 723 meis
2190 684 2285 722 me
2316 667 2535 721 vidisse
2566 666 2863 722 recordor.

1868 758 2175 827 Ingressus
2218 755 2580 811 monasteria
2625 760 2680 810 et
2719 758 3032 826 susceptus
3061 770 3201 809 cum
3230 768 3459 823 magna

1793 846 2269 916 honoriﬁcentia,
2301 845 2601 902 humiliter
2648 844 2965 901 incedebat
3016 849 3072 901 et
3120 844 3275 900 mira
3318 861 3458 900 cum

1793 937 2125 994 reverentia
2172 936 2235 991 in
2266 940 2486 992 terram
2538 934 2775 991 deﬁxus
2822 933 3053 991 lumina
3099 939 3157 990 et
3202 935 3460 991 ubertim

1796 1026 2056 1081 fundens
2083 1026 2512 1097 lacrymarum,
2541 1028 2606 1079 ut
2656 1023 2735 1081 ita
2772 1023 2993 1091 dicam,
3036 1024 3306 1089 flumina,
3340 1028 3455 1080 tota

1798 1115 2120 1171 intentione
2154 1118 2503 1171 sanctorum
2534 1112 2775 1185 expetiit
2809 1112 3115 1182 suffragia.
3150 1115 3223 1169 At
3253 1112 3356 1167 ubi
3385 1112 3462 1168 ad

1796 1207 1911 1262 hoc
1923 1210 2277 1277 perventum
2286 1207 2376 1259 est
2390 1210 2451 1259 ut
2471 1202 2875 1259 oblationibus
2896 1202 3073 1273 regiis
3093 1219 3269 1261 sacra
3289 1202 3466 1259 vellet

1801 1296 2109 1351 cumulare
2141 1295 2353 1351 altaria
2379 1312 2391 1361 ;
2427 1295 2576 1349 ohe!
2609 1293 2843 1366 quoties
2872 1294 3136 1365 primum
3163 1295 3468 1365 pavimen-

1798 1390 1859 1442 to
1888 1386 2231 1457 lacrymosa
2258 1384 2450 1440 intixit
2475 1383 2716 1440 oscula!
2766 1383 3043 1455 quotiens
3072 1384 3215 1439 illud
3256 1388 3464 1456 pectus

1802 1475 2137 1531 venerabile
2212 1474 2455 1547 propria
2520 1472 2855 1545 puniebant
2907 1474 3188 1530 verbera!
3259 1473 3464 1545 qualia

1800 1565 1989 1621 dabat
2021 1564 2276 1637 suspiria
2302 1565 2312 1617 !
2344 1564 2577 1635 quoties
2607 1562 2966 1635 precabatur
2994 1568 3054 1619 ut
3085 1563 3197 1618 sibi
3222 1579 3341 1619 non
3374 1564 3465 1619 in-

1802 1658 2152 1723 dignaretur
2184 1670 2447 1727 superna
2493 1653 2845 1709 clementia!
2898 1653 3161 1709 Tandem
3203 1670 3239 1709 a
3267 1653 3389 1708 suis
3416 1654 3470 1709 ei

46 1762 237 1827 cnuto,
263 1772 489 1811 nomen
539 1762 720 1828 patris
772 1758 1031 1810 referens
1077 1772 1215 1809 cum
1264 1755 1693 1809 additamento.
1726 1760 1768 1815 Β
1805 1746 2140 1801 imminenti
2188 1743 2567 1815 {immerenti}
2624 1758 2733 1797 sua
2781 1743 3198 1815 porrigebatur
3246 1743 3469 1798 oblatio

47 1849 221 1917 Cujus
270 1848 314 1901 si
347 1846 711 1917 etymologia
742 1847 1037 1899 teutoniue
1068 1845 1471 1916 perquiratur,
1504 1843 1699 1915 profe-

47 1944 137 1993 cto
161 1938 291 2010 quis
322 1942 659 2008 quantusve
712 1936 885 1989 fuerit
922 1936 1314 1997 (limioscitur.
1348 1935 1541 1989 Hanle
1572 1934 1701 2005 qui-

46 2028 202 2095 dem,
253 2030 425 2082 vetor
500 2027 590 2079 vel
657 2028 856 2095 fortis,
918 2026 1079 2097 quod
1154 2030 1492 2095 utrumque,
1552 2022 1703 2077 mulv

47 2122 223 2188 teque
278 2117 475 2185 majus
531 2115 659 2181 his,
712 2115 776 2168 in
831 2130 900 2167 eo
977 2126 1095 2167 uno
1155 2114 1434 2181 cognosci
1490 2112 1700 2184 potuit,

46 2207 264 2277 quippe
290 2204 391 2276 qui
426 2217 639 2257 omnes
672 2204 760 2256 sui
799 2207 909 2256 tem
923 2202 1080 2273 poris
1110 2202 1267 2255 viros
1290 2201 1563 2255 omnium
1594 2200 1703 2255 vir-

40 2299 233 2349 tutum
290 2292 629 2365 pra-stantia
675 2291 935 2346 anteivit.
970 2294 1189 2345 Omnes
1230 2291 1407 2353 igitur
1436 2292 1565 2359 ejus
1595 2290 1708 2344 vir-

45 2388 195 2438 tutes
239 2396 589 2437 enumerare
628 2394 883 2453 nequeo.
922 2384 1316 2452 Quapropter.
1349 2397 1422 2434 ne
1470 2380 1706 2443 longius

46 2490 78 2526 a
102 2472 405 2543 proposito
430 2470 784 2531 exorbitem,
807 2486 984 2540 supra
1012 2476 1299 2540 repetam,
1330 2469 1707 2539 historiaeque

46 2579 193 2633 sequ
203 2578 267 2616 ar
300 2562 597 2615 ordinem.

117 2650 330 2704 Adulto
362 2650 619 2719 denique
649 2663 857 2719 puero.
888 2648 961 2700 de
984 2663 1104 2718 quo
1128 2662 1329 2700 sermo
1362 2646 1575 2709 agitur.
1602 2662 1708 2718 pa-

46 2747 132 2796 ter
163 2741 360 2795 adhuc
387 2740 636 2793 inomni
666 2738 935 2791 felicitate
964 2737 1210 2801 degens.
1240 2752 1419 2790 omne
1450 2750 1706 2799 regnum

46 2848 166 2884 suae
205 2829 414 2882 ditioni
445 2829 779 2897 subjectum
816 2832 1193 2880 sacramento
1226 2826 1508 2895 devinxit,
1540 2842 1708 2880 eum-

44 2936 165 2991 que
197 2918 580 2989 postmodum
624 2917 699 2971 ab
753 2916 1143 2969 obtinendam
1176 2917 1595 2970 monarchiam
1626 2930 1710 2970 re-

47 3010 149 3079 gni
176 3014 486 3063 vanorum
538 3024 676 3060 cum
724 3007 968 3061 delectis
1022 3006 1307 3059 militibus
1347 3006 1523 3060 misit.
1554 3008 1709 3060 Cum

1808 1852 1931 1891 non
1986 1834 2325 1900 mediocris,
2380 1849 2489 1888 nec
2542 1848 2679 1905 quas
2735 1832 2937 1905 aliquo
2996 1832 3370 1889 clauderetur
3410 1833 3471 1888 in

1808 1926 2141 1996 marsupio,
2175 1925 2283 1979 sed
2312 1924 2524 1993 ingens
2556 1923 2737 1979 allata
2765 1927 2853 1978 est
2882 1923 3118 1995 palleali
3148 1928 3386 1980 extento
3411 1923 3472 1979 in

1806 2015 2059 2086 gremio,
2088 2031 2274 2086 quam
2308 2014 2433 2086 ipse
2468 2030 2573 2068 rex
2602 2012 2729 2068 suis
2769 2012 3049 2069 manibus
3082 2014 3251 2070 altari
3278 2015 3473 2086 impo-

1811 2108 1951 2171 suit,
1986 2105 2229 2174 largitor
2259 2102 2463 2159 hilaris
2513 2102 2745 2159 monitu
2774 2103 3124 2175 apostolico.
3164 2105 3345 2161 Altari
3376 2121 3478 2160 au-

1810 2201 1933 2251 tem
1961 2210 2066 2250 cur
2108 2194 2289 2249 dico?
2338 2210 2477 2248 cum
2522 2192 2741 2247 vidisse
2791 2208 2887 2247 me
2930 2194 3307 2250 meminerim
3337 2210 3479 2250 eum

1808 2301 2023 2341 omnes
2050 2283 2310 2352 angulos
2337 2281 2843 2337 monasteriorum
2889 2283 3189 2352 circuisse,
3214 2283 3341 2340 null
3352 2300 3479 2339 um-

1806 2392 1930 2447 que
1952 2374 2164 2437 altare,
2200 2373 2333 2428 licet
2358 2372 2666 2441 exiguum,
2690 2371 3063 2443 praeteriisse,
3092 2374 3187 2430 cui
3206 2390 3333 2431 non
3355 2391 3483 2430 mu-

1816 2479 1961 2519 nera
1992 2464 2160 2518 daret
2182 2467 2238 2517 et
2259 2461 2459 2517 dulcia
2482 2460 2689 2515 oscula
2714 2459 3002 2529 inﬁgeret.
3018 2462 3239 2519 Deinde
3262 2463 3483 2519 adsunt

1812 2570 2131 2627 pauperes,
2162 2555 2557 2607 munerantur
2586 2550 2765 2605 etiam
2814 2549 2928 2622 ipsi
2977 2552 3248 2624 protinus
3281 2553 3481 2624 singu-

1813 2644 1980 2699 latim
2014 2658 2245 2697 omnes.
2278 2644 2409 2696 Haec
2462 2645 2517 2695 et
2566 2639 2684 2695 alia
2713 2640 2803 2695 his
2834 2640 3279 2699 miriﬁoentiora
3306 2660 3341 2699 a
3371 2644 3479 2699 do-

1813 2736 1982 2789 mino
2029 2736 2296 2789 (lnutone
2327 2735 2493 2799 gesta
2517 2729 2641 2785 vidi
2670 2746 2781 2799 ego
2811 2735 3005 2787 vester
3034 2733 3304 2801 vernula,
3340 2749 3479 2789 san-

1810 2829 1905 2879 cte
1936 2823 2296 2889 Audomare,
2333 2825 2532 2877 sancte
2580 2820 2830 2886 Bertine,
2860 2838 2999 2877 cum
3038 2823 3247 2879 ﬁerent
3270 2823 3482 2879 vestris

1815 2914 1875 2969 in
1907 2913 2216 2969 caminis.
2246 2914 2358 2966 Pro
2388 2910 2609 2983 quibus
2650 2910 2826 2966 bonis
2860 2915 3092 2969 tantum
3139 2930 3344 2983 regem
3374 2915 3483 2970 im-

1816 3010 2043 3077 petrato
2071 3002 2268 3057 vivere
2304 3002 2366 3055 in
2422 3000 2761 3055 caelestibus
2808 3002 3184 3074 habitaculis,
3215 3010 3282 3059 ut
3310 3005 3486 3060 vestri

46 3104 251 3153 autem
301 3112 401 3151 rex
449 3102 637 3150 (,luuto
671 3096 867 3150 solum
909 3096 1198 3167 imprimis
1229 3097 1533 3149 Danorum
1565 3094 1710 3149 obti-
1738 3123 1780 3180 α
1814 3094 2025 3150 famuli
2048 3092 2324 3148 canonici
2350 3096 2411 3146 et
2438 3091 2723 3147 monachi
2766 3092 2881 3148 sint
2918 3099 3157 3151 orantes
3189 3096 3490 3165 Iorationi-

46 3191 217 3240 neret
263 3184 530 3253 regimen
578 3185 843 3255 quinque
876 3199 1222 3249 regnorum,
1260 3184 1477 3237 scilicet
1523 3186 1714 3237 [lano-

43 3275 356 3340 marchize,
392 3275 634 3343 Anglice,
684 3274 1014 3335 Britanniae,
1057 3274 1284 3342 Scottus,
1322 3274 1711 3343 Northwegze,

44 3364 351 3419 vindicato
377 3363 667 3431 dominio,
702 3362 1026 3433 imjm'atm'
1054 3363 1287 3417 exstitit.
1308 3362 1546 3417 Amicus
1573 3377 1716 3415 vero

48 3460 108 3508 et
134 3452 441 3507 familiaris
469 3452 662 3506 factus
691 3459 778 3505 est
812 3452 946 3504 viris
996 3451 1433 3508 ecclesiasticis.
1470 3452 1621 3505 adeo
1655 3454 1719 3504 ut

46 3542 351 3613 episcopis
404 3542 697 3596 videretur
753 3541 1145 3611 coepisCOpus
1198 3558 1307 3611 pro
1357 3540 1717 3594 exhibitione

54 3632 234 3687 totius
266 3631 584 3699 religionis,
618 3631 931 3685 monachis
962 3646 1203 3701 quoque
1238 3645 1356 3683 non
1387 3629 1716 3694 swcularis,

51 3722 161 3777 sed
195 3721 542 3776 omnobialis
574 3738 682 3793 pro
737 3720 1100 3774 continentia
1152 3719 1495 3772 liumillimze
1550 3718 1723 3771 devo—

51 3812 252 3866 tionis.
310 3810 661 3865 Defensabat
706 3810 919 3863 sedulo
960 3809 1218 3880 pupillos
1260 3813 1314 3862 et
1358 3808 1595 3877 viduas,
1629 3823 1723 3861 su-

51 3901 360 3955 stentabat
407 3901 712 3971 orphanos
763 3905 818 3953 et
873 3898 1163 3953 advenas.
1212 3898 1369 3961 leges
1428 3896 1728 3968 oppressit

48 3990 319 4062 iniquas,
355 4005 685 4060 earumque
715 4004 1035 4058 sequaces:
1076 3987 1367 4056 justitiam
1400 3992 1454 4041 et
1483 3988 1727 4059 aequita-

50 4087 177 4135 tem
208 4079 417 4133 extulit
444 4084 500 4133 et
528 4078 728 4145 coluit,
750 4077 1029 4131 ecclesias
1063 4078 1350 4130 eXstruxit
1382 4082 1436 4131 et
1467 4077 1729 4131 honora-

52 4170 158 4237 vit,
195 4168 539 4222 sacerdotes
586 4172 641 4222 et
691 4167 915 4221 clerum
957 4166 1347 4233 dignitatibus
1398 4164 1729 4237 ampliavit,

46 4274 271 4331 parem
299 4262 354 4311 et
384 4257 838 4312 una-nimitatem
869 4256 1174 4309 omnibuis
1217 4255 1341 4309 suis
1374 4255 1620 4321 indixit;
1666 4256 1736 4308 ut

48 4348 131 4402 de
160 4364 238 4401 eo
269 4347 416 4401 illud
473 4346 835 4402 Maronicum
883 4346 997 4399 dici
1039 4350 1259 4417 posset,
1294 4345 1409 4399 nisi
1440 4351 1605 4400 extra
1635 4358 1733 4399 ca-

50 4436 355 4492 tholicam
386 4435 569 4490 ﬁdem
598 4437 710 4490 hoc
737 4434 960 4489 fuisset.

131 4528 329 4582 Nocte
352 4528 515 4595 pluit
545 4532 688 4591 tota,
723 4526 973 4581 redeunt
1008 4526 1347 4592 spccracula
1379 4540 1593 4580 mane:

136 4618 413 4671 Divisum
444 4618 759 4685 imperium
793 4632 923 4670 cum
958 4616 1103 4669 Jove
1134 4616 1337 4669 Czrsar
1370 4616 1564 4671 habet.

54 4712 189 4763 Deo
218 4706 503 4761 omnibus
536 4706 730 4761 modis
757 4705 974 4777 placita
1003 4706 1244 4769 studuit,
1277 4704 1530 4776 ideoque
1559 4705 1737 4777 quid—

53 4794 221 4867 quid
253 4794 395 4848 boni
427 4794 733 4863 agendum
763 4811 892 4849 esse
920 4793 1205 4848 didicerat
1230 4810 1348 4848 non
1373 4794 1743 4863 negligentia;

55 4884 177 4939 sed
233 4884 562 4956 operationi
615 4883 1043 4939 committebat.
1099 4886 1240 4947 Quae
1290 4884 1448 4938 enim
1495 4884 1748 4939 ecclesia

54 4974 280 5029 adhuc
312 4974 438 5041 ejus
466 4989 589 5029 non
616 4974 848 5027 lzetatur
870 4973 1045 5027 bonis
1065 4974 1092 5025 ’ἶ
1131 4972 1243 5027 Sed
1278 4977 1339 5027 ut
1372 4974 1578 5027 sileam
1611 4988 1748 5045 quae

55 5065 128 5119 in
168 5077 290 5117 suo
310 5078 497 5131 regno
529 5063 736 5135 positis
764 5062 954 5131 erigit,
981 5063 1159 5133 hujus
1189 5063 1454 5117 animam
1484 5062 1750 5134 quotidie

55 5150 381 5207 benedicit
421 5152 604 5216 Italia,
643 5151 813 5206 bonis
866 5150 1087 5222 perfrui
1138 5151 1410 5221 deposcit
1458 5150 1662 5215 Gallia,
1697 5154 1754 5207 et

56 5240 280 5308 magis
314 5240 597 5295 omnibus
627 5240 783 5293 hanc
805 5239 864 5293 in
889 5240 1038 5293 ctrlo
1070 5255 1207 5294 cum
1240 5238 1468 5293 Christo
1492 5238 1753 5309 gaudere

57 5335 214 5388 orat
250 5330 543 5385 Flandria.
581 5330 696 5385 Has
728 5330 887 5384 enim
933 5330 1273 5401 provincias
1307 5330 1599 5384 transiens
1645 5330 1757 5384 Ro-

58 5436 255 5477 mam
286 5419 470 5492 petiit,
500 5425 574 5485 et,
610 5424 674 5474 ut
707 5418 909 5473 multis
936 5418 1141 5489 liquet,
1176 5424 1339 5473 tanta
1360 5420 1477 5473 hoc
1506 5421 1565 5473 in
1596 5419 1761 5473 itine-

56 5528 135 5567 re
174 5509 729 5566 miseiicordiarum
764 5525 946 5581 opera
976 5508 1260 5574 exhibuit,
1296 5514 1358 5563 ut
1380 5509 1426 5563 si
1471 5508 1603 5580 quis
1636 5510 1760 5564 haec

0 5674 1 5681 γ
60 5601 430 5658 describere
476 5602 682 5655 omnia
725 5601 994 5665 voluerit,
1030 5600 1162 5655 licet
1196 5599 1659 5654 innumerabilia
1691 5615 1764 5655 ex

0 5844 7 5893 Ι

64 5693 176 5749 his
214 5689 421 5745 fecerit
450 5689 777 5755 volumina,
816 5690 1057 5745 tandem
1089 5688 1374 5743 deﬁciens
1402 5687 1682 5742 fatebitur
1702 5704 1765 5745 se

36 5784 188 5839 vix
222 5780 409 5837 etiam
435 5779 737 5836 cucurisse
764 5796 872 5853 per
898 5778 1166 5835 minima.
1201 5780 1351 5833 Nam
1381 5777 1528 5849 quid
1560 5777 1762 5849 singu-

1820 3186 1935 3240 'l)us
1967 3183 2361 3256 quotidianis.

1906 3275 2144 3329 Discant
2190 3270 2369 3341 igitur
2415 3287 2584 3342 reges
2630 3274 2685 3326 et
2723 3271 3024 3344 principes
3055 3274 3234 3345 hujus
3265 3275 3492 3331 domini

1822 3364 2040 3419 imitari
2066 3363 2351 3431 actiones,
2376 3362 2500 3433 qui,
2526 3366 2588 3416 ut
2607 3360 2831 3417 valeret
2862 3363 3153 3420 scandere
3172 3365 3490 3433 sublimia,

1823 3469 1950 3507 sese
1983 3451 2315 3506 humiliavit
2334 3452 2392 3504 in
2422 3451 2648 3517 intima,
2674 3454 2735 3505 et
2757 3456 2819 3506 ut
2841 3457 3043 3522 posset
3065 3454 3315 3524 adipisci
3365 3471 3485 3511 cre-

1820 3542 2008 3605 lestia,
2042 3538 2303 3594 hilariter
2348 3537 2595 3606 largitus
2642 3543 2739 3593 est
2788 3540 3101 3596 terrestria.
3155 3546 3281 3597 Non
3328 3543 3491 3600 enim

1828 3632 2017 3685 fuerat
2040 3627 2262 3683 oblitus
2286 3626 2546 3699 propriae
2570 3625 2955 3698 conditionis,
2974 3630 3141 3701 quod
3167 3632 3494 3687 moriturus

1829 3725 1955 3775 erat
1980 3719 2043 3773 in
2074 3717 2305 3772 mundo
2333 3722 2389 3772 et
2418 3716 2729 3772 relicturus
2769 3730 3026 3790 quaeque
3070 3726 3326 3793 possunt
3353 3738 3495 3778 con-

1828 3808 2055 3881 cupisci
2084 3808 2147 3862 in
2177 3806 2417 3861 saeculo.
2450 3809 2519 3861 Et
2557 3806 2635 3861 ob
2666 3807 2776 3862 has
2805 3807 3041 3864 divitias
3096 3826 3250 3882 quas
3289 3828 3495 3867 secum

1834 3898 2104 3971 nequivit
2144 3895 2409 3951 moriens
2457 3896 2709 3963 auferre,
2755 3896 2964 3953 vivens
3010 3901 3131 3956 Deo
3178 3905 3235 3957 et
3278 3902 3498 3958 sanctis

1828 3993 1967 4063 ejus
1992 3988 2141 4044 locis
2172 3989 2423 4060 partitus
2457 3993 2544 4043 est
2573 3988 2934 4057 honorifice;
2966 4008 3041 4047 ne
3063 3991 3209 4048 forte
3243 3993 3290 4048 si
3317 3993 3503 4050 avari-

1839 4080 1931 4135 tiae
1978 4080 2260 4149 studeret,
2308 4077 2592 4134 omnibus
2632 4078 2857 4134 invisus
2909 4081 3149 4151 viveret,
3182 4084 3503 4158 nullusque

1841 4175 1997 4227 esset
2024 4170 2129 4242 qui
2159 4170 2290 4240 ejus
2343 4169 2561 4225 animae
2592 4168 2820 4241 aliquid
2852 4171 2997 4226 boni
3019 4179 3233 4241 oraret,
3266 4180 3325 4231 et
3352 4175 3505 4231 alius

1842 4262 1893 4317 ei
1926 4260 2288 4321 succederet,
2312 4259 2421 4330 qui
2471 4259 2531 4312 in
2578 4259 2706 4328 ejus
2737 4275 2924 4329 regno
2948 4261 3175 4331 largius
3201 4263 3423 4320 viveret
3444 4268 3508 4320 et

1834 4352 1916 4407 de
1949 4351 2078 4421 ejus
2109 4349 2394 4421 parcitate
2426 4347 2860 4418 indignaretur.
2900 4353 3117 4407 Verum
3156 4353 3269 4408 hoc
3299 4369 3375 4409 ne
3400 4354 3507 4409 tie-

1842 4447 1933 4497 rct
1957 4439 2101 4495 satis
2131 4438 2304 4504 cavit,
2339 4441 2397 4491 et
2446 4436 2568 4491 suis
2602 4438 2858 4509 posteris
2901 4439 3133 4496 bonum
3163 4443 3509 4515 exemplum

1846 4528 2133 4599 largitatis
2166 4528 2465 4600 totiusque
2494 4526 2775 4582 bonitatis
2800 4528 3060 4601 reliquit,
3114 4533 3279 4604 quod
3310 4536 3367 4588 et
3394 4532 3512 4604 ipsi

1851 4619 2068 4683 adhuc,
2106 4621 2223 4672 Deo
2270 4616 2512 4687 gratias,
2544 4622 2784 4672 servant
2832 4618 3077 4689 optime,
3104 4621 3401 4691 pollentes
3451 4622 3513 4677 in

1852 4708 2020 4777 regni
2052 4706 2468 4762 moderamine
2498 4711 2554 4760 et
2586 4706 2647 4760 in
2678 4706 2961 4762 virtutum
2993 4709 3226 4765 decore.

1924 4800 2149 4853 Tantus
2180 4797 2380 4869 itaque
2410 4812 2514 4851 rex
2540 4802 2874 4868 postquam
2912 4802 3100 4854 Roma
3126 4805 3215 4854 est
3242 4816 3516 4857 reversus

1856 4892 1911 4943 et
1957 4887 2016 4942 in
2065 4886 2313 4960 proprio
2368 4885 2797 4958 aliquantisper
2836 4887 3200 4955 demoratus,
3234 4889 3517 4946 omnibus

1855 4978 2005 5033 bene
2037 4975 2339 5048 dispositis
2394 4974 2628 5029 transiit
2657 4975 2733 5030 ad
2765 4977 3107 5047 Dominum,
3136 4979 3520 5035 coronandus

1856 5068 1917 5122 in
1946 5069 2116 5137 parte
2150 5065 2398 5119 dextera
2427 5063 2505 5118 ab
2531 5063 2663 5135 ipso
2684 5064 2938 5121 Domino
2968 5071 3207 5123 auctore
3224 5068 3518 5124 omnium.

1861 5154 2288 5211 Turbabantur
2316 5154 2519 5225 itaque
2544 5154 2680 5223 ejus
2723 5154 2890 5210 obitu
2933 5172 3145 5213 omnes
3192 5159 3293 5231 qui
3324 5158 3526 5215 audie-

1860 5250 2013 5306 rant.
2043 5244 2428 5315 maximeque
2460 5244 2590 5314 ejus
2624 5244 2772 5299 solio
2811 5245 3235 5318 deservierant,
3263 5265 3527 5321 quorum

1862 5334 2129 5390 maxima
2140 5348 2281 5404 pars
2305 5335 2549 5403 cuperet
2566 5332 2617 5387 ei
2635 5334 2945 5402 commori,
2966 5335 3010 5390 si
3026 5337 3138 5392 hoc
3161 5338 3325 5407 [non.
3345 5342 3421 5394 Ευ
3439 5338 3528 5409 Ρ.]

1866 5422 2204 5494 displiceret
2256 5421 2472 5476 divinae
2512 5421 2915 5494 dispositioni.
2968 5426 3233 5496 Lugebat
3281 5429 3531 5485 domina

1868 5515 2080 5567 Emma
2108 5511 2239 5581 ejus
2269 5510 2477 5579 regina
2496 5527 2635 5567 cum
2657 5513 3028 5583 parentibus,
3048 5515 3363 5575 ululabant
3383 5536 3533 5591 pau-

1867 5616 2038 5675 peres
2069 5616 2209 5654 cum
2238 5599 2626 5671 potentibus;
2682 5599 2910 5658 flebant
2951 5604 3215 5679 episcopi
3256 5613 3311 5664 et
3339 5608 3534 5663 clerici

1870 5703 2009 5745 cum
2036 5687 2352 5743 monachis
2394 5696 2451 5743 et
2481 5688 3060 5751 sanctimonialibus.
3097 5696 3211 5751 Sed
3238 5701 3533 5769 quantum

1870 5777 2191 5847 lugebatur
2207 5776 2269 5833 in
2287 5777 2543 5851 mundo,
2556 5782 2794 5837 tantum
2817 5781 3044 5840 laetetur
3063 5785 3123 5840 in
3142 5786 3273 5842 cceli
3289 5785 3535 5858 palatio.
