3836 6488
388 286 517 342 4391
1585 286 1793 342 sum
1837 279 2123 339 REGINE
2162 281 2569 341 ANGLORUM.
3713 294 3792 353 mg

380 409 475 465 Isti
497 408 722 466 ﬂebant
749 410 863 466 hoc
907 410 1071 482 quod
1113 408 1510 481 perdiderant,
1541 407 1623 463 illi
1648 406 2015 478 gratulentur
2041 406 2090 460 Λ
2125 403 2388 476 quotidie
2399 408 2704 465 exorabat.
2723 409 2899 467 Atille
2918 410 3098 483 clam,
3112 411 3263 484 quia
3290 410 3628 468 nondum
3648 413 3792 484 palm

379 496 454 552 de
470 498 599 568 ejus
618 497 820 552 anima
839 512 1024 569 quam
1046 495 1390 568 suscipiant.
1410 495 1503 551 Isti
1524 494 1879 568 sepelierunt
1893 508 2019 549 cor-
2124 491 2405 561 audebat,
2437 498 2659 566 reginae
2712 498 2961 555 insidias
3005 499 3421 563 moliebatur,
3470 499 3602 555 sed
3662 507 3717 556 ut
3750 505 3789 558 ill

377 600 494 657 pus
544 584 833 651 exanime,
866 584 945 640 illi
984 583 1258 656 spiritum
1308 584 1609 639 deducant
1654 584 1715 639 in
1762 581 2014 638 sublime
2123 587 2360 639 noceret
2386 601 2422 641 a
2442 586 2680 643 nemine
2703 588 3178 661 permittebatur.
3202 589 3391 647 Unde
3417 588 3537 645 ille
3561 597 3792 648 cumsuis

376 672 701 728 laetandum
728 673 790 727 in
828 676 1050 728 aeterna
1085 671 1307 744 requie.
1338 675 1445 727 Pro
1474 672 1603 742 ejus
1628 671 1879 729 transitu
1907 668 2018 725 soli
2120 667 2327 743 iniquo
2356 674 2688 745 excogitato
2719 675 2986 745 consilio,
3020 682 3197 735 natos
3240 677 3560 734 domine
3597 695 3716 734 suae
3738 698 3791 737 vc

373 760 596 816 ﬂebant
622 760 855 832 terreni,
883 761 989 816 sed
1038 776 1147 833 pro
1186 761 1314 832 ejus
1363 760 1570 833 spiritu
1623 759 2015 817 interveniant
2120 756 2282 814 lebat
2306 759 2654 831 interﬁcere,
2683 769 2748 820 ut
2777 764 2861 820 sic
2893 780 3140 821 securus
3171 766 3503 838 deinceps
3534 766 3610 822 in
3642 783 3793 839 pecca-

371 864 510 903 cum
540 849 783 905 terrenis
810 849 989 906 etiam
1019 849 1176 905 cives
1205 844 1408 905 coelici.
1439 852 1504 905 Ut
1526 850 1655 920 ejus
1685 848 1870 919 gloria
1890 862 2013 903 cre-
2120 845 2193 901 tis
2219 847 2425 905 vivens
2467 857 2671 922 posset
2694 868 2965 922 regnare.
2995 857 3464 912 Verumtamen
3502 855 3743 914 nullum
3761 861 3791 915 in

372 941 498 993 seat
525 938 811 1011 quotidie,
844 955 1084 995 oremus
1127 941 1312 994 Deum
1348 938 1585 994 intente.
1620 940 1687 994 Et
1724 937 1867 1011 quia
1896 937 2011 992 hoc
2116 934 2232 992 hoc
2278 938 2641 997 omnimodis
2683 940 2962 998 effectum
3009 943 3345 1016 acciperet,
3386 943 3553 1014 nisi,
3601 944 3793 1003 fraudu-

366 1027 696 1098 promeruit
723 1044 832 1084 sua
858 1027 1141 1098 bonitate,
1172 1026 1437 1099 quotidie
1467 1026 1795 1083 clamemus
1824 1043 1837 1081 :
1868 1025 2007 1081 Ani-
2115 1021 2411 1082 lentorum
2471 1027 2610 1084 dolo
2665 1029 2929 1101 adjutus,
2985 1032 3103 1088 hoc
3155 1032 3343 1105 quod
3424 1033 3792 1092 narrabimus

369 1132 472 1171 ma
500 1117 780 1173 Cnutonis
808 1116 1136 1189 requiescat
1164 1117 1225 1170 in
1253 1131 1422 1188 pace,
1453 1129 1650 1172 amen.
2115 1113 2501 1172 adinveniret.
2536 1120 2807 1190 Namque
2834 1119 2975 1176 dolo
3003 1126 3268 1194 reperto,
3298 1120 3471 1178 fecit
3504 1123 3790 1195 epistolam

439 1208 660 1261 Mortuo
704 1207 967 1261 Cnutone
1013 1219 1169 1274 rege,
1201 1203 1644 1276 honoriﬁceque
1685 1203 1916 1276 sepulto
1943 1203 2007 1259 in
2112 1200 2175 1256 in
2201 1217 2459 1274 persona
2483 1205 2703 1275 regina:
2731 1206 2811 1263 ad
2833 1205 2988 1264 ﬁlios
3016 1209 3331 1280 ejusdem,
3368 1210 3503 1284 qui
3536 1211 3610 1268 in
3639 1215 3792 1269 North-

365 1294 724 1350 monasterio
782 1294 844 1349 in
896 1294 1121 1349 honore
1183 1293 1370 1349 sancti
1438 1292 1584 1349 Petri
1643 1296 2000 1361 constructo,
2112 1289 2360 1347 mannia
2423 1292 2837 1361 morabantur,
2896 1311 3295 1368 componere,
3377 1298 3591 1369 cujus
3659 1302 3789 1356 etiam

362 1382 608 1438 domina
636 1383 842 1452 regina
872 1385 1080 1437 Emma
1110 1381 1236 1438 sola
1256 1382 1540 1438 remansit
1567 1380 1628 1437 in
1655 1396 1861 1452 regno,
1894 1381 2003 1437 do-
2111 1377 2417 1450 exemplar
2444 1395 2565 1435 non
2595 1380 2758 1453 piget
2793 1383 2969 1440 nobis
3001 1384 3407 1442 subnectere.

361 1472 487 1527 lens
515 1472 589 1527 de
619 1471 846 1527 domini
893 1471 982 1527 sui
1015 1475 1202 1527 morte
1245 1488 1473 1535 amara,
1502 1475 1557 1527 et
1602 1470 1850 1528 sollicita
1890 1488 2001 1544 pro
2178 1466 2392 1523 Emma
2443 1474 2680 1525 tantum
2723 1473 2961 1528 nomine
3003 1476 3222 1545 regina
3250 1476 3425 1543 ﬁliis
3460 1470 3791 1534 Ewdrdoe:

358 1560 617 1616 ﬁliorum
667 1561 954 1616 absentia.
986 1563 1254 1633 Namque
1298 1576 1453 1615 unus
1502 1576 1730 1629 eorum,
1777 1559 1999 1616 Harde-
2106 1555 2352 1624 Alfrido
2383 1563 2654 1615 materna
2703 1560 2970 1629 impertit
3015 1563 3451 1621 salutamina.
3494 1567 3698 1622 Deum
3728 1569 3789 1622 do

360 1654 537 1705 cnuto
568 1648 804 1716 scilicet,
837 1664 1016 1721 quem
1064 1652 1233 1721 pater
1279 1664 1480 1717 regem
1528 1650 1831 1704 Danorum
1859 1664 1998 1704 con-
2106 1644 2258 1712 mini
2279 1648 2471 1700 nostri
2498 1648 2653 1717 regis
2679 1648 2902 1705 obitum
2945 1654 3288 1720 separatim
3315 1655 3731 1725 plangimus.
3754 1659 3792 1723 ﬁ.

359 1737 556 1805 stituit,
586 1753 693 1793 suo
722 1737 1070 1793 morabatur
1112 1735 1173 1792 in
1214 1752 1419 1806 regno,
1451 1736 1573 1792 duo
1622 1752 1763 1792 vero
1810 1735 1907 1793 alii
1935 1736 1995 1792 in
2022 1746 2068 1802 B
2107 1733 2177 1787 lii
2201 1733 2551 1799 charissimi,
2574 1736 2833 1809 dumque
2859 1738 3074 1795 diatim
3102 1742 3316 1812 magis
3361 1744 3712 1815 magisque
3729 1762 3791 1799 rc-

358 1825 793 1882 Northmanniae
822 1825 1043 1880 ﬁnibus
1086 1825 1164 1882 ad
1193 1825 1579 1881 nutriendum
1606 1824 1823 1892 traditi,
1855 1841 1995 1882 cum
2102 1837 2221 1892 οπο
2251 1822 2616 1879 haereditatis
2636 1831 2846 1882 vestrae
2870 1828 3231 1898 privamini,
3259 1832 3493 1887 miror
3516 1834 3681 1902 quid
3697 1849 3791 1902 cap

354 1914 693 1987 propinquo
742 1930 851 1969 suo
908 1913 1206 1983 degebant
1250 1913 1522 1969 Roberto.
1559 1912 1722 1969 Unde
1769 1911 1993 1969 factum
2104 1911 2235 1967 tetis
2264 1914 2516 1979 consilii,
2545 1914 2687 1970 dum
2717 1916 2921 1971 sciatis
2948 1918 3447 1981 intermissionis
3486 1927 3711 1978 vestra
3735 1923 3792 1977 di-

354 2009 441 2059 est
502 2007 567 2059 ut
637 2002 885 2075 quidam
944 1999 1305 2072 AnglOrum,
1360 2002 1639 2073 pietatem
1690 2000 1847 2070 regis
1902 2001 1993 2057 sui
2104 1999 2341 2062 latione,
2365 2001 2657 2057 invaseris
2683 2004 2866 2059 vestri
2893 1998 3137 2075 imperii
3158 2007 3311 2075 ﬁeri
3341 2010 3603 2067 cotidie
3628 2013 3792 2067 solidi

345 2093 474 2163 jam
504 2091 764 2147 defuncti
796 2090 979 2158 obliti,
1008 2090 1255 2147 mallent
1295 2106 1547 2160 regnum
1598 2105 1776 2145 suum
1818 2088 1995 2145 dede-
2101 2092 2300 2144 tatem.
2330 2089 2387 2144 Is
2415 2090 2569 2145 enim
2608 2092 2976 2149 incessanter
3005 2096 3165 2150 vicos
3210 2102 3273 2152 et
3308 2099 3521 2155 urbes
3581 2102 3791 2157 circuit.

352 2196 554 2237 corare
605 2196 789 2253 quam
842 2196 1075 2248 ornare,
1124 2179 1523 2251 relinquentes
1565 2178 1795 2234 nobiles
1837 2178 1991 2234 ﬁlios
2097 2181 2152 2231 et
2175 2176 2296 2231 sibi
2312 2180 2530 2234 amicos
2555 2181 2856 2249 principes
2884 2184 3267 2253 muneribus,
3300 2188 3513 2244 minis
3541 2195 3604 2245 et
3635 2194 3789 2259 preci~

348 2269 595 2338 insignis
631 2268 849 2340 reginae
880 2271 1124 2338 Emmae,
1157 2272 1214 2324 et
1242 2267 1522 2336 eligentes
1564 2266 1676 2322 sibi
1697 2266 1760 2322 in
1787 2282 1989 2338 regem
2099 2264 2204 2320 bus
2225 2266 2397 2334 facit.
2432 2266 2547 2323 Sed
2574 2282 2762 2324 unum
2787 2284 2819 2324 e
2849 2269 3011 2326 vobis
3040 2286 3230 2341 super
3284 2291 3356 2331 se
3401 2279 3686 2334 mallent
3727 2296 3790 2333 re

346 2359 671 2432 quemdam
702 2356 1045 2424 Haraldum,
1079 2357 1183 2429 qui
1221 2372 1348 2412 esse
1396 2356 1585 2411 tilium
1636 2355 1788 2412 falsa
1835 2357 1989 2413 aesti-
2095 2367 2285 2422 gnare
2327 2369 2505 2424 quam
2546 2356 2716 2411 istius
2746 2358 2852 2427 qui
2879 2373 3002 2414 non
3031 2360 3114 2415 eis
3144 2361 3464 2430 imperat,
3503 2369 3707 2422 teneri
3725 2368 3786 2421 di

343 2448 603 2504 matione
647 2447 926 2504 asseritur
966 2445 1286 2517 cujusdam
1325 2444 1596 2516 ejusdem
1636 2446 1791 2515 regis
1841 2449 1989 2503 Cnu-
2096 2442 2270 2498 tione.
2306 2443 2491 2512 Unde,
2522 2459 2686 2514 rogo,
2722 2460 2876 2501 unus
2907 2454 3175 2505 vestrum
3225 2452 3319 2507 ad
3370 2468 3481 2509 me
3528 2457 3784 2512 velociter

344 2538 497 2593 tonis
579 2536 949 2593 concubinae.
1033 2534 1430 2590 Plurimorum
1513 2549 1654 2590 vero
1738 2535 1987 2592 assertio
2094 2535 2148 2585 et
2173 2532 2410 2600 private
2438 2534 2657 2601 veniat,
2690 2540 2754 2589 ut
2783 2535 3028 2593 salubre
3072 2553 3111 2593 a
3142 2554 3242 2595 me
3272 2544 3638 2599 consilium
3664 2560 3783 2601 am

342 2625 621 2680 eumdem
675 2622 1002 2679 Haraldum
1074 2621 1341 2694 perhibet
1406 2622 1606 2678 furtim
1661 2621 1839 2679 fuisse
1893 2639 1986 2678 su-
2085 2619 2240 2687 piat,
2271 2626 2323 2675 et
2372 2621 2520 2676 sciat
2545 2636 2660 2691 quo
2700 2629 2879 2692 pacto
2922 2624 3036 2681 hoc
3081 2629 3420 2697 negotium
3472 2634 3653 2702 quod
3681 2636 3781 2689 vola

338 2714 616 2786 breptum
668 2710 1013 2785 parturienti
1068 2709 1316 2777 ancillae,
1370 2710 1717 2783 impositum
1780 2714 1983 2767 autem
2088 2707 2225 2774 ﬁeri
2261 2707 2487 2763 debeat.
2521 2709 2642 2764 Per
2666 2717 3017 2779 praesentem
3046 2730 3293 2786 quoque
3327 2718 3781 2777 internuntium

339 2818 587 2858 camerae
653 2799 990 2869 languentis
1044 2798 1410 2854 concubinae.
1480 2798 1653 2864 Quod
1710 2799 1983 2855 veracius
2090 2795 2236 2864 Quid
2283 2810 2463 2865 super
2512 2796 2602 2851 his
2649 2798 2887 2867 facturi
2931 2802 3070 2857 estis
3110 2806 3535 2864 remandate.
3587 2810 3777 2867 Valete.

336 2890 495 2946 credi
540 2892 757 2962 potest.
793 2886 902 2953 Qui
942 2886 1178 2954 electus,
1213 2893 1603 2960 metuensque
1650 2886 1849 2956 futuri,
1880 2887 1983 2943 ad-
2089 2883 2284 2938 cordis
2313 2886 2429 2939 mei
2460 2886 2707 2942 viscera.

334 2982 510 3033 vocat
533 2992 675 3032 mox
704 2974 1219 3047 archiepiscopum
1245 2974 1563 3046 IElnotum,
1589 2974 1785 3030 virum
1813 2974 1981 3031 omni
2158 2973 2274 3027 Hac
2305 2972 2512 3029 fraude
2533 2974 2711 3045 jussu
2741 2976 2983 3034 Haraldi
3013 2981 3268 3051 tyranni
3299 2988 3696 3058 composita,
3716 3005 3776 3042 re

334 3066 545 3121 virtute
561 3070 618 3121 et
639 3062 931 3137 sapientia
949 3063 1674 3136 prieditum,imperatque
1697 3068 1753 3119 et
1771 3068 1901 3119 orat
1916 3078 1978 3119 se
2007 3094 2048 3152 ο
2085 3058 2195 3128 giis
2234 3060 2691 3152 adolescentulis
2719 3069 2807 3120 est
2853 3066 3081 3124 directa
3118 3085 3236 3141 per
3266 3072 3573 3144 panaces
3605 3094 3774 3133 cum

331 3154 601 3211 benedici
625 3155 685 3209 in
710 3152 1176 3225 regem,sibique
1198 3152 1349 3208 tradi
1370 3169 1509 3208 cum
1534 3168 1756 3209 corona
1779 3152 1976 3224 regale
2020 3148 2048 3152 '
2082 3162 2197 3218 res,
2219 3148 2421 3222 eisque
2451 3167 2523 3206 ex
2552 3158 2719 3223 parte
2749 3154 2955 3210 matris
2981 3155 3222 3226 ignarae
3253 3160 3494 3219 oblata
3527 3172 3593 3221 et
3618 3166 3776 3222 bono

335 3261 458 3299 sua:
489 3242 772 3299 custodiae
802 3241 1193 3297 commissum
1223 3246 1522 3314 sceptrum
1551 3246 1608 3298 et
1637 3257 1701 3298 se
1726 3241 1866 3298 duci
1895 3241 1973 3297 ab
2080 3234 2241 3324 {ilice
2270 3236 2348 3293 ab
2374 3238 2476 3305 eis,
2508 3244 2574 3295 ut
2601 3256 2825 3297 munus
2850 3242 3156 3311 genitricis
3189 3257 3537 3323 suscepta.
3575 3256 3775 3324 Legum

331 3334 564 3393 eodem.
592 3333 736 3405 quia
766 3332 844 3388 ab
869 3331 985 3388 alio
1009 3347 1131 3387 non
1157 3330 1246 3387 fas
1277 3331 1486 3400 fuerat,
1518 3332 1579 3386 in
1610 3331 1862 3388 sublime
1887 3347 1974 3387 re-
2078 3322 2250 3380 dolos
2289 3326 2416 3397 ejus
2468 3327 2669 3397 nescii,
2703 3332 2779 3399 et,
2811 3331 2966 3402 proh
3013 3331 3235 3391 dolor!
3294 3322 3512 3397 nimis
3555 3322 3775 3399 falsitati

330 3423 431 3493 gni
465 3422 698 3478 solium.
745 3420 1016 3489 Abnegat
1056 3420 1562 3493 archiepiscopus,
1604 3420 1718 3476 sub
1742 3420 1971 3492 jureju-
2078 3413 2322 3480 creduli,
2353 3415 2684 3473 inconsulte
2730 3419 3097 3477 remandant
3126 3424 3435 3493 genitrici
3473 3446 3670 3488 unum
3695 3448 3773 3487 eo

324 3512 514 3567 rando
541 3526 811 3567 asserens
844 3526 905 3565 se
934 3509 1236 3564 neminem
1266 3508 1449 3564 alium
1494 3509 1556 3564 in
1581 3524 1783 3578 regem
1815 3509 1971 3576 (ﬁliis
2076 3518 2211 3594 ram
2263 3503 2341 3560 ad
2394 3521 2526 3561 eam
2573 3522 2706 3563 esse
2749 3512 3091 3580 venturum,
3145 3515 3685 3594 constituuntque
3731 3524 3774 3577 ei

325 3602 548 3655 Emmae
578 3598 794 3667 reginae
818 3596 1171 3668 viventibus)
1201 3595 1448 3652 laudare
1476 3596 1569 3651 vel
1598 3596 1965 3653 benedicere.
2075 3590 2234 3680 diem
2277 3597 2334 3649 et
2365 3598 2602 3667 tempus
2631 3601 2689 3652 et
2722 3596 2945 3654 locum.
2980 3601 3264 3670 Regressi
3303 3604 3544 3680 itaque
3574 3590 3772 3679 legata.

330 3710 356 3735 «
381 3687 499 3742 Hos
527 3703 679 3742 mea:
700 3684 838 3741 ﬁdei
866 3687 1053 3741 Cnuto
1081 3682 1414 3750 commisit;
1440 3682 1532 3738 his
1547 3682 1729 3739 ﬁdem
1753 3682 1965 3751 debeo,
2072 3679 2143 3734 rii
2170 3680 2446 3738 intimant
2475 3683 2573 3738 Dei
2602 3683 2858 3741 inimicis
2880 3702 3019 3759 quae
3043 3687 3160 3744 sibi
3194 3679 3536 3765 responsa
3561 3699 3770 3755 reddita

322 3780 377 3832 et
425 3775 516 3831 his
559 3773 904 3830 ﬁdelitatem
931 3771 1222 3827 servabo.
1259 3773 1566 3843 Sceptrum
1597 3775 1653 3825 et
1681 3786 1966 3828 coronam
2073 3767 2187 3861 $in
2233 3786 2302 3861 _a
2370 3771 2705 3861 Ῐυνεῄυίδιιδί
2761 3766 3209 3833 ηθδῧίεείωίδί
3240 3779 3418 3839 Hinc
3502 3786 3594 3843 mi
3646 3804 3769 3861 Ρη·

322 3880 492 3919 sacro
541 3862 709 3919 altari
754 3862 1021 3933 impono,
1055 3863 1111 3913 et
1137 3859 1251 3914 hoc
1283 3858 1388 3913 tibi
1418 3874 1528 3914 nec
1570 3858 1822 3928 denego,
1854 3875 1965 3915 nec
2072 3855 2444 3913 stolabantur
2473 3859 2603 3929 ejus
2636 3860 2987 3929 adventum,
3015 3868 3076 3921 et
3096 3866 3259 3937 quid
3291 3868 3383 3926 de
3419 3888 3506 3929 eo
3532 3855 3765 3935 facerent

318 3951 527 4016 trado;
572 3949 677 4004 sed
705 3947 1001 4020 episcopis
1030 3946 1335 4011 omnibus,
1366 3962 1441 4001 ne
1484 3946 1619 4019 quis
1659 3962 1867 4002 eorum
1893 3963 1963 4003 ea
2069 3944 2149 4000 ad
2196 3962 2374 4001 suum
2414 3947 2769 4004 invenerunt
2815 3950 3285 4013 detrimentum.
3323 3961 3593 4020 Statuto
3614 3965 3767 4035 igitur

318 4039 483 4095 tollat
511 4036 689 4093 tibive
728 4035 939 4102 tradat,
972 4042 1096 4090 teVe
1139 4033 1469 4100 benedicat,
1503 4034 1830 4106 apostolica
1859 4051 1964 4090 au-
2068 4033 2182 4124 die,
2214 4034 2475 4124 Alfridus
2505 4036 2702 4094 minor
2723 4043 2892 4097 natu.
2923 4040 3220 4100 laudante
3252 4045 3495 4119 fratre,
3521 4033 3769 4124 ειεέὶιεῂ.

317 4127 578 4183 ctoritate
621 4124 926 4181 interdico.
977 4124 1066 4178 Tu
1114 4139 1276 4191 vero,
1323 4123 1371 4177 si
1418 4122 1750 4195 praesumis.
1795 4125 1960 4195 quod
2066 4120 2127 4176 bi
2150 4122 2604 4192 commilitones,
2639 4130 2713 4193 et,
2745 4127 3042 4200 arripiens
3079 4131 3216 4199 iter,
3268 4135 3604 4198 Flandriae
3618 4120 3767 4197 venit

316 4218 433 4271 Deo
461 4229 807 4287 mensaeque
834 4213 963 4283 ejus
992 4210 1267 4267 commisi
1303 4210 1586 4267 invadito.
1605 4233 1632 4259 »
1665 4210 1815 4276 Quid
1846 4212 1957 4267 mi-
2065 4209 2125 4265 in
2154 4208 2326 4267 ﬁnes.
2360 4213 2489 4277 Quo
2518 4213 2833 4285 paululum
2864 4233 3007 4274 cum
3053 4223 3455 4283 marchione
3482 4231 3767 4293 Balduina

314 4322 407 4360 ser
431 4308 651 4374 ageret,
682 4318 803 4375 quo
855 4316 916 4356 se
946 4304 1215 4369 verteret,
1242 4299 1579 4387 ignorabat.
1608 4299 1958 4357 lntendebat
2064 4302 2351 4387 moratus,
2383 4303 2438 4355 et
2462 4299 2540 4355 ab
2568 4316 2640 4357 eo
2668 4308 2917 4372 rogatus
2951 4310 3015 4361 ut
3043 4306 3339 4380 aliquam
3376 4324 3637 4387 partem
3661 4337 3765 4374 sua

311 4393 524 4458 minas,
561 4396 618 4447 et
662 4388 807 4445 nihil
848 4387 1113 4462 profecit.
1147 4386 1533 4461 Expendebat
1579 4402 1850 4496 mpnera,
1899 4392 1956 4445 et
1974 4440 2025 4496 Β
2064 4385 2285 4496 (militiae
2332 4402 2536 4444 secum
2587 4389 2832 4489 duceret
2877 4399 3126 4467 propter
3171 4385 3434 4460 insidia
3488 4406 3763 4464 hostium.

308 4482 392 4538 nil
416 4482 676 4550 lucratus
704 4478 923 4546 doluit;
978 4476 1265 4549 quoniam
1284 4476 1384 4570 vir
1431 4474 1792 4570 apostolicus
1829 4474 2024 4570 nec"
2061 4474 2174 4531 Sed
2232 4479 2463 4570 tantum
2544 4478 3012 4570 Bononiensium
3073 4499 3325 4556 paucos
3406 4500 3764 4570 assumpsit,

306 4571 545 4627 valebat
571 4568 746 4625 minis
766 4567 958 4638 dejici,
988 4581 1096 4621 nec
1121 4564 1468 4622 muneribus
1489 4564 1660 4621 ﬂecti.
1679 4564 1949 4621 Tandem
2060 4568 2117 4618 et
2159 4564 2422 4620 ascensis
2461 4566 2772 4639 puppibus
2822 4585 2991 4627 more
3031 4575 3507 4639 transfretavit.
3558 4564 3766 4642 At‘uhi

306 4661 651 4733 desperatus
703 4656 1006 4725 abscessit,
1038 4660 1095 4711 et
1143 4654 1543 4727 episcopalem
1594 4654 1954 4711 benedictio-
2044 4651 2233 4708 .littori
2297 4654 2456 4710 venit
2508 4656 2846 4727 contiguus,
2898 4675 3045 4716 mox
3096 4663 3180 4720 ab
3240 4667 3654 4732 adversariis
3688 4682 3767 4731 est

304 4767 443 4806 nem
472 4749 623 4804 adeo
654 4746 890 4820 sprevit,
925 4750 989 4801 ut
1017 4761 1139 4800 non
1166 4744 1359 4800 solum
1391 4743 1588 4816 ipsam
1630 4743 1822 4835 odiret
1846 4743 1951 4799 be-
2055 4740 2328 4835 agnitus.
2503 4750 2880 4802 occurrentes
2918 4748 3216 4809 volebant
3270 4771 3446 4817 eum
3506 4764 3760 4835 δεδι-θαι

301 4838 731 4902 nedictionem,
797 4849 1006 4890 verum
1072 4832 1249 4889 etiam
1319 4831 1656 4887 universam
1724 4830 1951 4901 fugeret
2056 4829 2163 4884 sed
2198 4831 2397 4886 statim
2419 4830 2516 4887 ille
2547 4847 2882 4902 agnoscens
2903 4836 3090 4907 jussit
3117 4856 3332 4899 naves
3369 4863 3415 4906 ε,
3444 4829 3653 4909 littore
3677 4854 3763 4908 ille

301 4923 746 4984 Christianitatis
770 4921 1134 4991 religionem.
1164 4923 1429 4992 Namque
1458 4918 1610 5007 dum
1639 4917 1736 5007 alii
1765 4919 1948 4975 eccle—
2051 4918 2273 4990 repelli.
2300 4918 2426 4975 Alia
2455 4925 2654 4976 autem
2681 4923 3022 4980 ascendens
3050 4926 3116 4983 in
3156 4932 3481 5007 statione,
3519 4948 3757 4999 matrem

300 5017 455 5072 siam
480 5011 800 5070 christiano
826 5025 989 5066 more
1017 5010 1264 5064 missam
1298 5007 1502 5064 audire
1524 5005 1942 5078 subintrarent,
2050 5007 2306 5079 parabat
2356 5008 2541 5075 adire,
2597 5011 2905 5068 aestimans
2933 5030 3022 5071 'se
3065 5032 3343 5079 omnem
3400 5005 3757 5088 insidiata

294 5104 425 5175 ipse
452 5105 555 5158 aut
584 5100 767 5155 saltus
813 5097 1062 5154 canibus
1114 5096 1191 5152 ad
1216 5094 1564 5152 venandum
1607 5093 1807 5159 cinxit,
1840 5100 1943 5151 aut
2049 5100 2281 5167 pestem
2332 5097 2614 5155 evasisse.
2676 5102 2890 5157 Verum
2967 5103 3074 5160 ubi
3136 5107 3284 5177 jam
3348 5123 3504 5174 erat
3575 5120 3756 5194 proris

296 5190 660 5262 quibuslibet
714 5187 845 5242 aliis
900 5185 1196 5241 vilissimis
1250 5183 1429 5239 rebus
1488 5197 1617 5237 sese
1683 5197 1940 5255 occupa-
2048 5201 2204 5255 mus,
2264 5185 2345 5240 illi
2405 5203 2606 5244 comes
2678 5190 2986 5247 Godvinus
3068 5200 3162 5251 est
3237 5199 3500 5263 obvius
3563 5183 3753 5267 facta:

294 5279 397 5342 vit,
457 5282 520 5331 ut
573 5281 803 5333 tantum
877 5273 1173 5330 declinare
1234 5276 1437 5345 posset
1501 5268 1679 5357 quod,
1737 5270 1936 5327 odivit.
2047 5277 2104 5328 et
2130 5290 2268 5328 eum
2291 5273 2352 5329 in
2386 5291 2494 5331 sua
2517 5278 2778 5351 suscepit
2804 5278 2946 5347 ﬁde,
2981 5282 3250 5357 ejusque
3281 5289 3364 5346 ﬁt
3397 5310 3568 5353 mox
3603 5298 3749 5354 mna

296 5364 469 5428 Quod
521 5363 686 5431 Angli
732 5362 992 5417 videntes
1064 5360 1368 5431 dolebant,
1414 5358 1519 5414 sed
1584 5356 1726 5429 quia
1778 5357 1937 5415 hunc
2045 5376 2184 5416 cum
2227 5364 2583 5420 sacramenti
2641 5365 3065 5426 afﬁrmatione.
3100 5356 3173 5428 Et
3220 5374 3527 5441 devians
3569 5403 3693 5443 eum
3718 5402 3746 5438 ι

297 5449 409 5503 sibi
458 5463 654 5516 regem
702 5449 1017 5517 elegerant,
1050 5450 1208 5505 hunc
1253 5448 1620 5504 erubuerunt
1662 5444 1935 5516 dejicere,
2045 5449 2372 5517 Londonia,
2400 5452 2634 5511 induxit
2660 5470 2801 5511 eum
2851 5456 2914 5513 in
2960 5459 3101 5516 villa
3153 5462 3571 5531 Sildefordia
3616 5492 3741 5532 nun—

296 5536 551 5605 ideoque
576 5533 995 5620 disposuerunt
1034 5537 1193 5592 hunc
1231 5535 1344 5591 sibi
1372 5549 1577 5620 regem
1618 5532 1735 5587 ﬁne
1765 5536 1935 5620 tenus
2044 5541 2281 5607 cupata,
2311 5537 2577 5612 iniliique
2603 5541 2818 5599 milites
2847 5545 2982 5616 ejus
3011 5549 3275 5607 vicenos
3308 5563 3375 5612 et
3408 5560 3725 5620 duodenos

296 5639 448 5677 esse.
474 5618 724 5722 flemina
749 5626 946 5722 autem
977 5624 1182 5718 regina
1229 5626 1438 5722 Emme.
1467 5619 1690 5722 exitum
1728 5618 1810 5674 rei
1836 5637 1936 5722 ex:
2043 5623 2417 5722 decanosque
2447 5628 2683 5699 singula
2715 5631 2886 5689 duxit
2923 5650 3033 5707 per
3062 5637 3379 5713 hospitia,

294 5706 623 5780 spectabat,
655 5708 712 5759 et
740 5704 1160 5783 aliquantisper
1203 5710 1451 5768 sollicita
1500 5705 1789 5765 auxilium
1833 5708 1933 5767 Dei
2042 5708 2193 5770 lictis
2214 5729 2357 5771 cum
2391 5714 2633 5796 juvene,
2659 5719 2767 5794 qui
2795 5704 3203 5794 ejus—servitio
3232 5704 3723 5799 ἀώίξπέ-
