3836 6430
47 276 193 333 I393

1386 268 1766 330 ENCOMIUM.
1807 303 1876 312 —
1923 274 2053 330 LIB.
2098 279 2163 331 ll.

3351 277 3485 331 1394

41 404 224 455 stare.
259 402 323 454 Et
344 398 592 468 largitus
622 403 711 455 est
739 398 822 453 eis
851 399 1233 456 abundanter
1271 400 1497 455 cibaria
1523 402 1580 453 et
1607 413 1715 469 po-
1755 400 1801 453 A
1827 396 1988 454 benti
2016 400 2211 456 tremit
2255 400 2544 468 calamus,
2607 401 2755 456 dum
2814 401 3029 456 horreo
3075 414 3210 472 quae
3252 398 3484 470 juvenis

40 488 187 544 cula
215 491 271 542 et
300 486 427 560 ipse
454 486 534 542 ad
568 503 677 544 sua
706 489 949 543 recessit
1006 489 1284 561 hospitia,
1336 504 1514 544 inane
1560 485 1715 541 redi-

39 581 241 645 turus,
270 582 335 632 ut
364 576 615 632 domino
643 593 753 632 suo
784 578 1029 634 serviret
1055 595 1192 634 cum
1232 578 1433 633 debita
1480 575 1717 632 honori-

38 665 309 721 ﬁcentia.
361 664 474 721 Sed
525 669 851 738 postquam
906 668 1425 723 manducaverant
1470 670 1526 721 et
1553 664 1719 721 bibe-

38 759 205 821 rant,
238 759 295 810 et
322 754 526 821 lectos,
560 760 763 827 utpote
795 756 960 822 fessi,
992 757 1247 812 libenter
1275 756 1671 812 ascenderant
1700 772 1712 819 ;

38 860 189 899 ecce
221 844 545 917 complices
588 845 830 901 Haraldi
877 846 1277 902 infandissimi
1317 845 1555 917 tyranni
1608 843 1713 899 ad-

41 938 194 989 sunt
218 938 275 990 et
304 934 541 1004 singula
570 934 831 1007 hospitia
856 935 1169 1003 invadunt,
1216 952 1387 992 arma
1428 934 1712 990 innocen-

40 1026 181 1078 tum
236 1022 502 1078 virorum
557 1023 750 1078 furtivi
798 1023 1027 1094 tollunt,
1058 1029 1114 1079 et
1171 1040 1273 1080 eos
1314 1023 1566 1081 manicis
1608 1022 1715 1077 fer-

37 1112 165 1166 reis
216 1116 273 1167 et
325 1112 721 1184 compedibus
772 1117 1022 1183 arctant,
1079 1118 1224 1169 etut
1271 1114 1607 1169 crucientur
1652 1112 1713 1167 in

38 1202 377 1258 crastinum
424 1207 683 1259 servant.
739 1205 903 1259 Mane
941 1207 1144 1259 autem
1200 1204 1356 1260 facto
1396 1203 1711 1259 adducun-

38 1296 142 1347 tur
200 1291 464 1348 insontes
512 1292 572 1347 in
615 1292 817 1349 medio
863 1298 919 1349 et
968 1309 1091 1350 non
1131 1294 1318 1350 auditi
1347 1292 1712 1349 damnantur

38 1380 361 1435 scelerose.
398 1383 565 1447 Nam,
590 1381 865 1437 omnium
885 1383 1207 1438 exarmatis
1224 1382 1558 1454 vinetisque
1578 1385 1713 1453 post

36 1474 283 1539 tergum
310 1470 615 1537 manibus,
659 1470 1046 1526 atrocissimis
1078 1471 1275 1527 traditi
1305 1475 1446 1526 sunt
1474 1469 1711 1526 carniﬁ-

38 1558 239 1625 cibus,
275 1560 497 1631 quibus
525 1559 704 1615 etiam
729 1561 969 1631 jussum
999 1565 1087 1616 est
1134 1565 1197 1616 ut
1236 1560 1461 1617 nemini
1510 1576 1714 1633 parce-

38 1651 197 1713 rent,
234 1648 343 1703 nisi
370 1664 553 1720 quem
581 1665 708 1703 sors
739 1649 975 1704 decima
1006 1650 1261 1705 offerret.
1280 1654 1440 1706 Tunc
1462 1654 1711 1705 tortores

41 1736 279 1792 vinctos
308 1738 632 1793 ordinatim
666 1739 868 1793 sedere
900 1738 1165 1794 fecerunt
1204 1745 1259 1794 et
1308 1740 1450 1795 satis
1501 1756 1711 1813 supra-
1750 1752 1795 1807 Β

39 1838 164 1897 que
192 1825 277 1880 eis
307 1825 685 1895 insultantes,
718 1827 873 1882 illius
912 1829 1302 1884 interfectoris
1330 1829 1603 1885 Thebaeas
1634 1828 1712 1884 le-

41 1915 244 1983 gionis
271 1916 547 1989 exemplo
578 1916 669 1971 usi
701 1922 862 1981 sunt,
921 1918 1025 1990 qui
1083 1918 1405 1975 decimavit
1446 1918 1711 1992 primum

40 2004 395 2059 innocentes
424 2004 609 2060 multo
639 2005 731 2059 his
758 2006 981 2062 mitius.
1041 2006 1136 2061 Ille
1189 2008 1349 2063 enim
1389 2024 1491 2063 rex
1521 2024 1709 2080 paga-

40 2094 361 2155 nissimus.
395 2095 866 2152 Christianorum
912 2114 1132 2153 novem
1178 2099 1460 2171 pepercit,
1511 2099 1711 2155 occiso

40 2183 303 2240 decimo.
342 2184 435 2239 Ille
462 2184 597 2240 licet
626 2201 903 2257 paganus
950 2187 1317 2243 Christianos
1368 2188 1709 2254 trucidaret,

38 2272 254 2346 patulo
278 2278 477 2328 tamen
508 2274 567 2328 in
598 2290 815 2346 campo
845 2290 948 2330 eos
980 2276 1233 2331 nexibus
1285 2292 1407 2331 non
1460 2277 1711 2332 irretitos

40 2361 326 2417 decollari
363 2362 561 2432 jussit,
590 2370 654 2418 ut
685 2362 978 2433 gloriosos
1025 2365 1257 2421 milites.
1319 2371 1389 2420 At
1431 2366 1527 2421 isti
1577 2366 1709 2421 licet

41 2450 289 2506 nomine
321 2452 658 2522 Christiani,
689 2457 825 2508 actu
864 2460 1065 2510 tamen
1116 2455 1533 2527 paganissimi,
1578 2455 1707 2511 lan—

40 2542 350 2598 ceolarum
378 2559 627 2598 suarum
657 2542 806 2598 ictus
837 2559 961 2599 non
996 2550 1292 2600 merentes
1315 2546 1530 2602 heroas
1556 2552 1709 2602 cate-

39 2637 219 2686 natos
251 2632 601 2688 mactabant
631 2637 694 2688 ut
724 2649 879 2688 sues.
913 2634 1075 2689 Unde
1128 2635 1550 2705 hujuscemodi
1594 2640 1707 2691 tor-

40 2726 203 2776 tores
234 2721 485 2777 canibus
515 2722 837 2778 deteriores
866 2722 1045 2791 digne
1078 2724 1284 2779 omnia
1328 2724 1537 2779 dicunt
1594 2741 1705 2780 sae-

39 2810 197 2877 cula,
227 2812 330 2883 qui
360 2826 482 2866 non
508 2810 727 2866 militiae
758 2810 1056 2877 violentia,
1088 2812 1190 2868 sed
1224 2812 1528 2868 fraudium
1568 2830 1703 2870 sua-

37 2916 178 2954 rum
227 2898 462 2954 insidiis
518 2904 601 2956 tot
652 2899 909 2956 militum
954 2901 1206 2957 honesta
1261 2902 1706 2959 damnaverunt

39 3004 313 3060 corpora.
368 2988 695 3055 Quosdam,
755 2994 817 3045 ut
864 2989 1092 3046 dictum
1143 2996 1249 3060 est,
1304 2992 1701 3063 perimebant,

40 3077 341 3149 quosdam
374 3094 514 3133 vero
544 3095 666 3133 suae
715 3080 980 3135 servituti
1038 3081 1487 3154 mancipabant.
1546 3082 1703 3139 Alios

41 3184 199 3223 caeca
230 3167 509 3239 cupidine
540 3170 696 3242 capti
726 3170 1088 3241 vendebant,
1136 3172 1459 3228 nonnullos
1499 3156 1701 3230 autem

40 3261 299 3312 arctatos
326 3256 579 3312 vinculis
610 3258 822 3329 majori
852 3259 1113 3314 irrisioni
1141 3261 1548 3318 reservabant.
1588 3262 1703 3319 Sed

40 3346 243 3402 divina
281 3345 584 3402 miseratio
613 3362 735 3403 non
782 3348 969 3403 defuit
999 3348 1419 3405 innocentibus
1444 3352 1505 3407 in
1537 3357 1703 3409 tanto

40 3435 379 3491 discrimine
411 3436 897 3505 consistentibus,
929 3439 1075 3510 quia
1120 3439 1341 3496 multos
1399 3441 1511 3513 ipsi
1558 3442 1702 3498 vidi-

40 3542 199 3593 mus,
256 3542 410 3598 quos
457 3543 528 3581 ex
575 3526 677 3582 illa
706 3527 1002 3583 derisione
1034 3528 1250 3601 eripuit
1280 3529 1529 3596 caelitus,
1574 3531 1701 3587 sine

40 3615 404 3670 adminiculo
462 3615 722 3671 hominis
774 3618 962 3689 ruptis
1022 3617 1400 3673 manicarum
1465 3636 1702 3692 compe-

38 3703 306 3776 dumque
332 3705 625 3761 obicibus.

109 3797 260 3864 Ergo
289 3795 430 3867 quia
458 3795 711 3851 militum
737 3811 963 3865 agones
1006 3797 1357 3853 succinctim
1405 3802 1700 3855 transcur-

36 3883 246 3951 rimus,
281 3889 551 3957 superest
580 3889 644 3941 ut
672 3891 729 3941 et
749 3903 959 3942 eorum
989 3886 1293 3959 principis,
1320 3888 1565 3957 gloriosi
1596 3890 1702 3945 sci-

36 3971 169 4029 licet
203 3973 405 4028 Alfridi
432 3974 788 4047 martyrium
816 3976 1121 4031 narrando
1145 3976 1359 4032 seriem
1382 3977 1700 4035 locutionis

36 4062 497 4131 abbreviemus;
532 4079 605 4118 ne
630 4064 797 4133 forte,
854 4064 901 4120 si
943 4065 1287 4135 singulatim
1331 4068 1536 4125 omnia
1565 4086 1701 4142 quas

35 4153 83 4207 ei
112 4157 249 4208 acta
278 4157 417 4208 sunt
445 4153 839 4225 perstringere
872 4154 1259 4221 voluerimus,
1316 4157 1516 4214 multis
1567 4159 1700 4215 ubi-

32 4256 149 4313 que
174 4241 471 4313 praecipue
493 4242 755 4298 dominae
786 4243 1004 4312 reginae
1031 4243 1302 4300 dolorem
1342 4247 1698 4321 multiplice-

34 4347 188 4385 mus.
226 4332 354 4396 Qua
385 4331 444 4386 in
466 4348 549 4402 re,
576 4348 724 4403 rogo
757 4336 830 4400 te,
864 4332 1132 4401 domina,
1166 4350 1240 4389 ne
1273 4336 1544 4408 requiras
1570 4355 1699 4394 am-

1824 504 2041 559 passus
2073 496 2161 546 est
2184 490 2586 547 beatissimus.
2623 491 2888 546 Evadam
2915 505 3057 559 ergo
3083 489 3323 545 brevius
3355 494 3483 545 tan-

1825 581 1895 632 tae
1926 579 2278 636 calamitatis
2303 581 2627 647 miseriam,
2658 581 2961 653 ﬁnemque
2993 580 3174 649 hujus
3217 578 3486 649 martyrii

1824 665 1943 722 ﬁne
1973 671 2144 723 tenus
2165 670 2589 742 perstringam.
2624 673 2893 741 Namque
2924 674 3011 724 est
3037 669 3116 724 ab
3146 667 3344 741 impiis
3366 672 3489 722 ten-

1826 761 1940 823 tus,
1973 758 2203 813 effossis
2233 759 2411 815 etiam
2442 759 2768 815 luminibus
2800 758 3153 831 impiissime
3194 763 3283 813 est
3334 757 3487 813 occi-

1827 866 1947 905 sus.
1982 853 2108 915 Qua
2136 868 2279 907 nece
2308 852 2590 925 perfecta,
2623 852 2969 925 relinquunt
3010 867 3230 923 corpus
3263 850 3487 906 exami-

1823 954 1898 993 ne
1928 940 2095 1013 quod
2122 940 2327 997 fideles
2360 941 2571 998 Christi
2609 940 2891 997 monachi
2945 940 3162 995 scilicet
3210 939 3486 1010 ejusdem

1822 1027 2031 1084 insulae
2054 1029 2177 1085 Heli
2205 1030 2522 1102 rapientes,
2558 1029 2914 1102 sepelierunt
2943 1027 3287 1085 honoriﬁce.
3320 1033 3383 1084 ln
3404 1028 3487 1083 lo-

1824 1135 1894 1174 co
1922 1124 2119 1175 auten.
2163 1119 2417 1193 sepulcri
2465 1122 2595 1191 ejus
2627 1119 2814 1176 multa
2866 1119 3018 1174 ﬁunt
3068 1117 3380 1186 miracula,
3425 1120 3487 1171 ut

1822 1208 2073 1280 quidam
2104 1209 2289 1277 aiunt,
2318 1210 2423 1281 qui
2454 1209 2634 1265 etiam
2684 1226 2748 1264 se
2798 1208 2926 1264 haec
2970 1208 3187 1262 vidisse
3232 1205 3485 1278 saepissi-

1823 1314 1919 1352 me
1949 1298 2175 1354 dicunt.
2208 1302 2271 1353 Et
2300 1299 2508 1355 merito
2540 1317 2552 1354 :
2586 1299 2933 1354 innocenter
2964 1297 3123 1353 enim
3172 1296 3280 1351 fuit
3331 1312 3505 1351 marr

1823 1387 2129 1458 tyrisatus,
2169 1388 2424 1461 ideoque
2456 1388 2710 1459 dignum
2754 1392 2842 1443 est
2890 1392 2954 1442 ut
2982 1403 3087 1460 per
3124 1402 3264 1441 eum
3316 1385 3485 1440 inno-

1823 1472 2081 1527 centium
2125 1478 2468 1529 exerceatur
2496 1473 2700 1528 virtus.
2734 1472 3002 1528 Gaudeat
3045 1471 3223 1541 igitur
3272 1473 3484 1526 Emma

1822 1561 2029 1631 regina
2075 1562 2149 1617 de
2197 1566 2361 1617 tanto
2386 1562 2798 1633 intercessore,
2836 1562 2979 1634 quia
3007 1577 3188 1634 quem
3222 1561 3282 1615 in
3314 1560 3482 1615 terris

1821 1650 2034 1707 habuit
2061 1651 2271 1723 ﬁlium,
2306 1668 2466 1707 nunc
2497 1652 2677 1708 habet
2709 1652 2767 1707 in
2800 1652 2962 1707 ccelis
2993 1656 3335 1725 patronum.

1894 1746 1963 1796 At
1987 1741 2211 1810 regina,
2246 1741 2393 1796 tanti
2424 1740 2660 1796 sceleris
2691 1741 2952 1797 novitate
2990 1739 3285 1813 perculsa,
3335 1739 3483 1811 quid

1821 1830 1976 1886 facto
2025 1846 2179 1903 opus
2219 1832 2293 1886 sit
2336 1836 2533 1887 mente
2581 1831 2921 1887 considerat
2976 1832 3172 1887 tacita.
3233 1830 3482 1885 Animus

1820 1920 1998 1989 igitur
2028 1920 2157 1991 ejus
2185 1919 2456 1975 diversus
2480 1920 2597 1976 huc
2627 1920 2887 1993 illucque
2920 1919 3147 1993 rapitur
3176 1923 3232 1975 et
3262 1935 3323 1974 se
3351 1935 3481 1974 am-

1822 2009 1977 2081 plius
2026 2014 2201 2065 tantae
2250 2009 2515 2082 perﬁdiae
2559 2010 2797 2065 credere
2847 2014 3199 2077 cunctatur;
3255 2009 3481 2081 quippe

1822 2114 1956 2170 quae
1982 2098 2274 2170 perempti
2304 2097 2403 2153 ﬁlii
2443 2097 2949 2154 inconsolabiliter
3002 2095 3483 2153 confundebatur

1821 2203 2096 2255 maerore,
2128 2203 2340 2243 verum
2388 2186 2576 2242 multo
2621 2187 2882 2259 amplius
2934 2204 3005 2243 ex
3035 2186 3307 2257 ejusdem
3339 2200 3480 2240 con-

1822 2276 2130 2332 solabatur
2167 2279 2325 2331 certa
2353 2276 2577 2348 requie.
2615 2276 2761 2331 Hinc
2791 2276 3034 2348 duplici,
3089 2280 3153 2330 ut
3200 2274 3479 2342 diximus,

1820 2366 2155 2437 angebatur
2206 2382 2412 2433 causa,
2472 2365 2634 2420 necis
2690 2364 2957 2421 videlicet
3006 2363 3109 2419 ﬁlii
3157 2362 3484 2419 miserabili

1820 2456 2118 2523 maestitia,
2147 2461 2273 2511 tum
2302 2472 2444 2511 vero
2472 2455 2717 2527 reliquae
2749 2471 2871 2509 suae
2902 2456 3033 2510 vitae
3060 2453 3483 2525 dignitatisque

1819 2542 2169 2598 difﬁdentia.
2207 2544 2319 2599 Sed
2350 2543 2615 2598 fortassis
2663 2543 2759 2598 hic
2810 2542 2957 2597 mihi
2987 2542 3236 2614 quilibet
3265 2541 3483 2596 clama-

1817 2631 1921 2699 bit,
1950 2647 2134 2704 quem
2173 2631 2322 2687 livor
2346 2632 2597 2701 hujusce
2645 2631 2906 2686 dominaa
2956 2630 3209 2685 lividum
3265 2645 3479 2685 onero-

1818 2736 2075 2793 sumque
2094 2720 2291 2776 reddit
2323 2738 2335 2775 :
2368 2721 2483 2775 Cur
2507 2720 2721 2776 eadem
2769 2735 2915 2775 nece
2954 2719 3107 2775 mori
3159 2718 3476 2783 refutabat,

1816 2825 1951 2882 qua;
1994 2810 2107 2865 sub
2156 2809 2270 2866 hac
2322 2809 2658 2881 proditione
2702 2814 2982 2865 necatum
3026 2807 3219 2865 ﬁlium
3258 2812 3479 2864 aeterna

1814 2899 2018 2972 requie
2060 2898 2176 2955 frui
2229 2899 2570 2957 nullatenus
2615 2899 2975 2955 dubitabat?
3028 2898 3116 2953 Ad
3161 2897 3329 2971 quod
3379 2898 3479 2953 de-

1815 2990 2192 3060 struendum,
2248 2989 2350 3046 tali
2403 2989 2791 3062 responsione
2846 3004 3061 3044 censeo
3116 2987 3406 3043 utendum
3461 3005 3474 3042 :

1815 3078 2110 3144 Quoniam
2144 3078 2191 3133 si
2235 3082 2578 3151 persecutor
2606 3077 2949 3134 Christianae
2977 3076 3281 3146 religionis
3314 3075 3480 3131 ﬁdei-

1813 3184 1931 3241 que
1962 3167 2219 3237 adesset,
2259 3183 2383 3223 non
2436 3167 2563 3222 vitae
2612 3166 2933 3221 discrimen
2974 3166 3175 3221 subire
3226 3165 3476 3235 fugeret.

1816 3260 2129 3327 Craterum,
2182 3257 2479 3313 nefarium
2524 3262 2581 3313 et
2630 3257 2993 3312 exsecrabile
3026 3257 3253 3312 cunctis
3285 3257 3482 3312 ortho-

1815 3348 1987 3404 doxis
2012 3347 2313 3403 videretur
2345 3347 2416 3417 si,
2451 3347 2777 3403 ambitione
2810 3346 3023 3403 terreni
3054 3346 3310 3420 imperii,
3350 3346 3480 3403 talis

1814 3437 1992 3493 fama;
2026 3442 2304 3493 matrona
2325 3437 2445 3493 vita
2465 3438 2831 3510 privaretur;
2873 3452 2947 3491 ne
2974 3436 3237 3507 profecto
3269 3436 3476 3503 emori,

1814 3526 2066 3581 fortunis
2093 3530 2271 3581 tantae
2304 3526 2566 3581 dominae
2594 3526 2881 3581 honestus
2919 3525 3111 3580 exitus
3157 3525 3479 3580 haberetur

1816 3617 1908 3687 (l).
1945 3616 2079 3671 He'c
2111 3619 2167 3670 et
2192 3615 2283 3669 his
2314 3614 2529 3670 similia
2559 3620 2694 3670 ante
2722 3614 2928 3669 oculos
2958 3629 3212 3685 ponens,
3244 3618 3301 3669 et
3330 3613 3476 3670 illud

1813 3704 2222 3761 authenticum
2267 3703 2589 3759 Dominicze
2624 3702 3050 3759 exhortationis
3108 3707 3475 3775 praeceptum

1814 3794 1937 3849 suis
1990 3792 2242 3849 fortunis
2285 3791 2661 3848 conducibile
2710 3808 2981 3863 censens,
3036 3808 3158 3864 quo
3202 3791 3476 3848 videlicet

1813 3883 2009 3940 electis
2034 3883 2313 3939 insinuat.
2350 3883 2641 3949 Quoniam
2668 3884 2722 3937 si
2753 3883 3052 3952 persecuti
3102 3897 3199 3938 vos
3237 3883 3475 3951 fuerint

1812 3976 1874 4030 in
1908 3990 2031 4031 una
2060 3976 2319 4040 civitate,
2350 3974 2548 4044 fugite
2576 3974 2639 4029 in
2662 3974 2882 4044 aliam;
2900 3989 3010 4045 pro
3034 3990 3142 4028 suo
3166 3988 3310 4029 casu
3337 3989 3474 4046 spes

1815 4064 1957 4120 satis
1986 4064 2270 4119 honestas
2300 4062 2544 4135 reliquie
2574 4062 2878 4133 dignitatis
2908 4062 3337 4118 conservandae
3377 4079 3475 4119 ex-

1814 4152 2170 4225 sequitur,et
2199 4151 2445 4208 tandem
2468 4152 2658 4222 gratia
2687 4151 2929 4224 superni
2959 4156 3263 4225 respectus
3289 4152 3477 4208 consi-

1811 4244 1891 4300 lio
1924 4244 2119 4300 solerti
2152 4244 2350 4299 utitur.
2384 4246 2623 4298 Exteras
2653 4244 2925 4297 nationes
2952 4248 3147 4315 petere
3190 4242 3304 4297 sibi
3336 4244 3474 4299 utile

1812 4334 2015 4401 credit,
2048 4333 2214 4405 quod
2261 4331 2464 4400 sagaci
2512 4330 2743 4386 ratione
2782 4331 2901 4386 ﬁne
2959 4336 3131 4387 tenus
3177 4331 3467 4403 perducit.

33 4420 189 4492 plius
218 4437 405 4493 quam
434 4422 545 4476 hoc
575 4421 742 4494 quod
768 4421 867 4477 tibi
893 4423 1197 4494 parcendo
1230 4423 1487 4482 breviter
1511 4427 1695 4484 dictu-
1732 4459 1779 4513 Β
1810 4426 2033 4478 Tamen
2058 4436 2213 4495 quas
2238 4419 2383 4492 petit
2402 4435 2524 4475 non
2555 4423 2828 4475 externas
2858 4419 2970 4475 sibi
3008 4424 3251 4492 experta
3279 4424 3367 4476 est
3387 4420 3471 4476 fo-

29 4511 76 4563 ri
104 4526 333 4565 sumus.
356 4513 597 4566 Possent
625 4511 785 4567 enim
816 4511 1005 4567 multa
1033 4512 1172 4583 dici,
1198 4514 1245 4569 si
1279 4531 1400 4571 non
1431 4521 1533 4574 tuo
1563 4535 1701 4591 par-

26 4616 304 4655 eeremus
357 4599 568 4656 dolori.
628 4604 725 4657 Est
776 4601 1003 4674 quippe
1054 4604 1256 4660 nullus
1299 4606 1472 4662 dolor
1500 4612 1697 4682 major

30 4690 205 4744 matri
233 4705 422 4760 quam
450 4689 647 4745 videre
677 4691 769 4746 vel
802 4690 1011 4746 audire
1042 4698 1298 4750 mortem
1326 4696 1695 4758 dilectissimi

31 4777 151 4832 ﬁlii.
190 4782 411 4849 Captus
451 4783 540 4833 est
584 4780 763 4847 igitur
806 4780 1004 4850 regius
1031 4782 1272 4851 juvenis
1301 4783 1457 4841 clam
1490 4804 1599 4844 suo
1630 4791 1690 4846 in

30 4861 289 4934 hospitio
317 4862 690 4935 eductusque
718 4863 779 4919 in
808 4864 1009 4920 insula
1038 4866 1156 4921 Heli
1186 4868 1343 4925 dicta
1377 4888 1389 4935 ;
1445 4887 1481 4926 a
1512 4872 1693 4929 milite

30 4950 296 5020 primum
325 4951 530 5006 irrisus
561 4957 649 5007 est
694 4952 1111 5025 iniquissimo;
1166 4956 1383 5014 deinde
1432 4965 1694 5017 contem-

30 5038 356 5109 ptibiliores
384 5040 701 5111 eliguntur,
739 5048 800 5097 ut
826 5043 1043 5099 horum
1070 5046 1148 5102 ab
1193 5046 1425 5105 insania
1458 5050 1693 5106 flendus

14 5126 262 5205 juvenis
291 5128 666 5199 dijudicetur.
701 5132 809 5196 Qui
836 5132 1070 5202 judices
1118 5135 1439 5207 constituti,
1491 5138 1692 5195 decre-

30 5222 243 5272 verunt
268 5217 348 5273 illi
369 5216 588 5274 debere
617 5219 777 5275 oculi
816 5221 1048 5294 utrique
1107 5221 1332 5296 [oculos
1385 5230 1689 5299 utrosque]

20 5305 105 5385 ad
132 5312 543 5379 contemptum
568 5309 831 5380 primum
864 5311 1008 5367 erui.
1038 5314 1206 5376 Quod
1237 5320 1562 5387 postquam
1587 5333 1691 5390 pa-

20 5400 161 5450 ‘rant
200 5396 502 5468 perﬁcere,
557 5397 679 5453 duo
736 5398 816 5454 illi
861 5417 1040 5472 super
1087 5402 1335 5459 brachia
1362 5410 1687 5477 ponuntur,

22 5479 131 5549 qui
182 5480 418 5535 interim
466 5487 731 5537 tenerent
778 5483 877 5540 illa
934 5490 989 5539 et
1030 5502 1184 5541 unus
1231 5505 1411 5560 super
1458 5495 1685 5562 pectus,

14 5576 304 5636 tunusque
337 5582 517 5637 super
547 5582 741 5636 crura,
771 5574 831 5622 ut
862 5569 943 5623 sic
986 5568 1216 5626 facilius
1256 5572 1336 5627 illi
1376 5573 1688 5630 inferretur

14 5660 225 5718 'poena.
261 5648 372 5715 Qui
401 5650 515 5704 hoc
544 5651 606 5705 in
636 5651 841 5708 dolore
872 5653 1140 5709 detineor
1159 5657 1187 5710 ?
1231 5657 1361 5712 Mihi
1404 5657 1517 5728 ipsi
1546 5659 1687 5713 scri-

1810 4526 1894 4582 re,
1923 4510 2057 4584 quis
2083 4508 2344 4581 [quibus]
2372 4508 2705 4564 immorans
2737 4508 2901 4565 haud
2928 4525 3098 4565 secus
3118 4526 3187 4565 ac
3218 4509 3341 4564 suis
3369 4526 3469 4566 co-

1804 4600 1943 4656 litur
1972 4598 2411 4654 decentissime.
2466 4597 2648 4667 Igitur
2698 4613 2808 4669 pro
2860 4614 2922 4653 re
2957 4602 3137 4671 atque
3176 4604 3464 4671 tempore,

1805 4704 1991 4762 quam
2012 4687 2304 4760 plurimos
2324 4690 2519 4759 potest
2548 4685 2659 4741 sibi
2686 4686 2855 4745 ﬁdos,
2871 4686 3192 4759 optimates
3223 4703 3468 4757 congre-

1804 4781 1923 4847 gat,
1950 4776 2042 4831 his
2072 4775 2464 4849 praesentibus
2495 4781 2720 4832 secreta
2750 4776 2945 4831 cordis
2976 4776 3065 4831 sui
3096 4776 3385 4833 enucleat.
3419 4782 3465 4832 Α

1804 4866 2026 4939 quibus
2052 4866 2227 4922 etiam
2252 4865 2395 4921 inito
2422 4865 2683 4921 dominae
2705 4865 2958 4937 probato
2998 4866 3268 4932 consilio,
3303 4882 3464 4921 com-

1802 4962 2038 5012 meatus
2061 4955 2341 5011 classium
2371 4971 2579 5011 eorum
2611 4959 2937 5027 apparatur
2983 4955 3207 5011 exsilio.
3258 4960 3463 5028 ltaque

1802 5046 2103 5118 prosperis
2136 5045 2225 5101 usi
2255 5044 2495 5101 ﬂatibus
2524 5044 2926 5111 transfretant,
2972 5048 3029 5100 et
3057 5045 3297 5101 cuidam
3348 5050 3463 5101 sta-

1804 5135 1946 5192 tioni
1971 5136 2137 5191 haud
2167 5135 2345 5205 longe
2369 5151 2406 5190 a
2436 5133 2679 5191 castello
2708 5135 2998 5203 Brugensi
3043 5134 3284 5191 distanti
3334 5151 3461 5190 sese

1801 5224 2125 5297 applicant.
2178 5224 2299 5279 Hoc
2345 5222 2658 5279 castellum
2712 5223 3175 5278 Flandrensibus
3228 5224 3457 5279 colonis

1798 5312 2093 5381 incolitur,
2125 5312 2292 5385 quod
2324 5316 2449 5367 tum
2479 5311 2811 5383 frequentia
2839 5312 3299 5381 negatiatorum,
3334 5318 3461 5370 tum

1800 5402 2108 5459 afﬂuentia
2164 5401 2438 5457 omnium
2466 5416 2602 5473 quae
2653 5400 2851 5472 prima
2888 5401 3170 5457 mortales
3210 5402 3458 5473 ducunt,

1798 5487 2270 5543 famosissimum
2292 5487 2565 5542 habetur.
2602 5485 2705 5540 Hic
2735 5486 3017 5558 equidem
3046 5503 3081 5542 a
3114 5490 3459 5546 marchione

1797 5572 2070 5643 ejusdem
2098 5571 2419 5645 provinciae
2451 5569 2739 5626 Balduino
2771 5572 2978 5641 magni
3002 5576 3060 5628 et
3088 5573 3459 5630 invictissimi

1794 5656 2080 5729 principis
2111 5655 2253 5722 ﬁlio,
2278 5656 2527 5728 ejusque
2558 5655 2815 5726 conjuge
2849 5656 3078 5724 Athala,
3120 5675 3255 5730 quae
3285 5658 3458 5713 inter—

14 5760 27 5835 ζ
101 5754 175 5824 (t)
210 5755 317 5811 Hic
344 5755 608 5814 imitatur
628 5763 836 5815 auctor
861 5759 1045 5817 verba
1075 5762 1446 5826 Adherbalis,
1475 5764 1643 5835 apud
1673 5761 2043 5833 Sallustium,
2069 5763 2130 5819 in
2163 5764 2456 5832 Jugurth.

14 5832 30 5877 β
