3836 6420
348 271 371 320 i
380 269 483 322 395

1194 268 1403 322 ΕΜΜιΕ
1441 265 1712 320 ΒΕΕΙΝᾸΞ
1749 261 2134 319 ANG'LORUH
2172 263 2549 323 ENCOMIUM.
2583 294 2649 301 —
2680 263 2807 316 LIB.
2836 261 2903 315 ΙΙ.

3687 260 3798 317 ua

342 392 607 461 pretatur
636 389 1021 458 nobilissima,
1053 388 1416 444 Francorum
1454 386 1608 455 regis
1652 385 1888 442 Roberti
1931 387 1989 440 et
2018 386 2068 443 Α
2099 388 2323 457 pestate
2348 386 2573 453 sedata,
2608 385 2909 457 prosperis
2940 383 3183 440 ﬂatibus
3215 383 3397 439 sinus
3428 378 3689 454 pandit
3730 397 3800 439 ve

343 478 564 547 reginas
598 476 950 533 Constantia
980 475 1101 530 tilia
1128 475 1476 546 honorifice,
1508 474 1590 531 uti
1644 490 1707 529 se
1733 473 1988 542 dignum

293 632 296 636 ,
344 570 490 636 erat,
522 566 818 637 recipitur.
847 568 893 618 A
918 564 1136 635 quibus
1167 563 1427 619 etiamin
1459 563 1725 637 predicto
1770 563 1990 618 domus

341 655 527 725 regali
555 652 820 726 sumptui
851 657 989 725 apta
1020 653 1215 709 eidem
1244 653 1464 723 reginae
1494 653 1786 722 tribuitur,
1817 657 1989 707 ciete-

344 760 478 800 rum
510 742 828 798 obsonium
856 741 1114 811 benigne
1144 742 1405 798 offertur.
1440 745 1581 808 Quae
1634 741 1851 814 partim
1888 740 1990 797 illa

343 847 479 887 cum
532 830 857 901 gratiarum
912 830 1141 886 actione
1172 831 1439 903 suscipit,
1468 832 1807 904 partimque
1861 846 1988 885 sese

342 934 462 975 non
483 918 750 990 indigere
779 919 1234 992 quodammodo
1260 920 1534 976 ostendit.

412 1008 475 1063 In
502 1012 666 1064 tanta
696 1008 871 1079 igitur
890 1008 1083 1080 posita
1115 1008 1448 1080 securitate,
1478 1009 1704 1079 legatos
1727 1025 1835 1064 suo
1867 1008 1991 1066 tilio

342 1098 517 1154 mittit
542 1096 790 1153 Ewardo
819 1097 1181 1170 postulatum
1220 1113 1294 1153 ne
1318 1114 1525 1154 versus
1581 1114 1642 1153 se
1678 1097 1986 1170 pigritare-

344 1191 441 1242 tur
467 1187 680 1243 venire.
713 1185 939 1251 Quibus
967 1185 1061 1241 ille
1092 1186 1429 1242 obaudiens
1456 1203 1679 1258 equum
1710 1202 1987 1242 conscen-

344 1276 447 1345 dit,
472 1280 527 1331 et
553 1276 628 1330 ad
661 1280 909 1330 matrem
940 1291 1129 1347 usque
1156 1277 1438 1348 pervenit.
1476 1276 1585 1332 Sed
1620 1276 1722 1332 ubi
1775 1276 1860 1330 eis
1892 1292 1988 1330 co-

343 1363 443 1435 pia
468 1362 609 1417 data
640 1366 725 1417 est
756 1366 962 1417 mutuo
992 1362 1299 1435 loquendi,
1332 1363 1489 1418 ﬁlius
1522 1379 1583 1417 se
1613 1364 1819 1419 matris
1873 1363 1988 1417 fors

343 1456 516 1507 tunas
549 1451 755 1507 edocet
807 1452 1093 1518 miserari,
1146 1452 1249 1507 sed
1303 1452 1651 1507 nullomodo
1681 1469 1857 1526 posse
1884 1468 1988 1506 au~

341 1541 552 1610 xiliari,
590 1557 727 1596 cum
756 1539 983 1611 Anglici
1022 1541 1338 1613 optimates
1389 1542 1622 1597 nullum
1654 1542 1704 1596 ei
1746 1541 1989 1597 fecerint

337 1630 762 1701 jusjurandum
797 1648 810 1697 ;
840 1646 973 1702 quae
1001 1646 1095 1684 res
1153 1629 1459 1685 indicabat
1500 1647 1536 1685 a
1596 1630 1769 1686 fratre
1825 1630 1984 1685 auxi-

2098 473 2293 529 lorum
2324 493 2337 541 ;
2381 475 2584 547 sicque
2616 474 2880 529 secundo
2912 490 3056 528 usus
3094 489 3307 541 cursu,
3374 470 3471 527 ad
3548 472 3799 539 Bruges-

2098 579 2221 618 sem
2255 580 2381 619 sese
2413 564 2982 635 applicuitportum.
3012 562 3112 618 Hic
3162 561 3476 619 anchoris
3522 558 3800 617 rudibus-

2096 667 2214 723 que
2242 652 2498 709 navibus
2529 652 2743 720 aﬂixis,
2793 656 2849 709 et
2895 652 3094 711 nautis
3140 651 3249 723 qui
3308 665 3430 705 eas
3486 659 3800 707 servarent

2097 740 2402 812 expeditis,
2430 745 2589 796 recta
2622 757 2684 795 se
2713 739 2810 795 via
2840 756 2980 794 cum
3006 738 3252 795 delectis
3307 738 3399 796 ad
3457 736 3800 809 hospitium

2094 826 2294 897 dirigit
2319 828 2545 884 matris.
2575 827 2778 893 Qualis
2803 843 2945 897 ergo
2974 843 3221 897 mceror,
3243 825 3623 899 qualisque
3680 824 3799 881 leti.

2095 917 2175 973 tia
2227 917 2287 974 in
2339 919 2467 987 ejus
2515 917 2778 973 adventu
2830 917 3006 974 fuerit
3055 921 3288 983 exorta,
3318 915 3525 977 nulla
3570 913 3687 971 tibi
3715 930 3799 970 un»

2101 1022 2287 1078 quam
2338 1006 2656 1078 explicabit
2702 1006 2944 1077 pagina.
3013 1006 3193 1062 Dolor
3248 1004 3440 1063 haud
3524 1003 3801 1061 modicus

2095 1095 2451 1162 habebatur,
2506 1095 2653 1153 dum
2709 1097 2770 1151 in
2827 1096 2987 1151 vultu
3039 1096 3174 1166 ejus
3218 1095 3471 1153 faciem
3503 1094 3802 1167 perempti

2096 1184 2289 1239 fratris
2319 1189 2506 1240 mater
2537 1185 2802 1256 quadam
2841 1185 3278 1253 imaginatione
3331 1182 3801 1254 contemplare-

2096 1278 2206 1327 tur.
2232 1274 2373 1329 Item
2404 1274 2622 1338 gaudio
2661 1290 2883 1341 magno
2909 1274 3238 1342 gaudebat,
3274 1273 3445 1331 dum
3512 1280 3800 1344 supersti-

2096 1366 2213 1416 tem
2280 1362 2515 1419 salvum
2571 1363 2778 1418 adesse
2830 1363 2940 1419 sibi
2992 1363 3261 1423 videbat.
3320 1362 3523 1421 Unde
3586 1362 3801 1417 viscera

2094 1449 2310 1505 divina:
2367 1450 2786 1506 misericordiae
2842 1468 2905 1507 se
2962 1451 3194 1506 sciebat
3264 1450 3629 1523 respicere,
3680 1466 3801 1504 cum

2093 1540 2366 1594 nondum
2393 1540 2487 1594 tali
2519 1540 2901 1597 frustraretur
2926 1540 3246 1599 solamine.
3276 1543 3408 1596 Nec
3447 1539 3663 1609 longo
3686 1544 3805 1610 post

2093 1627 2214 1682 ﬁlio
2236 1644 2371 1683 cum
2402 1634 2587 1684 matre
2616 1634 2884 1685 morante
2902 1634 2956 1685 et
2984 1634 3349 1685 memoratae
3376 1628 3660 1686 visionis
3685 1645 3802 1698 pro-

342 1718 484 1773 lium
518 1717 936 1789 expetendum.
962 1717 1061 1772 His
1090 1718 1171 1773 ita
1192 1718 1390 1788 gestis,
1425 1719 1750 1775 Edwardus
1784 1719 1986 1774 North-
2026 1730 2068 1785 3
2095 1717 2272 1771 missa
2312 1722 2712 1788 exspectante,
2745 1718 2936 1772 nuntii
2962 1718 3101 1773 laeta
3149 1718 3429 1777 ferentes
3478 1718 3713 1776 nuntia
3740 1717 3799 1771 ad

342 1807 650 1862 manniam
715 1807 1029 1874 revehitur,
1072 1811 1129 1861 et
1156 1822 1327 1862 mens
1349 1807 1567 1875 reginae
1595 1807 1741 1879 quid
1770 1807 1881 1861 sibi
1903 1807 1986 1862 fo-

340 1900 425 1951 ret
454 1895 773 1965 agendum,
806 1894 983 1951 etiam
1014 1910 1175 1950 nunc
1224 1900 1554 1951 cunctatur.
1617 1900 1755 1955 Post
1805 1896 1980 1965 cujus

342 1984 617 2053 reditum,
646 1983 883 2039 nuntios
906 1983 1342 2039 Hardecnutoni
1366 1984 1485 2039 tilio
1518 2001 1626 2039 suo
1657 1985 1832 2055 legat,
1879 1985 1985 2056 qui

344 2077 481 2128 tunc
514 2072 793 2144 temporis
832 2072 1098 2140 regimen
1151 2076 1452 2128 Danorum
1496 2073 1824 2140 obtinebat,
1878 2089 1986 2145 per

343 2177 495 2233 quos
528 2161 619 2215 sui
644 2160 864 2215 doloris
894 2161 1215 2217 novitatem
1241 2161 1428 2233 aperit
1453 2166 1510 2217 et
1539 2167 1604 2217 ut
1632 2162 1710 2217 ad
1740 2178 1800 2216 se
1828 2162 1988 2216 venio

342 2266 405 2304 re
435 2249 789 2322 quantocius
820 2254 1074 2307 maturet
1097 2249 1259 2322 petit.
1295 2250 1474 2320 Cujus
1500 2264 1674 2305 aures
1730 2254 1796 2305 ut
1842 2250 1987 2305 tanti

345 2338 579 2393 sceleris
599 2340 806 2394 horror
830 2338 1096 2407 incussit,
1128 2338 1324 2411 primo
1352 2339 1624 2394 omnium
1657 2354 1827 2394 mens
1857 2340 1986 2409 ejus

342 2426 691 2484 intolerabili
720 2427 934 2483 obtusa
963 2427 1166 2483 dolore
1216 2428 1277 2482 in
1335 2428 1703 2483 consulendo
1751 2428 1982 2484 fatiscit.

340 2516 597 2573 Ardebat
639 2516 797 2573 enim
855 2519 1080 2586 animo,
1136 2516 1329 2572 fratris
1386 2516 1632 2587 injurias
1665 2517 1850 2573 ultum
1877 2518 1980 2587 ire,

338 2606 460 2661 imo
491 2606 669 2661 etiam
697 2606 905 2661 matris
930 2605 1209 2674 legationi
1266 2620 1493 2678 parere.
1549 2605 1693 2660 Hinc
1752 2606 1982 2677 utrique

339 2694 421 2749 rei
450 2694 807 2766 prtevidens,
835 2708 1021 2765 quam
1052 2693 1350 2749 maximas
1373 2697 1566 2765 potest
1593 2694 1841 2750 navium
1880 2695 1985 2749 mi-

336 2782 627 2854 litumque
654 2782 904 2854 [copias,
937 2784 1032 2836 En.
1058 2782 1145 2851 P.]
1175 2786 1364 2853 parat,
1415 2798 1674 2853 quorum
1729 2783 1981 2855 amplio-

336 2887 461 2927 rem
486 2886 807 2926 numerum
831 2868 1099 2941 quodam
1129 2869 1312 2924 maris
1337 2869 1397 2924 in
1428 2870 1683 2926 intractu
1712 2871 1979 2941 collocat,

336 2961 441 3033 qui
494 2960 541 3013 si
587 2960 737 3014 inter
789 2958 1055 3014 eundum
1114 2958 1226 3014 sibi
1286 2959 1459 3031 copia
1510 2960 1841 3031 pugnandi,
1874 2976 1980 3015 seu

334 3049 515 3104 etiam
538 3047 857 3103 necessitas
895 3048 1271 3121 repugnandi
1328 3049 1639 3117 accideret,
1701 3050 1981 3122 praesidio
2010 3075 2053 3129 ο

334 3136 696 3194 adventaret.
740 3137 1048 3205 Caeterum,
1103 3151 1224 3191 non
1270 3137 1527 3209 amplius
1575 3136 1781 3192 decem
1811 3138 1979 3194 navi-

332 3225 449 3280 bus
482 3239 542 3279 se
565 3222 987 3279 comitantibus
1012 3224 1087 3280 ad
1119 3228 1369 3280 matrem
1397 3225 1811 3297 proﬁciscitur,
1844 3240 1980 3298 quae

331 3329 453 3369 non
490 3312 742 3368 minima
772 3312 992 3368 doloris
1046 3314 1338 3370 anxietate
1390 3313 1767 3383 fatigabatur.
1829 3316 1980 3370 Dum

330 3404 507 3475 igitur
534 3419 822 3477 prospero
849 3404 1048 3459 cursui
1078 3404 1283 3460 intenti
1326 3420 1447 3461 non
1476 3405 1656 3460 modo
1715 3405 1978 3460 certatim

331 3507 578 3565 spumas
635 3491 773 3547 salis
830 3508 944 3546 tere
987 3492 1243 3548 ruebant
1273 3494 1373 3564 (2),
1399 3508 1606 3547 verum
1637 3492 1813 3548 etiam
1844 3509 1981 3565 sup-

330 3597 479 3654 para
536 3581 803 3636 velorum
863 3580 1142 3636 secundis
1192 3580 1433 3637 flatibus
1489 3580 1856 3649 attollebant,
1919 3586 1981 3638 ut

331 3669 513 3724 maris
541 3669 719 3724 facies
751 3684 873 3725 non
902 3685 1175 3741 unquam
1203 3673 1378 3736 certe,
1416 3668 1523 3724 sed
1571 3685 1808 3742 semper
1853 3686 1979 3725 mo-

329 3756 553 3814 bilitate
584 3756 837 3813 ﬂetuum
893 3756 1228 3813 dubitanda
1278 3756 1532 3812 habetur
1564 3761 1621 3812 et
1648 3757 1856 3825 infida,
1888 3772 1980 3812 re-

330 3849 507 3918 pente
563 3845 723 3901 foeda
777 3847 1103 3917 tempestas
1162 3849 1475 3901 ventorum
1524 3844 1897 3919 nubiumque
1946 3862 1981 3901 a

331 3936 499 4003 tergo
530 3932 913 4003 glomeratur,
936 3938 993 3988 et
1018 3932 1187 4004 ponti
1215 3932 1560 4005 superﬁcies
1600 3934 1730 4004 jam
1778 3949 1982 4006 super.

332 4020 711 4076 venientibus
742 4020 958 4075 austris
987 4020 1275 4077 turbatur.
1308 4025 1510 4094 Itaque
1564 4022 1730 4094 quod
1769 4022 1828 4078 in
1858 4027 1981 4078 tam

337 4109 521 4166 atroci
547 4109 783 4179 negotio
807 4109 957 4165 solet
985 4110 1133 4181 ﬂeri,
1161 4111 1436 4167 anchoras
1465 4111 1539 4167 de
1563 4112 1755 4185 proris
1808 4112 1982 4183 jactus

340 4198 532 4255 arenis
565 4198 892 4269 atﬂguntur
918 4198 1106 4255 fundi.
1141 4201 1279 4265 Quae
1307 4216 1399 4255 res
1430 4201 1661 4257 tametsi
1692 4204 1819 4256 tum
1872 4200 1983 4256 illis

340 4287 515 4343 fuerit
540 4288 902 4360 importuna,
918 4292 1118 4344 tamen
1144 4304 1267 4345 non
1284 4289 1514 4362 absque
1536 4290 1635 4345 Dei
1656 4294 1807 4347 nutu
1837 4306 1983 4345 cun-

2092 1810 2354 1870 ventant,
2370 1806 2473 1877 qui
2492 1806 2760 1861 videlicet
2776 1807 3104 1863 Haraldum
3122 1813 3465 1865 mortuum
3480 1807 3794 1865 nuntiant:

2094 1894 2197 1964 qui
2227 1895 2405 1949 etiam
2426 1894 2682 1951 referunt
2714 1896 2998 1957 Anglicos
3030 1895 3083 1950 ei
3114 1895 3447 1967 principes
3477 1895 3655 1955 nolle
3710 1894 3801 1950 aii-

2095 1983 2336 2049 versari,
2370 1984 2475 2039 sed
2505 1983 2873 2039 multimodis
2897 1983 3378 2051 jubilationibus
3428 1983 3564 2041 sibi
3598 1983 3801 2039 conlae-

2096 2070 2221 2125 tari.
2260 2070 2420 2125 Unde
2446 2087 2698 2135 regnum
2730 2071 3109 2129 huircditario
3135 2071 3274 2141 jure
3334 2070 3471 2126 sibi
3528 2071 3801 2127 debitum

2094 2173 2213 2214 non
2247 2158 2598 2223 dedignatur
2628 2164 2888 2231 repetere
2929 2165 2987 2215 et
3043 2176 3171 2217 sum
3198 2159 3535 2227 dignitati,
3574 2176 3800 2217 eorum-

2094 2263 2210 2318 que
2231 2248 2405 2304 saluti
2430 2249 2599 2316 juxta
2628 2250 2688 2305 in
2720 2248 2990 2305 medium
3021 2248 3371 2307 consulere.

2168 2386 2260 2442 His
2292 2388 2663 2443 Hardecnuto
2686 2394 2995 2461 materque
3027 2388 3283 2443 animati
3338 2394 3644 2462 repetere

2092 2480 2265 2531 tuunt
2295 2493 2428 2531 oras
2459 2476 2595 2533 aviti
2623 2476 2807 2547 regni.
2855 2478 3036 2547 Cujus
3060 2477 3144 2532 rei
3172 2477 3350 2533 fama
3414 2482 3492 2534 ut
3556 2478 3797 2555 popula-

2090 2580 2184 2619 res
2240 2564 2472 2636 impulit
2529 2581 2723 2635 aures,
2779 2583 2920 2621 mox
2975 2570 3193 2622 cuncta
3242 2565 3482 2622 dolore
3521 2572 3583 2622 et
3646 2568 3795 2623 [liciti

2092 2653 2377 2725 compleri
2438 2670 2727 2708 cerneres.
2786 2654 3077 2711 Dolebant
3128 2653 3296 2711 enim
3380 2654 3628 2715 divites
3679 2658 3797 2727 ejus

2090 2740 2447 2803 recessione.
2498 2743 2667 2812 cujus
2710 2759 2945 2819 semper
2998 2742 3252 2803 amabili
3290 2744 3687 2801 fruebantur
3716 2762 3796 2800 co-

2088 2830 2405 2886 locutionc.
2438 2832 2725 2886 Dolebant
2753 2847 3053 2907 pauperes
3082 2833 3216 2903 ejus
3268 2835 3675 2896 recessione.
3708 2852 3794 2889 cu-

2085 2919 2185 2990 jus
2218 2919 2459 2977 diutinis
2494 2921 2905 2989 largitionibus
2937 2920 3015 2976 ab
3042 2922 3334 2991 egestatis
3367 2922 3792 2980 defensaban-

2092 3012 2185 3063 tur
2211 3026 2409 3065 onere.
2444 3010 2734 3064 Dolebant
2764 3010 2956 3064 viduee
2981 3027 3125 3066 cum
3157 3009 3481 3084 orpharils
3521 3031 3693 3087 quos
3710 3014 3792 3067 illa

2088 3100 2381 3152 extractos
2405 3115 2575 3152 sacro
2603 3096 2763 3153 fonte
2788 3099 3173 3175 baptismatis
3206 3116 3339 3155 non
3376 3101 3664 3157 modicis
3721 3103 3792 3156 di

2088 3190 2330 3243 taverat.
2354 3186 2579 3254 Quibus
2609 3187 2786 3256 igitur
2831 3189 2987 3242 hanc
3022 3187 3320 3246 laudibus
3352 3190 3639 3253 efferam
3671 3209 3795 3246 nes-

2088 3275 2199 3342 cio,
2232 3293 2365 3348 quae
2393 3275 2614 3331 ibidem
2640 3293 2955 3349 nunquam
2984 3276 3178 3333 abfuit
3224 3281 3726 3336 renascentibus
3747 3283 3793 3336 in

2088 3364 2332 3421 Christo.
2371 3365 2465 3420 liic
2493 3367 2620 3437 ejus
2651 3366 2801 3420 fides
2829 3369 2992 3439 patet
3020 3366 3372 3435 laudanda,
3411 3369 3523 3424 hic
3562 3371 3791 3435 bonitas

2094 3453 2457 3509 omnimodis
2485 3453 2861 3515 celebranda.
2899 3454 3069 3521 Quod
3105 3454 3154 3509 si
3196 3472 3313 3533 pro
3354 3456 3642 3528 singulis
3674 3461 3796 3531 ejus

2091 3542 2414 3599 benefactis
2442 3560 2649 3615 parem
2676 3544 2986 3612 disserere,
3012 3545 3182 3617 prius
3195 3562 3298 3601 me
3321 3552 3600 3621 tempus
3618 3562 3793 3622 quam

2090 3648 2218 3687 rem
2249 3633 2424 3687 credo
2455 3632 2744 3688 deserere.
2780 3634 2943 3687 Unde
2976 3633 3055 3688 ad
3088 3633 3312 3691 seriem
3348 3642 3604 3692 nostrae
3649 3637 3795 3693 locu-

2092 3719 2267 3775 tionis
2294 3736 2549 3794 propero
2580 3720 2791 3775 redire.
3627 3718 3641 3733 '

2163 3849 2313 3901 Dum
2335 3845 2553 3915 reginae
2580 3846 2802 3917 ﬁliique
2826 3846 2955 3915 ejus
2988 3846 3223 3905 reditus
3249 3854 3650 3920 apparatur,
3681 3866 3792 3907 om-

2090 3951 2166 3991 ne
2195 3934 2354 3990 littus
2388 3934 2631 4006 planctu
2683 3936 3029 4007 gemituque
3082 3935 3539 4009 confunditur,
3597 3955 3795 4001 omna

2091 4023 2311 4079 dextrae
2341 4022 2490 4078 coelo
2521 4022 2919 4079 attolebantur
2944 4023 3212 4081 infensas.
3248 4024 3543 4088 Flebant
3572 4029 3798 4100 igitur:

2094 4129 2154 4168 se
2180 4112 2404 4167 discere
2433 4112 2616 4177 illam,
2641 4128 2829 4183 quam
2856 4116 2977 4168 toto
3005 4113 3199 4172 exsilii
3241 4119 3560 4187 tempore
3615 4124 3681 4181 ut
3729 4120 3797 4173 ci-

2090 4219 2228 4258 vem
2268 4201 2466 4257 videre
2498 4217 2692 4257 suam.
2754 4202 2903 4257 Nulli
2943 4202 3205 4261 divitum
3250 4207 3489 4272 gravia
3546 4209 3798 4280 hospita.

2092 4290 2239 4347 nulli
2270 4306 2602 4362 pauperum
2632 4290 2692 4345 in
2732 4290 3003 4362 quolibet
3055 4308 3347 4349 onerosa.
3413 4298 3671 4357 omnes
3697 4298 3796 4366 δαί-

338 4380 397 4432 ta
426 4376 799 4449 disponentis
831 4392 963 4433 esse
1008 4378 1264 4434 creditur
1293 4383 1447 4448 acta,
1498 4383 1562 4439 ut
1591 4378 1982 4451 postmodum
2018 4425 2063 4452 η
2092 4383 2188 4435 tur
2210 4378 2406 4435 natale
2424 4378 2618 4435 solum
2652 4384 2882 4434 mutare
2929 4386 3202 4452 putares,
3260 4392 3554 4445 cunctas
3611 4403 3799 4443 secum

336 4465 421 4521 rei
448 4465 725 4538 probavit
751 4469 1022 4535 eventus,
1080 4467 1365 4523 membris
1410 4466 1680 4525 omnium
1735 4467 1984 4541 placida
2022 4465 2062 4480 "
2088 4473 2324 4526 exterae
2377 4472 2574 4540 petere
2629 4467 2770 4523 velle
2829 4468 3060 4524 diceres
3127 4470 3462 4540 regiones.
3537 4475 3643 4534 Sic
3700 4480 3803 4535 tote

339 4553 521 4625 quieti
551 4554 744 4610 somni
795 4554 1163 4611 cedentibus.
1194 4559 1341 4612 Nam
1365 4560 1607 4630 postera
1642 4561 1833 4624 nocte,
1886 4572 1984 4613 eo-

341 4641 479 4696 dem
509 4642 966 4700 Hardocnutone
993 4643 1054 4699 in
1082 4647 1270 4699 stratu
1299 4644 1658 4717 quiescente,
1703 4644 1986 4701 divinitus

339 4730 620 4802 quaedam
640 4730 973 4787 ostenditur
996 4732 1165 4803 visio,
1198 4748 1334 4805 qua:
1365 4748 1504 4790 eum
1535 4733 1879 4790 confortans
1931 4737 1988 4789 et

342 4818 682 4889 consolans,
713 4820 848 4876 forti
873 4820 1044 4892 jubet
1099 4837 1226 4878 esse
1272 4824 1493 4880 animo.
1545 4825 1821 4878 Hortatur
1841 4838 1990 4896 prei-

341 4911 503 4964 terea
530 4923 605 4965 ne
645 4908 721 4966 ab
767 4909 1028 4983 incoepta
1080 4910 1405 4984 desisteret,
1457 4911 1601 4984 quia
1655 4924 1988 4982 paucorum

343 4998 575 5054 dierum
599 4998 909 5055 intervallo
937 4999 1196 5072 lnjustus
1221 5002 1383 5073 regni
1414 5001 1675 5067 invasor,
1702 5000 1989 5058 Heraldus

345 5086 561 5143 scilicet
586 5085 899 5155 occideret,
928 5091 984 5144 et
1011 5100 1267 5159 regnum
1292 5088 1500 5162 patriis
1542 5086 1770 5142 viribus
1801 5088 1990 5143 domi-

341 5176 473 5228 tum
503 5172 614 5228 sibi
635 5174 799 5244 justo
842 5174 1064 5231 heredi
1092 5176 1424 5246 justissima
1482 5174 1856 5231 successione
1908 5176 1993 5235 in-

347 5262 580 5317 colume
607 5262 840 5320 rediret.
872 5262 1168 5335 Evigilans
1193 5264 1371 5334 igitur
1420 5264 1750 5322 somniator
1772 5263 1991 5320 talibus

347 5349 579 5405 indiciis
606 5352 816 5409 certior
842 5353 909 5409 ﬂt
936 5357 992 5410 et
1022 5357 1138 5410 Deo
1168 5352 1559 5426 omnipotenti
1589 5355 1768 5407 tantm
1788 5368 1994 5409 conso-

346 5436 583 5494 lationis
637 5458 821 5499 causa
866 5442 1083 5512 gratias
1133 5442 1408 5509 reddidit,
1451 5440 1747 5512 simulque
1797 5440 1994 5499 futura

349 5524 687 5585 nullatenus
715 5530 965 5599 dubitat,
999 5548 1133 5605 quae
1165 5530 1277 5588 sibi
1305 5534 1639 5588 memorata
1670 5529 1816 5586 visio
1843 5545 1993 5602 prie-

353 5612 597 5670 dixerat.
631 5617 891 5686 Denique
915 5620 1099 5674 maris
1126 5620 1214 5678 ira
1233 5624 1470 5694 pacata,
1519 5618 1805 5692 omnique
1847 5623 1991 5676 tem-

425 5701 500 5771 (2)
519 5704 675 5758 Viue.
707 5703 956 5760 AEneid.
988 5722 1027 5773 ι,
1060 5710 1146 5762 39.

2094 4557 2493 4630 plangebatur
2516 4556 2727 4626 littore,
2761 4557 2844 4613 sic
2898 4558 2977 4613 ab
3035 4560 3203 4616 omni
3256 4560 3669 4632 plorabatur
3709 4580 3806 4637 p0-

2095 4647 2238 4721 pulo
2268 4650 2515 4702 astante.
2551 4646 2703 4702 Licet
2731 4647 2781 4701 ei
2813 4646 3284 4718 quodammodo
3319 4654 3804 4722 congauderent

2096 4738 2415 4811 pristinum
2445 4736 2701 4807 gradum
2725 4741 2991 4808 repetere
3025 4737 3375 4808 dignitatis,
3438 4758 3589 4805 non
3619 4750 3801 4802 tamen

2097 4842 2233 4882 eam
2282 4830 2567 4881 matronae
2616 4824 2785 4880 siccis
2830 4826 3129 4882 dimittere
3195 4833 3519 4900 poterant
3602 4835 3799 4890 oculis

2097 4914 2358 4971 Tandem
2390 4914 2572 4969 vincit
2602 4928 2774 4970 amor
2817 4915 3046 4985 patriae,
3099 4918 3177 4980 ei,
3229 4919 3570 4976 omnibus
3602 4924 3801 4978 viritim

2098 4988 2463 5059 osculatiset
2501 5002 2681 5058 ﬂebili
2735 5003 2817 5057 eis
2857 5003 3017 5059 dicto
3043 5005 3201 5071 vale,
3235 5020 3398 5061 cum
3467 5010 3618 5067 aiio
3676 5013 3801 5066 euis—

2098 5106 2215 5163 que
2247 5091 2431 5147 altum
2463 5090 2606 5162 petit
2634 5105 2819 5155 mare,
2851 5106 2976 5146 non
3016 5091 3257 5164 absque
3304 5109 3581 5167 magna
3636 5101 3804 5169 lacn"

2100 5195 2336 5237 marum
2386 5180 2684 5252 utrimque
2732 5179 2864 5235 fusa
2897 5180 3187 5235 ubertate.
3268 5183 3484 5249 Igitur
3509 5190 3803 5261 principes

2101 5267 2326 5333 Anglici
2356 5283 2569 5339 parum
2600 5267 2961 5340 przevenisse
3000 5268 3262 5324 fidentes
3318 5270 3695 5342 legatione.
3725 5291 3800 5331 an

2102 5359 2345 5426 tequam
2364 5356 2442 5411 ab
2496 5355 2608 5410 illis
2658 5356 3147 5411 transfretaretur
3200 5357 3385 5415 obvii
3452 5371 3621 5421 sunt
3672 5364 3797 5421 facit

2099 5445 2397 5516 optimum
2423 5445 2582 5501 factu
2621 5446 2732 5500 rati
2763 5450 2825 5500 ut
2850 5450 2907 5500 et
2936 5445 3063 5515 regi
3120 5447 3545 5524 regineequm
3600 5453 3794 5511 satisfa-

2102 5537 2317 5601 cerent,
2341 5536 2397 5587 et
2426 5547 2485 5586 se
2529 5532 2778 5587 devotos
2830 5549 3039 5588 eorum
3089 5534 3552 5598 dominationi
3613 5542 3793 5600 subdo-

2098 5626 2245 5677 rent.
2280 5621 2375 5676 His
2404 5621 2776 5676 Hardecnuto
2808 5636 2946 5677 cum
2979 5627 3175 5678 matre
3202 5630 3431 5685 certus
3508 5632 3716 5689 factus
3753 5636 3787 5683 α

2098 5708 2479 5767 transmarini
2506 5707 2715 5766 littoris
2738 5709 2987 5768 tandem
3008 5716 3270 5784 portum
3297 5724 3588 5795 nactus,
3620 5739 3661 5781 a
3687 5734 3787 5780 cm-
