3836 6426
67 255 216 331 ιᾶθη

701 259 883 314 POPO
919 260 1373 331 TREVIRENSIS
1411 258 2028 323 ARCHIEPISCOPUS‘.
2058 289 2125 297 ——
2158 260 2427 323 NOTITLA
2473 261 2860 321 HISTOBICA.

3350 260 3484 323 1398

48 381 160 436 etis
189 380 400 447 incolis
430 381 705 451 ejusdem.
731 386 897 447 terrae
943 382 1373 455 gloriosissime
1408 382 1706 455 recipitur,
1751 388 1796 441 Α
1827 382 2129 455 amboque
2160 382 2258 439 ﬁlii
2289 384 2457 453 regni
2485 384 2710 457 paratis
2777 384 3114 444 commodis
3154 385 3320 441 nulla
3382 386 3480 445 lite

48 470 256 543 sicque
287 470 474 545 divini
505 471 771 527 muneris
804 471 993 540 gratia
1025 488 1281 545 regnum
1312 472 1423 527 sibi
1448 472 1716 529 debitum

47 561 337 627 redditur.
371 562 465 619 His
495 562 577 617 ita
602 563 860 635 peractis
893 568 949 621 et
999 564 1285 623 omnibus
1342 564 1464 619 suis
1501 564 1561 619 in
1612 580 1715 637 pa-

47 652 133 708 cis
174 651 599 728 tranquillitate
655 652 1026 725 compositis,
1084 655 1346 710 fraterno
1405 659 1713 725 correptus

46 758 257 798 amore
299 741 541 797 nuntios
590 742 767 798 mittit
822 742 899 799 ad
935 742 1318 809 Edwardum,
1380 760 1600 813 rogans
1629 748 1709 809 ut,

43 831 321 898 veniens,
355 848 561 889 secum
588 832 881 890 obtineret
910 849 1184 905 regnum.
1231 833 1343 899 Qui
1373 833 1566 889 fratris
1592 833 1712 903 jus-

45 921 204 977 sioni
224 920 514 978 obediens
542 922 821 993 Anglicas
848 928 1044 996 partes
1075 923 1408 991 advehitur,
1435 927 1489 979 et
1521 927 1711 980 mater

64 1053 281 1065 ..ρ-.--ήσ-

284 1056 479 1067 Mc

1827 472 2223 529 intercedente
2250 479 2512 533 utuntur.
2568 474 2665 535 Hic
2695 474 2849 529 ﬁdes
2874 474 3132 531 habetur
3185 475 3355 545 regni
3382 492 3479 532 so-

1822 562 1944 628 ciis,
1975 562 2067 617 hic
2096 562 2435 618 inviolabile
2472 563 2626 631 viget
2655 563 2853 619 fmdus
2901 563 3157 620 materni
3210 565 3479 620 fraterni-

1822 668 1939 723 que
1966 653 2208 708 amoris.
2234 653 2367 709 Haec
2420 652 2530 708 illis
2570 653 2776 713 omnia
2820 653 3111 725 praestitit,
3134 654 3241 726 qui
3264 653 3479 711 unani-

1821 759 1950 803 mes
1978 744 2037 797 in
2063 742 2247 798 domo
2275 744 2541 799 habitare
2567 743 2705 799 facit
2735 746 2902 799 Jesus
2934 743 3219 812 Christus,
3277 745 3475 800 Domi-

1819 849 1932 888 nus
1962 831 2236 888 omnium
2271 850 2282 899 ;
2316 832 2409 887 cui
2438 832 2498 888 in
2520 832 2793 889 'I‘rinitate
2815 832 3080 891 manenti
3105 833 3475 890 immaresci-

1818 921 2133 996 bileﬂoret
2160 921 2501 994 imperium,
2532 928 2741 979 Amen.

880 1132 962 1185 EX
1002 1131 1375 1187 CHRONICIS
1414 1133 1521 1186 ΤΗ.
1567 1132 1941 1195 RUDBURNI,
1986 1132 2072 1184 DE
2115 1130 2305 1185 ΕΜΜΑ
2346 1129 2624 1183 REGINA.

982 1228 1155 1284 Duxit
1186 1229 1487 1284 Etelredus
1518 1230 1674 1285 hanc
1704 1234 1760 1285 et
1779 1232 1988 1301 postea
2018 1228 2261 1282 Cnutus.

908 1318 1266 1374 Edwardum
1300 1322 1575 1374 sanctum
1602 1319 1760 1391 parit
1787 1319 1914 1374 htec
1943 1322 1999 1373 et
2030 1317 2493 1372 Hardecnutum.

910 1408 1175 1473 Quatuor
1203 1409 1316 1462 hos
1348 1423 1517 1475 rcges
1548 1410 1674 1464 haec
1696 1408 1839 1464 n’dit
1870 1412 2103 1481 sceptra
2129 1410 2421 1477 gerentes.

906 1496 1235 1566 Anglorum
1265 1513 1478 1567 regum
1510 1497 1618 1553 fuit
1638 1498 1765 1553 haec
1792 1496 1873 1551 sic
1900 1500 2090 1551 mater
2120 1499 2177 1550 et
2206 1510 2374 1551 uxor.

1052 1735 1647 1869 BMME
1718 1733 2463 1865 REGINE

788 1921 1125 1978 ΕΡΙΒΤΟΙιΑ
1165 1923 1256 1977 Al)
1301 1922 1521 1978 FILIOS
1564 1922 1739 1977 SUOS
1782 1921 2181 1975 EDWAﬂllUM
2228 1921 2307 1983 ET
2352 1920 2722 1975 ALFRIDUM.

1387 2045 1561 2113 (Vide
1586 2059 1774 2114 supra
1804 2045 1917 2099 col.
1959 2043 2132 2111 1392.)

34 2183 3458 2225 ΞΜ

1456 2303 1601 2341 ANNO
1643 2302 1833 2341 BOMINI
1874 2301 2042 2340 MXI.V.

1334 2442 2161 2627 ΡΟΡΡΟ

567 2715 1004 2834 TREVI
1034 2713 1544 2836 RENSIS
1667 2713 2102 2833 ARCHI
2132 2708 2931 2845 EPISCOPUS.

982 3024 1580 3113 NOTI'I‘IA
1670 3023 2513 3125 HISTQRICA.

1073 3206 1301 3273 (Gallia
1332 3206 1705 3273 Christiana,
1736 3219 1879 3260 nov.
1908 3203 2072 3274 edit.,
2106 3206 2241 3271 XIII,
2268 3205 2419 3274 μίας.)

100 3504 385 3581 Leopoidi
418 3503 785 3577 marchlonis
817 3503 1067 3563 Austriee
1108 3520 1180 3561 ex
1204 3502 1496 3565 Richarda
1522 3501 1689 3567 nobi-
1729 3503 1768 3556 Β
1793 3500 2059 3567 remedia
2089 3501 2461 3573 conquirere,
2495 3504 2553 3563 et
2573 3500 2730 3556 viros
2759 3499 2985 3557 bellicae
3013 3499 3213 3569 glorias
3260 3498 3454 3567 laudi-

26 3593 263 3651 lissima
292 3593 541 3665 muliere
570 3592 747 3658 ﬁlius,
767 3596 992 3671 Poppo,
1026 3597 1082 3650 et
1108 3593 1332 3657 Ernesti
1362 3594 1403 3647 ll
1462 3590 1688 3649 Saevire

25 3684 199 3738 ducis
232 3684 405 3754 cujus
428 3683 677 3756 tutelam
718 3682 897 3755 gessit
928 3687 1197 3754 patruus.
1218 3682 1546 3749 litterarum
1577 3680 1689 3737 vir-

23 3777 343 3853 tutumque
381 3771 590 3831 studiis
623 3772 895 3846 apprime
940 3771 1208 3828 excultus
1266 3768 1687 3837 Bambergensi

23 3861 295 3919 Ecclesiae
326 3861 684 3941 praepositus
714 3861 775 3916 in
805 3861 1005 3925 locum
1030 3860 1407 3931 Mcgingaudi
1434 3860 1511 3915 ab
1537 3862 1685 3917 Hen-

23 3952 143 4017 rico
178 3952 227 4023 II
266 3952 624 4025 imperatore
667 3950 979 4028 sufﬁcitur,
1023 3951 1335 4023 vesaniam
1391 3966 1689 4023 compres—

23 4058 202 4111 surus
236 4040 651 4111 Adalberenis,
684 4040 788 4118 qui
815 4045 1016 4113 tamen
1046 4040 1313 4114 Popponi
1346 4040 1540 4101 cessit.
1589 4039 1689 4115 ilic

23 4136 229 4203 autem
252 4130 365 4190 sub
395 4130 580 4186 ﬁnem
620 4130 764 4205 anni
801 4132 935 4185 I016
982 4130 1060 4186 ab
1111 4130 1472 4208 imperatore
1503 4128 1690 4185 Trevi-

23 4221 132 4277 rim
174 4220 497 4293 adductus,
533 4219 961 4293 communibus
994 4218 1147 4279 votis
1181 4224 1361 4293 atque
1384 4218 1684 4287 suffragiis

23 4310 160 4379 cieri
214 4314 273 4377 et
331 4309 537 4385 populi
592 4310 655 4369 in
704 4309 1026 4367 antistitem
1073 4309 1431 4385 postulatus,
1488 4309 1566 4385 ab
1595 4313 1689 4381 Et-

23 4399 375 4465 chenbardo
407 4399 917 4477 Monguntiacensi
973 4399 1446 4474 archiepiscopo,
1502 4416 1687 4473 quem

23 4492 353 4567 .mperator
405 4505 477 4545 ea
534 4505 713 4551 csusa
742 4488 1028 4559 Trevirim
1061 4488 1405 4557 advocarat,
1461 4488 1686 4565 ingenti

23 4594 156 4637 :um
196 4577 375 4649 totius
407 4578 617 4652 populi
671 4577 872 4647 laetitia
929 4581 1313 4643 consecratus
1367 4580 1472 4644 est,
1524 4593 1684 4634 anno

23 4672 154 4723 1017
194 4666 474 4741 Kalendis
518 4666 802 4737 Ianuarii.
850 4672 1004 4741 Inter
1036 4667 1351 4740 episcopos
1381 4665 1485 4741 qui
1540 4668 1686 4740 Pop-

23 4757 199 4829 ponis
226 4772 411 4825 sacrm
437 4757 701 4831 unctioni
757 4756 1072 4831 interfuere
1129 4760 1481 4833 numeratur
1504 4756 1686 4833 'i‘heo-

1795 3590 1910 3646 bus
1948 3589 2243 3663 imprimis
2291 3588 2570 3645 ﬂorentes
2622 3587 2925 3649 beneﬁciis
2970 3588 3082 3645 sibi
3130 3587 3444 3661 feudisque

1790 3680 2063 3749 iungere,
2108 3678 2329 3755 quibus
2360 3678 2651 3750 pacandae
2704 3677 3022 3754 provinciae
3068 3676 3452 3750 tutandseque

1794 3786 2017 3825 munus
2040 3769 2315 3827 traderet.
2352 3771 2575 3827 Horum
2604 3768 2782 3839 igitur
2809 3767 3119 3829 sedulitate
3141 3772 3320 3840 atque
3347 3768 3455 3835 im-

1792 3858 1979 3931 pigris
2006 3874 2147 3913 usus
2171 3857 2373 3923 armis,
2408 3856 2723 3928 praedones
2755 3855 2979 3930 ubique
3010 3855 3283 3925 castellis,
3315 3872 3453 3929 qua:

1795 3946 2125 4015 securitatis
2154 3944 2267 4020 ipsi
2298 3961 2481 4001 causa
2502 3944 2861 4011 insederant,
2891 3944 3122 4016 ejicere,
3177 3949 3234 4014 et
3281 3951 3451 4003 crete-

1793 4052 1892 4105 ros
1932 4051 2228 4111 novarum
2258 4051 2460 4095 rerum
2490 4034 2744 4113 cupidos
2771 4034 2833 4093 in
2862 4034 2979 4099 ﬁde
3029 4038 3209 4109 atque
3254 4036 3452 4103 ofﬁcio

1794 4125 2115 4183 continere.
2150 4128 2329 4195 Porro
2362 4142 2503 4187 cum
2542 4141 2700 4181 unus
2752 4123 3107 4197 Adelbertus
3158 4127 3456 4200 imperata

1798 4215 1989 4289 facere
2022 4215 2189 4273 solus
2220 4215 2526 4281 detrectat,
2561 4218 2763 4288 atque,
2791 4230 2864 4279 ex
2906 4214 3149 4284 castello
3192 4216 3250 4272 S.
3287 4218 3456 4279 Cruci

1793 4305 1938 4371 olim
1964 4305 2183 4371 dicato,
2211 4304 2459 4382 quodin
2489 4303 2686 4373 vicino
2731 4303 2898 4373 urbis
2949 4303 3096 4370 colle
3146 4304 3225 4369 ad
3284 4307 3455 4367 meri-

1792 4395 1954 4455 diem
1986 4395 2186 4463 situm,
2208 4393 2477 4467 episcopi
2516 4393 2766 4467 curiam,
2798 4393 3033 4471 servitia
3089 4399 3267 4468 atque
3295 4413 3454 4454 com-

1762 4487 2060 4539 'meatum
2082 4498 2327 4538 omnem
2384 4482 2604 4538 crebris
2660 4482 3115 4555 excursionibus
3143 4484 3326 4545 habet
3367 4485 3454 4547 in:

1792 4572 1959 4643 festa,
1983 4572 2061 4641 ad
2087 4575 2423 4645 extremum
2465 4571 2719 4639 Sikonis,
2775 4572 3039 4635 hominis
3079 4589 3266 4635 manu
3315 4591 3453 4637 con-

1794 4661 2044 4741 silioque
2079 4661 2438 4741 praestantis,
2496 4661 2754 4729 solertia,
2813 4664 3189 4731 contumacis
3222 4664 3449 4729 inimici

1793 4753 2031 4833 spiritus
2056 4752 2353 4825 repressit,
2396 4757 2576 4826 atque
2628 4752 2744 4811 hac
2784 4751 2969 4813 ferme
3017 4759 3141 4820 arte
3192 4754 3451 4815 debella-

24 4846 265 4909 loricus
303 4846 591 4915 Metensis,
646 4845 751 4925 qui
795 4844 1236 4923 metropolitani
1290 4844 1683 4919 consecratio-
1722 4858 1762 4914 ί]
1790 4843 1892 4913 vit.
1925 4843 2084 4911 Siko,
2115 4843 2221 4915 qui
2241 4842 2321 4907 ad
2351 4841 2412 4899 id
2441 4858 2691 4915 operam
2716 4842 3151 4916 consiliumque
3181 4845 3452 4918 Popponi

23 4951 159 5007 mem
188 4934 303 5005 sibi
326 4940 664 5013 competere
685 4936 995 5011 incassum
1034 4934 1285 4999 iteravit.
1316 4934 1419 4991 Vix
1467 4950 1684 5001 renun-

23 5024 199 5091 :iat_us
228 5022 424 5097 fuerat
447 5023 712 5097 pontifex
743 5027 948 5099 Poppo
979 5040 1121 5095 cum
1172 5022 1583 5095 immunitates
1629 5027 1685 5080 et

23 5111 332 5185 privilegia
361 5112 631 5185 Ecclesiae
668 5129 791 5179 suae
822 5112 1116 5192 imperiali
1138 5102 1470 5192 munimine
1499 5111 1684 5179 foveri

23 5202 274 5271 iuravit.
296 5204 409 5261 Nec
438 5202 630 5275 multo
661 5207 797 5281 post
853 5201 1387 5275 consecrationem,
1430 5203 1683 5269 Romam

24 5292 254 5365 idiens,
288 5308 465 5347 usum
494 5291 658 5365 pallii
682 5310 712 5347 a
738 5292 1055 5351 Benedicto
1077 5293 1191 5357 VIII
1215 5295 1571 5349 consecutus
1593 5295 1685 5347 est

23 5380 184 5450 nulla
205 5385 238 5436 8
269 5379 484 5454 Aprilis
512 5381 788 5451 ejusdem
813 5381 977 5438 anni.
1036 5382 1218 5437 Suam
1256 5379 1315 5436 in
1375 5380 1679 5447 dioecesim

23 5487 313 5544 feversus,
341 5470 521 5539 variis
542 5486 679 5526 eam
696 5471 1055 5545 praedonum
1079 5469 1572 5543 populationibus
1604 5469 1684 5527 1a-

23 5566 286 5625 3eratam
317 5558 722 5633 aﬂlictamque
761 5561 1070 5633 comperit.
1129 5559 1353 5623 Quibus
1410 5559 1680 5616 Ecclesiae

23 5668 142 5707 suae
176 5649 546 5723 vulneribus,
580 5653 645 5706 ut
672 5649 753 5706 ait
777 5652 1086 5719 Browerus
1114 5649 1217 5709 lib.
1250 5665 1307 5703 x1
1330 5647 1566 5723 μηδι,
1615 5654 1683 5706 ut

23 5739 372 5813 empestive
428 5738 786 5808 mederetur,
828 5738 1096 5811 undique
1149 5737 1355 5817 omnia
1432 5737 1683 5815 instituit

1791 4932 2103 5001 detulerat,
2131 4932 2351 5001 idqueo
2386 4937 2653 5007 tempore
2683 4932 2762 4997 ad
2790 4932 2970 4991 castri
2995 4932 3152 4993 fores
3182 4933 3344 4992 solus
3374 4951 3447 4992 ex

1790 5022 1938 5079 urbe
1961 5022 2287 5095 profectus,
2319 5021 2397 5095 ab
2447 5021 2768 5085 Adelberto
2810 5025 3068 5094 tyranno
3122 5021 3245 5086 sitis
3302 5038 3446 5094 ergo

1791 5112 2120 5185 explendae,
2154 5128 2264 5184 pro
2302 5111 2577 5183 amicitiae
2626 5111 2839 5178 veteris
2878 5128 3017 5182 usu,
3074 5116 3286 5185 potum
3331 5112 3448 5171 sibi

1789 5201 2072 5275 postulat,
2102 5218 2286 5275 quem
2314 5218 2453 5271 cum
2506 5201 2603 5260 ille
2643 5217 2767 5260 non
2820 5205 3064 5272 gravata
3114 5217 3222 5275 μοι
3274 5203 3447 5260 mini.

1790 5296 1980 5365 strum
2006 5290 2195 5359 offert,
2225 5291 2329 5363 ubi
2378 5295 2676 5365 quantum
2725 5291 2869 5358 satis
2915 5291 3133 5360 hausit,
3184 5294 3446 5355 nuntiari

1790 5382 2038 5455 domino
2062 5381 2235 5453 jubet
2256 5382 2478 5461 gratias
2528 5382 2581 5439 ei
2617 5397 2980 5455 permagnas
2999 5382 3230 5452 haberi,
3292 5385 3448 5455 futu-

1750 5536 1757 5543 κ
1789 5487 2045 5544 rumque
2066 5486 2253 5543 prope
2284 5470 2464 5541 diem,
2497 5471 2610 5527 hoc
2640 5476 2706 5528 ut
2731 5471 3023 5533 restincta:
3054 5471 3180 5531 sitis
3226 5475 3448 5534 beneﬂ-

1790 5561 1950 5618 cium
1979 5560 2231 5617 memori
2254 5561 2557 5625 voluntate
2580 5565 2760 5635 atque
2781 5562 2934 5629 adeo
2951 5563 3084 5636 pari
3115 5566 3442 5637 gratiarum

1790 5650 2019 5721 merito,
2051 5666 2229 5713 cerna
2248 5666 2591 5724 repensum.

1859 5740 2088 5814 Quibus
2117 5738 2310 5811 dictis,
2335 5740 2474 5809 Siko
2511 5740 2679 5813 abiit,
2727 5746 2910 5818 atque
2954 5743 3088 5816 jam
3115 5745 3441 5803 destinatos
