3836 6472
299 270 433 323 i399

1050 269 1272 325 POPPO
1310 265 1762 325 TREVIRENSIS
1801 262 2125 321 ARCHIEP.
2155 270 2520 327 —NOTlTlA
2558 268 2958 325 HISTORICA.

3626 258 3709 309 ιω

295 387 664 462 jampridem
722 388 924 445 animo
954 390 1147 460 dolos,
1193 392 1269 446 ad
1301 391 1569 448 fraudem
1601 387 1816 444 Alberti
1843 404 1938 442 ex-
1971 391 2016 443 Α
2049 392 2323 463 Martyres
2354 393 2621 457 restituit,
2653 391 2843 464 pulsis
2872 387 3191 446 canonicis
3224 382 3379 457 qui,
3426 377 3713 436 Benedicti-

301 478 523 551 plicare
557 476 749 549 (repit.
782 477 943 533 Dolia
973 478 1089 532 vini
1118 478 1361 544 tricena,
1379 477 1670 550 impositis
1699 476 1940 532 totidem

302 567 548 621 armatis
574 566 807 621 instruit
840 585 851 633 ;
881 570 1055 638 atque
1086 568 1211 622 haec
1242 568 1396 641 ipsa,
1428 565 1783 640 praemunita
1809 580 1940 619 vec-

304 655 465 713 tibus
488 655 789 725 ansisque,
816 654 1048 723 singula
1074 655 1231 710 binis
1270 655 1605 711 fortissimis
1659 654 1815 719 viris,
1844 652 1941 707 iis-

304 759 421 815 que
450 742 527 796 ad
553 742 781 796 hostem
811 741 1231 815 decipiendum
1260 744 1491 817 plebeia
1539 749 1699 798 veste
1760 741 1942 805 tectis,

307 829 593 899 gestanda
640 830 971 894 committit,
1029 847 1234 886 eorum
1294 833 1432 887 item
1490 832 1671 886 armis
1726 829 1948 885 ibidem

304 918 655 985 reconditis;
725 918 981 990 denique
1011 935 1176 985 vasa,
1223 921 1299 975 ad
1327 920 1747 975 occultandam
1795 918 1950 972 frau-

306 1007 465 1071 dem,
527 1006 790 1074 stragula
843 1014 998 1063 veste
1048 1024 1368 1080 pannoque
1423 1009 1680 1080 plurimo
1743 1007 1951 1061 inster-

310 1095 411 1149 nit.
438 1095 663 1160 Quibus
692 1095 770 1150 ita
801 1096 1180 1168 comparatis,
1216 1097 1353 1153 Siko
1402 1097 1615 1169 quierit
1664 1096 1739 1151 ad
1786 1110 1953 1167 pera-

312 1182 575 1252 gendum
649 1182 975 1253 inemptum
1046 1184 1327 1256 temporis
1380 1188 1758 1256 opportuna;
1816 1198 1952 1253 quae

315 1271 413 1325 ubi
484 1277 712 1337 nactus,
783 1271 996 1341 plenus
1046 1273 1170 1343 spei
1243 1272 1441 1338 home,
1523 1272 1678 1327 clam
1759 1270 1953 1326 omni-

313 1360 451 1427 bus,
514 1359 658 1413 urbe
723 1374 858 1413 cum
938 1360 1156 1431 bajulis
1211 1361 1527 1429 egreditur.
1611 1366 1761 1432 Ipse,
1820 1375 1955 1414 raro

315 1448 556 1503 satellite
582 1448 735 1502 fores
788 1448 1008 1503 castelli
1059 1450 1306 1520 pulsans
1345 1454 1399 1503 et
1452 1449 1667 1520 aperiri
1714 1448 1954 1518 jubens,

317 1537 479 1592 audit
507 1536 743 1591 solitum
772 1536 916 1591 illud
949 1555 960 1591 :
989 1538 1097 1603 Qui
1125 1538 1227 1604 vir,
1261 1538 1417 1593 unde
1448 1543 1504 1592 et
1538 1538 1682 1611 quid
1710 1537 1957 1610 petitum

316 1626 540 1681 veniret
570 1626 595 1679 ?
626 1626 711 1680 Ad
744 1643 877 1697 quae
910 1627 1055 1681 nihil
1087 1627 1246 1682 aliud
1277 1626 1371 1682 ille
1420 1644 1606 1700 quam
1659 1626 1958 1682 renuntia-

2049 482 2140 535 nis
2169 498 2274 555 per
2308 482 2424 538 vim
2454 481 2726 551 exclusis,
2759 479 2962 535 locum
3006 472 3537 547 occupaverant.
3590 471 3715 539 lmpe

2051 576 2305 626 ratorem
2336 571 2513 627 etiam
2547 570 2863 625 Henrieum
2893 568 2937 622 Il
2968 566 3361 638 deprecatus
3423 561 3554 621 est,
3587 564 3717 627 ponti

2053 657 2265 713 ﬁeatus
2300 658 2385 713 sui
2426 673 2587 714 anno
2619 656 2840 730 primo,
2870 671 2971 710 xvr
2998 652 3136 708 Kal.
3181 645 3529 706 Novemb.
3595 643 3721 697 indir-

2055 744 2209 799 tione
2239 763 2337 814 xv,
2367 750 2426 802 ut
2460 744 2795 802 fundationi
2853 742 3185 813 collegiate
3246 732 3572 793 ecclesiae
3627 732 3723 786 Pru-

2055 833 2273 888 niensis
2301 850 2613 889 assensum
2638 832 2944 907 praeberet.
2988 830 3188 900 Regina
3218 823 3639 883 liberalitatis
3654 822 3727 876 exi

2055 922 2245 977 mium
2276 938 2520 991 munus,
2550 937 2767 993 nempe
2795 917 3273 985 Conﬂuentiain,
3309 918 3383 968 et
3451 909 3729 966 abbatian

2057 1008 2117 1064 in
2142 1026 2300 1081 pago
2328 1011 2583 1066 Trichire
2614 1026 2753 1065 cum
2778 1006 3064 1064 omnibus
3099 1000 3536 1077 appendiciis
3555 1002 3616 1053 et
3636 999 3733 1067 juri

2058 1110 2171 1152 bus
2201 1098 2460 1154 ecclesia;
2493 1116 2612 1154 suae
2642 1096 2859 1154 ascribi
2889 1095 3047 1161 fecit,
3082 1108 3258 1149 anno
3287 1093 3483 1147 1018.
3552 1086 3734 1142 Eodem

2060 1186 2284 1241 circiter
2312 1192 2575 1258 tempore
2613 1194 2842 1241 curtem
2874 1182 3195 1239 Puzenvelt
3230 1196 3273 1235 a
3319 1175 3581 1233 comite
3613 1174 3736 1229 Itale

2060 1276 2215 1332 done
2259 1277 2509 1349 ejusque
2569 1291 2751 1330 uxore
2778 1271 3165 1343 'lrmingarde
3212 1267 3419 1325 titulo
3487 1264 3737 1338 precaria

2062 1364 2313 1435 adeptus
2341 1369 2447 1419 est.
2486 1363 2841 1419 Versabatur
2868 1361 2928 1416 in
2956 1358 3125 1415 Italia
3157 1355 3491 1413 Henricus
3523 1354 3573 1407 ll
3598 1352 3740 1422 impe-

2064 1457 2241 1520 rator,
2272 1468 2432 1507 anno
2468 1454 2621 1519 1022,
2656 1454 2888 1506 Graecos
2921 1452 3444 1518 Saracenosque,
3492 1440 3743 1513 Apuliam

2065 1546 2121 1596 et
2141 1542 2529 1614 Campaniam
2560 1540 2906 1596 infestantes
2936 1537 3405 1603 debellaturus,
3482 1531 3592 1587 cui
3623 1534 3746 1601 Popo

2067 1631 2344 1685 undecim
2376 1636 2742 1686 armatorum
2773 1628 2960 1685 millia
2984 1644 3092 1699 per
3151 1629 3533 1682 Marsorum
3588 1622 3746 1687 regio-

320 1721 402 1769 ret
460 1715 672 1769 adesse
726 1732 861 1769 eum
911 1716 1230 1771 honorario
1288 1716 1422 1771 vino
1480 1716 1779 1782 Sikonem,
1838 1731 1959 1787 quo
1991 1736 2033 1788 Β
2066 1734 2204 1773 nem
2234 1734 2305 1773 ex
2343 1722 2515 1789 gente
2547 1735 2659 1773 sua
2681 1716 2945 1771 deduxit.
3004 1710 3535 1786 Aquisgranensi
3592 1708 3751 1762 conri-

320 1804 675 1877 promissam
723 1805 1086 1877 jampridem
1143 1805 1415 1860 beneficii
1470 1806 1718 1874 gratiam
1777 1803 1964 1860 exsol-

321 1899 437 1948 vat.
468 1896 582 1947 Hoc
614 1894 822 1948 nuntio
854 1894 1205 1949 Adelbertus
1228 1898 1493 1966 accepto,
1524 1894 1645 1948 doli
1696 1893 1961 1962 ignarus,

323 1983 474 2037 ostia
505 1982 796 2053 patefecit.
825 1986 983 2038 Tunc
1030 1983 1166 2039 Siko
1218 1983 1345 2038 vela
1394 1999 1747 2056 pannosque
1801 1998 1965 2038 amo-

324 2088 457 2126 vere
480 2070 680 2141 jussit,
713 2070 815 2125 ubi
868 2071 1034 2126 brevi
1089 2072 1356 2127 oratione
1405 2088 1627 2127 munus
1676 2075 1965 2143 praesente

325 2159 639 2214 Adelberto
683 2160 1146 2228 commendavit,
1188 2160 1427 2230 signum
1479 2160 1795 2216 adoriundi
1844 2158 1967 2213 suis

326 2249 445 2303 dat.
474 2248 577 2313 Qui
604 2248 679 2302 ad
710 2248 968 2319 primum
1003 2249 1241 2318 signum
1260 2249 1580 2304 tumultum
1603 2250 1732 2319 (sic)
1754 2264 1785 2303 e
1811 2247 1968 2302 vasis

326 2336 712 2408 prosilientes,
740 2336 965 2409 impetu
989 2336 1049 2391 in
1080 2337 1290 2392 obvios
1319 2353 1592 2409 quosque
1624 2337 1798 2403 facto,
1833 2351 1971 2390 cun-

327 2431 419 2480 cta
450 2425 709 2480 caedibus
740 2431 916 2497 atque
948 2429 1143 2494 strage
1166 2426 1410 2494 foedant,
1432 2425 1661 2498 ipsique
1683 2431 1817 2480 ante
1847 2441 1971 2479 om-

327 2530 431 2568 nes
457 2513 768 2569 Adelberto
800 2529 1016 2569 manus
1038 2514 1315 2569 inferunt.
1344 2513 1523 2568 ClBSiS
1554 2514 1729 2582 igitur
1759 2518 1813 2569 et
1862 2528 1968 2584 op-

329 2603 553 2674 pressis
584 2602 661 2658 ad
692 2604 849 2658 hunc
882 2603 1132 2658 modum
1164 2608 1219 2659 et
1248 2603 1552 2657 exstinctis
1585 2601 1970 2674 praedonibus

330 2692 579 2746 munitio
611 2691 737 2746 solo
766 2696 1003 2764 aequata
1029 2697 1087 2746 et
1114 2691 1191 2746 ad
1214 2695 1546 2746 vastitatem
1574 2691 1817 2746 redacta
1860 2695 1968 2745 est.

332 2779 470 2835 Siko
500 2784 720 2849 autem,
743 2782 958 2851 praeter
986 2779 1231 2834 restituti
1253 2779 1434 2833 decus
1459 2778 1560 2834 otii
1582 2783 1760 2850 atque
1808 2778 1972 2833 urbis

332 2868 408 2923 ab
439 2868 752 2923 Adelherto
779 2871 1117 2937 grassatore
1146 2867 1426 2931 liberatae,
1467 2867 1715 2922 illustria
1744 2884 1779 2922 a
1832 2870 1974 2938 Pop-

329 2972 485 3027 pone
544 2956 722 3011 feuda
766 2955 1174 3027 beneﬁciaque
1235 2955 1403 3010 tulit:
1460 2956 1792 3027 eodemque
1822 2970 1974 3026 pene

2067 1808 2144 1863 lio
2176 1807 2371 1872 astitit,
2406 1823 2565 1862 anno
2608 1810 2763 1861 1023.

2139 1898 2315 1950 Porro
2344 1895 2489 1949 dum
2515 1911 2689 1950 curas
2719 1908 2931 1948 omnes
2961 1890 3040 1947 ad
3074 1889 3382 1946 dioecesis
3450 1901 3594 1942 sum
3643 1901 3753 1940 con-

2069 1984 2355 2040 tuendam
2376 1983 2724 2053 dignitatem
2758 1984 3154 2043 converteret.
3185 1993 3417 2033 mores
3446 1976 3754 2031 sanctimo

2072 2073 2317 2128 nialium
2344 2071 2604 2128 Palatioli
2627 2070 2906 2138 errnobii,
2937 2067 3190 2124 lascivia
3221 2066 3539 2138 luxuque
3568 2061 3757 2119 remol-

2069 2161 2222 2229 litos,
2252 2161 2364 2217 hac
2391 2160 2705 2216 occasione
2754 2174 2968 2215 sanare
3021 2172 3376 2227 aggressus
3431 2159 3561 2210 est.
3618 2150 3759 2207 Forte

2072 2250 2175 2304 uni
2204 2266 2275 2305 ex
2304 2248 2416 2304 illis
2458 2248 2917 2303 commissuram
2953 2244 3167 2322 ,pallii,
3202 2249 3275 2299 ut
3336 2242 3506 2299 inde
3567 2240 3762 2309 caligas

2072 2337 2440 2410 episcopales
2465 2340 2820 2401 contexeret,
2853 2334 2929 2389 de
2959 2350 3151 2399 more,
3180 2332 3495 2387 dederat.
3548 2330 3673 2395 Illa,
3720 2335 3761 2382 ut

2074 2425 2342 2482 antistitis
2367 2440 2635 2481 amorem
2660 2428 2913 2496 raperet,
2940 2427 3170 2477 vestem
3194 2420 3449 2494 philtro
3480 2418 3760 2475 imbutam

2075 2514 2285 2570 reddit.
2312 2517 2512 2585 Poppo
2546 2519 2608 2568 ut
2638 2512 2861 2580 caligas
2890 2510 3105 2576 induit,
3141 2514 3401 2565 tantam
3438 2507 3618 2563 illico
3645 2504 3763 2577 phil-

2081 2604 2151 2659 tri
2177 2603 2297 2657 vim
2327 2607 2541 2674 praeter
2564 2617 2794 2656 morem
2825 2603 3106 2671 expertus
3141 2603 3259 2669 est,
3312 2603 3387 2653 ut
3415 2598 3493 2653 in
3550 2594 3763 2651 nefarii!

2079 2690 2344 2745 mulieris
2367 2705 2634 2746 amorem
2665 2693 2788 2744 tota
2818 2693 3017 2743 mente
3047 2691 3108 2743 et
3164 2684 3582 2755 cogitatione
3626 2698 3766 2739 exar-

2080 2780 2368 2834 desceret.
2404 2778 2734 2833 Demiratus
2790 2775 3119 2831 laseivioris
3183 2774 3410 2830 carnis
3478 2772 3765 2829 insolitam

2082 2867 2481 2941 tyrannidem,
2515 2866 2668 2920 facto
2694 2865 2753 2919 in
2786 2864 2915 2920 aliis
2946 2878 3199 2935 quoque
3248 2861 3457 2917 simili
3491 2859 3766 2934 periculo,

2086 2954 2406 3027 turpissimi
2436 2953 2641 3023 ﬂagitii
2670 2958 2978 3008 auctorem
3000 2950 3305 3006 feminam
3342 2967 3497 3005 esse
3524 2967 3654 3006 non
3681 2948 3767 3002 du-

333 3050 597 3115 tempore
627 3043 805 3100 Skiva
834 3044 996 3115 apud
1038 3047 1242 3100 Saram
1272 3045 1543 3108 ﬂuvium,
1576 3045 1740 3116 quod
1770 3049 1977 3116 postea
2007 3084 2046 3138 C
2083 3043 2306 3098 bitavit.
2343 3044 2587 3095 Ventum
2612 3040 2747 3095 inde
2787 3039 2865 3095 ad
2897 3039 3036 3094 facti
3066 3039 3564 3138 cogpitionem‘,‘
3605 3051 3771 3138 eoque

333 3133 540 3188 Montis
561 3132 713 3187 Clari
742 3148 961 3187 nomen
1015 3132 1288 3200 obtinuit,
1346 3133 1641 3188 Adelberti
1692 3138 1973 3198 castrum,

330 3222 506 3291 jussu
530 3221 828 3292 Popponis
855 3236 1127 3276 eversum
1167 3225 1345 3293 atque
1399 3222 1659 3277 deletum
1715 3220 1978 3276 funditus

335 3314 440 3365 est.
478 3308 583 3363 Ubi
612 3310 910 3381 Popponis
938 3326 1032 3365 res
1077 3311 1370 3381 majorem
1399 3311 1459 3365 in
1491 3310 1740 3366 modum
1770 3315 1977 3383 poten-

335 3398 414 3454 tia
434 3414 503 3453 ac
525 3397 793 3453 felicitate
823 3398 1069 3454 stabiliri
1099 3399 1243 3454 vidit
1261 3398 1574 3466 Adalbero,
1594 3400 1779 3455 multo
1796 3415 1981 3471 quam

336 3491 469 3541 ante
491 3486 789 3554 humilior,
821 3503 942 3542 non
972 3488 1153 3543 modo
1190 3488 1480 3561 palatium
1506 3489 1559 3544 ei
1604 3494 1782 3561 atque
1804 3505 1979 3545 oecu-

337 3580 508 3647 patas
543 3575 810 3630 Ecclesiae
837 3592 1022 3643 arces,
1058 3576 1161 3631 sed
1206 3577 1446 3633 castella
1474 3578 1654 3633 etiam
1695 3577 1980 3646 Sericum,

335 3663 686 3729 Butichium,
717 3663 1085 3733 Sarburgum
1108 3670 1286 3738 atque
1318 3666 1466 3720 Bern
1497 3666 1830 3734 castellum,
1862 3681 1983 3720 uno

334 3766 541 3805 eorum
573 3750 682 3805 sibi
709 3751 879 3807 titulo
934 3757 1252 3819 reservato,
1314 3753 1572 3820 tradidit,
1628 3758 1805 3825 atque
1862 3769 1984 3809 mo-

334 3839 589 3893 nasterio
644 3839 781 3894 inde
851 3841 914 3894 D.
972 3838 1221 3908 Paulini,
1260 3841 1355 3896 cui
1386 3841 1774 3913 praepositum
1804 3841 1984 3897 fuisse
2020 3866 2023 3867 ν

332 3928 463 3997 jam
494 3926 938 3993 adnotavimus,
966 3927 1233 3999 repetito,
1266 3928 1432 3984 omni
1479 3929 1713 4000 abjecta
1764 3929 1985 3999 cogita-

336 4015 494 4069 tione
524 4014 843 4083 honorum,
875 4015 962 4070 ad
988 4015 1245 4072 salutare
1269 4017 1454 4073 otium
1481 4018 1788 4074 concessit.
1845 4022 1989 4090 Pop-

336 4118 415 4174 po
436 4117 597 4167 vero,
620 4118 757 4156 cum
789 4117 1005 4157 omnes
1039 4104 1401 4160 munitiones
1422 4105 1810 4162 Adalberonis
1826 4107 1987 4162 dedi-

338 4186 496 4241 tione
525 4187 584 4242 in
612 4188 794 4245 ﬁdem
852 4191 1198 4262 accepisset,
1232 4196 1378 4249 Bern
1422 4193 1747 4260 castellum,
1780 4195 1990 4250 acriter

340 4274 691 4347 aliquandiu
743 4293 779 4333 a
810 4278 1196 4350 praedonibus
1256 4280 1571 4337 defensum
1600 4282 1845 4349 restitit;
1884 4281 1989 4339 sed

341 4364 418 4419 ad
443 4369 775 4421 extremum
805 4372 1069 4441 captum,
1103 4369 1408 4443 dissipatis
1439 4387 1507 4427 ac
1534 4370 1742 4427 dirutis
1771 4388 1989 4445 propu-

340 4454 631 4523 gnaculis,
671 4456 938 4513 funditus
968 4458 1201 4515 excidit.

412 4545 719 4611 Caeterum,
752 4550 872 4602 toto
905 4562 976 4602 eo
1007 4551 1273 4621 tempore
1303 4567 1424 4623 quo
1454 4551 1880 4622 Megingaudus
1910 4556 1987 4607 te-

340 4632 469 4687 nuit
512 4634 950 4707 episcopatum,
1004 4638 1253 4694 ecclesia
1322 4640 1677 4697 Trevirensis
1737 4641 1989 4698 factione

339 4721 733 4778 Adalberonis
778 4723 1075 4795 insignem
1130 4743 1330 4784 rerum
1381 4729 1654 4785 omnium
1692 4730 1991 4800 jacturam

340 4808 757 4882 damnumque
790 4811 941 4867 fecit.
976 4813 1146 4869 Enim
1176 4831 1313 4872 vero
1340 4820 1464 4872 tam
1484 4820 1697 4872 tetram
1744 4816 1806 4872 in
1858 4817 1992 4873 soli-

340 4897 617 4952 tudinem
646 4898 953 4955 redactam
995 4901 1173 4956 fuisse
1196 4903 1387 4959 aedem
1432 4903 1832 4960 eathedralem
1864 4922 1992 4977 per-

344 4984 570 5052 hibent,
596 4991 679 5054 ut,
706 4988 941 5043 nemine
970 4994 1127 5046 sarta
1149 4994 1300 5048 tecta
1331 4993 1620 5062 exigente,
1672 4992 1861 5047 clerus
1921 4994 2006 5050 sit'

350 5078 590 5129 coactus
616 5079 779 5129 metu
808 5076 995 5132 ruinae
1052 5079 1339 5151 templum
1384 5080 1675 5145 deserere,
1708 5084 1765 5135 et
1812 5082 1993 5138 cultui

332 5158 544 5217 divino
576 5162 984 5234 supersedere.
1021 5167 1374 5223 Monasteria
1400 5167 1611 5223 eodem
1637 5168 1820 5225 modo
1841 5186 1991 5240 quo-

334 5263 451 5317 que
486 5255 753 5322 tempore
785 5252 864 5307 ad
894 5269 1093 5309 rerum
1142 5256 1619 5312 necessariarum
1677 5258 1991 5327 penuriam

329 5337 619 5407 prolapsa
646 5345 803 5395 sunt.
839 5342 1065 5406 Quibus
1099 5344 1269 5400 malis
1318 5348 1521 5417 Poppo
1567 5345 1900 5401 remedium
1928 5354 1993 5404 ut

352 5422 603 5487 afferret,
630 5425 1030 5485 instaurandis
1081 5435 1260 5504 atque
1291 5434 1577 5490 ornandis
1622 5433 1881 5489 ecclesiis
1930 5454 1991 5493 se

354 5508 595 5561 tradidit
624 5508 970 5585 impensius,
1002 5523 1180 5590 atque
1202 5523 1581 5591 monasteria,
1613 5538 1749 5593 quae
1771 5522 1990 5579 intesti-

348 5609 427 5647 na
458 5593 665 5679 seditio
690 5598 1069 5679 exhauserat,
1125 5607 1367 5676 prrediis
1414 5614 1470 5662 et
1516 5610 1993 5679 possessionibus

362 5678 745 5750 ocupletavit.
776 5682 1091 5741 MOnaehos
1114 5688 1175 5751 in
1196 5686 1323 5747 sede
1344 5678 1589 5764 virginis
1629 5695 1893 5763 Deiparre
1915 5697 1996 5752 ad

2084 3131 2358 3204 probato,
2393 3146 2511 3185 una
2541 3129 2813 3185 omnium
2855 3127 3152 3183 sententia
3182 3127 3301 3182 fuit
3337 3126 3773 3199 expellendam

2086 3238 2158 3276 ex
2186 3220 2285 3275 illo
2312 3226 2469 3274 C(Btll
2498 3218 2937 3290 nequissimam
2964 3216 3481 3283 incantatricem,
3550 3222 3778 3271 caeteras

2087 3309 2165 3365 ad
2197 3308 2514 3363 strictiores
2547 3307 2985 3362 monachorum
3015 3305 3181 3374 leges
3214 3304 3624 3374 redigendas
3648 3320 3776 3358 esse.

2090 3397 2259 3463 Quod
2289 3412 2427 3451 cum
2456 3395 2650 3465 major
2679 3410 2846 3467 pars,
2867 3394 3002 3449 vitae
3037 3391 3308 3463 laxioris
3342 3399 3576 3463 tenax,
3608 3390 3781 3448 omni~

2087 3501 2164 3542 no
2193 3488 2514 3557 respueret,
2558 3484 2754 3538 visum
2792 3488 2881 3537 est
2926 3481 3411 3554 archiepiscopo
3468 3482 3783 3551 collegium

2087 3574 2233 3630 illud
2289 3573 2527 3646 penitus
2580 3570 2930 3640 dissolvere,
2983 3571 3143 3626 facta
3203 3570 3485 3643 reliquis
3555 3571 3639 3626 ad
3684 3570 3784 3624 alia

2088 3661 2434 3719 transeundi
2459 3664 2821 3717 monasteria
2858 3660 3163 3716 facultate.

2161 3757 2434 3808 Attamen
2463 3754 2688 3824 Poppo,
2719 3750 2833 3822 pia:
2852 3747 3373 3821 peregrinationis
3391 3765 3613 3805 causa
3625 3749 3785 3805 Theo

2092 3843 2295 3898 dorico
2325 3841 2561 3897 Metensi
2589 3839 2957 3895 demandata
2979 3838 3263 3893 Ecclesiae
3292 3855 3438 3893 suae
3459 3855 3646 3909 cura,
3667 3854 3787 3893 cum

2092 3930 2387 4003 primariis
2418 3944 2449 3983 e
2481 3928 2637 3984 clero
2664 3927 3149 3998 Hierosolymam
3168 3928 3488 3998 perrexit.
3526 3928 3791 3984 Simeone

2093 4016 2391 4073 monacho
2414 4013 2635 4073 Sinaita
2672 4015 2909 4077 comite,
2936 4030 3041 4086 qui
3066 4029 3142 4068 ex
3172 4014 3443 4070 Oriente
3480 4016 3551 4070 in
3584 4014 3795 4070 Gallias

2096 4104 2172 4159 ab
2225 4104 2441 4160 abbate
2493 4119 2602 4159 suo
2664 4103 2923 4159 directus
2977 4103 3175 4157 fuerat
3230 4107 3300 4157 ut
3362 4120 3407 4159 a
3474 4104 3793 4160 Richardo.

2096 4191 2494 4248 Nortmannite
2524 4190 2698 4260 duce,
2730 4206 2853 4246 non
2892 4190 3145 4259 exiguas
3173 4190 3516 4263 acciperet
3547 4193 3798 4247 eleemo—

2098 4296 2302 4352 synas.
2335 4280 2562 4345 Quibus
2587 4296 2693 4352 per
2724 4278 2966 4334 soda‘es
2999 4278 3075 4335 ad
3108 4281 3604 4336 monasterium
3654 4281 3801 4335 dele-

2020 4429 2067 4484 Β
2096 4369 2189 4435 tis,
2217 4367 2695 4441 illaaliquandiu
2736 4366 3092 4437 Rothomagi
3150 4365 3339 4437 stetit,
3406 4384 3494 4424 ac
3557 4369 3801 4441 proinde

2102 4458 2410 4484 ..Α-,έηζὶζηνκ
2490 4458 2637 4484 ,υινιζο
2684 4457 2948 4484 ’νηηυέςιιιη
3012 4456 3280 4484 ..ΔΛ-...Αἰ
3348 4458 3543 4484 ·““.‹¹Α
3595 4463 3788 4484 ηλλακ

2098 4458 2414 4515 consilium
2487 4458 2641 4530 cepit
2684 4457 2951 4512 Treviros
3008 4456 3284 4513 adeundi
3348 4458 3547 4515 unde
3594 4463 3791 4531 Poppo

2096 4563 2234 4603 nem
2260 4547 2339 4603 ad
2367 4551 2585 4602 terram
2611 4551 2879 4601 sanetam
2910 4545 3419 4618 proﬁciscentem
3463 4554 3573 4603 est
3631 4564 3803 4602 comi-

2097 4641 2272 4694 tatus.
2306 4638 2386 4692 Eo
2407 4636 2469 4691 in
2494 4634 2698 4691 itinere
2726 4639 2847 4690 toto
2875 4634 3130 4690 triennio
3168 4637 3394 4706 Poppo
3423 4639 3806 4708 permansit:

2098 4730 2189 4781 ast
2214 4725 2275 4781 in
2306 4724 2517 4780 urbem
2548 4722 2650 4779 ubi
2676 4738 2944 4777 reversus
2991 4728 3101 4791 est,
3145 4737 3320 4777 anno
3382 4728 3572 4793 1028,
3612 4740 3807 4780 mense

2098 4812 2436 4882 Novembri,
2460 4810 2868 4882 eomperitque
2902 4809 3252 4865 Simeonem
3298 4811 3457 4866 vitte
3520 4815 3807 4885 tranun-

2098 4903 2257 4959 lioris
2312 4901 2509 4957 studio
2568 4916 2872 4955 secessum
2920 4905 3189 4970 captare,
3250 4898 3560 4973 ideoque
3594 4901 3807 4958 incluti;

2098 4991 2265 5053 velle,
2299 4990 2604 5063 optionem
2633 4988 2687 5043 ei
2712 4986 2843 5041 tulit
2888 4986 3095 5042 sedem
3130 4987 3192 5041 in
3225 4986 3488 5045 ditione
3553 4993 3807 5047 Treviro

2098 5096 2234 5136 rum
2283 5077 2528 5148 ﬁgendi.
2584 5080 2639 5131 ls
2693 5075 2895 5131 locum
2944 5074 3007 5129 in
3051 5074 3316 5145 antiqua
3350 5078 3571 5148 mole,
3634 5094 3808 5151 quam

2100 5168 2339 5238 Nigram
2367 5169 2602 5221 Portam
2647 5161 3015 5230 vocitabant,
3072 5161 3396 5231 assignari
3456 5166 3595 5222 sibi
3626 5174 3807 5240 postu

2098 5256 2261 5323 lavit,
2289 5259 2467 5326 atque
2494 5251 2589 5308 die
2618 5251 2767 5307 festo
2800 5249 2992 5306 sancti
3057 5249 3350 5319 Andreae,
3428 5254 3808 5311 circumfusa

2099 5346 2178 5402 ad
2224 5341 2631 5416 spectaculum
2689 5355 2913 5407 magna
2963 5354 3106 5392 cum
3169 5339 3399 5410 populi
3476 5349 3629 5401 tum
3694 5345 3807 5399 cier.

2100 5430 2496 5497 multitudine,
2519 5427 2598 5484 ab
2624 5425 3078 5498 archiepiscopo
3111 5425 3176 5479 in
3204 5436 3598 5495 angustum
3628 5446 3799 5504 quem

2100 5521 2245 5576 dam
2274 5520 2403 5590 ejus
2441 5516 2615 5573 molis
2670 5513 2962 5574 ani-tilum
3012 5512 3293 5568 inclusus
3346 5523 3478 5581 est,
3521 5521 3738 5594 ibique
3762 5520 3806 5571 is

2102 5608 2344 5663 assidua
2363 5604 2629 5661 oratione
2663 5615 3005 5673 umgnaque
3029 5600 3164 5655 vitae
3187 5606 3564 5674 asperitate
3599 5615 3806 5680 septem

2101 5695 2264 5761 degit
2288 5711 2503 5751 annos.
