3836 6402
55 295 180 348 1401

665 291 1179 348 ANGELRANNUS
1219 290 1456 345 ABBAS
1496 289 1985 345 CENTULENSIS.
2029 323 2095 330 —-
2145 293 2421 348 NOTITIA
2462 288 2868 347 HISTORICA.

3343 288 3478 345 1‘02

118 416 335 472 Eodem
369 415 598 471 circiter
636 419 926 488 tempore,
961 416 1314 485 Christiana,
1353 431 1521 470 soror
1552 413 1704 485 Pop-
1746 416 1794 466 A
1819 431 1953 469 rum
1984 415 2289 472 referatur.
2321 415 2625 489 Popponis
2658 414 2942 488 precibus
2993 430 3266 471 annuens
3296 417 3476 470 Bene-

45 509 242 581 pouis,
276 505 351 561 ad
383 505 676 561 Simeonis
705 505 1073 578 exemplum,
1106 506 1261 562 intra
1311 505 1562 578 parietes
1601 503 1706 558 ali-

41 596 179 652 cubi
209 612 414 651 sacros
446 594 693 662 inclusa,
724 594 836 650 sibi
867 595 1217 668 Christoque
1246 595 1372 650 sola
1402 594 1558 648 vixit.
1595 598 1707 646 An-

42 701 122 742 no
153 690 352 740 autem
387 689 543 750 1031,
576 701 669 738 xw
697 684 828 740 Kal.
874 685 1244 749 Novembris,
1280 688 1483 757 Poppo
1515 683 1706 736 aedem

47 779 544 848 Epternacensem
577 774 973 831 instauratam
1005 776 1289 831 invitatus
1313 774 1390 829 ab
1423 772 1708 828 Humber-

41 870 105 922 to
133 865 350 921 abbate
382 864 770 931 consecravit,
804 864 1117 938 levataque
1148 868 1201 920 S.
1238 863 1542 920 Villibrodi
1571 879 1709 918 ossa

44 956 104 1010 in
154 954 596 1011 honoratiorem
633 954 930 1010 tumulum
962 955 1276 1010 transtulit.
1313 957 1459 1009 Cum
1499 952 1708 1007 vicinis

43 1044 505 1099 conventionem
551 1043 677 1099 iniit
731 1044 955 1099 ratione
1003 1045 1392 1100 terminorum
1447 1043 1709 1098 nemoris

45 1133 300 1199 Kilvald,
333 1132 618 1204 variaque
664 1133 890 1203 praedia
920 1132 1262 1188 abalienata
1291 1131 1553 1187 ecclesiaa
1586 1147 1708 1185 sua:

42 1221 389 1283 vindicavit,
421 1221 578 1277 circa
604 1237 832 1277 annum
870 1223 1021 1276 1033.
1051 1223 1292 1277 Duabus
1316 1221 1373 1276 in
1403 1226 1707 1295 permuta-

42 1310 309 1366 tionibus
355 1310 504 1365 inter
548 1309 787 1366 diversa
839 1312 1202 1367 monasteria
1245 1312 1400 1366 initis
1456 1311 1712 1367 occurrit

39 1400 202 1454 circa
233 1414 464 1453 annum
501 1403 654 1454 1035.
696 1399 1019 1455 Duodecim
1046 1417 1311 1466 mansos,
1345 1400 1709 1471 totidemque

41 1489 352 1561 mancipia
410 1506 444 1544 a
500 1489 796 1544 Thiefrido
851 1490 1142 1545 advocato
1195 1489 1544 1553 Trevirensi,
1605 1489 1710 1561 qui

42 1578 378 1633 Luitardim
409 1578 925 1647 consanguineam
958 1595 1131 1634 suam
1163 1595 1410 1634 uxorem
1438 1579 1708 1647 (luxerat,

38 1667 295 1740 accepit,
329 1671 507 1740 atque
555 1667 796 1722 duobus
847 1668 1210 1738 conjugibus
1257 1668 1598 1724 cohabitare
1649 1667 1710 1721 li-

40 1757 305 1812 centiam
334 1757 468 1812 fecit
498 1773 660 1812 anno
698 1758 850 1812 1036.
883 1758 1103 1812 Eodem
1127 1774 1288 1813 anno
1314 1764 1370 1812 et
1400 1758 1712 1829 insequen-

39 1847 83 1901 ti
120 1845 284 1900 varia
327 1845 489 1900 dona
521 1845 600 1900 ab
631 1845 1009 1901 Adalberone
1132 1846 1357 1902 Paulini
1390 1845 1709 1918 praeposito

37 1935 263 1990 collata
325 1934 598 1989 cmnobio
647 1937 701 1990 S.
759 1935 986 1990 Mathim
1040 1935 1345 2000 laudavit;
1406 1935 1708 2008 synodum

36 2022 259 2078 habuit
307 2040 357 2076 γι
410 2023 544 2078 ldus
591 2022 747 2077 Junii
803 2023 956 2091 1037,
1002 2024 1080 2077 :zd
1122 2039 1308 2095 quam
1361 2023 1709 2078 accedentes

36 2111 416 2176 Adelbertus,
468 2111 736 2166 marchio
793 2111 1206 2180 Lotharingize,
1265 2113 1515 2184 ejusque
1563 2127 1712 2166 uxor

33 2199 286 2255 Juditha
315 2215 521 2255 coram
569 2199 702 2272 ipso
732 2199 938 2256 villam
971 2201 1558 2256 Momendoﬂl‘ehlem
1590 2217 1712 2255 mo-

37 2287 309 2342 nasterio
351 2287 745 2342 indulserunt.
797 2292 858 2344 1n
899 2288 1350 2344 Palatiolensem
1397 2290 1713 2360 partheno-

35 2393 188 2432 nem
219 2377 545 2432 canonicos
592 2376 1118 2433 sanctimonalium
1148 2377 1280 2433 loco
1312 2377 1388 2433 ad
1419 2377 1579 2432 hunc
1611 2393 1712 2432 an-

36 2482 197 2522 num
247 2466 572 2520 immisisse
616 2465 848 2521 dicitur.
893 2467 1252 2522 Comitatum
1298 2467 1371 2522 de
1425 2467 1710 2530 Marvelis,

35 2570 232 2627 quem
298 2555 608 2610 Conradus
674 2555 1000 2628 imperator
1055 2556 1377 2610 Trevirensi
1443 2555 1711 2611 Ecclesiae

37 2644 423 2716 praestiterat,
457 2644 535 2699 ab
562 2644 813 2700 Henrico
845 2645 917 2700 ΠΙ
949 2650 1238 2717 perpetuo
1279 2646 1710 2717 possidendum

37 2734 406 2806 impetravit,
435 2750 534 2790 an.
571 2739 729 2804 1039,
758 2734 957 2790 Idibus
992 2735 1377 2807 Septembris.
1413 2735 1498 2790 Ad
1532 2739 1710 2791 Bene-

38 2825 276 2879 dictum
309 2827 370 2878 ΙΧ
399 2823 714 2896 epistolam
753 2823 984 2893 direxit,
1021 2840 1144 2896 qua
1175 2841 1314 2879 eum
1349 2829 1622 2896 precatur
1651 2830 1714 2879 ut

39 2912 162 2967 sibi
190 2918 382 2967 mittat
411 2913 603 2968 virum
651 2912 1004 2984 prudentem
1035 2914 1136 2984 qui
1187 2912 1237 2967 ei
1270 2913 1327 2968 in
1358 2913 1714 2969 necessitati-

39 3003 167 3056 bus
221 3002 342 3055 suis
391 3001 641 3057 concilio
700 3001 875 3057 simul
933 3007 989 3057 et
1041 3003 1262 3057 auxilio
1317 3002 1711 3072 suffragetur;

1814 504 2010 559 dictus
2058 505 2372 577 praesulem
2408 505 2820 574 coadjutorem
2853 504 2906 560 ei
2944 504 3124 560 misit.
3160 505 3347 570 Quem
3380 506 3479 561 Pa-

1815 594 2175 666 pebrochius
2205 595 2441 666 conjicit
2480 593 2660 649 fuisse
2691 593 3039 649 Gratianum
3066 591 3482 665 archipresby-

1815 687 2030 749 terum,
2063 684 2258 739 virum
2306 683 2665 757 prudentem
2696 701 2709 750 ;
2760 681 3026 738 decernit
3072 681 3252 737 etiam
3285 680 3480 735 virum

1819 772 1916 828 Dei
1949 773 2284 830 Simeonem
2315 778 2591 830 sanctum
2614 772 2832 828 debere
2859 771 3176 838 nominari,
3197 770 3480 842 diemque

1816 864 1945 934 ejus
1977 863 2257 930 natalem,
2283 865 2432 919 sicut
2465 868 2520 919 et
2549 862 2804 918 aliorum
2837 867 3182 918 sanctorum
3206 875 3479 916 reveren-

1815 953 2037 1008 tissime
2071 953 2317 1023 singulis
2347 953 2521 1008 annis
2553 951 2864 1020 celebrari,
2886 951 2966 1006 uti
2995 955 3156 1023 patet
3180 967 3252 1005 ex
3282 949 3479 1023 ponti-

1816 1043 1943 1098 ticis
1973 1042 2174 1098 litteris
2205 1048 2261 1098 et
2292 1059 2362 1098 ex
2418 1042 2586 1098 bulla
2623 1040 3092 1097 canonizationis
3122 1040 3276 1096 datis
3319 1055 3480 1095 anno

1824 1134 1975 1188 1042.
2012 1133 2330 1188 Ecclesiam
2363 1133 2576 1188 eodem
2624 1148 2786 1188 anno
2844 1131 2902 1186 in
2953 1132 3244 1186 honorem
3291 1129 3481 1202 ipsius

1819 1226 1873 1279 S.
1938 1223 2228 1279 Simeonis
2295 1221 2610 1278 aedificavit
2682 1223 2886 1294 Poppo
2965 1219 3025 1274 in
3103 1224 3275 1292 porta
3345 1234 3481 1291 quae

1817 1313 1976 1368 Marti
2049 1312 2214 1384 apud
2283 1312 2538 1367 Gentiles
2617 1311 2759 1366 olim
2835 1314 3186 1366 consecrata
3258 1308 3479 1370 fuerat,

1816 1401 1876 1457 in
1921 1401 2217 1456 veteribus
2270 1401 2489 1456 scilicet
2539 1401 2724 1456 ruinis
2765 1400 3026 1472 antiquae
3079 1398 3251 1454 molis
3291 1413 3480 1470 quam

1819 1494 1874 1547 S.
1928 1491 2143 1556 Simeo,
2189 1490 2332 1545 dum
2391 1491 2448 1545 in
2499 1491 2640 1546 vivis
2668 1494 2840 1555 esset,
2874 1489 3236 1555 incoluerat;
3289 1486 3484 1543 immi-

1819 1580 2011 1652 sitque
2039 1579 2095 1634 in
2128 1596 2260 1634 eam
2292 1579 2500 1634 fratres
2547 1579 2668 1635 sive
2715 1578 3058 1644 canonicos,
3092 1577 3195 1650 qui
3229 1580 3347 1632 Deo
3377 1575 3483 1631 ibi-

1815 1669 1954 1723 dem
2005 1669 2312 1736 servirent,
2346 1673 2524 1741 atque
2574 1667 2800 1740 praedia
2855 1682 3211 1739 annuosque
3257 1664 3481 1721 reditus

1755 1774 1790 1824 Β
1819 1759 1962 1832 ipsis
1992 1758 2241 1826 largitus
2273 1765 2378 1814 est.
2417 1759 2650 1827 Insigne
2699 1757 3078 1830 privilegium
3121 1772 3230 1829 pro
3272 1754 3484 1811 conﬁr-

1819 1849 2080 1903 matione
2111 1848 2410 1903 honorum
2443 1847 2588 1903 tedis
2619 1848 2866 1918 majoris
2895 1847 2974 1902 ab
3001 1846 3252 1901 Henrico
3282 1845 3346 1900 Ill
3376 1844 3484 1899 im-

1819 1943 2088 2010 peratore
2135 1937 2471 2009 inpetravit
2509 1953 2606 1993 an.
2647 1941 2801 1992 1045.
2845 1936 3175 1992 Exstinctus
3224 1950 3368 1990 vero
3418 1937 3481 1989 16

1818 2026 1977 2081 Junii
2012 2029 2166 2090 1047,
2199 2025 2259 2081 in
2287 2026 2537 2081 ecclesia
2567 2042 2755 2098 quam
2802 2031 3008 2081 sancto
3051 2025 3312 2082 Simeoni
3345 2023 3485 2079 aedi-

1818 2116 2101 2170 ﬁcaverat
2147 2115 2428 2170 humatus
2472 2120 2579 2182 est,
2613 2114 2806 2187 posita
2857 2130 3040 2186 supra
3095 2114 3226 2184 ejus
3274 2117 3484 2184 pectus

1820 2203 2105 2276 plumbea
2136 2203 2354 2259 tabella
2404 2221 2541 2258 cum
2586 2205 2698 2258 hac
2754 2203 3178 2276 inscriptione:
3229 2204 3486 2274 «Poppo

1819 2295 2190 2348 Trevirorum
2212 2293 2703 2365 archiepiscopus
2724 2293 2870 2348 obiit
2899 2291 3136 2346 decimo
3163 2296 3327 2346 sexto
3351 2289 3482 2345 Kal.

1818 2384 1971 2440 Julii.
1998 2409 2022 2431 ››
2055 2383 2168 2439 Eri
2198 2383 2566 2456 insculptum
2596 2388 2722 2439 erat
2765 2382 2825 2438 id
2871 2381 3279 2454 epitaphium:
3317 2404 3343 2428 ‹‹
3368 2385 3484 2436 An-

1821 2490 1901 2528 no
1947 2473 2266 2528 Dominicze
2299 2473 2729 2528 incarnationis
2767 2473 2921 2537 1057,
2960 2471 3207 2526 Heinrici
3238 2469 3484 2525 secundi

1821 2562 1978 2628 regis
2009 2578 2145 2626 xvu,
2183 2561 2558 2633 imperatoris
2603 2566 2804 2616 autem
2846 2559 3061 2632 primo,
3092 2576 3190 2614 xv:
3221 2557 3350 2614 Kal.
3382 2560 3483 2612 Ju-

1821 2649 1902 2714 lii,
1926 2649 2071 2704 obiit
2095 2649 2275 2720 hujus
2296 2649 2612 2705 Trevericee
2645 2649 2802 2704 sedis
2831 2651 2948 2704 Deo
2979 2647 3227 2703 dilectus
3259 2645 3485 2702 archie-

1823 2741 2106 2814 piscopus
2139 2744 2361 2813 Poppo.
2396 2764 2420 2788 ››

1895 2832 2100 2902 Operae
2136 2830 2390 2902 pretium
2423 2835 2510 2884 est
2533 2829 2628 2884 hic
2659 2829 2948 2885 adnotare
2977 2827 3119 2883 nihil
3143 2827 3272 2899 ipse
3302 2826 3484 2881 fuisse

1823 2935 2146 2974 commune
2177 2936 2315 2975 cum
2347 2919 2446 2974 illo
2492 2922 2772 2991 Poppone
2824 2918 2926 2991 qui
2961 2920 3158 2972 Danos
3189 2915 3265 2971 ad
3317 2914 3482 2970 Chri-

1825 3007 2080 3062 stianam
2127 3005 2306 3062 fidem
2358 3007 2662 3062 convertit.
2698 3006 2981 3072 Quamvis
3015 3004 3177 3060 enim
3222 3004 3352 3074 ejus
3400 3018 3486 3057 se-

39 3094 314 3164 itemque
348 3109 571 3164 papam
602 3093 676 3146 de
723 3098 910 3148 morte
963 3093 1254 3148 Simeonis
1299 3099 1557 3148 eremitaa
1588 3109 1713 3148 cer-
1754 3125 1794 3179 ρ
1827 3095 2147 3168 pulchrum
2179 3095 2489 3167 quondam
2517 3094 2594 3151 ab
2626 3095 2748 3150 istis
2776 3092 3016 3167 populis
3042 3092 3484 3164 frequentatum

41 3183 261 3239 tiorcm
295 3181 452 3247 facit,
484 3187 770 3254 urgetque
802 3187 864 3237 ut
893 3181 988 3238 ille
1019 3184 1079 3238 in
1129 3189 1476 3238 sanctorum
1509 3199 1714 3238 nume-

1825 3184 2015 3244 fuerit.
2042 3200 2287 3256 prorsus
2319 3189 2518 3240 tamen
2551 3183 2628 3240 ab
2660 3183 2759 3238 illo
2795 3189 2877 3239 est
2907 3181 3195 3237 diversus.

505 3479 980 3568 POPPONIS
1045 3479 1522 3567 EPIS'lTOLA
1586 3482 1717 3566 AD
1780 3477 2426 3568 BENElllCTUM
2500 3477 2600 3562 1X
2661 3475 3025 3568 PAPAM.

1066 3657 1240 3727 (Vide
1268 3671 1477 3726 supra,
1511 3658 1666 3711 inter
1708 3656 1987 3725 epistolas
2024 3654 2329 3708 Benedicti
2355 3653 2484 3721 ΙΧ.)

1485 4020 1627 4059 ANNO
1670 4019 1854 4058 DOMlNl
1899 4019 2065 4058 MXLV.

818 4191 2606 4372 _V.ANGELBANNUS

35 4449 527 4568 ABBAS
592 4448 1489 4570 MONtSTEBll
1733 4449 2404 4570 RiCHARII
2463 4439 3478 4563 CENTULERSIS.

945 4829 1602 4927 ΝΟΤΙΤΙΑ
1696 4827 2560 4927 HISTORIGA
2591 4902 2612 4923 .

835 5011 979 5079 (Ex
1018 5012 1219 5067 Gallia
1261 5010 1643 5073 Christian/1.,
1688 5025 1826 5065 nov.
1868 5008 2005 5063 edit.
2049 5012 2195 5063 tom.
2238 5012 2307 5075 Χ,
2352 5022 2505 5079 page
2551 5005 2741 5076 1249.)

119 5315 572 5387 Angelrannus,
619 5318 868 5390 Sapiens
919 5319 1402 5389 cognominatus,
1466 5317 1724 5374 (Lentule:
1768 5321 1808 5373 ι)
1829 5331 2035 5385 regem
2067 5321 2317 5372 Romam
2341 5321 2581 5372 euntem
2605 5315 2921 5370 comitatus
2943 5309 3278 5365 sacerdotio
3302 5308 3494 5364 initia-

21 5407 323 5464 honestis
379 5408 728 5478 parentibus
783 5413 962 5464 natus
1015 5414 1121 5465 est.
1155 5409 1516 5464 Adolescens
1551 5411 1606 5464 S.
1638 5407 1723 5462 Ri-
1831 5411 1926 5460 tus
1955 5404 2262 5460 Centulaui
2290 5404 2482 5474 rediit,
2512 5403 2613 5458 ubi
2657 5400 2968 5472 lngelardo
2997 5400 3281 5454 defuncto
3314 5413 3350 5452 a
3377 5397 3493 5452 fra-

21 5497 238 5554 charii
270 5496 538 5552 claustra
569 5497 769 5565 subiit,
802 5499 975 5569 cujus
1019 5499 1096 5555 ab
1144 5498 1362 5555 abbate
1411 5497 1722 5564 lngelardo
1831 5492 2021 5548 tribus
2051 5510 2170 5548 una
2201 5509 2346 5548 voce
2379 5493 2599 5547 electus
2631 5497 2736 5546 est.
2773 5490 2884 5547 Sed
2915 5506 3050 5562 quae
3073 5493 3201 5544 erat
3231 5487 3337 5542 viri
3369 5502 3495 5542 mo-

23 5594 228 5653 longe
253 5584 452 5656 posita
474 5592 844 5642 scrutaturus
861 5587 1201 5643 scholarum
1223 5586 1564 5655 magisteria
1587 5585 1722 5639 mis-
1829 5582 2019 5637 destia
2046 5583 2058 5636 l
2091 5583 2306 5637 Furtim
2335 5598 2396 5635 se
2421 5581 2669 5653 proripit
2695 5598 2724 5635 e
2752 5578 3142 5645 monasterio,
3162 5583 3216 5632 ct
3247 5578 3306 5632 in
3333 5575 3493 5629 silvas

23 5689 177 5742 sus,
205 5671 554 5730 Fulbertum
576 5679 1002 5731 Carnotensem
1027 5677 1378 5748 episcopum
1399 5680 1720 5746 priecepto-
1831 5669 2124 5725 Olnodioli
2155 5669 2405 5725 latibula
2436 5686 2495 5724 se
2522 5669 2706 5725 abdit.
2730 5673 2858 5725 Mox
2880 5667 3036 5738 regis
3055 5667 3230 5738 jussu
3251 5662 3490 5737 perqui-

23 5777 180 5822 rem
213 5761 475 5832 adeptus
505 5769 593 5820 est
620 5770 676 5820 et
699 5763 1098 5833 didascalum,
1127 5763 1364 5819 Interim
1396 5761 1720 5818 Robertum
1833 5758 1981 5813 situs
2015 5774 2086 5814 ac
2117 5758 2366 5816 demum
2397 5760 2676 5815 inventus
2707 5774 2862 5815 onus
2891 5757 3244 5830 impositum
3273 5750 3493 5807 invitm
