3836 6422
84 266 220 324 1605

1718 261 1898 322 VITA.

3359 269 3495 334 im

78 385 314 460 additus
340 389 457 460 est,
488 383 591 460 ubi
630 385 761 460 _biec
792 384 1097 460 leguntur:
1128 388 1238 460 Har
1267 391 1408 460 sunt
1436 386 1864 460 sollemnitates
1891 387 1974 460 _ad
2004 386 2318 446 Centulam
2363 390 2612 459 proprie
2638 390 3024 460 pertinentes.
3065 391 3317 452 Kalend.
3349 395 3489 451 Jan.

72 459 376 536 Dedicatz'c
408 457 710 536 Ecclesiae,
723 473 784 536 .v.
819 457 968 511 Non.
995 458 1177 536 Ᾱζρνρ.
1199 459 1450 536 Gervini
1476 458 1726 536 abbatis.
1753 474 1807 536 υ.
1828 457 1970 513 Idus
1999 457 2678 536 Decembris,‘Deposz'tio
2702 464 3299 536 sanciti‘Angelranni
3317 465 3494 522 abba-

77 533 149 585 tis
178 531 385 619 nostri.
418 530 559 593 Quae
613 528 905 583 indicasse
956 527 1248 596 sufﬁciat;
1294 530 1422 599 jam
1473 529 1600 599 ejus
1651 534 1817 597 gesta
1865 531 2226 602 exponenda
2268 537 2423 600 sunt,
2457 527 2608 587 inter
2638 549 2773 606 quas
2824 527 3102 604 OdolgEri
3150 537 3494 592 encomium

74 604 362 657 occurret.

1279 909 1840 1029 INCIPIT
1927 912 2290 1029 VITA

145 1128 193 1179 l.
237 1126 383 1180 Cum
437 1123 614 1193 igitur
660 1125 858 1178 omnis
886 1124 1150 1178 mundus
1183 1125 1476 1194 Unigeniti
1509 1125 1606 1180 Dei
1634 1124 1732 1179 de-
1770 1129 1816 1180 Α
1843 1125 2174 1194 Ingeiardo,
2209 1142 2330 1182 non
2362 1126 2614 1184 minima
2641 1127 2971 1184 reverentia
2998 1127 3204 1198 digno,
3236 1127 3492 1196 licentia,

64 1214 378 1269 scansione
410 1230 516 1286 per
558 1213 752 1268 carnis
797 1215 1272 1286 assumptionem
1305 1233 1365 1271 se
1407 1216 1733 1283 gratuletur

62 1305 468 1376 redemptum,
501 1304 692 1376 sitque
723 1305 1077 1360 universalis
1122 1307 1426 1372 exultatio,
1460 1307 1730 1363 iiberatio

60 1395 427 1462 communis,
451 1394 763 1466 proprium
792 1398 992 1449 tamen
1021 1396 1428 1466 quorumdam
1459 1397 1730 1452 locorum

58 1485 437 1552 dignoscitur
463 1501 589 1539 esse
627 1483 918 1552 gaudium
947 1485 1102 1539 viros
1131 1487 1416 1541 habuisse
1447 1490 1594 1542 tales
1625 1489 1728 1560 qui

59 1575 394 1630 sanctitatis
449 1590 517 1628 ac
575 1574 860 1629 doctrina:
905 1576 1300 1645 praerogativa
1350 1580 1550 1632 Patres
1607 1595 1727 1634 non

56 1664 363 1718 immerito
397 1668 684 1718 vocentur
715 1669 771 1718 et
800 1669 1087 1735 pastores.
1125 1665 1247 1719 Hoc
1279 1665 1582 1736 privilegio
1626 1680 1728 1736 po-

55 1753 185 1820 tita,
221 1753 334 1808 situ
366 1758 420 1808 et
451 1753 694 1807 nomine
723 1753 914 1807 dulcis
945 1755 1194 1809 I‘ontiva
1225 1755 1554 1826 provincia,
1583 1770 1728 1826 prce-

53 1843 360 1897 eclsorum
392 1842 609 1914 saepius
637 1843 833 1897 laetata
862 1848 948 1896 est
969 1844 1239 1899 vivorum
1264 1844 1554 1909 genitura.
1593 1849 1725 1915 ipsa

52 1931 324 2003 denique
369 1931 516 1986 illud
548 1931 1053 1996 fulgentissimum
1087 1933 1271 1993 sidus,
1305 1934 1549 1988 beatum
1580 1933 1726 1988 scili-

51 2025 149 2075 cet
186 2020 544 2082 Richarium,
576 2020 718 2075 olim
765 2021 1027 2092 protulit,
1070 2023 1241 2092 cujus
1292 2023 1620 2093 patrocinio
1670 2027 1726 2077 et

49 2109 356 2181 corporali
389 2110 709 2182 praesentia
759 2127 821 2165 se
869 2111 1106 2166 beatam
1156 2112 1410 2167 exsultat
1454 2113 1718 2172 (lentula.

49 2202 197 2272 Ipsa
229 2200 406 2254 etiam
435 2206 572 2272 post
601 2200 733 2254 illos
761 2217 915 2273 quos
944 2219 1124 2274 SLpra
1156 2202 1448 2257 meruisse
1486 2203 1720 2272 legitur,

48 2290 334 2356 gloriosae
366 2290 794 2345 recordationis
826 2291 1022 2345 virum
1052 2292 1371 2364 protulisse
1404 2293 1582 2348 scitur
1613 2300 1725 2349 An-

44 2379 439 2448 gelrannum,
491 2379 594 2452 qui
650 2380 940 2452 quoniam
991 2397 1234 2436 omnem
1296 2382 1387 2436 sui
1439 2383 1721 2454 temporis

42 2465 301 2524 laudem
325 2469 571 2535 excedit,
599 2469 688 2524 sui
719 2470 978 2525 nominis
1002 2472 1356 2527 memoriam
1383 2489 1724 2544 usquaque-

41 2575 177 2631 que
213 2558 530 2630 protendit.

122 2653 182 2702 2.
229 2650 411 2702 Natus
442 2652 528 2702 est
557 2648 972 2716 Angeirannus
1006 2649 1191 2705 deiter
1222 2651 1570 2722 parentibus
1593 2653 1726 2722 jux-

45 2743 108 2794 ta
145 2738 346 2792 saeculi
392 2754 683 2811 pompam
736 2755 858 2794 non
899 2740 1051 2795 adeo
1093 2741 1414 2808 generosis,
1448 2743 1723 2814 quamvis

43 2828 309 2883 omnido
341 2827 635 2896 ingenuis,
661 2829 763 2883 sed
792 2829 967 2900 plane
995 2829 1094 2884 Dei
1121 2831 1326 2888 timore
1358 2831 1726 2897 elegantissi-

41 2919 170 2972 mis
200 2936 212 2983 ;
261 2917 362 2989 qui
394 2923 636 2988 quantas
681 2918 981 2990 opinionis
1011 2937 1321 2992 quamque
1354 2922 1492 2976 boni
1525 2922 1723 2977 odoris

43 3010 208 3064 foret
230 3009 485 3078 futurus,
511 3015 645 3065 ante
676 3027 846 3065 suam
877 3011 1247 3067 nativitatem
1277 3013 1557 3068 divinitus
1580 3030 1726 3086 pras-

39 3104 462 3154 monstratum
493 3104 596 3154 est.
635 3100 784 3155 Vidit
813 3116 1076 3172 namque
1114 3102 1241 3172 ejus
1274 3102 1545 3172 genitrix,
1578 3120 1723 3175 qua-

37 3191 201 3244 dam
231 3188 536 3244 dormiens
567 3194 761 3256 nocte,
794 3190 966 3262 quasi
1013 3207 1084 3245 ex
1135 3209 1195 3246 se
1247 3191 1454 3247 leniter
1501 3198 1724 3248 sertum

39 3277 400 3351 procedere,
451 3278 638 3350 quod,
689 3279 870 3334 totius
918 3279 1176 3336 Centulze
1227 3297 1433 3336 muros
1471 3282 1722 3354 praecin-

37 3384 226 3437 gens,
253 3368 524 3422 omnium
551 3383 657 3423 ora
686 3367 746 3423 in
779 3369 868 3423 sui
901 3367 1144 3424 laudem
1177 3375 1232 3424 et
1262 3370 1721 3429 admirationem

37 3455 365 3512 solvebat:
411 3457 576 3528 quod
626 3462 949 3529 postquam
995 3458 1272 3525 religiosa
1327 3459 1540 3514 marito
1588 3459 1722 3514 insi.-

33 3546 286 3614 nuavit,
317 3547 428 3611 ille,
464 3547 649 3616 gratia
683 3547 826 3603 doni
857 3547 1103 3602 caelestis
1144 3549 1402 3615 afﬂatus,
1437 3549 1585 3603 dixit
1613 3566 1722 3621 pro

35 3641 219 3692 certo
270 3638 381 3692 hoc
435 3637 554 3692 fore
609 3638 972 3708 praesagium
1021 3638 1258 3710 optimae
1307 3639 1491 3710 prolis
1537 3655 1723 3710 quam

34 3726 292 3781 Domini
323 3727 484 3781 dono
508 3728 777 3799 proxime
809 3734 1008 3783 essent
1033 3728 1504 3800 accepturi,qu
1531 3728 1722 3783 bono-

30 3831 191 3870 rum
248 3816 432 3871 odore
466 3833 716 3889 operum
769 3817 1080 3872 universos
1129 3816 1376 3872 afﬂaret.
1413 3818 1513 3871 Hic
1559 3835 1720 3887 ergo,

31 3906 233 3960 bona:
280 3905 495 3960 indolis
548 3922 674 3960 esse
718 3906 1008 3978 incipiens
1059 3907 1461 3978 profundique
1510 3924 1723 3962 sensus

31 3994 341 4051 acumine
374 3995 600 4064 vigens,
629 3995 782 4050 infra
832 4013 1028 4050 aevum
1069 3996 1292 4068 puerile
1341 4002 1608 4068 repertus
1639 4003 1726 4052 est

27 4084 92 4138 in
179 4082 391 4138 litteris
461 4083 760 4139 discendis
817 4084 1247 4139 ferventissime
1301 4086 1537 4142 ardens.
1594 4089 1724 4142 iam

24 4175 242 4234 enim,
286 4176 399 4227 ilco
433 4190 493 4227 se
523 4173 872 4245 inspirante,
907 4174 1065 4229 idem
1099 4191 1248 4246 puer
1278 4176 1527 4246 quinam
1576 4176 1728 4231 futu-

21 4282 145 4319 rus
209 4263 359 4318 foret
405 4263 699 4335 prresagio
748 4264 1017 4336 quodam
1067 4266 1446 4333 ostentabat;
1501 4272 1726 4322 etcum

24 4354 351 4425 scriptum
401 4353 508 4407 sit:
560 4354 780 4408 Anima
817 4355 991 4422 justi,
1046 4355 1206 4410 sedes
1256 4357 1586 4424 sapientia,
1632 4358 1728 4412 8a-

19 4442 282 4517 pientia
333 4457 473 4497 vero
523 4443 622 4498 Dei
671 4442 934 4498 Christus
965 4449 1070 4509 est,
1107 4460 1360 4498 summas
1413 4445 1726 4517 Sapientiae

18 4532 470 4607 praesignabat
495 4549 556 4587 se
591 4537 878 4605 templum
910 4533 1223 4600 ﬁeri,dum
1250 4533 1569 4590 litteratum
1605 4552 1726 4591 non

17 4625 295 4697 poterat
351 4621 595 4676 scientia
645 4622 865 4677 satiari.
922 4625 984 4676 Et
1040 4622 1183 4694 quia
1239 4639 1361 4678 non
1419 4623 1726 4679 lasciviam

19 4709 278 4768 mundi
311 4709 609 4782 amplecti,
647 4711 750 4765 sed
786 4711 882 4765 Dei
928 4711 1164 4766 servitio
1197 4712 1487 4784 perpetim
1520 4713 1731 4768 maluit

22 4799 423 4871 mancipari,
456 4799 776 4855 monacliili
811 4806 1021 4856 auctus
1055 4807 1141 4856 est
1173 4807 1307 4868 taga
1346 4801 1501 4857 intra
1531 4803 1728 4858 Sancti

16 4889 321 4949 Richarii
373 4890 715 4944 monasterii
766 4890 1064 4946 claustra:
1117 4892 1254 4946 dem
1309 4892 1524 4947 divinis
1555 4892 1729 4947 donis

14 4997 191 5039 cum
234 4982 405 5033 aetate
449 4979 871 5043 crescentibus,
902 4980 1196 5035 habitum
1224 4997 1405 5052 quem
1451 4982 1729 5036 humanis

14 5069 424 5147 prmferebat
450 5069 778 5137 obtutibus,
808 5070 1176 5125 multimodis
1212 5072 1536 5127 sanctitatis
1567 5089 1733 5126 exor-

1839 1215 2015 1283 longe
2034 1217 2294 1288 seposita
2326 1221 2620 1273 scrutatus
2641 1222 2728 1273 est
2752 1217 3094 1274 scholarum
3127 1217 3493 1287 magisteria,

1839 1322 2005 1360 more
2028 1307 2247 1364 scilicet
2263 1307 2743 1379 prudentissimae
2761 1309 2910 1381 apis,
2930 1324 3066 1381 quae
3085 1308 3292 1364 circuit
3305 1307 3498 1364 diver-

1839 1411 2042 1449 sorum
2063 1397 2280 1450 ﬂorum
2303 1397 2639 1462 arbusta,ut
2665 1397 2854 1458 mellis
2875 1396 3119 1455 dulcore
3144 1414 3254 1454 sua
3269 1396 3497 1469 repleat

1837 1485 2230 1557 receptacula.
2261 1486 2522 1558 Denique
2543 1488 2874 1544 multorum
2895 1486 3257 1560 experientia
3277 1486 3496 1560 proba-

1837 1578 1984 1640 tum,
2018 1580 2072 1630 et
2100 1575 2446 1630 liberalibus
2496 1577 2703 1632 studiis
2745 1577 3198 1633 ornatissimum
3243 1576 3495 1633 civitatis

1837 1668 2181 1719 Carnotente
2211 1666 2611 1722 venerabilem
2640 1667 3014 1739 episcopum,
3039 1685 3107 1723 ac
3135 1684 3272 1724 cum
3304 1668 3492 1724 multo

1837 1755 2059 1809 honore
2145 1755 2529 1810 vocitandum
2621 1755 2997 1824 Fulbertum,
3065 1761 3492 1828 praeceptorem

1835 1844 2086 1916 adeptus
2117 1850 2202 1900 est
2227 1849 2405 1917 atque
2432 1844 2807 1901 didascalam
2833 1863 2845 1912 ;
2887 1845 2980 1900 hic
3006 1845 3056 1900 ei
3088 1846 3363 1912 monitor,
3398 1845 3495 1901 hic

1835 1944 1954 1989 tam
1989 1951 2224 1990 morum
2269 1952 2456 2008 quam
2485 1936 2814 1992 litterarum
2863 1936 2971 1992 fuit
2995 1935 3312 1992 institutor.
3347 1938 3495 1992 Gau-

1833 2025 2017 2080 debat
2045 2026 2400 2081 venerabilis
2430 2027 2650 2098 praisul
2680 2027 2754 2082 de
2787 2027 2929 2082 tanti
2959 2026 3234 2099 discipuli
3261 2026 3492 2094 solatio,

1833 2115 2211 2170 reievabatur
2254 2121 2375 2170 tam
2422 2116 2625 2171 idonei
2676 2116 2965 2172 auditoris
2995 2116 3287 2172 industria
3315 2120 3494 2187 atque

1833 2206 2092 2272 ingenio.
2123 2207 2386 2261 Tandem
2416 2207 2595 2276 igitur
2619 2207 3033 2277 grammatica,
3057 2207 3290 2262 musica
3315 2211 3496 2279 atque

1832 2295 2141 2350 dialectica
2190 2296 2414 2368 optime
2472 2296 2846 2362 instructum,
2906 2296 3215 2353 Centulam
3257 2295 3497 2354 remittit

1833 2385 2085 2441 tironem
2119 2386 2583 2453 amicissimum,
2612 2387 2743 2457 jam
2775 2391 2913 2442 tunc
2965 2385 3300 2446 sacerdotio
3325 2401 3498 2442 orna-

1763 2489 1802 2541 Β
1833 2479 1980 2543 tum,
2014 2491 2218 2546 quem,
2254 2474 2414 2530 velut
2439 2474 2733 2543 grandem
2763 2476 3138 2543 thesaurum,
3162 2474 3368 2547 recipit
3395 2475 3496 2546 pia

1833 2565 2217 2632 congregatio
2245 2563 2709 2621 Centulensium.
2741 2564 2884 2619 Hinc
2909 2563 3236 2635 jam,quod
3268 2563 3495 2633 ingenti

1833 2653 2029 2708 studio
2061 2652 2250 2709 fuerat
2275 2652 2615 2725 quaesitum,
2649 2652 2947 2724 profertur
2970 2668 3208 2722 magna!
3235 2651 3492 2708 scientiis

1833 2744 2204 2815 prsecipuum
2235 2742 2650 2813 margaritum,
2669 2748 3026 2816 reparantur
3049 2742 3204 2812 libri,
3232 2742 3493 2798 conscri—

1832 2832 2056 2888 buntur
2095 2833 2356 2888 necdum
2405 2833 2744 2904 conscripti,
2795 2833 3128 2888 educantur
3179 2832 3367 2905 pueri,
3409 2831 3495 2888 di-

1834 2922 2197 2993 spertiuntur
2240 2938 2427 2994 quam
2472 2921 2746 2993 plurimis
2778 2921 3082 2994 sapientia:
3110 2920 3392 2987 thesauri,
3423 2920 3494 2976 il-

1831 3011 2118 3066 lustratur
2148 3011 2362 3084 patria,
2395 3015 2451 3066 et
2491 3010 2568 3066 ab
2600 3010 2884 3066 omnibus
2913 3011 3385 3084 circumquaque
3417 3010 3495 3065 ie.-

1833 3102 1910 3157 lix
1972 3107 2219 3158 vocatur
2281 3101 2546 3172 Centula,
2608 3117 2745 3173 quia
2797 3106 2962 3158 tanto
3027 3100 3499 3174 praesagiebatur

1833 3196 2000 3248 Patre
2032 3192 2289 3247 beanda.
2326 3194 2546 3246 Verum
2586 3191 2796 3264 pepuli
2823 3191 2883 3246 id
2913 3190 3039 3247 ﬁeri
3067 3191 3368 3261 gestientis
3397 3206 3500 3247 ver

1833 3282 2045 3338 luntati
2080 3287 2136 3337 et
2165 3270 2463 3337 deSiderio
2490 3280 2626 3336 felix
2655 3281 2902 3337 accessit
2931 3280 3197 3337 effectus.

1907 3375 1958 3425 4.
2002 3373 2083 3424 Eo
2114 3366 2381 3442 tempore
2411 3385 2514 3424 rex
2549 3369 2858 3440 Robertus,
2890 3369 3223 3441 prudentiae
3271 3369 3498 3425 lumine

1834 3461 2048 3519 clarus,
2081 3459 2250 3527 regni
2299 3463 2665 3516 Francorum
2715 3463 2850 3530 post
2901 3463 3133 3529 patrem
3188 3461 3497 3528 Hugonem

1833 3549 2239 3604 iiiustrabatur
2269 3548 2571 3612 fascibus;
2616 3548 2709 3602 cui
2739 3551 2889 3602 nutu
2935 3547 3161 3608 divino,
3198 3551 3261 3602 ut
3305 3548 3496 3603 credi-

1833 3656 1986 3704 mue,
2013 3637 2369 3709 smpedictus
2393 3637 2483 3691 vir
2512 3635 2616 3691 tali
2643 3636 2826 3691 modo
2851 3635 3101 3692 refertur
3131 3635 3494 3692 notificatus.

1835 3729 1981 3782 Cum
2014 3727 2170 3781 enim
2205 3727 2404 3781 adhuc
2435 3726 2492 3780 in
2523 3725 2784 3780 Francice
2834 3725 3106 3796 partibus
3138 3725 3500 3780 detineretur

1764 3853 1802 3903 η
1833 3816 2160 3888 disciplinis
2185 3815 2580 3876 scholaribus,
2613 3815 2996 3887 supradictus
3017 3831 3121 3869 rex
3141 3813 3222 3868 ire
3243 3817 3498 3869 Romam

1791 3888 2008 3961 ‘bonie
2040 3905 2359 3960 voluntatis
2401 3904 2717 3959 devotione
2765 3909 2855 3959 est
2899 3909 3179 3970 coactus;
3229 3903 3498 3974 dumque

1829 3998 2002 4067 jussu
2055 3996 2183 4065 ejus
2231 3995 2480 4049 diversis
2539 3994 2598 4052 in
2652 3993 2799 4049 locis
2850 3997 3262 4067 quaererentur
3311 3991 3498 4048 divini

1836 4085 2052 4140 servitii
2094 4084 2266 4157 plene
2323 4084 2533 4140 imbuti
2587 4083 2822 4151 ofﬁciis,
2856 4084 2934 4141 ab
2966 4083 3251 4142 cronibus
3283 4082 3499 4155 praedi.

1836 4180 2002 4230 catus
2047 4179 2133 4228 est
2163 4173 2376 4230 efﬁcax
2404 4175 2517 4229 hac
2556 4173 2616 4228 in
2649 4189 2709 4227 re
2742 4172 3157 4244 Angelrannus
3187 4170 3500 4227 venerabi-

1834 4263 1923 4319 lis.
1963 4268 2166 4334 Itaque
2214 4261 2577 4334 profectione
2623 4264 2832 4332 parata
2878 4277 2980 4315 rex
3024 4259 3235 4315 callem
3272 4259 3498 4330 arripit,

1835 4353 1924 4407 cui
1963 4351 2375 4419 Angeirannus
2406 4349 2828 4404 honestissima
2855 4348 2977 4403 vita
3016 4362 3218 4403 comes
3248 4346 3496 4403 accedit.

1838 4441 2073 4496 interim
2117 4439 2264 4494 dum
2297 4439 2672 4508 gradiuntur,
2706 4437 2924 4494 divitias
2969 4437 3259 4492 hactenus
3299 4435 3499 4491 occul-

1835 4536 1965 4587 tatae
2005 4525 2008 4530 ’
2045 4529 2219 4584 latius
2297 4528 2674 4600 aperiuntur,
2738 4525 3234 4598 praedicationum
3315 4524 3501 4581 verba

1835 4619 2186 4694 procedunt.
2212 4618 2681 4673 commeantium
2714 4616 2898 4671 corda
2928 4615 3253 4677 infundunt
3280 4633 3292 4682 ;
3326 4614 3502 4670 mira-

1837 4717 1928 4766 tur
1959 4727 2060 4765 rex
2089 4709 2217 4779 ejus
2246 4707 2554 4776 affamine,
2586 4706 2912 4768 delectatur
2962 4704 3318 4761 continentis
3362 4705 3498 4760 vitae

1838 4801 2152 4860 munditia,
2210 4799 2645 4872 obstupescunt
2695 4813 2906 4853 omnes
2953 4796 3173 4866 linguai
3222 4795 3501 4866 nitorem,

1837 4897 2179 4947 reverentur
2200 4890 2383 4946 animi
2415 4889 2752 4962 puritatem.
2789 4890 3002 4944 Verum
3055 4886 3222 4958 quod
3259 4885 3320 4940 in
3367 4886 3500 4956 ipso

1837 4982 2040 5036 itinere
2071 4979 2324 5035 relatum
2355 4983 2443 5033 est
2473 4983 2706 5047 gestum
2743 4977 2944 5042 fuisse,
2980 4975 3235 5045 dignum
3265 4974 3502 5030 videtur

1839 5070 2014 5126 inseri
2061 5069 2317 5124 historiae
2346 5087 2358 5132 ;
2415 5067 2461 5122 si
2501 5067 2748 5139 quidem
2780 5064 3135 5121 multimoda
3167 5063 3499 5119 assertione

1840 5159 2179 5216 insinuatus
2205 5163 2292 5213 est
2339 5158 2418 5216 ita
2448 5173 2553 5229 per
2584 5173 2786 5219 omem
2818 5155 2974 5216 viam
3019 5157 3136 5210 Deo
3167 5153 3411 5229 regique
3439 5152 3500 5220 in

8 5162 252 5222 nabat
279 5159 612 5236 speciebus.
638 5159 901 5218 inerat'ei
926 5165 1115 5216 mater
1142 5166 1196 5216 et
1227 5160 1423 5220 nutrix
1448 5161 1730 5220 virtutum

8 5247 392 5312 humilitas,
426 5249 813 5320 praipoliebat
843 5249 901 5304 in
931 5266 1001 5305 eo
1033 5249 1380 5308 obcdientiae
1413 5250 1732 5310 indicibiiis

5 5339 346 5418 qualitas,
408 5339 881 5394 conservabatur
937 5340 1016 5396 ab
1066 5357 1135 5396 eo
1189 5340 1288 5395 ilia
1337 5357 1473 5413 quae
1533 5342 1729 5397 odisse

2 5444 438 5509 quemquam
465 5429 655 5484 nescit
683 5429 962 5485 charitas.

96 5527 164 5580 3.
218 5517 540 5576 Enimvero
562 5517 725 5590 quia,
752 5523 816 5574 ut
841 5518 1256 5592 supradictum
1287 5524 1393 5586 est,
1416 5520 1478 5575 in
1505 5520 1731 5575 discen-

5 5616 104 5672 do
141 5604 432 5666 multum
464 5605 774 5675 gliscebat,
797 5611 1036 5680 recepta
1065 5623 1102 5664 a
1130 5610 1293 5663 Patre
1320 5607 1452 5675 loci,
1488 5607 1730 5666 nomine

1769 5211 2044 5304 Ddivino
2091 5247 2329 5304 servitio
2377 5211 2687 5309 militasse,
2737 5250 2802 5302 ut
2851 5244 3141 5307 librorum
3183 5211 3500 5316 nunquam

1840 5338 2161 5407 indiguerit
2181 5337 2376 5407 juvari
2409 5336 2700 5392 solamine
2728 5353 2740 5403 ;
2771 5334 2935 5406 quod
2967 5350 3045 5390 an
3067 5333 3193 5389 ﬁeri
3223 5333 3500 5406 potuerit,

1839 5445 1961 5484 non
2029 5429 2245 5482 inertes
2306 5426 2593 5498 judicent,
2664 5425 2768 5480 sed
2836 5423 3088 5480 studiosi
3158 5423 3504 5480 examinant

1845 5517 2021 5587 Igitur
2048 5517 2302 5575 Romam
2335 5519 2712 5588 perventum,
2747 5519 2927 5586 atque
2973 5512 3112 5572 inde
3142 5511 3385 5572 feliciter
3413 5517 3503 5570 est

1839 5611 2170 5663 remeatum
2203 5605 2220 5676 (
2232 5610 2248 5660 l
2266 5606 2300 5674 ).

2 5771 4 5792 :
93 5755 199 5826 (1)
256 5750 599 5806 Romanum
646 5749 882 5805 Roberti
935 5749 1042 5805 iter
1085 5754 1521 5807 commemorat
1560 5755 1728 5808 vetus
1842 5748 2202 5815 Chronicum
2256 5764 2294 5814 a
2346 5747 2533 5815 Beslio
2578 5745 2914 5816 laudatum,
2942 5747 3107 5833 quod
3156 5761 3316 5808 anno
3363 5747 3500 5807 4020
