  <div class='ocr_page' id='page_1' title='image "/cluster/home/n/w/nwhite01/storage/ocr_20150623/140-141/uc1.31175018559917/1279.png"; bbox 0 0 3836 6422; ppageno 0'>
   <div class='ocr_carea' id='block_1_1' title="bbox 347 265 479 337">
    <p class='ocr_par' dir='ltr' id='par_1_1' title="bbox 347 265 479 337">
     <span class='ocr_line' id='line_1_1' title="bbox 347 265 479 337; baseline 0.015 -2"><span class='ocrx_word' id='word_1_1' title='bbox 347 265 479 337; x_wconf 67' lang='grc' dir='ltr'><strong>ηοτ</strong></span> 
     </span>
    </p>
   </div>
   <div class='ocr_carea' id='block_1_2' title="bbox 374 400 2056 477">
    <p class='ocr_par' dir='ltr' id='par_1_2' title="bbox 374 400 2056 477">
     <span class='ocr_line' id='line_1_2' title="bbox 374 400 2056 477; baseline -0.004 -17"><span class='ocrx_word' id='word_1_2' title='bbox 374 428 381 435; x_wconf 54' lang='grc' dir='ltr'><strong>κ</strong></span> <span class='ocrx_word' id='word_1_3' title='bbox 415 409 467 460; x_wconf 81' lang='grc'><strong>5.</strong></span> <span class='ocrx_word' id='word_1_4' title='bbox 509 406 694 477; x_wconf 85' lang='lat' dir='ltr'><strong>Hujus</strong></span> <span class='ocrx_word' id='word_1_5' title='bbox 719 422 862 476; x_wconf 88' lang='lat' dir='ltr'><strong>ergo</strong></span> <span class='ocrx_word' id='word_1_6' title='bbox 903 412 1115 463; x_wconf 90' lang='lat' dir='ltr'><strong>eventu</strong></span> <span class='ocrx_word' id='word_1_7' title='bbox 1143 406 1383 475; x_wconf 78' lang='lat' dir='ltr'><strong>itineris,</strong></span> <span class='ocrx_word' id='word_1_8' title='bbox 1413 405 1503 463; x_wconf 90' lang='lat' dir='ltr'><strong>vir</strong></span> <span class='ocrx_word' id='word_1_9' title='bbox 1530 404 1632 460; x_wconf 88' lang='lat' dir='ltr'><strong>Dei</strong></span> <span class='ocrx_word' id='word_1_10' title='bbox 1661 400 1975 470; x_wconf 83' lang='lat' dir='ltr'><strong>Angelran-</strong></span> <span class='ocrx_word' id='word_1_11' title='bbox 2008 402 2056 455; x_wconf 78' lang='grc' dir='ltr'><strong>Α</strong></span> 
     </span>
    </p>
   </div>
   <div class='ocr_carea' id='block_1_3' title="bbox 343 491 1983 566">
    <p class='ocr_par' dir='ltr' id='par_1_3' title="bbox 343 491 1983 566">
     <span class='ocr_line' id='line_1_3' title="bbox 343 491 1983 566; baseline -0.003 -18"><span class='ocrx_word' id='word_1_12' title='bbox 343 508 461 548; x_wconf 91' lang='lat' dir='ltr'><strong>nus</strong></span> <span class='ocrx_word' id='word_1_13' title='bbox 487 493 563 549; x_wconf 92' lang='lat' dir='ltr'><strong>ad</strong></span> <span class='ocrx_word' id='word_1_14' title='bbox 590 494 765 566; x_wconf 78' lang='lat' dir='ltr'><strong>Regis</strong></span> <span class='ocrx_word' id='word_1_15' title='bbox 790 495 1054 551; x_wconf 81' lang='lat' dir='ltr'><strong>notitiam</strong></span> <span class='ocrx_word' id='word_1_16' title='bbox 1086 493 1276 562; x_wconf 86' lang='lat' dir='ltr'><strong>venit;</strong></span> <span class='ocrx_word' id='word_1_17' title='bbox 1326 496 1691 566; x_wconf 74' lang='lat' dir='ltr'><strong>quapropter</strong></span> <span class='ocrx_word' id='word_1_18' title='bbox 1729 491 1854 562; x_wconf 90' lang='lat' dir='ltr'><strong>ipse</strong></span> <span class='ocrx_word' id='word_1_19' title='bbox 1878 504 1983 544; x_wconf 92' lang='lat' dir='ltr'><strong>rex</strong></span> 
     </span>
    </p>
   </div>
   <div class='ocr_carea' id='block_1_4' title="bbox 344 579 1982 654">
    <p class='ocr_par' dir='ltr' id='par_1_4' title="bbox 344 579 1982 654">
     <span class='ocr_line' id='line_1_4' title="bbox 344 579 1982 654; baseline -0.003 -17"><span class='ocrx_word' id='word_1_20' title='bbox 344 597 469 638; x_wconf 92' lang='lat' dir='ltr'><strong>non</strong></span> <span class='ocrx_word' id='word_1_21' title='bbox 520 598 659 639; x_wconf 93' lang='lat' dir='ltr'><strong>eum</strong></span> <span class='ocrx_word' id='word_1_22' title='bbox 704 583 855 638; x_wconf 90' lang='lat' dir='ltr'><strong>inter</strong></span> <span class='ocrx_word' id='word_1_23' title='bbox 903 582 1144 638; x_wconf 89' lang='lat' dir='ltr'><strong>inﬁmos</strong></span> <span class='ocrx_word' id='word_1_24' title='bbox 1197 582 1528 654; x_wconf 85' lang='lat' dir='ltr'><strong>relinquere</strong></span> <span class='ocrx_word' id='word_1_25' title='bbox 1578 579 1754 636; x_wconf 91' lang='lat' dir='ltr'><strong>corde</strong></span> <span class='ocrx_word' id='word_1_26' title='bbox 1813 582 1982 634; x_wconf 90' lang='lat' dir='ltr'><strong>tenus</strong></span> 
     </span>
    </p>
   </div>
   <div class='ocr_carea' id='block_1_5' title="bbox 347 667 1983 742">
    <p class='ocr_par' dir='ltr' id='par_1_5' title="bbox 347 667 1983 742">
     <span class='ocr_line' id='line_1_5' title="bbox 347 667 1983 742; baseline -0.003 -16"><span class='ocrx_word' id='word_1_27' title='bbox 347 670 611 726; x_wconf 90' lang='lat' dir='ltr'><strong>ambivit.</strong></span> <span class='ocrx_word' id='word_1_28' title='bbox 668 670 901 726; x_wconf 87' lang='lat' dir='ltr'><strong>Interim</strong></span> <span class='ocrx_word' id='word_1_29' title='bbox 958 687 1120 739; x_wconf 92' lang='lat' dir='ltr'><strong>vero,</strong></span> <span class='ocrx_word' id='word_1_30' title='bbox 1171 671 1321 726; x_wconf 90' lang='lat' dir='ltr'><strong>dum</strong></span> <span class='ocrx_word' id='word_1_31' title='bbox 1370 686 1473 726; x_wconf 86' lang='lat' dir='ltr'><strong>rex</strong></span> <span class='ocrx_word' id='word_1_32' title='bbox 1528 667 1811 742; x_wconf 84' lang='lat' dir='ltr'><strong>perquirit</strong></span> <span class='ocrx_word' id='word_1_33' title='bbox 1861 682 1983 739; x_wconf 92' lang='lat' dir='ltr'><strong>quo</strong></span> 
     </span>
    </p>
   </div>
   <div class='ocr_carea' id='block_1_6' title="bbox 347 754 1983 834">
    <p class='ocr_par' dir='ltr' id='par_1_6' title="bbox 347 754 1983 834">
     <span class='ocr_line' id='line_1_6' title="bbox 347 754 1983 834; baseline -0.002 -19"><span class='ocrx_word' id='word_1_34' title='bbox 347 775 485 815; x_wconf 92' lang='lat' dir='ltr'><strong>eum</strong></span> <span class='ocrx_word' id='word_1_35' title='bbox 531 759 754 815; x_wconf 89' lang='lat' dir='ltr'><strong>honore</strong></span> <span class='ocrx_word' id='word_1_36' title='bbox 806 759 1027 828; x_wconf 89' lang='lat' dir='ltr'><strong>fulciat,</strong></span> <span class='ocrx_word' id='word_1_37' title='bbox 1068 777 1304 834; x_wconf 81' lang='lat' dir='ltr'><strong>semper</strong></span> <span class='ocrx_word' id='word_1_38' title='bbox 1345 756 1721 817; x_wconf 84' lang='lat' dir='ltr'><strong>venerandus</strong></span> <span class='ocrx_word' id='word_1_39' title='bbox 1770 754 1983 825; x_wconf 84' lang='lat' dir='ltr'><strong>Angel-</strong></span> 
     </span>
    </p>
   </div>
   <div class='ocr_carea' id='block_1_7' title="bbox 345 846 1986 912">
    <p class='ocr_par' dir='ltr' id='par_1_7' title="bbox 345 846 1986 912">
     <span class='ocr_line' id='line_1_7' title="bbox 345 846 1986 912; baseline -0.002 -10"><span class='ocrx_word' id='word_1_40' title='bbox 345 862 572 903; x_wconf 90' lang='lat' dir='ltr'><strong>rannus</strong></span> <span class='ocrx_word' id='word_1_41' title='bbox 624 864 735 904; x_wconf 90' lang='lat' dir='ltr'><strong>sua</strong></span> <span class='ocrx_word' id='word_1_42' title='bbox 778 849 1208 906; x_wconf 90' lang='lat' dir='ltr'><strong>inhabitatione</strong></span> <span class='ocrx_word' id='word_1_43' title='bbox 1269 850 1577 907; x_wconf 90' lang='lat' dir='ltr'><strong>Centulam</strong></span> <span class='ocrx_word' id='word_1_44' title='bbox 1628 846 1880 912; x_wconf 88' lang='lat' dir='ltr'><strong>exaltat;</strong></span> <span class='ocrx_word' id='word_1_45' title='bbox 1929 847 1986 899; x_wconf 91' lang='lat' dir='ltr'><strong>et</strong></span> 
     </span>
    </p>
   </div>
   <div class='ocr_carea' id='block_1_8' title="bbox 345 930 1986 1006">
    <p class='ocr_par' dir='ltr' id='par_1_8' title="bbox 345 930 1986 1006">
     <span class='ocr_line' id='line_1_8' title="bbox 345 930 1986 1006; baseline -0.002 -17"><span class='ocrx_word' id='word_1_46' title='bbox 345 934 619 1006; x_wconf 84' lang='lat' dir='ltr'><strong>provenit</strong></span> <span class='ocrx_word' id='word_1_47' title='bbox 669 938 787 992; x_wconf 93' lang='lat' dir='ltr'><strong>Deo</strong></span> <span class='ocrx_word' id='word_1_48' title='bbox 843 937 1172 1001; x_wconf 86' lang='lat' dir='ltr'><strong>ordinante,</strong></span> <span class='ocrx_word' id='word_1_49' title='bbox 1224 942 1287 993; x_wconf 92' lang='lat' dir='ltr'><strong>ut</strong></span> <span class='ocrx_word' id='word_1_50' title='bbox 1334 936 1576 993; x_wconf 90' lang='lat' dir='ltr'><strong>abbatia</strong></span> <span class='ocrx_word' id='word_1_51' title='bbox 1623 930 1986 992; x_wconf 88' lang='lat' dir='ltr'><strong>Centulensis</strong></span> 
     </span>
    </p>
   </div>
   <div class='ocr_carea' id='block_1_9' title="bbox 345 1023 1983 1096">
    <p class='ocr_par' dir='ltr' id='par_1_9' title="bbox 345 1023 1983 1096">
     <span class='ocr_line' id='line_1_9' title="bbox 345 1023 1983 1096; baseline -0.002 -17"><span class='ocrx_word' id='word_1_52' title='bbox 345 1026 595 1094; x_wconf 88' lang='lat' dir='ltr'><strong>paterna</strong></span> <span class='ocrx_word' id='word_1_53' title='bbox 620 1023 952 1096; x_wconf 84' lang='lat' dir='ltr'><strong>privaretur</strong></span> <span class='ocrx_word' id='word_1_54' title='bbox 981 1025 1389 1081; x_wconf 89' lang='lat' dir='ltr'><strong>sollicitudine.</strong></span> <span class='ocrx_word' id='word_1_55' title='bbox 1420 1028 1685 1080; x_wconf 85' lang='lat' dir='ltr'><strong>Fratrum</strong></span> <span class='ocrx_word' id='word_1_56' title='bbox 1724 1037 1863 1091; x_wconf 90' lang='lat' dir='ltr'><strong>ergo</strong></span> <span class='ocrx_word' id='word_1_57' title='bbox 1890 1036 1983 1076; x_wconf 90' lang='lat' dir='ltr'><strong>sa-</strong></span> 
     </span>
    </p>
   </div>
   <div class='ocr_carea' id='block_1_10' title="bbox 346 1109 1986 1183">
    <p class='ocr_par' dir='ltr' id='par_1_10' title="bbox 346 1109 1986 1183">
     <span class='ocr_line' id='line_1_10' title="bbox 346 1109 1986 1183; baseline -0.001 -18"><span class='ocrx_word' id='word_1_58' title='bbox 346 1109 529 1166; x_wconf 91' lang='lat' dir='ltr'><strong>nioris</strong></span> <span class='ocrx_word' id='word_1_59' title='bbox 554 1112 784 1168; x_wconf 87' lang='lat' dir='ltr'><strong>consilii</strong></span> <span class='ocrx_word' id='word_1_60' title='bbox 812 1113 1093 1170; x_wconf 86' lang='lat' dir='ltr'><strong>concordi</strong></span> <span class='ocrx_word' id='word_1_61' title='bbox 1122 1114 1403 1170; x_wconf 91' lang='lat' dir='ltr'><strong>electione</strong></span> <span class='ocrx_word' id='word_1_62' title='bbox 1432 1114 1491 1169; x_wconf 93' lang='lat' dir='ltr'><strong>id</strong></span> <span class='ocrx_word' id='word_1_63' title='bbox 1522 1111 1695 1168; x_wconf 78' lang='lat' dir='ltr'><strong>ofﬁcii</strong></span> <span class='ocrx_word' id='word_1_64' title='bbox 1728 1109 1986 1183; x_wconf 90' lang='lat' dir='ltr'><strong>suscipe-</strong></span> 
     </span>
    </p>
   </div>
   <div class='ocr_carea' id='block_1_11' title="bbox 346 1198 1985 1275">
    <p class='ocr_par' dir='ltr' id='par_1_11' title="bbox 346 1198 1985 1275">
     <span class='ocr_line' id='line_1_11' title="bbox 346 1198 1985 1275; baseline 0 -21"><span class='ocrx_word' id='word_1_65' title='bbox 346 1215 410 1255; x_wconf 91' lang='lat' dir='ltr'><strong>re</strong></span> <span class='ocrx_word' id='word_1_66' title='bbox 455 1201 684 1271; x_wconf 92' lang='lat' dir='ltr'><strong>cogitur</strong></span> <span class='ocrx_word' id='word_1_67' title='bbox 726 1203 1162 1273; x_wconf 87' lang='lat' dir='ltr'><strong>Angelrannus,</strong></span> <span class='ocrx_word' id='word_1_68' title='bbox 1190 1203 1295 1275; x_wconf 90' lang='lat' dir='ltr'><strong>qui</strong></span> <span class='ocrx_word' id='word_1_69' title='bbox 1340 1201 1571 1259; x_wconf 90' lang='lat' dir='ltr'><strong>Domini</strong></span> <span class='ocrx_word' id='word_1_70' title='bbox 1617 1198 1985 1273; x_wconf 85' lang='lat' dir='ltr'><strong>prascientia</strong></span> 
     </span>
    </p>
   </div>
   <div class='ocr_carea' id='block_1_12' title="bbox 348 1289 1982 1362">
    <p class='ocr_par' dir='ltr' id='par_1_12' title="bbox 348 1289 1982 1362">
     <span class='ocr_line' id='line_1_12' title="bbox 348 1289 1982 1362; baseline -0.001 -19"><span class='ocrx_word' id='word_1_71' title='bbox 348 1292 483 1344; x_wconf 87' lang='lat' dir='ltr'><strong>ante</strong></span> <span class='ocrx_word' id='word_1_72' title='bbox 536 1289 739 1347; x_wconf 91' lang='lat' dir='ltr'><strong>omnia</strong></span> <span class='ocrx_word' id='word_1_73' title='bbox 792 1290 1010 1346; x_wconf 88' lang='lat' dir='ltr'><strong>sacula</strong></span> <span class='ocrx_word' id='word_1_74' title='bbox 1054 1291 1132 1346; x_wconf 91' lang='lat' dir='ltr'><strong>ad</strong></span> <span class='ocrx_word' id='word_1_75' title='bbox 1187 1292 1301 1347; x_wconf 90' lang='lat' dir='ltr'><strong>hoc</strong></span> <span class='ocrx_word' id='word_1_76' title='bbox 1358 1290 1550 1347; x_wconf 87' lang='lat' dir='ltr'><strong>fuerat</strong></span> <span class='ocrx_word' id='word_1_77' title='bbox 1594 1292 1982 1362; x_wconf 84' lang='lat' dir='ltr'><strong>praparatus.</strong></span> 
     </span>
    </p>
   </div>
   <div class='ocr_carea' id='block_1_13' title="bbox 347 1378 1987 1453">
    <p class='ocr_par' dir='ltr' id='par_1_13' title="bbox 347 1378 1987 1453">
     <span class='ocr_line' id='line_1_13' title="bbox 347 1378 1987 1453; baseline 0 -21"><span class='ocrx_word' id='word_1_78' title='bbox 347 1378 506 1433; x_wconf 86' lang='lat' dir='ltr'><strong>Tunc</strong></span> <span class='ocrx_word' id='word_1_79' title='bbox 529 1393 633 1433; x_wconf 92' lang='lat' dir='ltr'><strong>rex</strong></span> <span class='ocrx_word' id='word_1_80' title='bbox 661 1394 848 1436; x_wconf 90' lang='lat' dir='ltr'><strong>ovans</strong></span> <span class='ocrx_word' id='word_1_81' title='bbox 878 1380 1063 1452; x_wconf 87' lang='lat' dir='ltr'><strong>quod,</strong></span> <span class='ocrx_word' id='word_1_82' title='bbox 1092 1380 1242 1436; x_wconf 90' lang='lat' dir='ltr'><strong>sicut</strong></span> <span class='ocrx_word' id='word_1_83' title='bbox 1266 1380 1549 1453; x_wconf 88' lang='lat' dir='ltr'><strong>cupierat,</strong></span> <span class='ocrx_word' id='word_1_84' title='bbox 1574 1379 1775 1434; x_wconf 91' lang='lat' dir='ltr'><strong>locum</strong></span> <span class='ocrx_word' id='word_1_85' title='bbox 1803 1378 1987 1433; x_wconf 88' lang='lat' dir='ltr'><strong>hono-</strong></span> 
     </span>
    </p>
   </div>
   <div class='ocr_carea' id='block_1_14' title="bbox 346 1466 1986 1542">
    <p class='ocr_par' dir='ltr' id='par_1_14' title="bbox 346 1466 1986 1542">
     <span class='ocr_line' id='line_1_14' title="bbox 346 1466 1986 1542; baseline 0.001 -22"><span class='ocrx_word' id='word_1_86' title='bbox 346 1466 518 1521; x_wconf 88' lang='lat' dir='ltr'><strong>randi</strong></span> <span class='ocrx_word' id='word_1_87' title='bbox 562 1468 891 1540; x_wconf 87' lang='lat' dir='ltr'><strong>reperisset,</strong></span> <span class='ocrx_word' id='word_1_88' title='bbox 937 1485 1096 1542; x_wconf 84' lang='lat' dir='ltr'><strong>sape</strong></span> <span class='ocrx_word' id='word_1_89' title='bbox 1144 1469 1366 1525; x_wconf 88' lang='lat' dir='ltr'><strong>dictam</strong></span> <span class='ocrx_word' id='word_1_90' title='bbox 1406 1468 1711 1525; x_wconf 89' lang='lat' dir='ltr'><strong>Centulam</strong></span> <span class='ocrx_word' id='word_1_91' title='bbox 1756 1467 1869 1522; x_wconf 91' lang='lat' dir='ltr'><strong>hac</strong></span> <span class='ocrx_word' id='word_1_92' title='bbox 1912 1466 1986 1521; x_wconf 92' lang='lat' dir='ltr'><strong>de</strong></span> 
     </span>
    </p>
   </div>
   <div class='ocr_carea' id='block_1_15' title="bbox 348 1553 1986 1626">
    <p class='ocr_par' dir='ltr' id='par_1_15' title="bbox 348 1553 1986 1626">
     <span class='ocr_line' id='line_1_15' title="bbox 348 1553 1986 1626; baseline -0.001 -18"><span class='ocrx_word' id='word_1_93' title='bbox 348 1569 529 1609; x_wconf 90' lang='lat' dir='ltr'><strong>causa</strong></span> <span class='ocrx_word' id='word_1_94' title='bbox 577 1556 867 1612; x_wconf 89' lang='lat' dir='ltr'><strong>concitato</strong></span> <span class='ocrx_word' id='word_1_95' title='bbox 909 1557 1099 1626; x_wconf 88' lang='lat' dir='ltr'><strong>gradu</strong></span> <span class='ocrx_word' id='word_1_96' title='bbox 1146 1557 1402 1613; x_wconf 90' lang='lat' dir='ltr'><strong>devenit.</strong></span> <span class='ocrx_word' id='word_1_97' title='bbox 1438 1556 1605 1611; x_wconf 84' lang='lat' dir='ltr'><strong>Enim</strong></span> <span class='ocrx_word' id='word_1_98' title='bbox 1647 1570 1784 1610; x_wconf 86' lang='lat' dir='ltr'><strong>vero</strong></span> <span class='ocrx_word' id='word_1_99' title='bbox 1812 1553 1986 1609; x_wconf 89' lang='lat' dir='ltr'><strong>fama</strong></span> 
     </span>
    </p>
   </div>
   <div class='ocr_carea' id='block_1_16' title="bbox 348 1641 1984 1718">
    <p class='ocr_par' dir='ltr' id='par_1_16' title="bbox 348 1641 1984 1718">
     <span class='ocr_line' id='line_1_16' title="bbox 348 1641 1984 1718; baseline -0.001 -22"><span class='ocrx_word' id='word_1_100' title='bbox 348 1641 648 1713; x_wconf 90' lang='lat' dir='ltr'><strong>velocitas,</strong></span> <span class='ocrx_word' id='word_1_101' title='bbox 678 1644 1038 1714; x_wconf 80' lang='lat' dir='ltr'><strong>Angelranni</strong></span> <span class='ocrx_word' id='word_1_102' title='bbox 1066 1662 1238 1701; x_wconf 86' lang='lat' dir='ltr'><strong>aures</strong></span> <span class='ocrx_word' id='word_1_103' title='bbox 1266 1645 1611 1718; x_wconf 88' lang='lat' dir='ltr'><strong>percellens,</strong></span> <span class='ocrx_word' id='word_1_104' title='bbox 1629 1643 1786 1698; x_wconf 87' lang='lat' dir='ltr'><strong>dicto</strong></span> <span class='ocrx_word' id='word_1_105' title='bbox 1816 1641 1984 1697; x_wconf 89' lang='lat' dir='ltr'><strong>citius</strong></span> 
     </span>
    </p>
   </div>
   <div class='ocr_carea' id='block_1_17' title="bbox 350 1730 2061 1806">
    <p class='ocr_par' dir='ltr' id='par_1_17' title="bbox 350 1730 2061 1806">
     <span class='ocr_line' id='line_1_17' title="bbox 350 1730 2061 1806; baseline 0 -20"><span class='ocrx_word' id='word_1_106' title='bbox 350 1730 557 1787; x_wconf 84' lang='lat' dir='ltr'><strong>timore</strong></span> <span class='ocrx_word' id='word_1_107' title='bbox 584 1733 804 1788; x_wconf 85' lang='lat' dir='ltr'><strong>salubri</strong></span> <span class='ocrx_word' id='word_1_108' title='bbox 851 1735 981 1805; x_wconf 89' lang='lat' dir='ltr'><strong>ejus</strong></span> <span class='ocrx_word' id='word_1_109' title='bbox 1014 1735 1342 1806; x_wconf 87' lang='lat' dir='ltr'><strong>pracordia</strong></span> <span class='ocrx_word' id='word_1_110' title='bbox 1371 1734 1573 1806; x_wconf 87' lang='lat' dir='ltr'><strong>replet.</strong></span> <span class='ocrx_word' id='word_1_111' title='bbox 1608 1731 1760 1798; x_wconf 88' lang='lat' dir='ltr'><strong>Quid</strong></span> <span class='ocrx_word' id='word_1_112' title='bbox 1789 1736 1989 1800; x_wconf 82' lang='lat' dir='ltr'><strong>ageret</strong></span> <span class='ocrx_word' id='word_1_113' title='bbox 2018 1741 2061 1794; x_wconf 85' lang='grc' dir='ltr'>Β</span> 
     </span>
    </p>
   </div>
   <div class='ocr_carea' id='block_1_18' title="bbox 349 1820 1990 1889">
    <p class='ocr_par' dir='ltr' id='par_1_18' title="bbox 349 1820 1990 1889">
     <span class='ocr_line' id='line_1_18' title="bbox 349 1820 1990 1889; baseline 0.001 -15"><span class='ocrx_word' id='word_1_114' title='bbox 349 1834 470 1875; x_wconf 91' lang='lat' dir='ltr'><strong>non</strong></span> <span class='ocrx_word' id='word_1_115' title='bbox 495 1820 872 1889; x_wconf 90' lang='lat' dir='ltr'><strong>inveniebat;</strong></span> <span class='ocrx_word' id='word_1_116' title='bbox 903 1823 1152 1879; x_wconf 87' lang='lat' dir='ltr'><strong>fratrum</strong></span> <span class='ocrx_word' id='word_1_117' title='bbox 1180 1823 1479 1878; x_wconf 88' lang='lat' dir='ltr'><strong>unanimis</strong></span> <span class='ocrx_word' id='word_1_118' title='bbox 1510 1821 1735 1884; x_wconf 86' lang='lat' dir='ltr'><strong>electio,</strong></span> <span class='ocrx_word' id='word_1_119' title='bbox 1758 1826 1990 1876; x_wconf 86' lang='lat' dir='ltr'><strong>exstan-</strong></span> 
     </span>
    </p>
   </div>
   <div class='ocr_carea' id='block_1_19' title="bbox 349 1909 1988 1986">
    <p class='ocr_par' dir='ltr' id='par_1_19' title="bbox 349 1909 1988 1986">
     <span class='ocr_line' id='line_1_19' title="bbox 349 1909 1988 1986; baseline 0.001 -23"><span class='ocrx_word' id='word_1_120' title='bbox 349 1913 403 1963; x_wconf 91' lang='lat' dir='ltr'><strong>te</strong></span> <span class='ocrx_word' id='word_1_121' title='bbox 450 1910 780 1965; x_wconf 88' lang='lat' dir='ltr'><strong>admodum</strong></span> <span class='ocrx_word' id='word_1_122' title='bbox 827 1928 1015 1984; x_wconf 90' lang='lat' dir='ltr'><strong>parva</strong></span> <span class='ocrx_word' id='word_1_123' title='bbox 1066 1912 1469 1986; x_wconf 84' lang='lat' dir='ltr'><strong>quorumdam</strong></span> <span class='ocrx_word' id='word_1_124' title='bbox 1528 1927 1637 1965; x_wconf 89' lang='lat' dir='ltr'><strong>sua</strong></span> <span class='ocrx_word' id='word_1_125' title='bbox 1689 1909 1988 1965; x_wconf 89' lang='lat' dir='ltr'><strong>nobilitate</strong></span> 
     </span>
    </p>
   </div>
   <div class='ocr_carea' id='block_1_20' title="bbox 346 1996 1985 2074">
    <p class='ocr_par' dir='ltr' id='par_1_20' title="bbox 346 1996 1985 2074">
     <span class='ocr_line' id='line_1_20' title="bbox 346 1996 1985 2074; baseline 0 -22"><span class='ocrx_word' id='word_1_126' title='bbox 346 1996 686 2054; x_wconf 86' lang='lat' dir='ltr'><strong>inﬂatorum</strong></span> <span class='ocrx_word' id='word_1_127' title='bbox 718 2001 1201 2071; x_wconf 87' lang='lat' dir='ltr'><strong>contradictione,</strong></span> <span class='ocrx_word' id='word_1_128' title='bbox 1235 2000 1702 2074; x_wconf 87' lang='lat' dir='ltr'><strong>pastoralitatem</strong></span> <span class='ocrx_word' id='word_1_129' title='bbox 1733 1999 1985 2070; x_wconf 89' lang='lat' dir='ltr'><strong>suscipe-</strong></span> 
     </span>
    </p>
   </div>
   <div class='ocr_carea' id='block_1_21' title="bbox 348 2086 1992 2169">
    <p class='ocr_par' dir='ltr' id='par_1_21' title="bbox 348 2086 1992 2169">
     <span class='ocr_line' id='line_1_21' title="bbox 348 2086 1992 2169; baseline -0.001 -26"><span class='ocrx_word' id='word_1_130' title='bbox 348 2101 409 2143; x_wconf 86' lang='lat' dir='ltr'><strong>re</strong></span> <span class='ocrx_word' id='word_1_131' title='bbox 465 2088 736 2157; x_wconf 81' lang='lat' dir='ltr'><strong>cogebat,</strong></span> <span class='ocrx_word' id='word_1_132' title='bbox 779 2089 940 2159; x_wconf 87' lang='lat' dir='ltr'><strong>regia</strong></span> <span class='ocrx_word' id='word_1_133' title='bbox 983 2090 1160 2169; x_wconf 69' lang='lat' dir='ltr'><strong>etiam</strong></span> <span class='ocrx_word' id='word_1_134' title='bbox 1215 2089 1536 2145; x_wconf 87' lang='lat' dir='ltr'><strong>auctoritas</strong></span> <span class='ocrx_word' id='word_1_135' title='bbox 1589 2087 1667 2143; x_wconf 90' lang='lat' dir='ltr'><strong>ad</strong></span> <span class='ocrx_word' id='word_1_136' title='bbox 1717 2086 1830 2142; x_wconf 89' lang='lat' dir='ltr'><strong>hoc</strong></span> <span class='ocrx_word' id='word_1_137' title='bbox 1884 2086 1992 2141; x_wconf 90' lang='lat' dir='ltr'><strong>im-</strong></span> 
     </span>
    </p>
   </div>
   <div class='ocr_carea' id='block_1_22' title="bbox 348 2173 1990 2249">
    <p class='ocr_par' dir='ltr' id='par_1_22' title="bbox 348 2173 1990 2249">
     <span class='ocr_line' id='line_1_22' title="bbox 348 2173 1990 2249; baseline 0 -21"><span class='ocrx_word' id='word_1_138' title='bbox 348 2173 596 2246; x_wconf 89' lang='lat' dir='ltr'><strong>pulsura</strong></span> <span class='ocrx_word' id='word_1_139' title='bbox 625 2177 1084 2249; x_wconf 89' lang='lat' dir='ltr'><strong>propinquabat.</strong></span> <span class='ocrx_word' id='word_1_140' title='bbox 1119 2178 1232 2236; x_wconf 90' lang='lat' dir='ltr'><strong>Sed</strong></span> <span class='ocrx_word' id='word_1_141' title='bbox 1263 2177 1379 2248; x_wconf 90' lang='lat' dir='ltr'><strong>ille,</strong></span> <span class='ocrx_word' id='word_1_142' title='bbox 1401 2179 1505 2249; x_wconf 88' lang='lat' dir='ltr'><strong>qui</strong></span> <span class='ocrx_word' id='word_1_143' title='bbox 1534 2176 1782 2231; x_wconf 84' lang='lat' dir='ltr'><strong>subesse</strong></span> <span class='ocrx_word' id='word_1_144' title='bbox 1804 2191 1990 2246; x_wconf 87' lang='lat' dir='ltr'><strong>quam</strong></span> 
     </span>
    </p>
   </div>
   <div class='ocr_carea' id='block_1_23' title="bbox 349 2264 1990 2335">
    <p class='ocr_par' dir='ltr' id='par_1_23' title="bbox 349 2264 1990 2335">
     <span class='ocr_line' id='line_1_23' title="bbox 349 2264 1990 2335; baseline 0.002 -19"><span class='ocrx_word' id='word_1_145' title='bbox 349 2276 603 2334; x_wconf 74' lang='lat' dir='ltr'><strong>praeesse</strong></span> <span class='ocrx_word' id='word_1_146' title='bbox 659 2265 936 2333; x_wconf 89' lang='lat' dir='ltr'><strong>malebat,</strong></span> <span class='ocrx_word' id='word_1_147' title='bbox 974 2267 1220 2321; x_wconf 90' lang='lat' dir='ltr'><strong>omnino</strong></span> <span class='ocrx_word' id='word_1_148' title='bbox 1275 2282 1337 2321; x_wconf 91' lang='lat' dir='ltr'><strong>se</strong></span> <span class='ocrx_word' id='word_1_149' title='bbox 1390 2264 1703 2335; x_wconf 90' lang='lat' dir='ltr'><strong>indignum</strong></span> <span class='ocrx_word' id='word_1_150' title='bbox 1744 2264 1990 2334; x_wconf 86' lang='lat' dir='ltr'><strong>hujusce</strong></span> 
     </span>
    </p>
   </div>
   <div class='ocr_carea' id='block_1_24' title="bbox 348 2350 1992 2426">
    <p class='ocr_par' dir='ltr' id='par_1_24' title="bbox 348 2350 1992 2426">
     <span class='ocr_line' id='line_1_24' title="bbox 348 2350 1992 2426; baseline 0.001 -22"><span class='ocrx_word' id='word_1_151' title='bbox 348 2350 431 2405; x_wconf 87' lang='lat' dir='ltr'><strong>rei</strong></span> <span class='ocrx_word' id='word_1_152' title='bbox 510 2353 884 2425; x_wconf 85' lang='lat' dir='ltr'><strong>perceptione</strong></span> <span class='ocrx_word' id='word_1_153' title='bbox 960 2354 1406 2426; x_wconf 82' lang='lat' dir='ltr'><strong>praejudicabat.</strong></span> <span class='ocrx_word' id='word_1_154' title='bbox 1492 2355 1738 2424; x_wconf 91' lang='lat' dir='ltr'><strong>Sumpto</strong></span> <span class='ocrx_word' id='word_1_155' title='bbox 1816 2352 1992 2421; x_wconf 82' lang='lat' dir='ltr'><strong>igitur</strong></span> 
     </span>
    </p>
   </div>
   <div class='ocr_carea' id='block_1_25' title="bbox 349 2439 1991 2515">
    <p class='ocr_par' dir='ltr' id='par_1_25' title="bbox 349 2439 1991 2515">
     <span class='ocr_line' id='line_1_25' title="bbox 349 2439 1991 2515; baseline 0.002 -23"><span class='ocrx_word' id='word_1_156' title='bbox 349 2454 502 2493; x_wconf 90' lang='lat' dir='ltr'><strong>ausu</strong></span> <span class='ocrx_word' id='word_1_157' title='bbox 539 2439 826 2496; x_wconf 89' lang='lat' dir='ltr'><strong>silvarum</strong></span> <span class='ocrx_word' id='word_1_158' title='bbox 876 2441 1062 2498; x_wconf 90' lang='lat' dir='ltr'><strong>lustra</strong></span> <span class='ocrx_word' id='word_1_159' title='bbox 1090 2442 1326 2515; x_wconf 86' lang='lat' dir='ltr'><strong>expetit,</strong></span> <span class='ocrx_word' id='word_1_160' title='bbox 1361 2441 1559 2514; x_wconf 90' lang='lat' dir='ltr'><strong>ibique</strong></span> <span class='ocrx_word' id='word_1_161' title='bbox 1608 2457 1669 2496; x_wconf 91' lang='lat' dir='ltr'><strong>se</strong></span> <span class='ocrx_word' id='word_1_162' title='bbox 1716 2456 1791 2496; x_wconf 91' lang='lat' dir='ltr'><strong>ne</strong></span> <span class='ocrx_word' id='word_1_163' title='bbox 1834 2442 1991 2496; x_wconf 89' lang='lat' dir='ltr'><strong>inve-</strong></span> 
     </span>
    </p>
   </div>
   <div class='ocr_carea' id='block_1_26' title="bbox 348 2527 1991 2602">
    <p class='ocr_par' dir='ltr' id='par_1_26' title="bbox 348 2527 1991 2602">
     <span class='ocr_line' id='line_1_26' title="bbox 348 2527 1991 2602; baseline 0.002 -21"><span class='ocrx_word' id='word_1_164' title='bbox 348 2527 570 2583; x_wconf 91' lang='lat' dir='ltr'><strong>niretur</strong></span> <span class='ocrx_word' id='word_1_165' title='bbox 595 2529 810 2585; x_wconf 88' lang='lat' dir='ltr'><strong>abditis</strong></span> <span class='ocrx_word' id='word_1_166' title='bbox 831 2531 1196 2602; x_wconf 87' lang='lat' dir='ltr'><strong>quibusdam</strong></span> <span class='ocrx_word' id='word_1_167' title='bbox 1218 2531 1503 2586; x_wconf 79' lang='lat' dir='ltr'><strong>recondit.</strong></span> <span class='ocrx_word' id='word_1_168' title='bbox 1533 2534 1650 2585; x_wconf 83' lang='lat' dir='ltr'><strong>Rex</strong></span> <span class='ocrx_word' id='word_1_169' title='bbox 1671 2530 1991 2586; x_wconf 87' lang='lat' dir='ltr'><strong>adveniens</strong></span> 
     </span>
    </p>
   </div>
   <div class='ocr_carea' id='block_1_27' title="bbox 346 2614 1988 2687">
    <p class='ocr_par' dir='ltr' id='par_1_27' title="bbox 346 2614 1988 2687">
     <span class='ocr_line' id='line_1_27' title="bbox 346 2614 1988 2687; baseline 0.002 -18"><span class='ocrx_word' id='word_1_170' title='bbox 346 2614 543 2671; x_wconf 91' lang='lat' dir='ltr'><strong>virum</strong></span> <span class='ocrx_word' id='word_1_171' title='bbox 572 2616 924 2687; x_wconf 86' lang='lat' dir='ltr'><strong>interrogat;</strong></span> <span class='ocrx_word' id='word_1_172' title='bbox 972 2619 1171 2674; x_wconf 88' lang='lat' dir='ltr'><strong>furtim</strong></span> <span class='ocrx_word' id='word_1_173' title='bbox 1217 2635 1355 2674; x_wconf 92' lang='lat' dir='ltr'><strong>eum</strong></span> <span class='ocrx_word' id='word_1_174' title='bbox 1387 2618 1749 2673; x_wconf 84' lang='lat' dir='ltr'><strong>abscessisse</strong></span> <span class='ocrx_word' id='word_1_175' title='bbox 1779 2634 1988 2674; x_wconf 85' lang='lat' dir='ltr'><strong>mona-</strong></span> 
     </span>
    </p>
   </div>
   <div class='ocr_carea' id='block_1_28' title="bbox 346 2704 1990 2780">
    <p class='ocr_par' dir='ltr' id='par_1_28' title="bbox 346 2704 1990 2780">
     <span class='ocr_line' id='line_1_28' title="bbox 346 2704 1990 2780; baseline 0.001 -22"><span class='ocrx_word' id='word_1_176' title='bbox 346 2704 598 2760; x_wconf 90' lang='lat' dir='ltr'><strong>chorum</strong></span> <span class='ocrx_word' id='word_1_177' title='bbox 665 2706 838 2762; x_wconf 87' lang='lat' dir='ltr'><strong>turba</strong></span> <span class='ocrx_word' id='word_1_178' title='bbox 901 2707 1252 2780; x_wconf 89' lang='lat' dir='ltr'><strong>proclamat.</strong></span> <span class='ocrx_word' id='word_1_179' title='bbox 1313 2710 1433 2762; x_wconf 86' lang='lat' dir='ltr'><strong>Rex</strong></span> <span class='ocrx_word' id='word_1_180' title='bbox 1492 2707 1737 2762; x_wconf 87' lang='lat' dir='ltr'><strong>miratur</strong></span> <span class='ocrx_word' id='word_1_181' title='bbox 1799 2706 1990 2761; x_wconf 90' lang='lat' dir='ltr'><strong>inten-</strong></span> 
     </span>
    </p>
   </div>
   <div class='ocr_carea' id='block_1_29' title="bbox 347 2792 1990 2868">
    <p class='ocr_par' dir='ltr' id='par_1_29' title="bbox 347 2792 1990 2868">
     <span class='ocr_line' id='line_1_29' title="bbox 347 2792 1990 2868; baseline 0.001 -20"><span class='ocrx_word' id='word_1_182' title='bbox 347 2792 588 2865; x_wconf 89' lang='lat' dir='ltr'><strong>tionem,</strong></span> <span class='ocrx_word' id='word_1_183' title='bbox 617 2796 897 2867; x_wconf 81' lang='lat' dir='ltr'><strong>pradicat</strong></span> <span class='ocrx_word' id='word_1_184' title='bbox 947 2797 1360 2863; x_wconf 88' lang='lat' dir='ltr'><strong>humilitatem,</strong></span> <span class='ocrx_word' id='word_1_185' title='bbox 1389 2795 1676 2868; x_wconf 88' lang='lat' dir='ltr'><strong>jubetque</strong></span> <span class='ocrx_word' id='word_1_186' title='bbox 1734 2800 1795 2851; x_wconf 91' lang='lat' dir='ltr'><strong>ut</strong></span> <span class='ocrx_word' id='word_1_187' title='bbox 1822 2795 1990 2850; x_wconf 89' lang='lat' dir='ltr'><strong>citius</strong></span> 
     </span>
    </p>
   </div>
   <div class='ocr_carea' id='block_1_30' title="bbox 346 2884 1987 2953">
    <p class='ocr_par' dir='ltr' id='par_1_30' title="bbox 346 2884 1987 2953">
     <span class='ocr_line' id='line_1_30' title="bbox 346 2884 1987 2953; baseline 0.001 -16"><span class='ocrx_word' id='word_1_188' title='bbox 346 2887 648 2953; x_wconf 87' lang='lat' dir='ltr'><strong>pergatur,</strong></span> <span class='ocrx_word' id='word_1_189' title='bbox 708 2900 778 2940; x_wconf 89' lang='lat' dir='ltr'><strong>ac</strong></span> <span class='ocrx_word' id='word_1_190' title='bbox 830 2885 1050 2940; x_wconf 91' lang='lat' dir='ltr'><strong>electus</strong></span> <span class='ocrx_word' id='word_1_191' title='bbox 1102 2885 1332 2940; x_wconf 91' lang='lat' dir='ltr'><strong>Domini</strong></span> <span class='ocrx_word' id='word_1_192' title='bbox 1383 2884 1460 2939; x_wconf 92' lang='lat' dir='ltr'><strong>ad</strong></span> <span class='ocrx_word' id='word_1_193' title='bbox 1525 2900 1586 2939; x_wconf 87' lang='lat' dir='ltr'><strong>se</strong></span> <span class='ocrx_word' id='word_1_194' title='bbox 1651 2884 1987 2939; x_wconf 87' lang='lat' dir='ltr'><strong>reducatur.</strong></span> 
     </span>
    </p>
   </div>
   <div class='ocr_carea' id='block_1_31' title="bbox 347 2971 1988 3046">
    <p class='ocr_par' dir='ltr' id='par_1_31' title="bbox 347 2971 1988 3046">
     <span class='ocr_line' id='line_1_31' title="bbox 347 2971 1988 3046; baseline 0.002 -22"><span class='ocrx_word' id='word_1_195' title='bbox 347 2971 575 3026; x_wconf 88' lang='lat' dir='ltr'><strong>Exeunt</strong></span> <span class='ocrx_word' id='word_1_196' title='bbox 597 2987 737 3041; x_wconf 89' lang='lat' dir='ltr'><strong>ergo</strong></span> <span class='ocrx_word' id='word_1_197' title='bbox 763 2973 1042 3028; x_wconf 86' lang='lat' dir='ltr'><strong>militares</strong></span> <span class='ocrx_word' id='word_1_198' title='bbox 1073 2973 1428 3046; x_wconf 82' lang='lat' dir='ltr'><strong>praclarum</strong></span> <span class='ocrx_word' id='word_1_199' title='bbox 1459 2972 1557 3027; x_wconf 91' lang='lat' dir='ltr'><strong>Dei</strong></span> <span class='ocrx_word' id='word_1_200' title='bbox 1582 2971 1827 3028; x_wconf 89' lang='lat' dir='ltr'><strong>militem</strong></span> <span class='ocrx_word' id='word_1_201' title='bbox 1858 2988 1988 3043; x_wconf 90' lang='lat' dir='ltr'><strong>per-</strong></span> 
     </span>
    </p>
   </div>
   <div class='ocr_carea' id='block_1_32' title="bbox 346 3058 2061 3138">
    <p class='ocr_par' dir='ltr' id='par_1_32' title="bbox 346 3058 2061 3138">
     <span class='ocr_line' id='line_1_32' title="bbox 346 3058 2061 3138; baseline 0.002 -25"><span class='ocrx_word' id='word_1_202' title='bbox 346 3058 669 3130; x_wconf 86' lang='lat' dir='ltr'><strong>quirentes,</strong></span> <span class='ocrx_word' id='word_1_203' title='bbox 698 3062 1065 3119; x_wconf 89' lang='lat' dir='ltr'><strong>sciscitantur</strong></span> <span class='ocrx_word' id='word_1_204' title='bbox 1111 3079 1147 3118; x_wconf 92' lang='lat' dir='ltr'><strong>a</strong></span> <span class='ocrx_word' id='word_1_205' title='bbox 1188 3062 1650 3134; x_wconf 90' lang='lat' dir='ltr'><strong>quibuscunque</strong></span> <span class='ocrx_word' id='word_1_206' title='bbox 1700 3061 1990 3117; x_wconf 90' lang='lat' dir='ltr'><strong>obvianti-</strong></span> <span class='ocrx_word' id='word_1_207' title='bbox 2022 3086 2061 3138; x_wconf 59' lang='grc' dir='ltr'><strong>(ι</strong></span> 
     </span>
    </p>
   </div>
   <div class='ocr_carea' id='block_1_33' title="bbox 347 3145 1985 3216">
    <p class='ocr_par' dir='ltr' id='par_1_33' title="bbox 347 3145 1985 3216">
     <span class='ocr_line' id='line_1_33' title="bbox 347 3145 1985 3216; baseline 0.002 -15"><span class='ocrx_word' id='word_1_208' title='bbox 347 3145 462 3201; x_wconf 90' lang='lat' dir='ltr'><strong>bus</strong></span> <span class='ocrx_word' id='word_1_209' title='bbox 492 3146 677 3202; x_wconf 87' lang='lat' dir='ltr'><strong>sicubi</strong></span> <span class='ocrx_word' id='word_1_210' title='bbox 703 3149 862 3205; x_wconf 88' lang='lat' dir='ltr'><strong>visus</strong></span> <span class='ocrx_word' id='word_1_211' title='bbox 893 3150 1101 3205; x_wconf 87' lang='lat' dir='ltr'><strong>fuisset</strong></span> <span class='ocrx_word' id='word_1_212' title='bbox 1127 3151 1211 3204; x_wconf 91' lang='lat' dir='ltr'><strong>vir</strong></span> <span class='ocrx_word' id='word_1_213' title='bbox 1239 3149 1675 3205; x_wconf 89' lang='lat' dir='ltr'><strong>cluentissimus</strong></span> <span class='ocrx_word' id='word_1_214' title='bbox 1703 3168 1715 3216; x_wconf 89' lang='lat'><strong>;</strong></span> <span class='ocrx_word' id='word_1_215' title='bbox 1749 3150 1985 3205; x_wconf 90' lang='lat' dir='ltr'><strong>tandem</strong></span> 
     </span>
    </p>
   </div>
   <div class='ocr_carea' id='block_1_34' title="bbox 347 3233 1991 3306">
    <p class='ocr_par' dir='ltr' id='par_1_34' title="bbox 347 3233 1991 3306">
     <span class='ocr_line' id='line_1_34' title="bbox 347 3233 1991 3306; baseline 0.004 -18"><span class='ocrx_word' id='word_1_216' title='bbox 347 3233 543 3303; x_wconf 85' lang='lat' dir='ltr'><strong>igitur,</strong></span> <span class='ocrx_word' id='word_1_217' title='bbox 572 3240 813 3306; x_wconf 85' lang='lat' dir='ltr'><strong>peracta</strong></span> <span class='ocrx_word' id='word_1_218' title='bbox 864 3237 1053 3292; x_wconf 90' lang='lat' dir='ltr'><strong>multa</strong></span> <span class='ocrx_word' id='word_1_219' title='bbox 1103 3236 1478 3303; x_wconf 87' lang='lat' dir='ltr'><strong>scrutatione,</strong></span> <span class='ocrx_word' id='word_1_220' title='bbox 1517 3237 1577 3292; x_wconf 92' lang='lat' dir='ltr'><strong>in</strong></span> <span class='ocrx_word' id='word_1_221' title='bbox 1624 3237 1771 3293; x_wconf 88' lang='lat' dir='ltr'><strong>silva</strong></span> <span class='ocrx_word' id='word_1_222' title='bbox 1821 3238 1991 3295; x_wconf 90' lang='lat' dir='ltr'><strong>Olno—</strong></span> 
     </span>
    </p>
   </div>
   <div class='ocr_carea' id='block_1_35' title="bbox 346 3320 1986 3398">
    <p class='ocr_par' dir='ltr' id='par_1_35' title="bbox 346 3320 1986 3398">
     <span class='ocr_line' id='line_1_35' title="bbox 346 3320 1986 3398; baseline 0.003 -22"><span class='ocrx_word' id='word_1_223' title='bbox 346 3320 488 3377; x_wconf 90' lang='lat' dir='ltr'><strong>dioli</strong></span> <span class='ocrx_word' id='word_1_224' title='bbox 535 3322 904 3391; x_wconf 86' lang='lat' dir='ltr'><strong>dignoscitur</strong></span> <span class='ocrx_word' id='word_1_225' title='bbox 963 3324 1160 3380; x_wconf 87' lang='lat' dir='ltr'><strong>latere.</strong></span> <span class='ocrx_word' id='word_1_226' title='bbox 1212 3330 1329 3380; x_wconf 91' lang='lat' dir='ltr'><strong>ltur</strong></span> <span class='ocrx_word' id='word_1_227' title='bbox 1379 3325 1564 3396; x_wconf 91' lang='lat' dir='ltr'><strong>ocius,</strong></span> <span class='ocrx_word' id='word_1_228' title='bbox 1613 3326 1986 3398; x_wconf 86' lang='lat' dir='ltr'><strong>perquiritur,</strong></span> 
     </span>
    </p>
   </div>
   <div class='ocr_carea' id='block_1_36' title="bbox 346 3410 1988 3488">
    <p class='ocr_par' dir='ltr' id='par_1_36' title="bbox 346 3410 1988 3488">
     <span class='ocr_line' id='line_1_36' title="bbox 346 3410 1988 3488; baseline 0.002 -21"><span class='ocrx_word' id='word_1_229' title='bbox 346 3410 618 3467; x_wconf 90' lang='lat' dir='ltr'><strong>inventus</strong></span> <span class='ocrx_word' id='word_1_230' title='bbox 662 3412 996 3483; x_wconf 89' lang='lat' dir='ltr'><strong>adducitur,</strong></span> <span class='ocrx_word' id='word_1_231' title='bbox 1047 3416 1321 3487; x_wconf 86' lang='lat' dir='ltr'><strong>regisque</strong></span> <span class='ocrx_word' id='word_1_232' title='bbox 1378 3415 1611 3471; x_wconf 83' lang='lat' dir='ltr'><strong>Roberti</strong></span> <span class='ocrx_word' id='word_1_233' title='bbox 1663 3416 1988 3488; x_wconf 83' lang='lat' dir='ltr'><strong>prasentia</strong></span> 
     </span>
    </p>
   </div>
   <div class='ocr_carea' id='block_1_37' title="bbox 346 3498 1988 3574">
    <p class='ocr_par' dir='ltr' id='par_1_37' title="bbox 346 3498 1988 3574">
     <span class='ocr_line' id='line_1_37' title="bbox 346 3498 1988 3574; baseline 0.004 -22"><span class='ocrx_word' id='word_1_234' title='bbox 346 3498 587 3555; x_wconf 87' lang='lat' dir='ltr'><strong>sistitur.</strong></span> <span class='ocrx_word' id='word_1_235' title='bbox 638 3502 756 3557; x_wconf 84' lang='lat' dir='ltr'><strong>Rex</strong></span> <span class='ocrx_word' id='word_1_236' title='bbox 806 3502 1006 3574; x_wconf 86' lang='lat' dir='ltr'><strong>itaque</strong></span> <span class='ocrx_word' id='word_1_237' title='bbox 1054 3502 1321 3571; x_wconf 87' lang='lat' dir='ltr'><strong>gaudens</strong></span> <span class='ocrx_word' id='word_1_238' title='bbox 1368 3503 1628 3560; x_wconf 89' lang='lat' dir='ltr'><strong>ecclesia</strong></span> <span class='ocrx_word' id='word_1_239' title='bbox 1679 3503 1988 3559; x_wconf 90' lang='lat' dir='ltr'><strong>basilicam</strong></span> 
     </span>
    </p>
   </div>
   <div class='ocr_carea' id='block_1_38' title="bbox 344 3586 1987 3663">
    <p class='ocr_par' dir='ltr' id='par_1_38' title="bbox 344 3586 1987 3663">
     <span class='ocr_line' id='line_1_38' title="bbox 344 3586 1987 3663; baseline 0.003 -21"><span class='ocrx_word' id='word_1_240' title='bbox 344 3586 539 3654; x_wconf 90' lang='lat' dir='ltr'><strong>intrat,</strong></span> <span class='ocrx_word' id='word_1_241' title='bbox 559 3590 843 3662; x_wconf 88' lang='lat' dir='ltr'><strong>omnique</strong></span> <span class='ocrx_word' id='word_1_242' title='bbox 871 3597 1173 3663; x_wconf 86' lang='lat' dir='ltr'><strong>spectante</strong></span> <span class='ocrx_word' id='word_1_243' title='bbox 1203 3591 1493 3648; x_wconf 88' lang='lat' dir='ltr'><strong>nobilium</strong></span> <span class='ocrx_word' id='word_1_244' title='bbox 1514 3591 1607 3647; x_wconf 90' lang='lat' dir='ltr'><strong>vel</strong></span> <span class='ocrx_word' id='word_1_245' title='bbox 1636 3592 1987 3662; x_wconf 88' lang='lat' dir='ltr'><strong>ignobilium</strong></span> 
     </span>
    </p>
   </div>
   <div class='ocr_carea' id='block_1_39' title="bbox 347 3679 1989 3753">
    <p class='ocr_par' dir='ltr' id='par_1_39' title="bbox 347 3679 1989 3753">
     <span class='ocr_line' id='line_1_39' title="bbox 347 3679 1989 3753; baseline 0.004 -23"><span class='ocrx_word' id='word_1_246' title='bbox 347 3681 601 3744; x_wconf 84' lang='lat' dir='ltr'><strong>caterva,</strong></span> <span class='ocrx_word' id='word_1_247' title='bbox 632 3694 739 3752; x_wconf 90' lang='lat' dir='ltr'><strong>per</strong></span> <span class='ocrx_word' id='word_1_248' title='bbox 765 3679 936 3736; x_wconf 86' lang='lat' dir='ltr'><strong>funes</strong></span> <span class='ocrx_word' id='word_1_249' title='bbox 984 3680 1060 3736; x_wconf 93' lang='lat' dir='ltr'><strong>ad</strong></span> <span class='ocrx_word' id='word_1_250' title='bbox 1113 3681 1283 3750; x_wconf 86' lang='lat' dir='ltr'><strong>signa</strong></span> <span class='ocrx_word' id='word_1_251' title='bbox 1312 3680 1641 3753; x_wconf 84' lang='lat' dir='ltr'><strong>pendentes</strong></span> <span class='ocrx_word' id='word_1_252' title='bbox 1671 3680 1783 3753; x_wconf 86' lang='lat' dir='ltr'><strong>ipsi</strong></span> <span class='ocrx_word' id='word_1_253' title='bbox 1813 3681 1989 3736; x_wconf 89' lang='lat' dir='ltr'><strong>totius</strong></span> 
     </span>
    </p>
   </div>
   <div class='ocr_carea' id='block_1_40' title="bbox 343 3762 1989 3841">
    <p class='ocr_par' dir='ltr' id='par_1_40' title="bbox 343 3762 1989 3841">
     <span class='ocr_line' id='line_1_40' title="bbox 343 3762 1989 3841; baseline 0.004 -23"><span class='ocrx_word' id='word_1_254' title='bbox 343 3762 457 3820; x_wconf 92' lang='lat' dir='ltr'><strong>loci</strong></span> <span class='ocrx_word' id='word_1_255' title='bbox 486 3764 959 3824; x_wconf 90' lang='lat' dir='ltr'><strong>dominationem</strong></span> <span class='ocrx_word' id='word_1_256' title='bbox 988 3768 1237 3838; x_wconf 90' lang='lat' dir='ltr'><strong>delegat.</strong></span> <span class='ocrx_word' id='word_1_257' title='bbox 1274 3769 1411 3824; x_wconf 89' lang='lat' dir='ltr'><strong>Dein</strong></span> <span class='ocrx_word' id='word_1_258' title='bbox 1454 3768 1696 3839; x_wconf 90' lang='lat' dir='ltr'><strong>jubetur</strong></span> <span class='ocrx_word' id='word_1_259' title='bbox 1738 3768 1815 3824; x_wconf 90' lang='lat' dir='ltr'><strong>ab</strong></span> <span class='ocrx_word' id='word_1_260' title='bbox 1858 3768 1989 3841; x_wconf 90' lang='lat' dir='ltr'><strong>ipso</strong></span> 
     </span>
    </p>
   </div>
   <div class='ocr_carea' id='block_1_41' title="bbox 344 3856 1988 3927">
    <p class='ocr_par' dir='ltr' id='par_1_41' title="bbox 344 3856 1988 3927">
     <span class='ocr_line' id='line_1_41' title="bbox 344 3856 1988 3927; baseline 0.002 -19"><span class='ocrx_word' id='word_1_261' title='bbox 344 3867 481 3922; x_wconf 90' lang='lat' dir='ltr'><strong>rege</strong></span> <span class='ocrx_word' id='word_1_262' title='bbox 541 3859 606 3910; x_wconf 92' lang='lat' dir='ltr'><strong>ut</strong></span> <span class='ocrx_word' id='word_1_263' title='bbox 667 3856 1024 3927; x_wconf 89' lang='lat' dir='ltr'><strong>quantocius</strong></span> <span class='ocrx_word' id='word_1_264' title='bbox 1083 3856 1508 3913; x_wconf 87' lang='lat' dir='ltr'><strong>acceleraretur</strong></span> <span class='ocrx_word' id='word_1_265' title='bbox 1562 3857 1988 3913; x_wconf 89' lang='lat' dir='ltr'><strong>benedictionis</strong></span> 
     </span>
    </p>
   </div>
   <div class='ocr_carea' id='block_1_42' title="bbox 345 3942 1987 4018">
    <p class='ocr_par' dir='ltr' id='par_1_42' title="bbox 345 3942 1987 4018">
     <span class='ocr_line' id='line_1_42' title="bbox 345 3942 1987 4018; baseline 0.003 -22"><span class='ocrx_word' id='word_1_266' title='bbox 345 3942 711 3998; x_wconf 89' lang='lat' dir='ltr'><strong>consecratio</strong></span> <span class='ocrx_word' id='word_1_267' title='bbox 740 3944 943 4013; x_wconf 91' lang='lat' dir='ltr'><strong>digna.</strong></span> <span class='ocrx_word' id='word_1_268' title='bbox 976 3946 1119 4000; x_wconf 80' lang='lat' dir='ltr'><strong>Vere</strong></span> <span class='ocrx_word' id='word_1_269' title='bbox 1167 3960 1308 4016; x_wconf 88' lang='lat' dir='ltr'><strong>ergo</strong></span> <span class='ocrx_word' id='word_1_270' title='bbox 1359 3945 1465 4001; x_wconf 89' lang='lat' dir='ltr'><strong>iste</strong></span> <span class='ocrx_word' id='word_1_271' title='bbox 1514 3946 1755 4018; x_wconf 91' lang='lat' dir='ltr'><strong>superni</strong></span> <span class='ocrx_word' id='word_1_272' title='bbox 1799 3962 1987 4001; x_wconf 91' lang='lat' dir='ltr'><strong>mem-</strong></span> 
     </span>
    </p>
   </div>
   <div class='ocr_carea' id='block_1_43' title="bbox 345 4027 1985 4103">
    <p class='ocr_par' dir='ltr' id='par_1_43' title="bbox 345 4027 1985 4103">
     <span class='ocr_line' id='line_1_43' title="bbox 345 4027 1985 4103; baseline 0.004 -21"><span class='ocrx_word' id='word_1_273' title='bbox 345 4027 524 4083; x_wconf 89' lang='lat' dir='ltr'><strong>brum</strong></span> <span class='ocrx_word' id='word_1_274' title='bbox 569 4030 775 4102; x_wconf 90' lang='lat' dir='ltr'><strong>capitis</strong></span> <span class='ocrx_word' id='word_1_275' title='bbox 828 4031 954 4099; x_wconf 91' lang='lat' dir='ltr'><strong>fuit,</strong></span> <span class='ocrx_word' id='word_1_276' title='bbox 986 4031 1092 4103; x_wconf 91' lang='lat' dir='ltr'><strong>qui</strong></span> <span class='ocrx_word' id='word_1_277' title='bbox 1139 4048 1369 4088; x_wconf 90' lang='lat' dir='ltr'><strong>memor</strong></span> <span class='ocrx_word' id='word_1_278' title='bbox 1420 4049 1597 4087; x_wconf 89' lang='lat' dir='ltr'><strong>suum</strong></span> <span class='ocrx_word' id='word_1_279' title='bbox 1648 4034 1985 4101; x_wconf 91' lang='lat' dir='ltr'><strong>Dominum,</strong></span> 
     </span>
    </p>
   </div>
   <div class='ocr_carea' id='block_1_44' title="bbox 345 4114 1986 4192">
    <p class='ocr_par' dir='ltr' id='par_1_44' title="bbox 345 4114 1986 4192">
     <span class='ocr_line' id='line_1_44' title="bbox 345 4114 1986 4192; baseline 0.005 -22"><span class='ocrx_word' id='word_1_280' title='bbox 345 4114 493 4170; x_wconf 91' lang='lat' dir='ltr'><strong>dum</strong></span> <span class='ocrx_word' id='word_1_281' title='bbox 522 4132 657 4173; x_wconf 85' lang='lat' dir='ltr'><strong>eum</strong></span> <span class='ocrx_word' id='word_1_282' title='bbox 702 4118 916 4175; x_wconf 89' lang='lat' dir='ltr'><strong>vellent</strong></span> <span class='ocrx_word' id='word_1_283' title='bbox 966 4120 1171 4192; x_wconf 91' lang='lat' dir='ltr'><strong>populi</strong></span> <span class='ocrx_word' id='word_1_284' title='bbox 1204 4120 1397 4176; x_wconf 90' lang='lat' dir='ltr'><strong>facere</strong></span> <span class='ocrx_word' id='word_1_285' title='bbox 1425 4136 1646 4191; x_wconf 89' lang='lat' dir='ltr'><strong>regem,</strong></span> <span class='ocrx_word' id='word_1_286' title='bbox 1680 4122 1898 4191; x_wconf 82' lang='lat' dir='ltr'><strong>fugisse</strong></span> <span class='ocrx_word' id='word_1_287' title='bbox 1926 4123 1986 4178; x_wconf 90' lang='lat' dir='ltr'><strong>in</strong></span> 
     </span>
    </p>
   </div>
   <div class='ocr_carea' id='block_1_45' title="bbox 344 4207 1985 4281">
    <p class='ocr_par' dir='ltr' id='par_1_45' title="bbox 344 4207 1985 4281">
     <span class='ocr_line' id='line_1_45' title="bbox 344 4207 1985 4281; baseline 0.005 -23"><span class='ocrx_word' id='word_1_288' title='bbox 344 4210 628 4272; x_wconf 89' lang='lat' dir='ltr'><strong>montem,</strong></span> <span class='ocrx_word' id='word_1_289' title='bbox 688 4223 761 4262; x_wconf 93' lang='lat' dir='ltr'><strong>ne</strong></span> <span class='ocrx_word' id='word_1_290' title='bbox 820 4207 1132 4280; x_wconf 88' lang='lat' dir='ltr'><strong>supercilio</strong></span> <span class='ocrx_word' id='word_1_291' title='bbox 1184 4208 1543 4280; x_wconf 85' lang='lat' dir='ltr'><strong>pralationis</strong></span> <span class='ocrx_word' id='word_1_292' title='bbox 1595 4210 1985 4281; x_wconf 85' lang='lat' dir='ltr'><strong>extolleretur,</strong></span> 
     </span>
    </p>
   </div>
   <div class='ocr_carea' id='block_1_46' title="bbox 343 4292 1149 4353">
    <p class='ocr_par' dir='ltr' id='par_1_46' title="bbox 343 4292 1149 4353">
     <span class='ocr_line' id='line_1_46' title="bbox 343 4292 1149 4353; baseline 0.006 -5"><span class='ocrx_word' id='word_1_293' title='bbox 343 4292 554 4350; x_wconf 91' lang='lat' dir='ltr'><strong>maluit</strong></span> <span class='ocrx_word' id='word_1_294' title='bbox 581 4294 779 4352; x_wconf 90' lang='lat' dir='ltr'><strong>subire</strong></span> <span class='ocrx_word' id='word_1_295' title='bbox 808 4312 1149 4353; x_wconf 88' lang='lat' dir='ltr'><strong>cavernam.</strong></span> 
     </span>
    </p>
   </div>
   <div class='ocr_carea' id='block_1_47' title="bbox 415 4385 2060 4479">
    <p class='ocr_par' dir='ltr' id='par_1_47' title="bbox 415 4385 2060 4479">
     <span class='ocr_line' id='line_1_47' title="bbox 415 4385 2060 4479; baseline 0.002 -41"><span class='ocrx_word' id='word_1_296' title='bbox 415 4386 466 4438; x_wconf 89' lang='lat'><strong>6.</strong></span> <span class='ocrx_word' id='word_1_297' title='bbox 505 4385 635 4479; x_wconf 73' lang='lat' dir='ltr'><strong>Jan)</strong></span> <span class='ocrx_word' id='word_1_298' title='bbox 658 4400 833 4479; x_wconf 85' lang='lat' dir='ltr'><strong>vero,</strong></span> <span class='ocrx_word' id='word_1_299' title='bbox 856 4390 1099 4479; x_wconf 89' lang='lat' dir='ltr'><strong>sumpto</strong></span> <span class='ocrx_word' id='word_1_300' title='bbox 1143 4385 1379 4479; x_wconf 76' lang='lat' dir='ltr'><strong>abbatis</strong></span> <span class='ocrx_word' id='word_1_301' title='bbox 1431 4385 1646 4458; x_wconf 82' lang='lat' dir='ltr'><strong>ofﬁcio,</strong></span> <span class='ocrx_word' id='word_1_302' title='bbox 1678 4387 1812 4460; x_wconf 89' lang='lat' dir='ltr'><strong>quis</strong></span> <span class='ocrx_word' id='word_1_303' title='bbox 1853 4388 1982 4458; x_wconf 89' lang='lat' dir='ltr'><strong>ejus</strong></span> <span class='ocrx_word' id='word_1_304' title='bbox 2018 4427 2060 4479; x_wconf 69' lang='grc' dir='ltr'>υ</span> 
     </span>
    </p>
   </div>
   <div class='ocr_carea' id='block_1_48' title="bbox 342 4469 1988 4547">
    <p class='ocr_par' dir='ltr' id='par_1_48' title="bbox 342 4469 1988 4547">
     <span class='ocr_line' id='line_1_48' title="bbox 342 4469 1988 4547; baseline 0.002 -21"><span class='ocrx_word' id='word_1_305' title='bbox 342 4469 505 4527; x_wconf 88' lang='lat' dir='ltr'><strong>bona</strong></span> <span class='ocrx_word' id='word_1_306' title='bbox 528 4472 707 4543; x_wconf 88' lang='lat' dir='ltr'><strong>digne</strong></span> <span class='ocrx_word' id='word_1_307' title='bbox 736 4478 945 4546; x_wconf 91' lang='lat' dir='ltr'><strong>potens</strong></span> <span class='ocrx_word' id='word_1_308' title='bbox 969 4475 1044 4530; x_wconf 90' lang='lat' dir='ltr'><strong>sit</strong></span> <span class='ocrx_word' id='word_1_309' title='bbox 1067 4474 1361 4547; x_wconf 87' lang='lat' dir='ltr'><strong>explicare</strong></span> <span class='ocrx_word' id='word_1_310' title='bbox 1384 4477 1411 4531; x_wconf 87' lang='lat'><strong>?</strong></span> <span class='ocrx_word' id='word_1_311' title='bbox 1442 4478 1574 4531; x_wconf 90' lang='lat' dir='ltr'><strong>Erat</strong></span> <span class='ocrx_word' id='word_1_312' title='bbox 1603 4476 1760 4531; x_wconf 92' lang='lat' dir='ltr'><strong>enim</strong></span> <span class='ocrx_word' id='word_1_313' title='bbox 1792 4476 1843 4532; x_wconf 92' lang='lat' dir='ltr'><strong>ei</strong></span> <span class='ocrx_word' id='word_1_314' title='bbox 1871 4482 1988 4532; x_wconf 88' lang='lat' dir='ltr'><strong>stu-</strong></span> 
     </span>
    </p>
   </div>
   <div class='ocr_carea' id='block_1_49' title="bbox 344 4558 1986 4638">
    <p class='ocr_par' dir='ltr' id='par_1_49' title="bbox 344 4558 1986 4638">
     <span class='ocr_line' id='line_1_49' title="bbox 344 4558 1986 4638; baseline 0.004 -24"><span class='ocrx_word' id='word_1_315' title='bbox 344 4558 511 4615; x_wconf 91' lang='lat' dir='ltr'><strong>dium</strong></span> <span class='ocrx_word' id='word_1_316' title='bbox 533 4560 677 4631; x_wconf 90' lang='lat' dir='ltr'><strong>juge</strong></span> <span class='ocrx_word' id='word_1_317' title='bbox 703 4563 957 4638; x_wconf 83' lang='lat' dir='ltr'><strong>propria</strong></span> <span class='ocrx_word' id='word_1_318' title='bbox 988 4564 1120 4619; x_wconf 87' lang='lat' dir='ltr'><strong>vita</strong></span> <span class='ocrx_word' id='word_1_319' title='bbox 1170 4564 1357 4619; x_wconf 84' lang='lat' dir='ltr'><strong>navis</strong></span> <span class='ocrx_word' id='word_1_320' title='bbox 1387 4580 1605 4635; x_wconf 89' lang='lat' dir='ltr'><strong>carere,</strong></span> <span class='ocrx_word' id='word_1_321' title='bbox 1634 4581 1836 4621; x_wconf 89' lang='lat' dir='ltr'><strong>coram</strong></span> <span class='ocrx_word' id='word_1_322' title='bbox 1869 4568 1986 4621; x_wconf 90' lang='lat' dir='ltr'><strong>Deo</strong></span> 
     </span>
    </p>
   </div>
   <div class='ocr_carea' id='block_1_50' title="bbox 345 4646 1985 4724">
    <p class='ocr_par' dir='ltr' id='par_1_50' title="bbox 345 4646 1985 4724">
     <span class='ocr_line' id='line_1_50' title="bbox 345 4646 1985 4724; baseline 0.002 -21"><span class='ocrx_word' id='word_1_323' title='bbox 345 4650 402 4703; x_wconf 92' lang='lat' dir='ltr'><strong>et</strong></span> <span class='ocrx_word' id='word_1_324' title='bbox 422 4646 767 4705; x_wconf 88' lang='lat' dir='ltr'><strong>hominibus</strong></span> <span class='ocrx_word' id='word_1_325' title='bbox 811 4650 974 4706; x_wconf 92' lang='lat' dir='ltr'><strong>bona</strong></span> <span class='ocrx_word' id='word_1_326' title='bbox 1006 4666 1243 4724; x_wconf 89' lang='lat' dir='ltr'><strong>semper</strong></span> <span class='ocrx_word' id='word_1_327' title='bbox 1270 4651 1599 4724; x_wconf 89' lang='lat' dir='ltr'><strong>providere,</strong></span> <span class='ocrx_word' id='word_1_328' title='bbox 1632 4653 1985 4708; x_wconf 88' lang='lat' dir='ltr'><strong>commisso-</strong></span> 
     </span>
    </p>
   </div>
   <div class='ocr_carea' id='block_1_51' title="bbox 341 4736 1987 4813">
    <p class='ocr_par' dir='ltr' id='par_1_51' title="bbox 341 4736 1987 4813">
     <span class='ocr_line' id='line_1_51' title="bbox 341 4736 1987 4813; baseline 0.004 -23"><span class='ocrx_word' id='word_1_329' title='bbox 341 4750 478 4791; x_wconf 88' lang='lat' dir='ltr'><strong>rum</strong></span> <span class='ocrx_word' id='word_1_330' title='bbox 521 4736 724 4809; x_wconf 91' lang='lat' dir='ltr'><strong>inepta</strong></span> <span class='ocrx_word' id='word_1_331' title='bbox 766 4753 1053 4808; x_wconf 87' lang='lat' dir='ltr'><strong>resecare,</strong></span> <span class='ocrx_word' id='word_1_332' title='bbox 1085 4743 1208 4795; x_wconf 90' lang='lat' dir='ltr'><strong>tam</strong></span> <span class='ocrx_word' id='word_1_333' title='bbox 1255 4739 1530 4812; x_wconf 84' lang='lat' dir='ltr'><strong>exemplo</strong></span> <span class='ocrx_word' id='word_1_334' title='bbox 1568 4756 1754 4813; x_wconf 91' lang='lat' dir='ltr'><strong>quam</strong></span> <span class='ocrx_word' id='word_1_335' title='bbox 1808 4741 1987 4797; x_wconf 87' lang='lat' dir='ltr'><strong>verbo</strong></span> 
     </span>
    </p>
   </div>
   <div class='ocr_carea' id='block_1_52' title="bbox 343 4823 1988 4901">
    <p class='ocr_par' dir='ltr' id='par_1_52' title="bbox 343 4823 1988 4901">
     <span class='ocr_line' id='line_1_52' title="bbox 343 4823 1988 4901; baseline 0.004 -21"><span class='ocrx_word' id='word_1_336' title='bbox 343 4823 507 4881; x_wconf 87' lang='lat' dir='ltr'><strong>bona</strong></span> <span class='ocrx_word' id='word_1_337' title='bbox 528 4840 737 4883; x_wconf 89' lang='lat' dir='ltr'><strong>eorum</strong></span> <span class='ocrx_word' id='word_1_338' title='bbox 768 4842 1005 4897; x_wconf 88' lang='lat' dir='ltr'><strong>augere,</strong></span> <span class='ocrx_word' id='word_1_339' title='bbox 1029 4828 1321 4901; x_wconf 92' lang='lat' dir='ltr'><strong>quidquid</strong></span> <span class='ocrx_word' id='word_1_340' title='bbox 1346 4829 1575 4885; x_wconf 92' lang='lat' dir='ltr'><strong>bonum</strong></span> <span class='ocrx_word' id='word_1_341' title='bbox 1608 4845 1845 4901; x_wconf 80' lang='lat' dir='ltr'><strong>semper</strong></span> <span class='ocrx_word' id='word_1_342' title='bbox 1863 4847 1988 4886; x_wconf 89' lang='lat' dir='ltr'><strong>am-</strong></span> 
     </span>
    </p>
   </div>
   <div class='ocr_carea' id='block_1_53' title="bbox 342 4912 1989 4990">
    <p class='ocr_par' dir='ltr' id='par_1_53' title="bbox 342 4912 1989 4990">
     <span class='ocr_line' id='line_1_53' title="bbox 342 4912 1989 4990; baseline 0.002 -20"><span class='ocrx_word' id='word_1_343' title='bbox 342 4912 492 4977; x_wconf 87' lang='lat' dir='ltr'><strong>bire,</strong></span> <span class='ocrx_word' id='word_1_344' title='bbox 518 4913 814 4989; x_wconf 89' lang='lat' dir='ltr'><strong>quidquid</strong></span> <span class='ocrx_word' id='word_1_345' title='bbox 859 4931 1115 4988; x_wconf 90' lang='lat' dir='ltr'><strong>pravum</strong></span> <span class='ocrx_word' id='word_1_346' title='bbox 1160 4933 1395 4990; x_wconf 90' lang='lat' dir='ltr'><strong>semper</strong></span> <span class='ocrx_word' id='word_1_347' title='bbox 1432 4933 1659 4974; x_wconf 90' lang='lat' dir='ltr'><strong>cavere.</strong></span> <span class='ocrx_word' id='word_1_348' title='bbox 1702 4921 1815 4973; x_wconf 89' lang='lat' dir='ltr'><strong>Nec</strong></span> <span class='ocrx_word' id='word_1_349' title='bbox 1860 4920 1989 4989; x_wconf 90' lang='lat' dir='ltr'><strong>ejus</strong></span> 
     </span>
    </p>
   </div>
   <div class='ocr_carea' id='block_1_54' title="bbox 344 5064 1988 5134">
    <p class='ocr_par' dir='ltr' id='par_1_54' title="bbox 344 5064 1988 5134">
     <span class='ocr_line' id='line_1_54' title="bbox 344 5064 1988 5134; baseline 0.002 -14"><span class='ocrx_word' id='word_1_350' title='bbox 344 5064 613 5121; x_wconf 90' lang='lat' dir='ltr'><strong>nonnulli</strong></span> <span class='ocrx_word' id='word_1_351' title='bbox 646 5065 1019 5134; x_wconf 88' lang='lat' dir='ltr'><strong>consignant.</strong></span> <span class='ocrx_word' id='word_1_352' title='bbox 1060 5071 1131 5121; x_wconf 84' lang='lat' dir='ltr'><strong>At</strong></span> <span class='ocrx_word' id='word_1_353' title='bbox 1172 5081 1243 5122; x_wconf 88' lang='lat' dir='ltr'><strong>ex</strong></span> <span class='ocrx_word' id='word_1_354' title='bbox 1298 5066 1544 5123; x_wconf 86' lang='lat' dir='ltr'><strong>Historia</strong></span> <span class='ocrx_word' id='word_1_355' title='bbox 1587 5066 1988 5123; x_wconf 89' lang='lat' dir='ltr'><strong>translationis</strong></span> 
     </span>
    </p>
   </div>
   <div class='ocr_carea' id='block_1_55' title="bbox 349 5135 1990 5210">
    <p class='ocr_par' dir='ltr' id='par_1_55' title="bbox 349 5135 1990 5210">
     <span class='ocr_line' id='line_1_55' title="bbox 349 5135 1990 5210; baseline 0.003 -20"><span class='ocrx_word' id='word_1_356' title='bbox 349 5135 449 5210; x_wconf 64' lang='grc' dir='ltr'><strong>ξε,</strong></span> <span class='ocrx_word' id='word_1_357' title='bbox 477 5135 819 5210; x_wconf 89' lang='lat' dir='ltr'><strong>Saviniani,_</strong></span> <span class='ocrx_word' id='word_1_358' title='bbox 842 5142 975 5203; x_wconf 90' lang='lat' dir='ltr'><strong>etc.,</strong></span> <span class='ocrx_word' id='word_1_359' title='bbox 1015 5153 1200 5210; x_wconf 91' lang='lat' dir='ltr'><strong>quam</strong></span> <span class='ocrx_word' id='word_1_360' title='bbox 1250 5153 1432 5210; x_wconf 83' lang='lat' dir='ltr'><strong>supra</strong></span> <span class='ocrx_word' id='word_1_361' title='bbox 1478 5137 1796 5210; x_wconf 81' lang='lat' dir='ltr'><strong>edidimus,</strong></span> <span class='ocrx_word' id='word_1_362' title='bbox 1830 5144 1990 5210; x_wconf 88' lang='lat' dir='ltr'><strong>patet</strong></span> 
     </span>
    </p>
   </div>
   <div class='ocr_carea' id='block_1_56' title="bbox 347 5204 1986 5285">
    <p class='ocr_par' dir='ltr' id='par_1_56' title="bbox 347 5204 1986 5285">
     <span class='ocr_line' id='line_1_56' title="bbox 347 5204 1986 5285; baseline 0.003 -26"><span class='ocrx_word' id='word_1_363' title='bbox 347 5204 668 5285; x_wconf 77' lang='lat' dir='ltr'><strong>Robertum</strong></span> <span class='ocrx_word' id='word_1_364' title='bbox 697 5206 885 5285; x_wconf 75' lang='lat' dir='ltr'><strong>multo</strong></span> <span class='ocrx_word' id='word_1_365' title='bbox 926 5204 1101 5285; x_wconf 74' lang='lat' dir='ltr'><strong>antea</strong></span> <span class='ocrx_word' id='word_1_366' title='bbox 1138 5209 1245 5285; x_wconf 80' lang='lat' dir='ltr'><strong>iter</strong></span> <span class='ocrx_word' id='word_1_367' title='bbox 1283 5204 1438 5285; x_wconf 77' lang='lat' dir='ltr'><strong>illud</strong></span> <span class='ocrx_word' id='word_1_368' title='bbox 1475 5204 1986 5285; x_wconf 71' lang='lat' dir='ltr'><strong>suscepisse.&#39;Ete-</strong></span> 
     </span>
    </p>
   </div>
   <div class='ocr_carea' id='block_1_57' title="bbox 346 5275 1988 5355">
    <p class='ocr_par' dir='ltr' id='par_1_57' title="bbox 346 5275 1988 5355">
     <span class='ocr_line' id='line_1_57' title="bbox 346 5275 1988 5355; baseline 0.004 -28"><span class='ocrx_word' id='word_1_369' title='bbox 346 5275 473 5355; x_wconf 65' lang='lat' dir='ltr'><strong>nim</strong></span> <span class='ocrx_word' id='word_1_370' title='bbox 649 5282 903 5355; x_wconf 82' lang='lat' dir='ltr'><strong>cap._2_6_._</strong></span> <span class='ocrx_word' id='word_1_371' title='bbox 929 5278 1269 5355; x_wconf 73' lang='lat' dir='ltr'><strong>Constantia</strong></span> <span class='ocrx_word' id='word_1_372' title='bbox 1320 5279 1523 5348; x_wconf 88' lang='lat' dir='ltr'><strong>regina</strong></span> <span class='ocrx_word' id='word_1_373' title='bbox 1573 5275 1704 5355; x_wconf 60' lang='lat' dir='ltr'><strong>quin</strong></span> <span class='ocrx_word' id='word_1_374' title='bbox 1731 5282 1988 5355; x_wconf 63' lang='lat' dir='ltr'><strong>parvulo</strong></span> 
     </span>
    </p>
   </div>
   <div class='ocr_carea' id='block_1_58' title="bbox 346 5343 1988 5418">
    <p class='ocr_par' dir='ltr' id='par_1_58' title="bbox 346 5343 1988 5418">
     <span class='ocr_line' id='line_1_58' title="bbox 346 5343 1988 5418; baseline 0.004 -20"><span class='ocrx_word' id='word_1_375' title='bbox 346 5343 476 5413; x_wconf 78' lang='lat' dir='ltr'><strong>ﬁlio</strong></span> <span class='ocrx_word' id='word_1_376' title='bbox 503 5343 757 5418; x_wconf 61' lang='lat' dir='ltr'><strong>Hugone</strong></span> <span class='ocrx_word' id='word_1_377' title='bbox 787 5349 938 5403; x_wconf 80' lang='grc' dir='ltr'><strong>Τὶιιο</strong></span> <span class='ocrx_word' id='word_1_378' title='bbox 966 5348 1340 5414; x_wconf 76' lang='lat' dir='ltr'><strong>remansisse,</strong></span> <span class='ocrx_word' id='word_1_379' title='bbox 1376 5343 1451 5417; x_wconf 68' lang='grc' dir='ltr'><strong>ἐι,</strong></span> <span class='ocrx_word' id='word_1_380' title='bbox 1483 5348 1661 5404; x_wconf 85' lang='lat' dir='ltr'><strong>anxia</strong></span> <span class='ocrx_word' id='word_1_381' title='bbox 1704 5343 1778 5402; x_wconf 78' lang='lat' dir='ltr'><strong>ne</strong></span> <span class='ocrx_word' id='word_1_382' title='bbox 1827 5353 1988 5405; x_wconf 68' lang='lat' dir='ltr'><strong>lterta</strong></span> 
     </span>
    </p>
   </div>
   <div class='ocr_carea' id='block_1_59' title="bbox 349 5416 1988 5491">
    <p class='ocr_par' dir='ltr' id='par_1_59' title="bbox 349 5416 1988 5491">
     <span class='ocr_line' id='line_1_59' title="bbox 349 5416 1988 5491; baseline 0.002 -21"><span class='ocrx_word' id='word_1_383' title='bbox 349 5429 487 5491; x_wconf 75' lang='lat' dir='ltr'><strong>eam</strong></span> <span class='ocrx_word' id='word_1_384' title='bbox 502 5416 970 5491; x_wconf 64' lang='lat' dir='ltr'><strong>_supplanta_r_et,</strong></span> <span class='ocrx_word' id='word_1_385' title='bbox 989 5434 1025 5473; x_wconf 91' lang='lat' dir='ltr'><strong>a</strong></span> <span class='ocrx_word' id='word_1_386' title='bbox 1143 5421 1462 5475; x_wconf 84' lang='lat' dir='ltr'><strong>Saviniano</strong></span> <span class='ocrx_word' id='word_1_387' title='bbox 1491 5418 1822 5491; x_wconf 79' lang='lat' dir='ltr'><strong>confortata</strong></span> <span class='ocrx_word' id='word_1_388' title='bbox 1850 5419 1988 5474; x_wconf 89' lang='lat' dir='ltr'><strong>dici-</strong></span> 
     </span>
    </p>
   </div>
   <div class='ocr_carea' id='block_1_60' title="bbox 352 5483 1984 5566">
    <p class='ocr_par' dir='ltr' id='par_1_60' title="bbox 352 5483 1984 5566">
     <span class='ocr_line' id='line_1_60' title="bbox 352 5483 1984 5566; baseline 0.002 -25"><span class='ocrx_word' id='word_1_389' title='bbox 352 5488 474 5566; x_wconf 48' lang='lat' dir='ltr'><strong>tur;</strong></span> <span class='ocrx_word' id='word_1_390' title='bbox 495 5483 808 5566; x_wconf 70' lang='lat' dir='ltr'><strong>Cum&#39;vero</strong></span> <span class='ocrx_word' id='word_1_391' title='bbox 835 5483 1254 5566; x_wconf 53' lang='lat' dir='ltr'><strong>ille&#39;ignoraret</strong></span> <span class='ocrx_word' id='word_1_392' title='bbox 1274 5490 1407 5561; x_wconf 82' lang='lat' dir='ltr'><strong>quis</strong></span> <span class='ocrx_word' id='word_1_393' title='bbox 1435 5494 1589 5545; x_wconf 84' lang='lat' dir='ltr'><strong>esset</strong></span> <span class='ocrx_word' id='word_1_394' title='bbox 1613 5487 1984 5566; x_wconf 66' lang='lat' dir='ltr'><strong>Sav&#39;inianiis,</strong></span> 
     </span>
    </p>
   </div>
   <div class='ocr_carea' id='block_1_61' title="bbox 352 5554 1989 5637">
    <p class='ocr_par' dir='ltr' id='par_1_61' title="bbox 352 5554 1989 5637">
     <span class='ocr_line' id='line_1_61' title="bbox 352 5554 1989 5637; baseline 0.003 -27"><span class='ocrx_word' id='word_1_395' title='bbox 352 5569 390 5610; x_wconf 88' lang='lat' dir='ltr'><strong>a</strong></span> <span class='ocrx_word' id='word_1_396' title='bbox 416 5554 811 5637; x_wconf 39' lang='lat' dir='ltr'><strong>Theoderico,</strong></span> <span class='ocrx_word' id='word_1_397' title='bbox 824 5557 925 5628; x_wconf 92' lang='lat' dir='ltr'><strong>qui</strong></span> <span class='ocrx_word' id='word_1_398' title='bbox 967 5554 1171 5637; x_wconf 58' lang='lat' dir='ltr'><strong>postea</strong></span> <span class='ocrx_word' id='word_1_399' title='bbox 1186 5554 1391 5637; x_wconf 58' lang='lat' dir='ltr'><strong>factus</strong></span> <span class='ocrx_word' id='word_1_400' title='bbox 1433 5568 1517 5618; x_wconf 81' lang='lat' dir='ltr'><strong>est</strong></span> <span class='ocrx_word' id='word_1_401' title='bbox 1542 5562 1853 5637; x_wconf 60' lang='lat' dir='ltr'><strong>episcopus</strong></span> <span class='ocrx_word' id='word_1_402' title='bbox 1872 5554 1989 5615; x_wconf 73' lang='grc' dir='ltr'><strong>Αιιέ</strong></span> 
     </span>
    </p>
   </div>
   <div class='ocr_carea' id='block_1_62' title="bbox 353 5625 1986 5705">
    <p class='ocr_par' dir='ltr' id='par_1_62' title="bbox 353 5625 1986 5705">
     <span class='ocr_line' id='line_1_62' title="bbox 353 5625 1986 5705; baseline 0.002 -26"><span class='ocrx_word' id='word_1_403' title='bbox 353 5625 817 5705; x_wconf 55' lang='grc' dir='ltr'><strong>νςιίιιτιεῃεὶλςι</strong></span> <span class='ocrx_word' id='word_1_404' title='bbox 844 5625 1105 5705; x_wconf 57' lang='lat' dir='ltr'><strong>accepit.</strong></span> <span class='ocrx_word' id='word_1_405' title='bbox 1137 5625 1291 5685; x_wconf 86' lang='lat' dir='ltr'><strong>Obiit</strong></span> <span class='ocrx_word' id='word_1_406' title='bbox 1328 5637 1527 5687; x_wconf 90' lang='lat' dir='ltr'><strong>autem</strong></span> <span class='ocrx_word' id='word_1_407' title='bbox 1569 5625 1986 5705; x_wconf 75' lang='lat' dir='ltr'><strong>Theodericus,</strong></span> 
     </span>
    </p>
   </div>
   <div class='ocr_carea' id='block_1_63' title="bbox 355 5693 1990 5770">
    <p class='ocr_par' dir='ltr' id='par_1_63' title="bbox 355 5693 1990 5770">
     <span class='ocr_line' id='line_1_63' title="bbox 355 5693 1990 5770; baseline 0.005 -21"><span class='ocrx_word' id='word_1_408' title='bbox 355 5697 423 5749; x_wconf 87' lang='lat' dir='ltr'><strong>ut</strong></span> <span class='ocrx_word' id='word_1_409' title='bbox 447 5693 528 5750; x_wconf 77' lang='lat' dir='ltr'><strong>ad</strong></span> <span class='ocrx_word' id='word_1_410' title='bbox 562 5693 694 5765; x_wconf 79' lang='lat' dir='ltr'><strong>ejus</strong></span> <span class='ocrx_word' id='word_1_411' title='bbox 718 5693 907 5751; x_wconf 79' lang='lat' dir='ltr'><strong>Vitam</strong></span> <span class='ocrx_word' id='word_1_412' title='bbox 943 5693 1223 5770; x_wconf 66' lang='lat' dir='ltr'><strong>diximus,</strong></span> <span class='ocrx_word' id='word_1_413' title='bbox 1251 5715 1412 5757; x_wconf 91' lang='lat' dir='ltr'><strong>anno</strong></span> <span class='ocrx_word' id='word_1_414' title='bbox 1456 5704 1612 5768; x_wconf 67' lang='lat'><strong>£022,</strong></span> <span class='ocrx_word' id='word_1_415' title='bbox 1644 5715 1853 5755; x_wconf 87' lang='lat' dir='ltr'><strong>mense</strong></span> <span class='ocrx_word' id='word_1_416' title='bbox 1900 5693 1990 5757; x_wconf 49' lang='lat' dir='ltr'><strong>la;</strong></span> 
     </span>
    </p>
   </div>
   <div class='ocr_carea' id='block_1_64' title="bbox 1361 273 2694 339">
    <p class='ocr_par' dir='ltr' id='par_1_64' title="bbox 1361 273 2694 339">
     <span class='ocr_line' id='line_1_64' title="bbox 1361 273 2694 339; baseline -0.003 0"><span class='ocrx_word' id='word_1_417' title='bbox 1361 280 1812 339; x_wconf 77' lang='lat' dir='ltr'><strong>ANGELRANNI</strong></span> <span class='ocrx_word' id='word_1_418' title='bbox 1850 273 2148 333; x_wconf 78' lang='lat' dir='ltr'><strong>ABBATIS</strong></span> <span class='ocrx_word' id='word_1_419' title='bbox 2205 278 2694 337; x_wconf 81' lang='lat' dir='ltr'><strong>CENTULENSIS.</strong></span> 
     </span>
    </p>
   </div>
   <div class='ocr_carea' id='block_1_65' title="bbox 3662 258 3799 322">
    <p class='ocr_par' dir='ltr' id='par_1_65' title="bbox 3662 258 3799 322">
     <span class='ocr_line' id='line_1_65' title="bbox 3662 258 3799 322; baseline -0.007 0"><span class='ocrx_word' id='word_1_420' title='bbox 3662 258 3799 322; x_wconf 59' lang='lat' dir='ltr'><strong>{ut</strong></span> 
     </span>
    </p>
   </div>
   <div class='ocr_carea' id='block_1_66' title="bbox 2096 389 3798 459">
    <p class='ocr_par' dir='ltr' id='par_1_66' title="bbox 2096 389 3798 459">
     <span class='ocr_line' id='line_1_66' title="bbox 2096 389 3798 459; baseline -0.006 -4"><span class='ocrx_word' id='word_1_421' title='bbox 2096 399 2522 459; x_wconf 88' lang='lat' dir='ltr'><strong>benevolentia</strong></span> <span class='ocrx_word' id='word_1_422' title='bbox 2551 408 2643 459; x_wconf 90' lang='lat' dir='ltr'><strong>sat</strong></span> <span class='ocrx_word' id='word_1_423' title='bbox 2670 405 2758 458; x_wconf 90' lang='lat' dir='ltr'><strong>est</strong></span> <span class='ocrx_word' id='word_1_424' title='bbox 2785 400 3127 457; x_wconf 89' lang='lat' dir='ltr'><strong>animarum</strong></span> <span class='ocrx_word' id='word_1_425' title='bbox 3172 394 3468 455; x_wconf 80' lang='lat' dir='ltr'><strong>salutem</strong></span> <span class='ocrx_word' id='word_1_426' title='bbox 3500 389 3798 457; x_wconf 80' lang='lat' dir='ltr'><strong>obtinere,</strong></span> 
     </span>
    </p>
   </div>
   <div class='ocr_carea' id='block_1_67' title="bbox 2095 480 3801 548">
    <p class='ocr_par' dir='ltr' id='par_1_67' title="bbox 2095 480 3801 548">
     <span class='ocr_line' id='line_1_67' title="bbox 2095 480 3801 548; baseline -0.005 -5"><span class='ocrx_word' id='word_1_427' title='bbox 2095 488 2199 544; x_wconf 90' lang='lat' dir='ltr'><strong>sed</strong></span> <span class='ocrx_word' id='word_1_428' title='bbox 2230 493 2395 546; x_wconf 89' lang='lat' dir='ltr'><strong>curat</strong></span> <span class='ocrx_word' id='word_1_429' title='bbox 2424 490 2602 547; x_wconf 90' lang='lat' dir='ltr'><strong>etiam</strong></span> <span class='ocrx_word' id='word_1_430' title='bbox 2641 490 2889 548; x_wconf 88' lang='lat' dir='ltr'><strong>terrenis</strong></span> <span class='ocrx_word' id='word_1_431' title='bbox 2937 487 3207 545; x_wconf 87' lang='lat' dir='ltr'><strong>adiﬁciis</strong></span> <span class='ocrx_word' id='word_1_432' title='bbox 3245 486 3485 543; x_wconf 88' lang='lat' dir='ltr'><strong>locum</strong></span> <span class='ocrx_word' id='word_1_433' title='bbox 3519 480 3801 538; x_wconf 64' lang='lat' dir='ltr'><strong>commis»</strong></span> 
     </span>
    </p>
   </div>
   <div class='ocr_carea' id='block_1_68' title="bbox 2092 566 3799 653">
    <p class='ocr_par' dir='ltr' id='par_1_68' title="bbox 2092 566 3799 653">
     <span class='ocr_line' id='line_1_68' title="bbox 2092 566 3799 653; baseline -0.005 -20"><span class='ocrx_word' id='word_1_434' title='bbox 2092 594 2224 634; x_wconf 91' lang='lat' dir='ltr'><strong>sum</strong></span> <span class='ocrx_word' id='word_1_435' title='bbox 2245 579 2557 637; x_wconf 89' lang='lat' dir='ltr'><strong>honorare.</strong></span> <span class='ocrx_word' id='word_1_436' title='bbox 2580 570 2842 653; x_wconf 86' lang='lat' dir='ltr'><strong>Denique</strong></span> <span class='ocrx_word' id='word_1_437' title='bbox 2872 578 3101 635; x_wconf 75' lang='lat' dir='ltr'><strong>mania</strong></span> <span class='ocrx_word' id='word_1_438' title='bbox 3133 575 3387 639; x_wconf 84' lang='lat' dir='ltr'><strong>struxit,</strong></span> <span class='ocrx_word' id='word_1_439' title='bbox 3410 566 3655 628; x_wconf 81' lang='lat' dir='ltr'><strong>sacras</strong></span> <span class='ocrx_word' id='word_1_440' title='bbox 3675 584 3799 625; x_wconf 83' lang='lat' dir='ltr'><strong>aras</strong></span> 
     </span>
    </p>
   </div>
   <div class='ocr_carea' id='block_1_69' title="bbox 2093 667 3803 740">
    <p class='ocr_par' dir='ltr' id='par_1_69' title="bbox 2093 667 3803 740">
     <span class='ocr_line' id='line_1_69' title="bbox 2093 667 3803 740; baseline -0.006 -17"><span class='ocrx_word' id='word_1_441' title='bbox 2093 683 2240 723; x_wconf 91' lang='lat' dir='ltr'><strong>auro</strong></span> <span class='ocrx_word' id='word_1_442' title='bbox 2269 673 2323 724; x_wconf 93' lang='lat' dir='ltr'><strong>et</strong></span> <span class='ocrx_word' id='word_1_443' title='bbox 2352 672 2599 738; x_wconf 88' lang='lat' dir='ltr'><strong>argento</strong></span> <span class='ocrx_word' id='word_1_444' title='bbox 2627 668 2876 739; x_wconf 90' lang='lat' dir='ltr'><strong>vestivit,</strong></span> <span class='ocrx_word' id='word_1_445' title='bbox 2902 667 3239 740; x_wconf 90' lang='lat' dir='ltr'><strong>Christique</strong></span> <span class='ocrx_word' id='word_1_446' title='bbox 3269 678 3441 721; x_wconf 89' lang='lat' dir='ltr'><strong>vasa</strong></span> <span class='ocrx_word' id='word_1_447' title='bbox 3480 674 3803 716; x_wconf 84' lang='lat' dir='ltr'><strong>sacrosan-</strong></span> 
     </span>
    </p>
   </div>
   <div class='ocr_carea' id='block_1_70' title="bbox 2092 749 3799 831">
    <p class='ocr_par' dir='ltr' id='par_1_70' title="bbox 2092 749 3799 831">
     <span class='ocr_line' id='line_1_70' title="bbox 2092 749 3799 831; baseline -0.006 -19"><span class='ocrx_word' id='word_1_448' title='bbox 2092 761 2188 813; x_wconf 91' lang='lat' dir='ltr'><strong>cta</strong></span> <span class='ocrx_word' id='word_1_449' title='bbox 2224 773 2334 830; x_wconf 90' lang='lat' dir='ltr'><strong>pro</strong></span> <span class='ocrx_word' id='word_1_450' title='bbox 2376 774 2553 831; x_wconf 89' lang='lat' dir='ltr'><strong>posse</strong></span> <span class='ocrx_word' id='word_1_451' title='bbox 2600 756 2926 831; x_wconf 90' lang='lat' dir='ltr'><strong>ampliavit.</strong></span> <span class='ocrx_word' id='word_1_452' title='bbox 2964 755 3404 813; x_wconf 88' lang='lat' dir='ltr'><strong>Delectabatur</strong></span> <span class='ocrx_word' id='word_1_453' title='bbox 3438 749 3653 825; x_wconf 85' lang='lat' dir='ltr'><strong>plane</strong></span> <span class='ocrx_word' id='word_1_454' title='bbox 3683 764 3799 803; x_wconf 86' lang='lat' dir='ltr'><strong>san-</strong></span> 
     </span>
    </p>
   </div>
   <div class='ocr_carea' id='block_1_71' title="bbox 2093 837 3800 919">
    <p class='ocr_par' dir='ltr' id='par_1_71' title="bbox 2093 837 3800 919">
     <span class='ocr_line' id='line_1_71' title="bbox 2093 837 3800 919; baseline -0.007 -18"><span class='ocrx_word' id='word_1_455' title='bbox 2093 849 2254 901; x_wconf 91' lang='lat' dir='ltr'><strong>ctum</strong></span> <span class='ocrx_word' id='word_1_456' title='bbox 2282 845 2589 915; x_wconf 91' lang='lat' dir='ltr'><strong>ingenium</strong></span> <span class='ocrx_word' id='word_1_457' title='bbox 2618 846 2782 908; x_wconf 79' lang='lat' dir='ltr'><strong>bono</strong></span> <span class='ocrx_word' id='word_1_458' title='bbox 2811 861 3012 919; x_wconf 87' lang='lat' dir='ltr'><strong>opere,</strong></span> <span class='ocrx_word' id='word_1_459' title='bbox 3044 843 3444 917; x_wconf 83' lang='lat' dir='ltr'><strong>pascebatur</strong></span> <span class='ocrx_word' id='word_1_460' title='bbox 3490 837 3612 912; x_wconf 86' lang='lat' dir='ltr'><strong>pia</strong></span> <span class='ocrx_word' id='word_1_461' title='bbox 3643 851 3800 892; x_wconf 80' lang='lat' dir='ltr'><strong>meus</strong></span> 
     </span>
    </p>
   </div>
   <div class='ocr_carea' id='block_1_72' title="bbox 2094 925 3801 992">
    <p class='ocr_par' dir='ltr' id='par_1_72' title="bbox 2094 925 3801 992">
     <span class='ocr_line' id='line_1_72' title="bbox 2094 925 3801 992; baseline -0.006 -2"><span class='ocrx_word' id='word_1_462' title='bbox 2094 938 2301 991; x_wconf 90' lang='lat' dir='ltr'><strong>sancta</strong></span> <span class='ocrx_word' id='word_1_463' title='bbox 2327 935 2760 992; x_wconf 86' lang='lat' dir='ltr'><strong>exercitatione.</strong></span> <span class='ocrx_word' id='word_1_464' title='bbox 2790 936 3018 990; x_wconf 90' lang='lat' dir='ltr'><strong>Interea</strong></span> <span class='ocrx_word' id='word_1_465' title='bbox 3046 932 3358 990; x_wconf 86' lang='lat' dir='ltr'><strong>Notkerus</strong></span> <span class='ocrx_word' id='word_1_466' title='bbox 3398 925 3801 985; x_wconf 80' lang='lat' dir='ltr'><strong>Leodicensis</strong></span> 
     </span>
    </p>
   </div>
   <div class='ocr_carea' id='block_1_73' title="bbox 2093 1013 3799 1095">
    <p class='ocr_par' dir='ltr' id='par_1_73' title="bbox 2093 1013 3799 1095">
     <span class='ocr_line' id='line_1_73' title="bbox 2093 1013 3799 1095; baseline -0.007 -17"><span class='ocrx_word' id='word_1_467' title='bbox 2093 1022 2430 1095; x_wconf 88' lang='lat' dir='ltr'><strong>episcopus,</strong></span> <span class='ocrx_word' id='word_1_468' title='bbox 2450 1022 2541 1078; x_wconf 90' lang='lat' dir='ltr'><strong>cui</strong></span> <span class='ocrx_word' id='word_1_469' title='bbox 2569 1040 2605 1079; x_wconf 91' lang='lat' dir='ltr'><strong>a</strong></span> <span class='ocrx_word' id='word_1_470' title='bbox 2624 1023 2852 1079; x_wconf 92' lang='lat' dir='ltr'><strong>domno</strong></span> <span class='ocrx_word' id='word_1_471' title='bbox 2880 1021 3195 1093; x_wconf 89' lang='lat' dir='ltr'><strong>lngelardo</strong></span> <span class='ocrx_word' id='word_1_472' title='bbox 3224 1019 3484 1075; x_wconf 82' lang='lat' dir='ltr'><strong>abbate</strong></span> <span class='ocrx_word' id='word_1_473' title='bbox 3514 1013 3799 1089; x_wconf 76' lang='lat' dir='ltr'><strong>quaedam</strong></span> 
     </span>
    </p>
   </div>
   <div class='ocr_carea' id='block_1_74' title="bbox 2094 1103 3803 1185">
    <p class='ocr_par' dir='ltr' id='par_1_74' title="bbox 2094 1103 3803 1185">
     <span class='ocr_line' id='line_1_74' title="bbox 2094 1103 3803 1185; baseline -0.005 -19"><span class='ocrx_word' id='word_1_474' title='bbox 2094 1112 2290 1167; x_wconf 91' lang='lat' dir='ltr'><strong>Sancti</strong></span> <span class='ocrx_word' id='word_1_475' title='bbox 2318 1112 2570 1169; x_wconf 84' lang='lat' dir='ltr'><strong>Richarii</strong></span> <span class='ocrx_word' id='word_1_476' title='bbox 2615 1112 2845 1185; x_wconf 76' lang='lat' dir='ltr'><strong>praedia</strong></span> <span class='ocrx_word' id='word_1_477' title='bbox 2874 1111 3112 1168; x_wconf 84' lang='lat' dir='ltr'><strong>fuerant</strong></span> <span class='ocrx_word' id='word_1_478' title='bbox 3141 1109 3625 1182; x_wconf 83' lang='lat' dir='ltr'><strong>oppignerata,</strong></span> <span class='ocrx_word' id='word_1_479' title='bbox 3657 1103 3803 1159; x_wconf 87' lang='lat' dir='ltr'><strong>obie-</strong></span> 
     </span>
    </p>
   </div>
   <div class='ocr_carea' id='block_1_75' title="bbox 2092 1192 3802 1272">
    <p class='ocr_par' dir='ltr' id='par_1_75' title="bbox 2092 1192 3802 1272">
     <span class='ocr_line' id='line_1_75' title="bbox 2092 1192 3802 1272; baseline -0.006 -17"><span class='ocrx_word' id='word_1_480' title='bbox 2092 1204 2202 1267; x_wconf 89' lang='lat' dir='ltr'><strong>rat,</strong></span> <span class='ocrx_word' id='word_1_481' title='bbox 2235 1204 2291 1256; x_wconf 91' lang='lat' dir='ltr'><strong>et</strong></span> <span class='ocrx_word' id='word_1_482' title='bbox 2318 1205 2454 1272; x_wconf 91' lang='lat' dir='ltr'><strong>post</strong></span> <span class='ocrx_word' id='word_1_483' title='bbox 2497 1200 2645 1256; x_wconf 89' lang='lat' dir='ltr'><strong>alios</strong></span> <span class='ocrx_word' id='word_1_484' title='bbox 2675 1200 2829 1256; x_wconf 89' lang='lat' dir='ltr'><strong>duos</strong></span> <span class='ocrx_word' id='word_1_485' title='bbox 2881 1198 3201 1256; x_wconf 90' lang='lat' dir='ltr'><strong>Durandus</strong></span> <span class='ocrx_word' id='word_1_486' title='bbox 3255 1196 3482 1270; x_wconf 85' lang='lat' dir='ltr'><strong>ipsius</strong></span> <span class='ocrx_word' id='word_1_487' title='bbox 3518 1192 3695 1249; x_wconf 84' lang='lat' dir='ltr'><strong>sedis</strong></span> <span class='ocrx_word' id='word_1_488' title='bbox 3724 1208 3802 1245; x_wconf 90' lang='lat' dir='ltr'><strong>su-</strong></span> 
     </span>
    </p>
   </div>
   <div class='ocr_carea' id='block_1_76' title="bbox 2094 1279 3802 1361">
    <p class='ocr_par' dir='ltr' id='par_1_76' title="bbox 2094 1279 3802 1361">
     <span class='ocr_line' id='line_1_76' title="bbox 2094 1279 3802 1361; baseline -0.005 -18"><span class='ocrx_word' id='word_1_489' title='bbox 2094 1292 2362 1360; x_wconf 90' lang='lat' dir='ltr'><strong>sceperat</strong></span> <span class='ocrx_word' id='word_1_490' title='bbox 2410 1288 2819 1361; x_wconf 81' lang='lat' dir='ltr'><strong>praesulatum.</strong></span> <span class='ocrx_word' id='word_1_491' title='bbox 2849 1288 3019 1343; x_wconf 88' lang='lat' dir='ltr'><strong>Hunc</strong></span> <span class='ocrx_word' id='word_1_492' title='bbox 3060 1287 3273 1359; x_wconf 89' lang='lat' dir='ltr'><strong>itaque</strong></span> <span class='ocrx_word' id='word_1_493' title='bbox 3320 1283 3556 1340; x_wconf 87' lang='lat' dir='ltr'><strong>abbas</strong></span> <span class='ocrx_word' id='word_1_494' title='bbox 3588 1279 3802 1350; x_wconf 82' lang='lat' dir='ltr'><strong>Angel-</strong></span> 
     </span>
    </p>
   </div>
   <div class='ocr_carea' id='block_1_77' title="bbox 2094 1370 3803 1447">
    <p class='ocr_par' dir='ltr' id='par_1_77' title="bbox 2094 1370 3803 1447">
     <span class='ocr_line' id='line_1_77' title="bbox 2094 1370 3803 1447; baseline -0.005 -15"><span class='ocrx_word' id='word_1_495' title='bbox 2094 1392 2319 1433; x_wconf 90' lang='lat' dir='ltr'><strong>rannus</strong></span> <span class='ocrx_word' id='word_1_496' title='bbox 2365 1376 2527 1443; x_wconf 90' lang='lat' dir='ltr'><strong>adiit,</strong></span> <span class='ocrx_word' id='word_1_497' title='bbox 2580 1382 2656 1447; x_wconf 91' lang='lat' dir='ltr'><strong>et,</strong></span> <span class='ocrx_word' id='word_1_498' title='bbox 2689 1382 2753 1432; x_wconf 92' lang='lat' dir='ltr'><strong>ut</strong></span> <span class='ocrx_word' id='word_1_499' title='bbox 2794 1376 3206 1433; x_wconf 88' lang='lat' dir='ltr'><strong>conditionem</strong></span> <span class='ocrx_word' id='word_1_500' title='bbox 3260 1388 3489 1447; x_wconf 88' lang='lat' dir='ltr'><strong>quam</strong></span> <span class='ocrx_word' id='word_1_501' title='bbox 3549 1370 3721 1426; x_wconf 87' lang='lat' dir='ltr'><strong>illius</strong></span> <span class='ocrx_word' id='word_1_502' title='bbox 3758 1373 3803 1423; x_wconf 82' lang='lat' dir='ltr'><strong>et</strong></span> 
     </span>
    </p>
   </div>
   <div class='ocr_carea' id='block_1_78' title="bbox 2095 1462 3799 1535">
    <p class='ocr_par' dir='ltr' id='par_1_78' title="bbox 2095 1462 3799 1535">
     <span class='ocr_line' id='line_1_78' title="bbox 2095 1462 3799 1535; baseline -0.004 -14"><span class='ocrx_word' id='word_1_503' title='bbox 2095 1482 2240 1521; x_wconf 90' lang='lat' dir='ltr'><strong>suus</strong></span> <span class='ocrx_word' id='word_1_504' title='bbox 2269 1466 2486 1522; x_wconf 90' lang='lat' dir='ltr'><strong>fecerat</strong></span> <span class='ocrx_word' id='word_1_505' title='bbox 2510 1471 2850 1523; x_wconf 88' lang='lat' dir='ltr'><strong>antecessor</strong></span> <span class='ocrx_word' id='word_1_506' title='bbox 2872 1469 3213 1535; x_wconf 89' lang='lat' dir='ltr'><strong>renovaret,</strong></span> <span class='ocrx_word' id='word_1_507' title='bbox 3233 1479 3317 1520; x_wconf 92' lang='lat' dir='ltr'><strong>ne</strong></span> <span class='ocrx_word' id='word_1_508' title='bbox 3340 1462 3799 1523; x_wconf 68' lang='lat' dir='ltr'><strong>inﬁrmat-stur,</strong></span> 
     </span>
    </p>
   </div>
   <div class='ocr_carea' id='block_1_79' title="bbox 2096 1547 3801 1628">
    <p class='ocr_par' dir='ltr' id='par_1_79' title="bbox 2096 1547 3801 1628">
     <span class='ocr_line' id='line_1_79' title="bbox 2096 1547 3801 1628; baseline -0.005 -18"><span class='ocrx_word' id='word_1_509' title='bbox 2096 1556 2377 1611; x_wconf 90' lang='lat' dir='ltr'><strong>exoravit.</strong></span> <span class='ocrx_word' id='word_1_510' title='bbox 2417 1555 2526 1619; x_wconf 89' lang='lat' dir='ltr'><strong>Qui</strong></span> <span class='ocrx_word' id='word_1_511' title='bbox 2562 1555 2883 1628; x_wconf 91' lang='lat' dir='ltr'><strong>episcopus</strong></span> <span class='ocrx_word' id='word_1_512' title='bbox 2926 1552 3264 1611; x_wconf 88' lang='lat' dir='ltr'><strong>venerandi</strong></span> <span class='ocrx_word' id='word_1_513' title='bbox 3327 1550 3464 1607; x_wconf 86' lang='lat' dir='ltr'><strong>viri</strong></span> <span class='ocrx_word' id='word_1_514' title='bbox 3516 1547 3801 1624; x_wconf 85' lang='lat' dir='ltr'><strong>precibus</strong></span> 
     </span>
    </p>
   </div>
   <div class='ocr_carea' id='block_1_80' title="bbox 2097 1640 3801 1715">
    <p class='ocr_par' dir='ltr' id='par_1_80' title="bbox 2097 1640 3801 1715">
     <span class='ocr_line' id='line_1_80' title="bbox 2097 1640 3801 1715; baseline -0.004 -17"><span class='ocrx_word' id='word_1_515' title='bbox 2097 1644 2667 1715; x_wconf 90' lang='lat' dir='ltr'><strong>acquiescens,nam</strong></span> <span class='ocrx_word' id='word_1_516' title='bbox 2695 1647 2751 1699; x_wconf 93' lang='lat' dir='ltr'><strong>et</strong></span> <span class='ocrx_word' id='word_1_517' title='bbox 2779 1660 2815 1700; x_wconf 89' lang='lat' dir='ltr'><strong>a</strong></span> <span class='ocrx_word' id='word_1_518' title='bbox 2844 1643 3073 1699; x_wconf 92' lang='lat' dir='ltr'><strong>domno</strong></span> <span class='ocrx_word' id='word_1_519' title='bbox 3102 1640 3331 1698; x_wconf 89' lang='lat' dir='ltr'><strong>Erablo</strong></span> <span class='ocrx_word' id='word_1_520' title='bbox 3344 1641 3441 1710; x_wconf 79' lang='lat'><strong>(2)</strong></span> <span class='ocrx_word' id='word_1_521' title='bbox 3466 1642 3801 1695; x_wconf 83' lang='lat' dir='ltr'><strong>Remorum</strong></span> 
     </span>
    </p>
   </div>
   <div class='ocr_carea' id='block_1_81' title="bbox 2098 1726 3799 1804">
    <p class='ocr_par' dir='ltr' id='par_1_81' title="bbox 2098 1726 3799 1804">
     <span class='ocr_line' id='line_1_81' title="bbox 2098 1726 3799 1804; baseline -0.005 -16"><span class='ocrx_word' id='word_1_522' title='bbox 2098 1732 2350 1789; x_wconf 89' lang='lat' dir='ltr'><strong>antistite</strong></span> <span class='ocrx_word' id='word_1_523' title='bbox 2375 1732 2637 1804; x_wconf 91' lang='lat' dir='ltr'><strong>idipsum</strong></span> <span class='ocrx_word' id='word_1_524' title='bbox 2662 1731 2855 1788; x_wconf 90' lang='lat' dir='ltr'><strong>facere</strong></span> <span class='ocrx_word' id='word_1_525' title='bbox 2884 1731 3078 1787; x_wconf 91' lang='lat' dir='ltr'><strong>fuerat</strong></span> <span class='ocrx_word' id='word_1_526' title='bbox 3096 1734 3436 1796; x_wconf 87' lang='lat' dir='ltr'><strong>exoratus,</strong></span> <span class='ocrx_word' id='word_1_527' title='bbox 3457 1726 3595 1783; x_wconf 86' lang='lat' dir='ltr'><strong>tale</strong></span> <span class='ocrx_word' id='word_1_528' title='bbox 3611 1726 3799 1782; x_wconf 89' lang='lat' dir='ltr'><strong>denuo</strong></span> 
     </span>
    </p>
   </div>
   <div class='ocr_carea' id='block_1_82' title="bbox 2100 1820 3797 1894">
    <p class='ocr_par' dir='ltr' id='par_1_82' title="bbox 2100 1820 3797 1894">
     <span class='ocr_line' id='line_1_82' title="bbox 2100 1820 3797 1894; baseline -0.004 -17"><span class='ocrx_word' id='word_1_529' title='bbox 2100 1822 2452 1893; x_wconf 86' lang='lat' dir='ltr'><strong>rescriptum</strong></span> <span class='ocrx_word' id='word_1_530' title='bbox 2493 1820 2936 1894; x_wconf 85' lang='lat' dir='ltr'><strong>promulgavit:</strong></span> <span class='ocrx_word' id='word_1_531' title='bbox 2989 1824 3053 1876; x_wconf 84' lang='lat' dir='ltr'><strong>In</strong></span> <span class='ocrx_word' id='word_1_532' title='bbox 3093 1820 3355 1875; x_wconf 90' lang='lat' dir='ltr'><strong>nomine</strong></span> <span class='ocrx_word' id='word_1_533' title='bbox 3389 1822 3669 1883; x_wconf 79' lang='lat' dir='ltr'><strong>sanctae,</strong></span> <span class='ocrx_word' id='word_1_534' title='bbox 3701 1821 3797 1871; x_wconf 83' lang='lat' dir='ltr'><strong>etc.</strong></span> 
     </span>
    </p>
   </div>
   <div class='ocr_carea' id='block_1_83' title="bbox 2099 1904 3797 1993">
    <p class='ocr_par' dir='ltr' id='par_1_83' title="bbox 2099 1904 3797 1993">
     <span class='ocr_line' id='line_1_83' title="bbox 2099 1904 3797 1993; baseline -0.005 -27"><span class='ocrx_word' id='word_1_535' title='bbox 2099 1915 2244 1968; x_wconf 85' lang='lat' dir='ltr'><strong>Acta</strong></span> <span class='ocrx_word' id='word_1_536' title='bbox 2288 1917 2426 1967; x_wconf 90' lang='lat' dir='ltr'><strong>sunt</strong></span> <span class='ocrx_word' id='word_1_537' title='bbox 2472 1912 2609 1993; x_wconf 73' lang='lat' dir='ltr'><strong>hac</strong></span> <span class='ocrx_word' id='word_1_538' title='bbox 2648 1911 2866 1967; x_wconf 90' lang='lat' dir='ltr'><strong>Leodio</strong></span> <span class='ocrx_word' id='word_1_539' title='bbox 2908 1910 3170 1983; x_wconf 87' lang='lat' dir='ltr'><strong>publice,</strong></span> <span class='ocrx_word' id='word_1_540' title='bbox 3205 1908 3331 1966; x_wconf 88' lang='lat' dir='ltr'><strong>sub</strong></span> <span class='ocrx_word' id='word_1_541' title='bbox 3393 1907 3510 1963; x_wconf 84' lang='lat' dir='ltr'><strong>die</strong></span> <span class='ocrx_word' id='word_1_542' title='bbox 3543 1922 3651 1961; x_wconf 69' lang='lat' dir='ltr'><strong>xxv</strong></span> <span class='ocrx_word' id='word_1_543' title='bbox 3680 1904 3797 1959; x_wconf 79' lang='lat' dir='ltr'><strong>Kal.</strong></span> 
     </span>
    </p>
   </div>
   <div class='ocr_carea' id='block_1_84' title="bbox 2100 1995 3798 2067">
    <p class='ocr_par' dir='ltr' id='par_1_84' title="bbox 2100 1995 3798 2067">
     <span class='ocr_line' id='line_1_84' title="bbox 2100 1995 3798 2067; baseline -0.005 -10"><span class='ocrx_word' id='word_1_544' title='bbox 2100 1999 2384 2067; x_wconf 88' lang='lat' dir='ltr'><strong>Octobris,</strong></span> <span class='ocrx_word' id='word_1_545' title='bbox 2417 2016 2577 2055; x_wconf 90' lang='lat' dir='ltr'><strong>anno</strong></span> <span class='ocrx_word' id='word_1_546' title='bbox 2617 1999 2939 2056; x_wconf 84' lang='lat' dir='ltr'><strong>Dominica</strong></span> <span class='ocrx_word' id='word_1_547' title='bbox 2987 1996 3458 2055; x_wconf 83' lang='lat' dir='ltr'><strong>lncarnationis</strong></span> <span class='ocrx_word' id='word_1_548' title='bbox 3504 1997 3674 2063; x_wconf 79' lang='grc'><strong>1022,</strong></span> <span class='ocrx_word' id='word_1_549' title='bbox 3706 1995 3798 2049; x_wconf 87' lang='lat' dir='ltr'><strong>im-</strong></span> 
     </span>
    </p>
   </div>
   <div class='ocr_carea' id='block_1_85' title="bbox 2097 2085 3799 2162">
    <p class='ocr_par' dir='ltr' id='par_1_85' title="bbox 2097 2085 3799 2162">
     <span class='ocr_line' id='line_1_85' title="bbox 2097 2085 3799 2162; baseline -0.005 -16"><span class='ocrx_word' id='word_1_550' title='bbox 2097 2090 2244 2162; x_wconf 90' lang='lat' dir='ltr'><strong>perii</strong></span> <span class='ocrx_word' id='word_1_551' title='bbox 2271 2106 2408 2145; x_wconf 91' lang='lat' dir='ltr'><strong>vero</strong></span> <span class='ocrx_word' id='word_1_552' title='bbox 2441 2089 2672 2145; x_wconf 86' lang='lat' dir='ltr'><strong>Henrici</strong></span> <span class='ocrx_word' id='word_1_553' title='bbox 2699 2105 2821 2157; x_wconf 86' lang='lat' dir='ltr'><strong>xIx,</strong></span> <span class='ocrx_word' id='word_1_554' title='bbox 2844 2094 2954 2145; x_wconf 92' lang='lat' dir='ltr'><strong>etc.</strong></span> <span class='ocrx_word' id='word_1_555' title='bbox 2988 2091 3107 2145; x_wconf 84' lang='lat' dir='ltr'><strong>Hac</strong></span> <span class='ocrx_word' id='word_1_556' title='bbox 3132 2087 3327 2157; x_wconf 87' lang='lat' dir='ltr'><strong>igitur</strong></span> <span class='ocrx_word' id='word_1_557' title='bbox 3357 2086 3677 2159; x_wconf 85' lang='lat' dir='ltr'><strong>pactione</strong></span> <span class='ocrx_word' id='word_1_558' title='bbox 3706 2085 3799 2139; x_wconf 83' lang='lat' dir='ltr'><strong>uti-</strong></span> 
     </span>
    </p>
   </div>
   <div class='ocr_carea' id='block_1_86' title="bbox 2097 2176 3484 2250">
    <p class='ocr_par' dir='ltr' id='par_1_86' title="bbox 2097 2176 3484 2250">
     <span class='ocr_line' id='line_1_86' title="bbox 2097 2176 3484 2250; baseline -0.003 -18"><span class='ocrx_word' id='word_1_559' title='bbox 2097 2177 2226 2232; x_wconf 90' lang='lat' dir='ltr'><strong>liter</strong></span> <span class='ocrx_word' id='word_1_560' title='bbox 2252 2180 2546 2250; x_wconf 89' lang='lat' dir='ltr'><strong>reparata,</strong></span> <span class='ocrx_word' id='word_1_561' title='bbox 2573 2176 3006 2232; x_wconf 87' lang='lat' dir='ltr'><strong>monasterium</strong></span> <span class='ocrx_word' id='word_1_562' title='bbox 3032 2190 3323 2231; x_wconf 88' lang='lat' dir='ltr'><strong>reversus</strong></span> <span class='ocrx_word' id='word_1_563' title='bbox 3351 2177 3484 2229; x_wconf 89' lang='lat' dir='ltr'><strong>est.</strong></span> 
     </span>
    </p>
   </div>
   <div class='ocr_carea' id='block_1_87' title="bbox 2170 2261 3796 2337">
    <p class='ocr_par' dir='ltr' id='par_1_87' title="bbox 2170 2261 3796 2337">
     <span class='ocr_line' id='line_1_87' title="bbox 2170 2261 3796 2337; baseline -0.004 -16"><span class='ocrx_word' id='word_1_564' title='bbox 2170 2274 2221 2321; x_wconf 86' lang='lat'><strong>7.</strong></span> <span class='ocrx_word' id='word_1_565' title='bbox 2256 2264 2593 2337; x_wconf 81' lang='lat' dir='ltr'><strong>Aliquando</strong></span> <span class='ocrx_word' id='word_1_566' title='bbox 2621 2265 2802 2321; x_wconf 89' lang='lat' dir='ltr'><strong>etiam</strong></span> <span class='ocrx_word' id='word_1_567' title='bbox 2830 2263 3166 2320; x_wconf 85' lang='lat' dir='ltr'><strong>Neustriam</strong></span> <span class='ocrx_word' id='word_1_568' title='bbox 3196 2262 3333 2329; x_wconf 89' lang='lat' dir='ltr'><strong>ivit,</strong></span> <span class='ocrx_word' id='word_1_569' title='bbox 3370 2267 3444 2318; x_wconf 88' lang='lat' dir='ltr'><strong>et</strong></span> <span class='ocrx_word' id='word_1_570' title='bbox 3496 2261 3796 2334; x_wconf 88' lang='lat' dir='ltr'><strong>colloquio</strong></span> 
     </span>
    </p>
   </div>
   <div class='ocr_carea' id='block_1_88' title="bbox 2100 2350 3796 2426">
    <p class='ocr_par' dir='ltr' id='par_1_88' title="bbox 2100 2350 3796 2426">
     <span class='ocr_line' id='line_1_88' title="bbox 2100 2350 3796 2426; baseline -0.003 -15"><span class='ocrx_word' id='word_1_571' title='bbox 2100 2355 2460 2411; x_wconf 91' lang='lat' dir='ltr'><strong>marchionis</strong></span> <span class='ocrx_word' id='word_1_572' title='bbox 2492 2354 2765 2411; x_wconf 79' lang='lat' dir='ltr'><strong>Richardi</strong></span> <span class='ocrx_word' id='word_1_573' title='bbox 2789 2370 2959 2420; x_wconf 91' lang='lat' dir='ltr'><strong>usus,</strong></span> <span class='ocrx_word' id='word_1_574' title='bbox 2984 2351 3325 2426; x_wconf 88' lang='lat' dir='ltr'><strong>postulavit</strong></span> <span class='ocrx_word' id='word_1_575' title='bbox 3357 2351 3682 2407; x_wconf 87' lang='lat' dir='ltr'><strong>eumdem</strong></span> <span class='ocrx_word' id='word_1_576' title='bbox 3705 2350 3796 2405; x_wconf 47' lang='lat' dir='ltr'><strong>du-</strong></span> 
     </span>
    </p>
   </div>
   <div class='ocr_carea' id='block_1_89' title="bbox 2099 2440 3793 2516">
    <p class='ocr_par' dir='ltr' id='par_1_89' title="bbox 2099 2440 3793 2516">
     <span class='ocr_line' id='line_1_89' title="bbox 2099 2440 3793 2516; baseline -0.004 -16"><span class='ocrx_word' id='word_1_577' title='bbox 2099 2460 2250 2503; x_wconf 87' lang='lat' dir='ltr'><strong>cem.</strong></span> <span class='ocrx_word' id='word_1_578' title='bbox 2270 2449 2335 2499; x_wconf 90' lang='lat' dir='ltr'><strong>ut</strong></span> <span class='ocrx_word' id='word_1_579' title='bbox 2360 2460 2469 2516; x_wconf 91' lang='lat' dir='ltr'><strong>pro</strong></span> <span class='ocrx_word' id='word_1_580' title='bbox 2500 2443 2685 2499; x_wconf 91' lang='lat' dir='ltr'><strong>salute</strong></span> <span class='ocrx_word' id='word_1_581' title='bbox 2717 2458 2840 2498; x_wconf 80' lang='lat' dir='ltr'><strong>sua</strong></span> <span class='ocrx_word' id='word_1_582' title='bbox 2870 2441 3092 2497; x_wconf 82' lang='lat' dir='ltr'><strong>anima</strong></span> <span class='ocrx_word' id='word_1_583' title='bbox 3120 2442 3358 2498; x_wconf 88' lang='lat' dir='ltr'><strong>Sancto</strong></span> <span class='ocrx_word' id='word_1_584' title='bbox 3383 2440 3692 2497; x_wconf 82' lang='lat' dir='ltr'><strong>Richario</strong></span> <span class='ocrx_word' id='word_1_585' title='bbox 3712 2440 3793 2494; x_wconf 81' lang='lat' dir='ltr'><strong>ali-</strong></span> 
     </span>
    </p>
   </div>
   <div class='ocr_carea' id='block_1_90' title="bbox 2098 2528 3791 2605">
    <p class='ocr_par' dir='ltr' id='par_1_90' title="bbox 2098 2528 3791 2605">
     <span class='ocr_line' id='line_1_90' title="bbox 2098 2528 3791 2605; baseline -0.001 -19"><span class='ocrx_word' id='word_1_586' title='bbox 2098 2532 2241 2605; x_wconf 85' lang='lat' dir='ltr'><strong>quid</strong></span> <span class='ocrx_word' id='word_1_587' title='bbox 2269 2531 2599 2601; x_wconf 86' lang='lat' dir='ltr'><strong>largiretur.</strong></span> <span class='ocrx_word' id='word_1_588' title='bbox 2633 2530 2766 2600; x_wconf 85' lang='lat' dir='ltr'><strong>Qui,</strong></span> <span class='ocrx_word' id='word_1_589' title='bbox 2787 2529 2979 2585; x_wconf 90' lang='lat' dir='ltr'><strong>sciens</strong></span> <span class='ocrx_word' id='word_1_590' title='bbox 3008 2529 3211 2585; x_wconf 89' lang='lat' dir='ltr'><strong>virum</strong></span> <span class='ocrx_word' id='word_1_591' title='bbox 3242 2544 3392 2584; x_wconf 89' lang='lat' dir='ltr'><strong>esse</strong></span> <span class='ocrx_word' id='word_1_592' title='bbox 3427 2528 3791 2601; x_wconf 86' lang='lat' dir='ltr'><strong>prudentem</strong></span> 
     </span>
    </p>
   </div>
   <div class='ocr_carea' id='block_1_91' title="bbox 2099 2617 3790 2690">
    <p class='ocr_par' dir='ltr' id='par_1_91' title="bbox 2099 2617 3790 2690">
     <span class='ocr_line' id='line_1_91' title="bbox 2099 2617 3790 2690; baseline 0 -14"><span class='ocrx_word' id='word_1_593' title='bbox 2099 2628 2154 2676; x_wconf 89' lang='lat' dir='ltr'><strong>et</strong></span> <span class='ocrx_word' id='word_1_594' title='bbox 2184 2620 2495 2676; x_wconf 87' lang='lat' dir='ltr'><strong>monastici</strong></span> <span class='ocrx_word' id='word_1_595' title='bbox 2528 2619 2776 2676; x_wconf 89' lang='lat' dir='ltr'><strong>tramitis</strong></span> <span class='ocrx_word' id='word_1_596' title='bbox 2797 2622 3157 2688; x_wconf 87' lang='lat' dir='ltr'><strong>amatorem,</strong></span> <span class='ocrx_word' id='word_1_597' title='bbox 3176 2617 3472 2688; x_wconf 80' lang='lat' dir='ltr'><strong>benigne</strong></span> <span class='ocrx_word' id='word_1_598' title='bbox 3506 2618 3569 2673; x_wconf 92' lang='lat' dir='ltr'><strong>ei</strong></span> <span class='ocrx_word' id='word_1_599' title='bbox 3592 2619 3790 2690; x_wconf 77' lang='lat' dir='ltr'><strong>paruit.</strong></span> 
     </span>
    </p>
   </div>
   <div class='ocr_carea' id='block_1_92' title="bbox 2100 2705 3793 2781">
    <p class='ocr_par' dir='ltr' id='par_1_92' title="bbox 2100 2705 3793 2781">
     <span class='ocr_line' id='line_1_92' title="bbox 2100 2705 3793 2781; baseline -0.002 -17"><span class='ocrx_word' id='word_1_600' title='bbox 2100 2708 2410 2765; x_wconf 90' lang='lat' dir='ltr'><strong>conferens</strong></span> <span class='ocrx_word' id='word_1_601' title='bbox 2440 2724 2547 2781; x_wconf 90' lang='lat' dir='ltr'><strong>per</strong></span> <span class='ocrx_word' id='word_1_602' title='bbox 2571 2708 2701 2779; x_wconf 91' lang='lat' dir='ltr'><strong>ejus</strong></span> <span class='ocrx_word' id='word_1_603' title='bbox 2731 2722 2986 2763; x_wconf 90' lang='lat' dir='ltr'><strong>manum</strong></span> <span class='ocrx_word' id='word_1_604' title='bbox 3018 2708 3243 2763; x_wconf 89' lang='lat' dir='ltr'><strong>Sancto</strong></span> <span class='ocrx_word' id='word_1_605' title='bbox 3296 2705 3619 2762; x_wconf 83' lang='lat' dir='ltr'><strong>Richario</strong></span> <span class='ocrx_word' id='word_1_606' title='bbox 3648 2722 3793 2761; x_wconf 86' lang='lat' dir='ltr'><strong>casu-</strong></span> 
     </span>
    </p>
   </div>
   <div class='ocr_carea' id='block_1_93' title="bbox 2100 2794 3790 2870">
    <p class='ocr_par' dir='ltr' id='par_1_93' title="bbox 2100 2794 3790 2870">
     <span class='ocr_line' id='line_1_93' title="bbox 2100 2794 3790 2870; baseline -0.004 -16"><span class='ocrx_word' id='word_1_607' title='bbox 2100 2798 2219 2854; x_wconf 89' lang='lat' dir='ltr'><strong>lam</strong></span> <span class='ocrx_word' id='word_1_608' title='bbox 2245 2798 2517 2870; x_wconf 87' lang='lat' dir='ltr'><strong>pretiosa</strong></span> <span class='ocrx_word' id='word_1_609' title='bbox 2540 2812 2846 2870; x_wconf 84' lang='lat' dir='ltr'><strong>purpura.</strong></span> <span class='ocrx_word' id='word_1_610' title='bbox 2878 2800 2931 2851; x_wconf 91' lang='lat' dir='ltr'><strong>et</strong></span> <span class='ocrx_word' id='word_1_611' title='bbox 2963 2794 3291 2851; x_wconf 88' lang='lat' dir='ltr'><strong>ecclesiam</strong></span> <span class='ocrx_word' id='word_1_612' title='bbox 3337 2794 3790 2855; x_wconf 73' lang='lat' dir='ltr'><strong>Scabellivilla,</strong></span> 
     </span>
    </p>
   </div>
   <div class='ocr_carea' id='block_1_94' title="bbox 2098 2881 3787 2957">
    <p class='ocr_par' dir='ltr' id='par_1_94' title="bbox 2098 2881 3787 2957">
     <span class='ocr_line' id='line_1_94' title="bbox 2098 2881 3787 2957; baseline -0.004 -16"><span class='ocrx_word' id='word_1_613' title='bbox 2098 2886 2172 2942; x_wconf 91' lang='lat' dir='ltr'><strong>de</strong></span> <span class='ocrx_word' id='word_1_614' title='bbox 2202 2886 2374 2957; x_wconf 83' lang='lat' dir='ltr'><strong>cujus</strong></span> <span class='ocrx_word' id='word_1_615' title='bbox 2402 2884 2724 2941; x_wconf 87' lang='lat' dir='ltr'><strong>donatione</strong></span> <span class='ocrx_word' id='word_1_616' title='bbox 2755 2884 2936 2940; x_wconf 90' lang='lat' dir='ltr'><strong>talem</strong></span> <span class='ocrx_word' id='word_1_617' title='bbox 2970 2881 3247 2939; x_wconf 89' lang='lat' dir='ltr'><strong>condidit</strong></span> <span class='ocrx_word' id='word_1_618' title='bbox 3274 2882 3787 2955; x_wconf 82' lang='lat' dir='ltr'><strong>descriptionem.</strong></span> 
     </span>
    </p>
   </div>
   <div class='ocr_carea' id='block_1_95' title="bbox 2169 2969 3789 3039">
    <p class='ocr_par' dir='ltr' id='par_1_95' title="bbox 2169 2969 3789 3039">
     <span class='ocr_line' id='line_1_95' title="bbox 2169 2969 3789 3039; baseline -0.002 -10"><span class='ocrx_word' id='word_1_619' title='bbox 2169 2998 2195 3023; x_wconf 76' lang='grc' dir='ltr'>α</span> <span class='ocrx_word' id='word_1_620' title='bbox 2233 2978 2294 3029; x_wconf 87' lang='lat' dir='ltr'><strong>In</strong></span> <span class='ocrx_word' id='word_1_621' title='bbox 2338 2973 2581 3028; x_wconf 91' lang='lat' dir='ltr'><strong>nomine</strong></span> <span class='ocrx_word' id='word_1_622' title='bbox 2609 2976 2829 3028; x_wconf 84' lang='lat' dir='ltr'><strong>sancta</strong></span> <span class='ocrx_word' id='word_1_623' title='bbox 2857 2978 2917 3027; x_wconf 90' lang='lat' dir='ltr'><strong>et</strong></span> <span class='ocrx_word' id='word_1_624' title='bbox 2941 2969 3275 3027; x_wconf 82' lang='lat' dir='ltr'><strong>individua</strong></span> <span class='ocrx_word' id='word_1_625' title='bbox 3305 2970 3668 3037; x_wconf 86' lang='lat' dir='ltr'><strong>Trinitatis,</strong></span> <span class='ocrx_word' id='word_1_626' title='bbox 3697 2985 3789 3039; x_wconf 81' lang='lat' dir='ltr'><strong>ego</strong></span> 
     </span>
    </p>
   </div>
   <div class='ocr_carea' id='block_1_96' title="bbox 2098 3058 3789 3134">
    <p class='ocr_par' dir='ltr' id='par_1_96' title="bbox 2098 3058 3789 3134">
     <span class='ocr_line' id='line_1_96' title="bbox 2098 3058 3789 3134; baseline -0.002 -15"><span class='ocrx_word' id='word_1_627' title='bbox 2098 3062 2425 3119; x_wconf 82' lang='lat' dir='ltr'><strong>Richardus</strong></span> <span class='ocrx_word' id='word_1_628' title='bbox 2464 3064 2538 3134; x_wconf 87' lang='lat'><strong>(3)</strong></span> <span class='ocrx_word' id='word_1_629' title='bbox 2570 3060 2776 3117; x_wconf 87' lang='lat' dir='ltr'><strong>divina</strong></span> <span class='ocrx_word' id='word_1_630' title='bbox 2816 3060 3184 3116; x_wconf 81' lang='lat' dir='ltr'><strong>concedente</strong></span> <span class='ocrx_word' id='word_1_631' title='bbox 3233 3058 3450 3130; x_wconf 76' lang='lat' dir='ltr'><strong>gratia</strong></span> <span class='ocrx_word' id='word_1_632' title='bbox 3484 3064 3789 3116; x_wconf 84' lang='lat' dir='ltr'><strong>Nortman-</strong></span> 
     </span>
    </p>
   </div>
   <div class='ocr_carea' id='block_1_97' title="bbox 2099 3146 3789 3222">
    <p class='ocr_par' dir='ltr' id='par_1_97' title="bbox 2099 3146 3789 3222">
     <span class='ocr_line' id='line_1_97' title="bbox 2099 3146 3789 3222; baseline -0.002 -15"><span class='ocrx_word' id='word_1_633' title='bbox 2099 3167 2316 3207; x_wconf 92' lang='lat' dir='ltr'><strong>norum</strong></span> <span class='ocrx_word' id='word_1_634' title='bbox 2359 3150 2502 3206; x_wconf 91' lang='lat' dir='ltr'><strong>dux.</strong></span> <span class='ocrx_word' id='word_1_635' title='bbox 2545 3153 2928 3222; x_wconf 89' lang='lat' dir='ltr'><strong>Compertum</strong></span> <span class='ocrx_word' id='word_1_636' title='bbox 2971 3164 3103 3205; x_wconf 90' lang='lat' dir='ltr'><strong>esse</strong></span> <span class='ocrx_word' id='word_1_637' title='bbox 3154 3146 3473 3204; x_wconf 88' lang='lat' dir='ltr'><strong>volumus</strong></span> <span class='ocrx_word' id='word_1_638' title='bbox 3524 3149 3789 3205; x_wconf 87' lang='lat' dir='ltr'><strong>omnium</strong></span> 
     </span>
    </p>
   </div>
   <div class='ocr_carea' id='block_1_98' title="bbox 2100 3236 3790 3311">
    <p class='ocr_par' dir='ltr' id='par_1_98' title="bbox 2100 3236 3790 3311">
     <span class='ocr_line' id='line_1_98' title="bbox 2100 3236 3790 3311; baseline -0.002 -15"><span class='ocrx_word' id='word_1_639' title='bbox 2100 3245 2317 3297; x_wconf 81' lang='lat' dir='ltr'><strong>sancta</strong></span> <span class='ocrx_word' id='word_1_640' title='bbox 2350 3240 2445 3295; x_wconf 90' lang='lat' dir='ltr'><strong>Dei</strong></span> <span class='ocrx_word' id='word_1_641' title='bbox 2491 3238 2759 3295; x_wconf 83' lang='lat' dir='ltr'><strong>Ecclesia</strong></span> <span class='ocrx_word' id='word_1_642' title='bbox 2788 3237 3060 3294; x_wconf 89' lang='lat' dir='ltr'><strong>ﬁdelium</strong></span> <span class='ocrx_word' id='word_1_643' title='bbox 3093 3236 3428 3293; x_wconf 71' lang='lat' dir='ltr'><strong>industria</strong></span> <span class='ocrx_word' id='word_1_644' title='bbox 3483 3237 3663 3311; x_wconf 85' lang='lat' dir='ltr'><strong>quod</strong></span> <span class='ocrx_word' id='word_1_645' title='bbox 3694 3241 3790 3292; x_wconf 84' lang='lat' dir='ltr'><strong>An-</strong></span> 
     </span>
    </p>
   </div>
   <div class='ocr_carea' id='block_1_99' title="bbox 2099 3325 3790 3398">
    <p class='ocr_par' dir='ltr' id='par_1_99' title="bbox 2099 3325 3790 3398">
     <span class='ocr_line' id='line_1_99' title="bbox 2099 3325 3790 3398; baseline -0.002 -15"><span class='ocrx_word' id='word_1_646' title='bbox 2099 3328 2420 3398; x_wconf 89' lang='lat' dir='ltr'><strong>gelrannus</strong></span> <span class='ocrx_word' id='word_1_647' title='bbox 2467 3327 2657 3383; x_wconf 91' lang='lat' dir='ltr'><strong>abbas</strong></span> <span class='ocrx_word' id='word_1_648' title='bbox 2705 3325 3078 3383; x_wconf 89' lang='lat' dir='ltr'><strong>Centulensis</strong></span> <span class='ocrx_word' id='word_1_649' title='bbox 3129 3325 3438 3393; x_wconf 71' lang='lat' dir='ltr'><strong>emnobii,</strong></span> <span class='ocrx_word' id='word_1_650' title='bbox 3480 3327 3596 3382; x_wconf 88' lang='lat' dir='ltr'><strong>ubi</strong></span> <span class='ocrx_word' id='word_1_651' title='bbox 3634 3342 3790 3382; x_wconf 79' lang='lat' dir='ltr'><strong>vene-</strong></span> 
     </span>
    </p>
   </div>
   <div class='ocr_carea' id='block_1_100' title="bbox 2098 3414 3791 3487">
    <p class='ocr_par' dir='ltr' id='par_1_100' title="bbox 2098 3414 3791 3487">
     <span class='ocr_line' id='line_1_100' title="bbox 2098 3414 3791 3487; baseline -0.002 -14"><span class='ocrx_word' id='word_1_652' title='bbox 2098 3417 2298 3473; x_wconf 90' lang='lat' dir='ltr'><strong>rabilis</strong></span> <span class='ocrx_word' id='word_1_653' title='bbox 2347 3416 2654 3472; x_wconf 86' lang='lat' dir='ltr'><strong>confessor</strong></span> <span class='ocrx_word' id='word_1_654' title='bbox 2699 3419 2944 3471; x_wconf 90' lang='lat' dir='ltr'><strong>sanctus</strong></span> <span class='ocrx_word' id='word_1_655' title='bbox 2976 3414 3298 3471; x_wconf 84' lang='lat' dir='ltr'><strong>Richarius</strong></span> <span class='ocrx_word' id='word_1_656' title='bbox 3352 3416 3668 3487; x_wconf 88' lang='lat' dir='ltr'><strong>quiescit,</strong></span> <span class='ocrx_word' id='word_1_657' title='bbox 3697 3415 3791 3470; x_wconf 81' lang='lat' dir='ltr'><strong>cle-</strong></span> 
     </span>
    </p>
   </div>
   <div class='ocr_carea' id='block_1_101' title="bbox 2097 3503 3790 3577">
    <p class='ocr_par' dir='ltr' id='par_1_101' title="bbox 2097 3503 3790 3577">
     <span class='ocr_line' id='line_1_101' title="bbox 2097 3503 3790 3577; baseline -0.003 -15"><span class='ocrx_word' id='word_1_658' title='bbox 2097 3507 2384 3563; x_wconf 90' lang='lat' dir='ltr'><strong>mentiam</strong></span> <span class='ocrx_word' id='word_1_659' title='bbox 2429 3508 2698 3560; x_wconf 90' lang='lat' dir='ltr'><strong>nostram</strong></span> <span class='ocrx_word' id='word_1_660' title='bbox 2730 3503 3038 3577; x_wconf 86' lang='lat' dir='ltr'><strong>expetierit</strong></span> <span class='ocrx_word' id='word_1_661' title='bbox 3064 3506 3388 3576; x_wconf 87' lang='lat' dir='ltr'><strong>quatenus</strong></span> <span class='ocrx_word' id='word_1_662' title='bbox 3434 3505 3568 3577; x_wconf 85' lang='lat' dir='ltr'><strong>ipsi</strong></span> <span class='ocrx_word' id='word_1_663' title='bbox 3599 3512 3790 3561; x_wconf 82' lang='lat' dir='ltr'><strong>sancto</strong></span> 
     </span>
    </p>
   </div>
   <div class='ocr_carea' id='block_1_102' title="bbox 2098 3591 3789 3665">
    <p class='ocr_par' dir='ltr' id='par_1_102' title="bbox 2098 3591 3789 3665">
     <span class='ocr_line' id='line_1_102' title="bbox 2098 3591 3789 3665; baseline -0.001 -13"><span class='ocrx_word' id='word_1_664' title='bbox 2098 3595 2409 3665; x_wconf 87' lang='lat' dir='ltr'><strong>largitione</strong></span> <span class='ocrx_word' id='word_1_665' title='bbox 2456 3597 2673 3649; x_wconf 85' lang='lat' dir='ltr'><strong>nostra</strong></span> <span class='ocrx_word' id='word_1_666' title='bbox 2724 3592 3126 3665; x_wconf 80' lang='lat' dir='ltr'><strong>eleemosyna</strong></span> <span class='ocrx_word' id='word_1_667' title='bbox 3184 3591 3647 3650; x_wconf 86' lang='lat' dir='ltr'><strong>conferremus</strong></span> <span class='ocrx_word' id='word_1_668' title='bbox 3698 3592 3789 3649; x_wconf 84' lang='lat' dir='ltr'><strong>ali-</strong></span> 
     </span>
    </p>
   </div>
   <div class='ocr_carea' id='block_1_103' title="bbox 2096 3682 3787 3757">
    <p class='ocr_par' dir='ltr' id='par_1_103' title="bbox 2096 3682 3787 3757">
     <span class='ocr_line' id='line_1_103' title="bbox 2096 3682 3787 3757; baseline -0.002 -17"><span class='ocrx_word' id='word_1_669' title='bbox 2096 3683 2260 3757; x_wconf 92' lang='lat' dir='ltr'><strong>quid.</strong></span> <span class='ocrx_word' id='word_1_670' title='bbox 2296 3682 2549 3740; x_wconf 90' lang='lat' dir='ltr'><strong>Consilio</strong></span> <span class='ocrx_word' id='word_1_671' title='bbox 2595 3697 2737 3753; x_wconf 91' lang='lat' dir='ltr'><strong>ergo</strong></span> <span class='ocrx_word' id='word_1_672' title='bbox 2787 3686 2845 3737; x_wconf 90' lang='lat' dir='ltr'><strong>et</strong></span> <span class='ocrx_word' id='word_1_673' title='bbox 2887 3685 3178 3752; x_wconf 87' lang='lat' dir='ltr'><strong>suggestu</strong></span> <span class='ocrx_word' id='word_1_674' title='bbox 3231 3687 3629 3740; x_wconf 82' lang='lat' dir='ltr'><strong>nostrorum</strong></span> <span class='ocrx_word' id='word_1_675' title='bbox 3658 3683 3787 3737; x_wconf 84' lang='lat' dir='ltr'><strong>ﬁde-</strong></span> 
     </span>
    </p>
   </div>
   <div class='ocr_carea' id='block_1_104' title="bbox 2096 3768 3787 3842">
    <p class='ocr_par' dir='ltr' id='par_1_104' title="bbox 2096 3768 3787 3842">
     <span class='ocr_line' id='line_1_104' title="bbox 2096 3768 3787 3842; baseline -0.002 -15"><span class='ocrx_word' id='word_1_676' title='bbox 2096 3771 2262 3838; x_wconf 90' lang='lat' dir='ltr'><strong>lium,</strong></span> <span class='ocrx_word' id='word_1_677' title='bbox 2295 3769 2669 3825; x_wconf 89' lang='lat' dir='ltr'><strong>decrevimus</strong></span> <span class='ocrx_word' id='word_1_678' title='bbox 2698 3768 2931 3825; x_wconf 88' lang='lat' dir='ltr'><strong>tradere</strong></span> <span class='ocrx_word' id='word_1_679' title='bbox 2960 3772 3259 3841; x_wconf 88' lang='lat' dir='ltr'><strong>perpetuo</strong></span> <span class='ocrx_word' id='word_1_680' title='bbox 3309 3768 3643 3842; x_wconf 61' lang='lat' dir='ltr'><strong>pradicto</strong></span> <span class='ocrx_word' id='word_1_681' title='bbox 3672 3786 3787 3825; x_wconf 82' lang='lat' dir='ltr'><strong>san-</strong></span> 
     </span>
    </p>
   </div>
   <div class='ocr_carea' id='block_1_105' title="bbox 2097 3856 3788 3929">
    <p class='ocr_par' dir='ltr' id='par_1_105' title="bbox 2097 3856 3788 3929">
     <span class='ocr_line' id='line_1_105' title="bbox 2097 3856 3788 3929; baseline 0 -12"><span class='ocrx_word' id='word_1_682' title='bbox 2097 3866 2190 3916; x_wconf 87' lang='lat' dir='ltr'><strong>cto</strong></span> <span class='ocrx_word' id='word_1_683' title='bbox 2221 3864 2277 3916; x_wconf 93' lang='lat' dir='ltr'><strong>et</strong></span> <span class='ocrx_word' id='word_1_684' title='bbox 2304 3858 2489 3914; x_wconf 88' lang='lat' dir='ltr'><strong>servis</strong></span> <span class='ocrx_word' id='word_1_685' title='bbox 2519 3857 2648 3929; x_wconf 90' lang='lat' dir='ltr'><strong>ejus</strong></span> <span class='ocrx_word' id='word_1_686' title='bbox 2694 3856 3009 3913; x_wconf 89' lang='lat' dir='ltr'><strong>ecclesiam</strong></span> <span class='ocrx_word' id='word_1_687' title='bbox 3061 3873 3202 3929; x_wconf 80' lang='lat' dir='ltr'><strong>qua</strong></span> <span class='ocrx_word' id='word_1_688' title='bbox 3235 3857 3361 3913; x_wconf 91' lang='lat' dir='ltr'><strong>sita</strong></span> <span class='ocrx_word' id='word_1_689' title='bbox 3407 3864 3518 3915; x_wconf 88' lang='lat' dir='ltr'><strong>est</strong></span> <span class='ocrx_word' id='word_1_690' title='bbox 3564 3861 3631 3916; x_wconf 91' lang='lat' dir='ltr'><strong>in</strong></span> <span class='ocrx_word' id='word_1_691' title='bbox 3677 3862 3788 3917; x_wconf 42' lang='lat' dir='ltr'><strong>Sea.</strong></span> 
     </span>
    </p>
   </div>
   <div class='ocr_carea' id='block_1_106' title="bbox 2095 3946 3789 4017">
    <p class='ocr_par' dir='ltr' id='par_1_106' title="bbox 2095 3946 3789 4017">
     <span class='ocr_line' id='line_1_106' title="bbox 2095 3946 3789 4017; baseline -0.001 -12"><span class='ocrx_word' id='word_1_692' title='bbox 2095 3949 2232 4006; x_wconf 89' lang='lat' dir='ltr'><strong>belli</strong></span> <span class='ocrx_word' id='word_1_693' title='bbox 2261 3947 2420 4004; x_wconf 88' lang='lat' dir='ltr'><strong>villa.</strong></span> <span class='ocrx_word' id='word_1_694' title='bbox 2454 3947 2735 4003; x_wconf 81' lang='lat' dir='ltr'><strong>Praefatus</strong></span> <span class='ocrx_word' id='word_1_695' title='bbox 2763 3963 2906 4003; x_wconf 91' lang='lat' dir='ltr'><strong>vero</strong></span> <span class='ocrx_word' id='word_1_696' title='bbox 2950 3946 3148 4004; x_wconf 86' lang='lat' dir='ltr'><strong>abbas</strong></span> <span class='ocrx_word' id='word_1_697' title='bbox 3174 3953 3235 4005; x_wconf 89' lang='lat' dir='ltr'><strong>et</strong></span> <span class='ocrx_word' id='word_1_698' title='bbox 3265 3946 3537 4017; x_wconf 83' lang='lat' dir='ltr'><strong>fratres,</strong></span> <span class='ocrx_word' id='word_1_699' title='bbox 3576 3951 3699 4006; x_wconf 89' lang='lat' dir='ltr'><strong>sub</strong></span> <span class='ocrx_word' id='word_1_700' title='bbox 3727 3956 3789 4004; x_wconf 65' lang='lat' dir='ltr'><strong>te</strong></span> 
     </span>
    </p>
   </div>
   <div class='ocr_carea' id='block_1_107' title="bbox 2096 4034 3792 4111">
    <p class='ocr_par' dir='ltr' id='par_1_107' title="bbox 2096 4034 3792 4111">
     <span class='ocr_line' id='line_1_107' title="bbox 2096 4034 3792 4111; baseline -0.001 -19"><span class='ocrx_word' id='word_1_701' title='bbox 2096 4037 2443 4094; x_wconf 88' lang='lat' dir='ltr'><strong>stiﬁcatione</strong></span> <span class='ocrx_word' id='word_1_702' title='bbox 2488 4035 2798 4108; x_wconf 88' lang='lat' dir='ltr'><strong>prasentis</strong></span> <span class='ocrx_word' id='word_1_703' title='bbox 2840 4034 3251 4107; x_wconf 88' lang='lat' dir='ltr'><strong>chirographi,</strong></span> <span class='ocrx_word' id='word_1_704' title='bbox 3312 4039 3792 4111; x_wconf 87' lang='lat' dir='ltr'><strong>spoponderunt</strong></span> 
     </span>
    </p>
   </div>
   <div class='ocr_carea' id='block_1_108' title="bbox 2095 4123 3790 4198">
    <p class='ocr_par' dir='ltr' id='par_1_108' title="bbox 2095 4123 3790 4198">
     <span class='ocr_line' id='line_1_108' title="bbox 2095 4123 3790 4198; baseline 0.003 -18"><span class='ocrx_word' id='word_1_705' title='bbox 2095 4125 2259 4198; x_wconf 89' lang='lat' dir='ltr'><strong>quod</strong></span> <span class='ocrx_word' id='word_1_706' title='bbox 2311 4139 2515 4180; x_wconf 91' lang='lat' dir='ltr'><strong>amore</strong></span> <span class='ocrx_word' id='word_1_707' title='bbox 2568 4123 2851 4193; x_wconf 89' lang='lat' dir='ltr'><strong>genitoris</strong></span> <span class='ocrx_word' id='word_1_708' title='bbox 2894 4123 3105 4189; x_wconf 90' lang='lat' dir='ltr'><strong>nostri,</strong></span> <span class='ocrx_word' id='word_1_709' title='bbox 3150 4128 3401 4192; x_wconf 86' lang='lat' dir='ltr'><strong>nostro,</strong></span> <span class='ocrx_word' id='word_1_710' title='bbox 3458 4132 3530 4183; x_wconf 89' lang='lat' dir='ltr'><strong>et</strong></span> <span class='ocrx_word' id='word_1_711' title='bbox 3578 4128 3790 4193; x_wconf 83' lang='lat' dir='ltr'><strong>matris,</strong></span> 
     </span>
    </p>
   </div>
   <div class='ocr_carea' id='block_1_109' title="bbox 2095 4212 3791 4291">
    <p class='ocr_par' dir='ltr' id='par_1_109' title="bbox 2095 4212 3791 4291">
     <span class='ocr_line' id='line_1_109' title="bbox 2095 4212 3791 4291; baseline -0.001 -21"><span class='ocrx_word' id='word_1_712' title='bbox 2095 4212 2366 4285; x_wconf 90' lang='lat' dir='ltr'><strong>conjugis</strong></span> <span class='ocrx_word' id='word_1_713' title='bbox 2390 4217 2446 4269; x_wconf 89' lang='lat' dir='ltr'><strong>et</strong></span> <span class='ocrx_word' id='word_1_714' title='bbox 2475 4212 2677 4286; x_wconf 91' lang='lat' dir='ltr'><strong>prolis,</strong></span> <span class='ocrx_word' id='word_1_715' title='bbox 2708 4226 2973 4285; x_wconf 88' lang='lat' dir='ltr'><strong>persona</strong></span> <span class='ocrx_word' id='word_1_716' title='bbox 3021 4212 3203 4268; x_wconf 88' lang='lat' dir='ltr'><strong>unius</strong></span> <span class='ocrx_word' id='word_1_717' title='bbox 3254 4217 3591 4273; x_wconf 86' lang='lat' dir='ltr'><strong>monachi</strong></span> <span class='ocrx_word' id='word_1_718' title='bbox 3623 4217 3791 4291; x_wconf 83' lang='lat' dir='ltr'><strong>ipsius</strong></span> 
     </span>
    </p>
   </div>
   <div class='ocr_carea' id='block_1_110' title="bbox 2096 4300 3791 4372">
    <p class='ocr_par' dir='ltr' id='par_1_110' title="bbox 2096 4300 3791 4372">
     <span class='ocr_line' id='line_1_110' title="bbox 2096 4300 3791 4372; baseline 0.001 -13"><span class='ocrx_word' id='word_1_719' title='bbox 2096 4300 2570 4372; x_wconf 88' lang='lat' dir='ltr'><strong>congregationis</strong></span> <span class='ocrx_word' id='word_1_720' title='bbox 2608 4304 2927 4370; x_wconf 90' lang='lat' dir='ltr'><strong>augeretur</strong></span> <span class='ocrx_word' id='word_1_721' title='bbox 2970 4316 3293 4372; x_wconf 88' lang='lat' dir='ltr'><strong>numerus,</strong></span> <span class='ocrx_word' id='word_1_722' title='bbox 3324 4317 3412 4359; x_wconf 86' lang='lat' dir='ltr'><strong>ea</strong></span> <span class='ocrx_word' id='word_1_723' title='bbox 3449 4306 3791 4363; x_wconf 75' lang='lat' dir='ltr'><strong>conditione</strong></span> 
     </span>
    </p>
   </div>
   <div class='ocr_carea' id='block_1_111' title="bbox 2096 4388 3793 4462">
    <p class='ocr_par' dir='ltr' id='par_1_111' title="bbox 2096 4388 3793 4462">
     <span class='ocr_line' id='line_1_111' title="bbox 2096 4388 3793 4462; baseline 0.002 -15"><span class='ocrx_word' id='word_1_724' title='bbox 2096 4396 2178 4459; x_wconf 92' lang='lat' dir='ltr'><strong>ut,</strong></span> <span class='ocrx_word' id='word_1_725' title='bbox 2202 4391 2304 4446; x_wconf 90' lang='lat' dir='ltr'><strong>illo</strong></span> <span class='ocrx_word' id='word_1_726' title='bbox 2328 4389 2648 4446; x_wconf 89' lang='lat' dir='ltr'><strong>decedente</strong></span> <span class='ocrx_word' id='word_1_727' title='bbox 2664 4405 2702 4446; x_wconf 92' lang='lat' dir='ltr'><strong>a</strong></span> <span class='ocrx_word' id='word_1_728' title='bbox 2720 4388 2959 4456; x_wconf 81' lang='lat' dir='ltr'><strong>saculo,</strong></span> <span class='ocrx_word' id='word_1_729' title='bbox 2975 4388 3223 4445; x_wconf 89' lang='lat' dir='ltr'><strong>alterius</strong></span> <span class='ocrx_word' id='word_1_730' title='bbox 3245 4405 3366 4462; x_wconf 91' lang='lat' dir='ltr'><strong>per</strong></span> <span class='ocrx_word' id='word_1_731' title='bbox 3396 4396 3657 4452; x_wconf 62' lang='lat' dir='ltr'><strong>saecula</strong></span> <span class='ocrx_word' id='word_1_732' title='bbox 3680 4395 3793 4450; x_wconf 85' lang='lat' dir='ltr'><strong>sub-</strong></span> 
     </span>
    </p>
   </div>
   <div class='ocr_carea' id='block_1_112' title="bbox 2095 4476 3792 4552">
    <p class='ocr_par' dir='ltr' id='par_1_112' title="bbox 2095 4476 3792 4552">
     <span class='ocr_line' id='line_1_112' title="bbox 2095 4476 3792 4552; baseline 0 -17"><span class='ocrx_word' id='word_1_733' title='bbox 2095 4484 2379 4552; x_wconf 88' lang='lat' dir='ltr'><strong>sequatur</strong></span> <span class='ocrx_word' id='word_1_734' title='bbox 2397 4476 2726 4546; x_wconf 90' lang='lat' dir='ltr'><strong>successio;</strong></span> <span class='ocrx_word' id='word_1_735' title='bbox 2757 4477 2904 4533; x_wconf 91' lang='lat' dir='ltr'><strong>illud</strong></span> <span class='ocrx_word' id='word_1_736' title='bbox 2926 4477 3110 4533; x_wconf 91' lang='lat' dir='ltr'><strong>etiam</strong></span> <span class='ocrx_word' id='word_1_737' title='bbox 3132 4482 3219 4546; x_wconf 91' lang='lat' dir='ltr'><strong>ut,</strong></span> <span class='ocrx_word' id='word_1_738' title='bbox 3244 4478 3332 4535; x_wconf 90' lang='lat' dir='ltr'><strong>ab</strong></span> <span class='ocrx_word' id='word_1_739' title='bbox 3360 4480 3698 4541; x_wconf 86' lang='lat' dir='ltr'><strong>hodierna</strong></span> <span class='ocrx_word' id='word_1_740' title='bbox 3720 4484 3792 4539; x_wconf 75' lang='lat' dir='ltr'><strong>die</strong></span> 
     </span>
    </p>
   </div>
   <div class='ocr_carea' id='block_1_113' title="bbox 2095 4564 3794 4640">
    <p class='ocr_par' dir='ltr' id='par_1_113' title="bbox 2095 4564 3794 4640">
     <span class='ocr_line' id='line_1_113' title="bbox 2095 4564 3794 4640; baseline 0.002 -17"><span class='ocrx_word' id='word_1_741' title='bbox 2095 4574 2152 4623; x_wconf 91' lang='lat' dir='ltr'><strong>et</strong></span> <span class='ocrx_word' id='word_1_742' title='bbox 2197 4566 2497 4638; x_wconf 89' lang='lat' dir='ltr'><strong>deinceps,</strong></span> <span class='ocrx_word' id='word_1_743' title='bbox 2538 4581 2673 4633; x_wconf 88' lang='lat' dir='ltr'><strong>nos,</strong></span> <span class='ocrx_word' id='word_1_744' title='bbox 2707 4565 3016 4638; x_wconf 90' lang='lat' dir='ltr'><strong>nostrique</strong></span> <span class='ocrx_word' id='word_1_745' title='bbox 3063 4564 3173 4620; x_wconf 89' lang='lat' dir='ltr'><strong>ﬁlii</strong></span> <span class='ocrx_word' id='word_1_746' title='bbox 3221 4571 3644 4640; x_wconf 77' lang='lat' dir='ltr'><strong>supradicta</strong></span> <span class='ocrx_word' id='word_1_747' title='bbox 3682 4587 3794 4628; x_wconf 71' lang='lat' dir='ltr'><strong>wn-</strong></span> 
     </span>
    </p>
   </div>
   <div class='ocr_carea' id='block_1_114' title="bbox 2096 4653 3793 4733">
    <p class='ocr_par' dir='ltr' id='par_1_114' title="bbox 2096 4653 3793 4733">
     <span class='ocr_line' id='line_1_114' title="bbox 2096 4653 3793 4733; baseline 0.003 -22"><span class='ocrx_word' id='word_1_748' title='bbox 2096 4654 2453 4725; x_wconf 86' lang='lat' dir='ltr'><strong>gregationis</strong></span> <span class='ocrx_word' id='word_1_749' title='bbox 2479 4653 2761 4727; x_wconf 89' lang='lat' dir='ltr'><strong>appellati</strong></span> <span class='ocrx_word' id='word_1_750' title='bbox 2791 4653 2955 4721; x_wconf 86' lang='lat' dir='ltr'><strong>socii,</strong></span> <span class='ocrx_word' id='word_1_751' title='bbox 2988 4653 3272 4710; x_wconf 88' lang='lat' dir='ltr'><strong>omnium</strong></span> <span class='ocrx_word' id='word_1_752' title='bbox 3305 4672 3471 4730; x_wconf 78' lang='lat' dir='ltr'><strong>quae</strong></span> <span class='ocrx_word' id='word_1_753' title='bbox 3516 4661 3611 4718; x_wconf 86' lang='lat' dir='ltr'><strong>ibi</strong></span> <span class='ocrx_word' id='word_1_754' title='bbox 3655 4668 3793 4733; x_wconf 79' lang='lat' dir='ltr'><strong>gesta</strong></span> 
     </span>
    </p>
   </div>
   <div class='ocr_carea' id='block_1_115' title="bbox 2094 4742 3792 4821">
    <p class='ocr_par' dir='ltr' id='par_1_115' title="bbox 2094 4742 3792 4821">
     <span class='ocr_line' id='line_1_115' title="bbox 2094 4742 3792 4821; baseline 0.002 -21"><span class='ocrx_word' id='word_1_755' title='bbox 2094 4744 2311 4800; x_wconf 91' lang='lat' dir='ltr'><strong>fuerint</strong></span> <span class='ocrx_word' id='word_1_756' title='bbox 2328 4744 2627 4799; x_wconf 90' lang='lat' dir='ltr'><strong>bonorum</strong></span> <span class='ocrx_word' id='word_1_757' title='bbox 2642 4742 2980 4800; x_wconf 89' lang='lat' dir='ltr'><strong>habeamur</strong></span> <span class='ocrx_word' id='word_1_758' title='bbox 2990 4743 3351 4816; x_wconf 89' lang='lat' dir='ltr'><strong>participes.</strong></span> <span class='ocrx_word' id='word_1_759' title='bbox 3376 4749 3461 4804; x_wconf 90' lang='lat' dir='ltr'><strong>Ut</strong></span> <span class='ocrx_word' id='word_1_760' title='bbox 3478 4750 3679 4821; x_wconf 83' lang='lat' dir='ltr'><strong>igitur</strong></span> <span class='ocrx_word' id='word_1_761' title='bbox 3691 4754 3792 4808; x_wconf 67' lang='lat' dir='ltr'><strong>hac</strong></span> 
     </span>
    </p>
   </div>
   <div class='ocr_carea' id='block_1_116' title="bbox 2096 4829 3791 4910">
    <p class='ocr_par' dir='ltr' id='par_1_116' title="bbox 2096 4829 3791 4910">
     <span class='ocr_line' id='line_1_116' title="bbox 2096 4829 3791 4910; baseline 0.001 -23"><span class='ocrx_word' id='word_1_762' title='bbox 2096 4831 2305 4888; x_wconf 86' lang='lat' dir='ltr'><strong>futuris</strong></span> <span class='ocrx_word' id='word_1_763' title='bbox 2331 4830 2704 4903; x_wconf 90' lang='lat' dir='ltr'><strong>temporibus</strong></span> <span class='ocrx_word' id='word_1_764' title='bbox 2728 4830 2974 4886; x_wconf 89' lang='lat' dir='ltr'><strong>donatio</strong></span> <span class='ocrx_word' id='word_1_765' title='bbox 2996 4829 3229 4886; x_wconf 91' lang='lat' dir='ltr'><strong>stabilis</strong></span> <span class='ocrx_word' id='word_1_766' title='bbox 3252 4846 3684 4910; x_wconf 65' lang='lat' dir='ltr'><strong>permaneat,</strong></span> <span class='ocrx_word' id='word_1_767' title='bbox 3706 4838 3791 4895; x_wconf 79' lang='lat' dir='ltr'><strong>sub</strong></span> 
     </span>
    </p>
   </div>
   <div class='ocr_carea' id='block_1_117' title="bbox 2096 4918 3791 5003">
    <p class='ocr_par' dir='ltr' id='par_1_117' title="bbox 2096 4918 3791 5003">
     <span class='ocr_line' id='line_1_117' title="bbox 2096 4918 3791 5003; baseline 0.003 -27"><span class='ocrx_word' id='word_1_768' title='bbox 2096 4920 2263 4991; x_wconf 89' lang='lat' dir='ltr'><strong>gravi</strong></span> <span class='ocrx_word' id='word_1_769' title='bbox 2294 4920 2672 4977; x_wconf 88' lang='lat' dir='ltr'><strong>anathemate</strong></span> <span class='ocrx_word' id='word_1_770' title='bbox 2693 4918 2850 4976; x_wconf 89' lang='lat' dir='ltr'><strong>facto</strong></span> <span class='ocrx_word' id='word_1_771' title='bbox 2880 4918 2961 4974; x_wconf 90' lang='lat' dir='ltr'><strong>ab</strong></span> <span class='ocrx_word' id='word_1_772' title='bbox 2982 4919 3511 4998; x_wconf 84' lang='lat' dir='ltr'><strong>archiepiscopo,</strong></span> <span class='ocrx_word' id='word_1_773' title='bbox 3538 4945 3645 4985; x_wconf 86' lang='lat' dir='ltr'><strong>me</strong></span> <span class='ocrx_word' id='word_1_774' title='bbox 3670 4944 3791 5003; x_wconf 64' lang='lat' dir='ltr'><strong>prs-</strong></span> 
     </span>
    </p>
   </div>
   <div class='ocr_carea' id='block_1_118' title="bbox 2096 5086 2327 5126">
    <p class='ocr_par' dir='ltr' id='par_1_118' title="bbox 2096 5086 2327 5126">
     <span class='ocr_line' id='line_1_118' title="bbox 2096 5086 2327 5126; baseline -0.004 0"><span class='ocrx_word' id='word_1_775' title='bbox 2096 5086 2327 5126; x_wconf 79' lang='lat' dir='ltr'><strong>nuario.</strong></span> 
     </span>
    </p>
   </div>
   <div class='ocr_carea' id='block_1_119' title="bbox 2167 5139 3789 5211">
    <p class='ocr_par' dir='ltr' id='par_1_119' title="bbox 2167 5139 3789 5211">
     <span class='ocr_line' id='line_1_119' title="bbox 2167 5139 3789 5211; baseline 0.005 -16"><span class='ocrx_word' id='word_1_776' title='bbox 2167 5142 2241 5211; x_wconf 81' lang='lat'><strong>(2)</strong></span> <span class='ocrx_word' id='word_1_777' title='bbox 2283 5140 2499 5196; x_wconf 87' lang='lat' dir='ltr'><strong>Ebalus</strong></span> <span class='ocrx_word' id='word_1_778' title='bbox 2532 5142 2884 5196; x_wconf 79' lang='lat' dir='ltr'><strong>Remensem</strong></span> <span class='ocrx_word' id='word_1_779' title='bbox 2927 5139 3268 5198; x_wconf 87' lang='lat' dir='ltr'><strong>Eeclesiam</strong></span> <span class='ocrx_word' id='word_1_780' title='bbox 3322 5146 3422 5202; x_wconf 87' lang='lat' dir='ltr'><strong>ab</strong></span> <span class='ocrx_word' id='word_1_781' title='bbox 3468 5165 3653 5208; x_wconf 87' lang='lat' dir='ltr'><strong>anno</strong></span> <span class='ocrx_word' id='word_1_782' title='bbox 3686 5154 3789 5208; x_wconf 60' lang='lat' dir='ltr'><strong>me;</strong></span> 
     </span>
    </p>
   </div>
   <div class='ocr_carea' id='block_1_120' title="bbox 2098 5211 3787 5283">
    <p class='ocr_par' dir='ltr' id='par_1_120' title="bbox 2098 5211 3787 5283">
     <span class='ocr_line' id='line_1_120' title="bbox 2098 5211 3787 5283; baseline 0.005 -17"><span class='ocrx_word' id='word_1_783' title='bbox 2098 5212 2282 5283; x_wconf 82' lang='lat' dir='ltr'><strong>tenuit</strong></span> <span class='ocrx_word' id='word_1_784' title='bbox 2315 5211 2615 5283; x_wconf 88' lang='lat' dir='ltr'><strong>usquead</strong></span> <span class='ocrx_word' id='word_1_785' title='bbox 2642 5226 2871 5283; x_wconf 82' lang='lat' dir='ltr'><strong>annum</strong></span> <span class='ocrx_word' id='word_1_786' title='bbox 2908 5214 3040 5283; x_wconf 75' lang='grc'><strong>1033</strong></span> <span class='ocrx_word' id='word_1_787' title='bbox 3073 5227 3202 5283; x_wconf 90' lang='lat' dir='ltr'><strong>quo</strong></span> <span class='ocrx_word' id='word_1_788' title='bbox 3236 5229 3273 5271; x_wconf 90' lang='lat' dir='ltr'><strong>e</strong></span> <span class='ocrx_word' id='word_1_789' title='bbox 3308 5217 3489 5275; x_wconf 86' lang='lat' dir='ltr'><strong>vivis</strong></span> <span class='ocrx_word' id='word_1_790' title='bbox 3518 5224 3787 5280; x_wconf 79' lang='lat' dir='ltr'><strong>excessit:</strong></span> 
     </span>
    </p>
   </div>
   <div class='ocr_carea' id='block_1_121' title="bbox 2096 5280 3784 5356">
    <p class='ocr_par' dir='ltr' id='par_1_121' title="bbox 2096 5280 3784 5356">
     <span class='ocr_line' id='line_1_121' title="bbox 2096 5280 3784 5356; baseline 0.005 -21"><span class='ocrx_word' id='word_1_791' title='bbox 2096 5281 2361 5356; x_wconf 70' lang='lat' dir='ltr'><strong>sepultus</strong></span> <span class='ocrx_word' id='word_1_792' title='bbox 2398 5280 2488 5356; x_wconf 76' lang='lat' dir='ltr'><strong>est</strong></span> <span class='ocrx_word' id='word_1_793' title='bbox 2513 5282 2571 5336; x_wconf 92' lang='lat' dir='ltr'><strong>in</strong></span> <span class='ocrx_word' id='word_1_794' title='bbox 2597 5296 2707 5337; x_wconf 90' lang='lat' dir='ltr'><strong>sua</strong></span> <span class='ocrx_word' id='word_1_795' title='bbox 2753 5280 3005 5356; x_wconf 79' lang='lat' dir='ltr'><strong>ecclesia</strong></span> <span class='ocrx_word' id='word_1_796' title='bbox 3055 5280 3259 5356; x_wconf 74' lang='lat' dir='ltr'><strong>prope</strong></span> <span class='ocrx_word' id='word_1_797' title='bbox 3302 5292 3573 5356; x_wconf 77' lang='lat' dir='ltr'><strong>gradus</strong></span> <span class='ocrx_word' id='word_1_798' title='bbox 3632 5294 3784 5351; x_wconf 72' lang='lat' dir='ltr'><strong>chori.</strong></span> 
     </span>
    </p>
   </div>
   <div class='ocr_carea' id='block_1_122' title="bbox 2098 5351 3833 5477">
    <p class='ocr_par' dir='ltr' id='par_1_122' title="bbox 2098 5351 3833 5477">
     <span class='ocr_line' id='line_1_122' title="bbox 2098 5351 3833 5477; baseline 0.006 -71"><span class='ocrx_word' id='word_1_799' title='bbox 2098 5354 2340 5477; x_wconf 63' lang='lat' dir='ltr'><strong>Extstant</strong></span> <span class='ocrx_word' id='word_1_800' title='bbox 2367 5351 2445 5407; x_wconf 90' lang='lat' dir='ltr'><strong>ad</strong></span> <span class='ocrx_word' id='word_1_801' title='bbox 2476 5352 2674 5424; x_wconf 89' lang='lat' dir='ltr'><strong>ipsum</strong></span> <span class='ocrx_word' id='word_1_802' title='bbox 2704 5351 2968 5424; x_wconf 83' lang='lat' dir='ltr'><strong>epistola</strong></span> <span class='ocrx_word' id='word_1_803' title='bbox 2997 5351 3333 5412; x_wconf 56' lang='lat' dir='ltr'><strong>nonnulla;</strong></span> <span class='ocrx_word' id='word_1_804' title='bbox 3370 5363 3665 5422; x_wconf 68' lang='lat' dir='ltr'><strong>P‘ulberti</strong></span> <span class='ocrx_word' id='word_1_805' title='bbox 3692 5371 3784 5422; x_wconf 79' lang='lat' dir='ltr'><strong>Car</strong></span> <span class='ocrx_word' id='word_1_806' title='bbox 3832 5362 3833 5417; x_wconf 68' lang='grc' dir='ltr'>ἒ</span> 
     </span>
     <span class='ocr_line' id='line_1_123' title="bbox 2098 5437 3833 5477; baseline -0.005 0"><span class='ocrx_word' id='word_1_807' title='bbox 2098 5437 2175 5477; x_wconf 94' lang='lat' dir='ltr'><strong>no</strong></span> <span class='ocrx_word' id='word_1_808' title='bbox 2201 5438 2378 5477; x_wconf 73' lang='lat' dir='ltr'><strong>euers.</strong></span> <span class='ocrx_word' id='word_1_809' title='bbox 3832 5438 3833 5453; x_wconf 62' lang='grc' dir='ltr'>ι</span> 
     </span>
    </p>
   </div>
   <div class='ocr_carea' id='block_1_123' title="bbox 2094 5437 3833 5478">
    <p class='ocr_par' dir='ltr' id='par_1_123' title="bbox 2094 5437 3833 5478">
     <span class='ocr_line' id='line_1_124' title="bbox 2094 5437 3833 5478; baseline -0.006 0"><span class='ocrx_word' id='word_1_810' title='bbox 2094 5437 2378 5478; x_wconf 72' lang='lat' dir='ltr'><strong>norensns.</strong></span> <span class='ocrx_word' id='word_1_811' title='bbox 3832 5438 3833 5453; x_wconf 54' lang='grc' dir='ltr'><strong>π</strong></span> 
     </span>
    </p>
   </div>
   <div class='ocr_carea' id='block_1_124' title="bbox 2168 5490 3777 5564">
    <p class='ocr_par' dir='ltr' id='par_1_124' title="bbox 2168 5490 3777 5564">
     <span class='ocr_line' id='line_1_125' title="bbox 2168 5490 3777 5564; baseline 0.009 -17"><span class='ocrx_word' id='word_1_812' title='bbox 2168 5494 2243 5563; x_wconf 88' lang='lat'><strong>(3)</strong></span> <span class='ocrx_word' id='word_1_813' title='bbox 2283 5492 2699 5564; x_wconf 26' lang='lat' dir='ltr'><strong>Richardusill,</strong></span> <span class='ocrx_word' id='word_1_814' title='bbox 2727 5490 2884 5547; x_wconf 89' lang='lat' dir='ltr'><strong>ﬁlius</strong></span> <span class='ocrx_word' id='word_1_815' title='bbox 2928 5493 3217 5551; x_wconf 85' lang='lat' dir='ltr'><strong>Richardi</strong></span> <span class='ocrx_word' id='word_1_816' title='bbox 3253 5501 3274 5553; x_wconf 90' lang='grc' dir='ltr'>ι</span> <span class='ocrx_word' id='word_1_817' title='bbox 3303 5504 3374 5556; x_wconf 89' lang='lat' dir='ltr'><strong>et</strong></span> <span class='ocrx_word' id='word_1_818' title='bbox 3408 5506 3777 5564; x_wconf 45' lang='lat' dir='ltr'><strong>Gunnoridis.</strong></span> 
     </span>
    </p>
   </div>
   <div class='ocr_carea' id='block_1_125' title="bbox 2096 5562 3779 5641">
    <p class='ocr_par' dir='ltr' id='par_1_125' title="bbox 2096 5562 3779 5641">
     <span class='ocr_line' id='line_1_126' title="bbox 2096 5562 3779 5641; baseline 0.011 -25"><span class='ocrx_word' id='word_1_819' title='bbox 2096 5562 2335 5618; x_wconf 86' lang='lat' dir='ltr'><strong>fratrem</strong></span> <span class='ocrx_word' id='word_1_820' title='bbox 2366 5563 2575 5641; x_wconf 78' lang='lat' dir='ltr'><strong>habuit</strong></span> <span class='ocrx_word' id='word_1_821' title='bbox 2594 5562 3564 5641; x_wconf 78' lang='lat' dir='ltr'><strong>Robertum_Rothomagensem</strong></span> <span class='ocrx_word' id='word_1_822' title='bbox 3596 5562 3779 5635; x_wconf 53' lang='lat' dir='ltr'><strong>sidus</strong></span> 
     </span>
    </p>
   </div>
   <div class='ocr_carea' id='block_1_126' title="bbox 2098 5632 3833 5706">
    <p class='ocr_par' dir='ltr' id='par_1_126' title="bbox 2098 5632 3833 5706">
     <span class='ocr_line' id='line_1_127' title="bbox 2098 5632 3833 5706; baseline 0.007 -19"><span class='ocrx_word' id='word_1_823' title='bbox 2098 5648 2368 5706; x_wconf 89' lang='lat' dir='ltr'><strong>scopum,</strong></span> <span class='ocrx_word' id='word_1_824' title='bbox 2396 5633 2473 5689; x_wconf 90' lang='lat' dir='ltr'><strong>de</strong></span> <span class='ocrx_word' id='word_1_825' title='bbox 2496 5648 2619 5705; x_wconf 90' lang='lat' dir='ltr'><strong>quo</strong></span> <span class='ocrx_word' id='word_1_826' title='bbox 2643 5632 2825 5705; x_wconf 89' lang='lat' dir='ltr'><strong>paulo</strong></span> <span class='ocrx_word' id='word_1_827' title='bbox 2854 5633 3127 5692; x_wconf 89' lang='lat' dir='ltr'><strong>inferius.</strong></span> <span class='ocrx_word' id='word_1_828' title='bbox 3272 5632 3310 5641; x_wconf 50' lang='lat' dir='ltr'><strong>V</strong></span> <span class='ocrx_word' id='word_1_829' title='bbox 3470 5632 3479 5633; x_wconf 25' lang='grc' dir='ltr'>ί</span> <span class='ocrx_word' id='word_1_830' title='bbox 3506 5632 3563 5635; x_wconf 28' lang='grc' dir='ltr'>ἡ</span> <span class='ocrx_word' id='word_1_831' title='bbox 3606 5632 3659 5635; x_wconf 45' lang='lat' dir='ltr'><strong>ﬂ</strong></span> <span class='ocrx_word' id='word_1_832' title='bbox 3678 5632 3733 5635; x_wconf 27' lang='grc' dir='ltr'><strong>’ί</strong></span> <span class='ocrx_word' id='word_1_833' title='bbox 3832 5640 3833 5706; x_wconf 48' lang='grc' dir='ltr'>γ</span> 
     </span>
    </p>
   </div>
  </div>
