  <div class='ocr_page' id='page_1' title='image "/cluster/home/n/w/nwhite01/storage/ocr_20150623/140-141/uc1.31175018559917/128.png"; bbox 0 0 2348 3252; ppageno 0'>
   <div class='ocr_carea' id='block_1_1' title="bbox 0 243 1077 273">
    <p class='ocr_par' dir='ltr' id='par_1_1' title="bbox 0 243 1077 273">
     <span class='ocr_line' id='line_1_1' title="bbox 0 243 1077 273; baseline 0.002 -2"><span class='ocrx_word' id='word_1_1' title='bbox 0 245 19 271; x_wconf 81' lang='grc' dir='ltr'>Η</span> <span class='ocrx_word' id='word_1_2' title='bbox 589 243 782 271; x_wconf 77' lang='lat' dir='ltr'><strong>DIPLOMATA</strong></span> <span class='ocrx_word' id='word_1_3' title='bbox 802 245 1077 273; x_wconf 80' lang='lat' dir='ltr'><strong>ECCLESIASTICA.</strong></span> 
     </span>
    </p>
   </div>
   <div class='ocr_carea' id='block_1_2' title="bbox 1651 251 1704 276">
    <p class='ocr_par' dir='ltr' id='par_1_2' title="bbox 1651 251 1704 276">
     <span class='ocr_line' id='line_1_2' title="bbox 1651 251 1704 276; baseline -0.019 0"><span class='ocrx_word' id='word_1_4' title='bbox 1651 251 1704 276; x_wconf 70' lang='lat'><strong>2’12</strong></span> 
     </span>
    </p>
   </div>
   <div class='ocr_carea' id='block_1_3' title="bbox 0 304 1706 340">
    <p class='ocr_par' dir='ltr' id='par_1_3' title="bbox 0 304 1706 340">
     <span class='ocr_line' id='line_1_3' title="bbox 0 304 1706 340; baseline 0.002 -8"><span class='ocrx_word' id='word_1_5' title='bbox 0 308 41 332; x_wconf 74' lang='lat' dir='ltr'><strong>iter</strong></span> <span class='ocrx_word' id='word_1_6' title='bbox 61 307 157 331; x_wconf 65' lang='lat' dir='ltr'><strong>cratera</strong></span> <span class='ocrx_word' id='word_1_7' title='bbox 191 304 268 331; x_wconf 82' lang='lat' dir='ltr'><strong>dono</strong></span> <span class='ocrx_word' id='word_1_8' title='bbox 287 304 470 336; x_wconf 82' lang='lat' dir='ltr'><strong>contulimus,</strong></span> <span class='ocrx_word' id='word_1_9' title='bbox 500 306 528 331; x_wconf 92' lang='lat' dir='ltr'><strong>et</strong></span> <span class='ocrx_word' id='word_1_10' title='bbox 561 312 611 338; x_wconf 89' lang='lat' dir='ltr'><strong>per</strong></span> <span class='ocrx_word' id='word_1_11' title='bbox 637 304 690 331; x_wconf 80' lang='lat' dir='ltr'><strong>hoc</strong></span> <span class='ocrx_word' id='word_1_12' title='bbox 719 305 805 339; x_wconf 70' lang='lat' dir='ltr'><strong>regite</strong></span> <span class='ocrx_word' id='word_1_13' title='bbox 820 306 844 333; x_wconf 83' lang='grc' dir='ltr'><strong><em>Α</em></strong></span> <span class='ocrx_word' id='word_1_14' title='bbox 900 306 969 332; x_wconf 87' lang='lat' dir='ltr'><strong>Data</strong></span> <span class='ocrx_word' id='word_1_15' title='bbox 988 314 1032 333; x_wconf 83' lang='lat' dir='ltr'><strong>xvi</strong></span> <span class='ocrx_word' id='word_1_16' title='bbox 1055 306 1194 333; x_wconf 79' lang='lat' dir='ltr'><strong>Kalendas</strong></span> <span class='ocrx_word' id='word_1_17' title='bbox 1220 306 1392 340; x_wconf 83' lang='lat' dir='ltr'><strong>Decembris,</strong></span> <span class='ocrx_word' id='word_1_18' title='bbox 1413 315 1488 334; x_wconf 84' lang='lat' dir='ltr'><strong>anno</strong></span> <span class='ocrx_word' id='word_1_19' title='bbox 1503 307 1706 335; x_wconf 70' lang='lat' dir='ltr'><strong>incarnationis</strong></span> 
     </span>
    </p>
   </div>
   <div class='ocr_carea' id='block_1_4' title="bbox 0 348 808 384">
    <p class='ocr_par' dir='ltr' id='par_1_4' title="bbox 0 348 808 384">
     <span class='ocr_line' id='line_1_4' title="bbox 0 348 808 384; baseline 0.001 -10"><span class='ocrx_word' id='word_1_20' title='bbox 0 350 112 384; x_wconf 58' lang='lat' dir='ltr'><strong>iaje~tatls</strong></span> <span class='ocrx_word' id='word_1_21' title='bbox 139 348 254 383; x_wconf 82' lang='lat' dir='ltr'><strong>insigne</strong></span> <span class='ocrx_word' id='word_1_22' title='bbox 282 348 513 375; x_wconf 80' lang='lat' dir='ltr'><strong>conﬁrmavimus</strong></span> <span class='ocrx_word' id='word_1_23' title='bbox 543 348 686 383; x_wconf 79' lang='lat' dir='ltr'><strong>quandam</strong></span> <span class='ocrx_word' id='word_1_24' title='bbox 716 349 808 375; x_wconf 83' lang='lat' dir='ltr'><strong>nostri</strong></span> 
     </span>
    </p>
   </div>
   <div class='ocr_carea' id='block_1_5' title="bbox 0 392 808 427">
    <p class='ocr_par' dir='ltr' id='par_1_5' title="bbox 0 392 808 427">
     <span class='ocr_line' id='line_1_5' title="bbox 0 392 808 427; baseline 0.001 -9"><span class='ocrx_word' id='word_1_25' title='bbox 0 394 36 419; x_wconf 76' lang='lat' dir='ltr'><strong>iris</strong></span> <span class='ocrx_word' id='word_1_26' title='bbox 48 393 147 425; x_wconf 85' lang='lat' dir='ltr'><strong>villam,</strong></span> <span class='ocrx_word' id='word_1_27' title='bbox 170 393 289 419; x_wconf 86' lang='lat' dir='ltr'><strong>nomine</strong></span> <span class='ocrx_word' id='word_1_28' title='bbox 316 392 471 427; x_wconf 85' lang='lat' dir='ltr'><strong>Dweuinga</strong></span> <span class='ocrx_word' id='word_1_29' title='bbox 495 392 524 418; x_wconf 89' lang='lat' dir='ltr'><strong>in</strong></span> <span class='ocrx_word' id='word_1_30' title='bbox 547 393 710 427; x_wconf 83' lang='lat' dir='ltr'><strong>Kelesguwe</strong></span> <span class='ocrx_word' id='word_1_31' title='bbox 732 395 759 419; x_wconf 90' lang='lat' dir='ltr'><strong>et</strong></span> <span class='ocrx_word' id='word_1_32' title='bbox 779 393 808 419; x_wconf 91' lang='lat' dir='ltr'><strong>in</strong></span> 
     </span>
    </p>
   </div>
   <div class='ocr_carea' id='block_1_6' title="bbox 0 436 809 471">
    <p class='ocr_par' dir='ltr' id='par_1_6' title="bbox 0 436 809 471">
     <span class='ocr_line' id='line_1_6' title="bbox 0 436 809 471; baseline 0.001 -9"><span class='ocrx_word' id='word_1_33' title='bbox 0 437 95 463; x_wconf 71' lang='lat' dir='ltr'><strong>imitatu</strong></span> <span class='ocrx_word' id='word_1_34' title='bbox 107 437 239 471; x_wconf 78' lang='lat' dir='ltr'><strong>Magenes</strong></span> <span class='ocrx_word' id='word_1_35' title='bbox 254 436 348 468; x_wconf 79' lang='lat' dir='ltr'><strong>sitam,</strong></span> <span class='ocrx_word' id='word_1_36' title='bbox 364 444 427 463; x_wconf 89' lang='lat' dir='ltr'><strong>cum</strong></span> <span class='ocrx_word' id='word_1_37' title='bbox 445 436 578 462; x_wconf 88' lang='lat' dir='ltr'><strong>omnibus</strong></span> <span class='ocrx_word' id='word_1_38' title='bbox 594 436 722 471; x_wconf 72' lang='lat' dir='ltr'><strong>ejusdem</strong></span> <span class='ocrx_word' id='word_1_39' title='bbox 736 436 809 463; x_wconf 65' lang='lat' dir='ltr'><strong>villas</strong></span> 
     </span>
    </p>
   </div>
   <div class='ocr_carea' id='block_1_7' title="bbox 0 480 807 515">
    <p class='ocr_par' dir='ltr' id='par_1_7' title="bbox 0 480 807 515">
     <span class='ocr_line' id='line_1_7' title="bbox 0 480 807 515; baseline 0 -9"><span class='ocrx_word' id='word_1_40' title='bbox 0 481 95 515; x_wconf 81' lang='lat' dir='ltr'><strong>galibus</strong></span> <span class='ocrx_word' id='word_1_41' title='bbox 123 480 318 515; x_wconf 88' lang='lat' dir='ltr'><strong>pertinentiis,</strong></span> <span class='ocrx_word' id='word_1_42' title='bbox 354 480 507 506; x_wconf 85' lang='lat' dir='ltr'><strong>mobilibus</strong></span> <span class='ocrx_word' id='word_1_43' title='bbox 536 482 564 506; x_wconf 90' lang='lat' dir='ltr'><strong>et</strong></span> <span class='ocrx_word' id='word_1_44' title='bbox 601 480 807 512; x_wconf 86' lang='lat' dir='ltr'><strong>immobilibus,</strong></span> 
     </span>
    </p>
   </div>
   <div class='ocr_carea' id='block_1_8' title="bbox 3 523 810 557">
    <p class='ocr_par' dir='ltr' id='par_1_8' title="bbox 3 523 810 557">
     <span class='ocr_line' id='line_1_8' title="bbox 3 523 810 557; baseline -0.001 -6"><span class='ocrx_word' id='word_1_45' title='bbox 3 525 50 551; x_wconf 83' lang='lat' dir='ltr'><strong>rvis</strong></span> <span class='ocrx_word' id='word_1_46' title='bbox 70 527 96 550; x_wconf 92' lang='lat' dir='ltr'><strong>et</strong></span> <span class='ocrx_word' id='word_1_47' title='bbox 120 524 243 556; x_wconf 79' lang='lat' dir='ltr'><strong>ancillis,</strong></span> <span class='ocrx_word' id='word_1_48' title='bbox 272 524 357 557; x_wconf 85' lang='lat' dir='ltr'><strong>areis,</strong></span> <span class='ocrx_word' id='word_1_49' title='bbox 394 523 532 557; x_wconf 68' lang='lat' dir='ltr'><strong>aediliciis,</strong></span> <span class='ocrx_word' id='word_1_50' title='bbox 562 524 644 550; x_wconf 86' lang='lat' dir='ltr'><strong>terris</strong></span> <span class='ocrx_word' id='word_1_51' title='bbox 673 524 756 550; x_wconf 89' lang='lat' dir='ltr'><strong>cultis</strong></span> <span class='ocrx_word' id='word_1_52' title='bbox 783 526 810 551; x_wconf 87' lang='lat' dir='ltr'><strong>et</strong></span> 
     </span>
    </p>
   </div>
   <div class='ocr_carea' id='block_1_9' title="bbox 2 567 808 603">
    <p class='ocr_par' dir='ltr' id='par_1_9' title="bbox 2 567 808 603">
     <span class='ocr_line' id='line_1_9' title="bbox 2 567 808 603; baseline -0.001 -9"><span class='ocrx_word' id='word_1_53' title='bbox 2 569 82 599; x_wconf 84' lang='lat' dir='ltr'><strong>cultis,</strong></span> <span class='ocrx_word' id='word_1_54' title='bbox 114 568 214 603; x_wconf 84' lang='lat' dir='ltr'><strong>pratis,</strong></span> <span class='ocrx_word' id='word_1_55' title='bbox 248 567 360 603; x_wconf 79' lang='lat' dir='ltr'><strong>pascuis</strong></span> <span class='ocrx_word' id='word_1_56' title='bbox 398 567 456 594; x_wconf 84' lang='lat' dir='ltr'><strong>sive</strong></span> <span class='ocrx_word' id='word_1_57' title='bbox 495 567 681 602; x_wconf 86' lang='lat' dir='ltr'><strong>compascuis,</strong></span> <span class='ocrx_word' id='word_1_58' title='bbox 721 568 808 599; x_wconf 85' lang='lat' dir='ltr'><strong>silvis,</strong></span> 
     </span>
    </p>
   </div>
   <div class='ocr_carea' id='block_1_10' title="bbox 0 602 809 646">
    <p class='ocr_par' dir='ltr' id='par_1_10' title="bbox 0 602 809 646">
     <span class='ocr_line' id='line_1_10' title="bbox 0 602 809 646; baseline 0 -9"><span class='ocrx_word' id='word_1_59' title='bbox 0 602 164 643; x_wconf 67' lang='lat' dir='ltr'><strong>nationibus,</strong></span> <span class='ocrx_word' id='word_1_60' title='bbox 191 602 276 646; x_wconf 69' lang='lat' dir='ltr'><strong>aquis</strong></span> <span class='ocrx_word' id='word_1_61' title='bbox 299 619 497 646; x_wconf 80' lang='lat' dir='ltr'><strong>aquarumque</strong></span> <span class='ocrx_word' id='word_1_62' title='bbox 524 611 699 642; x_wconf 80' lang='lat' dir='ltr'><strong>decursibus,</strong></span> <span class='ocrx_word' id='word_1_63' title='bbox 717 611 809 646; x_wconf 83' lang='lat' dir='ltr'><strong>pisca—</strong></span> 
     </span>
    </p>
   </div>
   <div class='ocr_carea' id='block_1_11' title="bbox 0 654 809 688">
    <p class='ocr_par' dir='ltr' id='par_1_11' title="bbox 0 654 809 688">
     <span class='ocr_line' id='line_1_11' title="bbox 0 654 809 688; baseline 0 -7"><span class='ocrx_word' id='word_1_64' title='bbox 0 656 94 688; x_wconf 84' lang='lat' dir='ltr'><strong>mibus,</strong></span> <span class='ocrx_word' id='word_1_65' title='bbox 126 655 311 687; x_wconf 82' lang='lat' dir='ltr'><strong>mulendinis,</strong></span> <span class='ocrx_word' id='word_1_66' title='bbox 333 654 385 681; x_wconf 85' lang='lat' dir='ltr'><strong>viis</strong></span> <span class='ocrx_word' id='word_1_67' title='bbox 414 657 441 681; x_wconf 88' lang='lat' dir='ltr'><strong>et</strong></span> <span class='ocrx_word' id='word_1_68' title='bbox 467 655 561 686; x_wconf 88' lang='lat' dir='ltr'><strong>inviis,</strong></span> <span class='ocrx_word' id='word_1_69' title='bbox 591 655 711 680; x_wconf 81' lang='lat' dir='ltr'><strong>exitibus</strong></span> <span class='ocrx_word' id='word_1_70' title='bbox 724 657 752 681; x_wconf 84' lang='lat' dir='ltr'><strong>et</strong></span> <span class='ocrx_word' id='word_1_71' title='bbox 766 662 809 681; x_wconf 87' lang='lat' dir='ltr'><strong>re-</strong></span> 
     </span>
    </p>
   </div>
   <div class='ocr_carea' id='block_1_12' title="bbox 2 697 810 733">
    <p class='ocr_par' dir='ltr' id='par_1_12' title="bbox 2 697 810 733">
     <span class='ocr_line' id='line_1_12' title="bbox 2 697 810 733; baseline 0 -9"><span class='ocrx_word' id='word_1_72' title='bbox 2 698 75 731; x_wconf 82' lang='lat' dir='ltr'><strong>tibus,</strong></span> <span class='ocrx_word' id='word_1_73' title='bbox 98 698 229 733; x_wconf 71' lang='lat' dir='ltr'><strong>quaasitis</strong></span> <span class='ocrx_word' id='word_1_74' title='bbox 261 700 289 724; x_wconf 85' lang='lat' dir='ltr'><strong>et</strong></span> <span class='ocrx_word' id='word_1_75' title='bbox 329 697 519 732; x_wconf 77' lang='lat' dir='ltr'><strong>inquirendis,</strong></span> <span class='ocrx_word' id='word_1_76' title='bbox 551 706 582 724; x_wconf 83' lang='lat' dir='ltr'><strong>ac</strong></span> <span class='ocrx_word' id='word_1_77' title='bbox 606 698 716 724; x_wconf 78' lang='lat' dir='ltr'><strong>cirteris</strong></span> <span class='ocrx_word' id='word_1_78' title='bbox 746 705 810 732; x_wconf 67' lang='lat' dir='ltr'><strong>quia</strong></span> 
     </span>
    </p>
   </div>
   <div class='ocr_carea' id='block_1_13' title="bbox 0 741 811 775">
    <p class='ocr_par' dir='ltr' id='par_1_13' title="bbox 0 741 811 775">
     <span class='ocr_line' id='line_1_13' title="bbox 0 741 811 775; baseline 0 -7"><span class='ocrx_word' id='word_1_79' title='bbox 0 742 84 768; x_wconf 83' lang='lat' dir='ltr'><strong>Iolibet</strong></span> <span class='ocrx_word' id='word_1_80' title='bbox 107 742 193 768; x_wconf 90' lang='lat' dir='ltr'><strong>modo</strong></span> <span class='ocrx_word' id='word_1_81' title='bbox 222 742 276 768; x_wconf 89' lang='lat' dir='ltr'><strong>rite</strong></span> <span class='ocrx_word' id='word_1_82' title='bbox 308 741 404 768; x_wconf 87' lang='lat' dir='ltr'><strong>vocari</strong></span> <span class='ocrx_word' id='word_1_83' title='bbox 436 743 565 775; x_wconf 86' lang='lat' dir='ltr'><strong>possunt,</strong></span> <span class='ocrx_word' id='word_1_84' title='bbox 594 741 762 767; x_wconf 75' lang='lat' dir='ltr'><strong>utenstlibus</strong></span> <span class='ocrx_word' id='word_1_85' title='bbox 783 744 811 768; x_wconf 89' lang='lat' dir='ltr'><strong>et</strong></span> 
     </span>
    </p>
   </div>
   <div class='ocr_carea' id='block_1_14' title="bbox 0 784 810 820">
    <p class='ocr_par' dir='ltr' id='par_1_14' title="bbox 0 784 810 820">
     <span class='ocr_line' id='line_1_14' title="bbox 0 784 810 820; baseline 0 -8"><span class='ocrx_word' id='word_1_86' title='bbox 0 786 144 820; x_wconf 35' lang='lat' dir='ltr'><strong>ipendiciis,</strong></span> <span class='ocrx_word' id='word_1_87' title='bbox 168 794 203 812; x_wconf 90' lang='lat' dir='ltr'><strong>eo</strong></span> <span class='ocrx_word' id='word_1_88' title='bbox 237 789 338 812; x_wconf 87' lang='lat' dir='ltr'><strong>tenore</strong></span> <span class='ocrx_word' id='word_1_89' title='bbox 369 785 504 820; x_wconf 85' lang='lat' dir='ltr'><strong>quatinus</strong></span> <span class='ocrx_word' id='word_1_90' title='bbox 532 784 643 820; x_wconf 66' lang='lat' dir='ltr'><strong>prmfali</strong></span> <span class='ocrx_word' id='word_1_91' title='bbox 670 785 723 811; x_wconf 92' lang='lat' dir='ltr'><strong>loci</strong></span> <span class='ocrx_word' id='word_1_92' title='bbox 739 793 810 812; x_wconf 84' lang='lat' dir='ltr'><strong>con—</strong></span> 
     </span>
    </p>
   </div>
   <div class='ocr_carea' id='block_1_15' title="bbox 0 828 811 864">
    <p class='ocr_par' dir='ltr' id='par_1_15' title="bbox 0 828 811 864">
     <span class='ocr_line' id='line_1_15' title="bbox 0 828 811 864; baseline 0 -9"><span class='ocrx_word' id='word_1_93' title='bbox 0 830 86 864; x_wconf 79' lang='lat' dir='ltr'><strong>egatio</strong></span> <span class='ocrx_word' id='word_1_94' title='bbox 99 830 221 856; x_wconf 85' lang='lat' dir='ltr'><strong>liberam</strong></span> <span class='ocrx_word' id='word_1_95' title='bbox 236 829 271 855; x_wconf 89' lang='lat' dir='ltr'><strong>de</strong></span> <span class='ocrx_word' id='word_1_96' title='bbox 296 829 395 856; x_wconf 87' lang='lat' dir='ltr'><strong>eodem</strong></span> <span class='ocrx_word' id='word_1_97' title='bbox 423 829 529 863; x_wconf 56' lang='lat' dir='ltr'><strong>praedio</strong></span> <span class='ocrx_word' id='word_1_98' title='bbox 556 829 689 863; x_wconf 84' lang='lat' dir='ltr'><strong>deinceps</strong></span> <span class='ocrx_word' id='word_1_99' title='bbox 709 828 811 855; x_wconf 86' lang='lat' dir='ltr'><strong>habeat</strong></span> 
     </span>
    </p>
   </div>
   <div class='ocr_carea' id='block_1_16' title="bbox 0 871 810 908">
    <p class='ocr_par' dir='ltr' id='par_1_16' title="bbox 0 871 810 908">
     <span class='ocr_line' id='line_1_16' title="bbox 0 871 810 908; baseline -0.001 -9"><span class='ocrx_word' id='word_1_100' title='bbox 0 875 130 899; x_wconf 74' lang='lat' dir='ltr'><strong>)testatem</strong></span> <span class='ocrx_word' id='word_1_101' title='bbox 143 871 285 908; x_wconf 89' lang='lat' dir='ltr'><strong>quidquid</strong></span> <span class='ocrx_word' id='word_1_102' title='bbox 305 871 360 898; x_wconf 84' lang='lat' dir='ltr'><strong>sibi</strong></span> <span class='ocrx_word' id='word_1_103' title='bbox 382 872 494 898; x_wconf 85' lang='lat' dir='ltr'><strong>decreto</strong></span> <span class='ocrx_word' id='word_1_104' title='bbox 514 872 662 898; x_wconf 88' lang='lat' dir='ltr'><strong>communi</strong></span> <span class='ocrx_word' id='word_1_105' title='bbox 687 880 737 906; x_wconf 92' lang='lat' dir='ltr'><strong>pro</strong></span> <span class='ocrx_word' id='word_1_106' title='bbox 752 873 810 898; x_wconf 87' lang='lat' dir='ltr'><strong>suis</strong></span> 
     </span>
    </p>
   </div>
   <div class='ocr_carea' id='block_1_17' title="bbox 9 916 811 951">
    <p class='ocr_par' dir='ltr' id='par_1_17' title="bbox 9 916 811 951">
     <span class='ocr_line' id='line_1_17' title="bbox 9 916 811 951; baseline -0.001 -8"><span class='ocrx_word' id='word_1_107' title='bbox 9 917 124 951; x_wconf 55' lang='lat' dir='ltr'><strong>pretium</strong></span> <span class='ocrx_word' id='word_1_108' title='bbox 147 916 248 943; x_wconf 81' lang='lat' dir='ltr'><strong>matris</strong></span> <span class='ocrx_word' id='word_1_109' title='bbox 276 916 399 943; x_wconf 70' lang='lat' dir='ltr'><strong>ecclesiae</strong></span> <span class='ocrx_word' id='word_1_110' title='bbox 421 916 632 942; x_wconf 86' lang='lat' dir='ltr'><strong>necessitatibus</strong></span> <span class='ocrx_word' id='word_1_111' title='bbox 657 916 744 942; x_wconf 87' lang='lat' dir='ltr'><strong>libeat</strong></span> <span class='ocrx_word' id='word_1_112' title='bbox 772 916 811 942; x_wconf 83' lang='lat' dir='ltr'><strong>fa-</strong></span> 
     </span>
    </p>
   </div>
   <div class='ocr_carea' id='block_1_18' title="bbox 0 959 810 987">
    <p class='ocr_par' dir='ltr' id='par_1_18' title="bbox 0 959 810 987">
     <span class='ocr_line' id='line_1_18' title="bbox 0 959 810 987; baseline 0 -1"><span class='ocrx_word' id='word_1_113' title='bbox 0 960 62 987; x_wconf 86' lang='lat' dir='ltr'><strong>endi.</strong></span> <span class='ocrx_word' id='word_1_114' title='bbox 74 961 105 986; x_wconf 85' lang='lat' dir='ltr'><strong>Et</strong></span> <span class='ocrx_word' id='word_1_115' title='bbox 119 963 152 987; x_wconf 89' lang='lat' dir='ltr'><strong>ut</strong></span> <span class='ocrx_word' id='word_1_116' title='bbox 167 961 230 987; x_wconf 66' lang='lat' dir='ltr'><strong>hazc</strong></span> <span class='ocrx_word' id='word_1_117' title='bbox 251 963 350 986; x_wconf 88' lang='lat' dir='ltr'><strong>nostra</strong></span> <span class='ocrx_word' id='word_1_118' title='bbox 378 959 493 986; x_wconf 87' lang='lat' dir='ltr'><strong>traditio</strong></span> <span class='ocrx_word' id='word_1_119' title='bbox 522 959 631 986; x_wconf 86' lang='lat' dir='ltr'><strong>stabilis</strong></span> <span class='ocrx_word' id='word_1_120' title='bbox 665 963 692 986; x_wconf 90' lang='lat' dir='ltr'><strong>et</strong></span> <span class='ocrx_word' id='word_1_121' title='bbox 708 960 810 986; x_wconf 90' lang='lat' dir='ltr'><strong>incon-</strong></span> 
     </span>
    </p>
   </div>
   <div class='ocr_carea' id='block_1_19' title="bbox 0 1003 809 1039">
    <p class='ocr_par' dir='ltr' id='par_1_19' title="bbox 0 1003 809 1039">
     <span class='ocr_line' id='line_1_19' title="bbox 0 1003 809 1039; baseline -0.001 -9"><span class='ocrx_word' id='word_1_122' title='bbox 0 1005 40 1030; x_wconf 80' lang='lat' dir='ltr'><strong>ilsa</strong></span> <span class='ocrx_word' id='word_1_123' title='bbox 59 1006 236 1039; x_wconf 81' lang='lat' dir='ltr'><strong>permaneat,</strong></span> <span class='ocrx_word' id='word_1_124' title='bbox 281 1004 353 1030; x_wconf 84' lang='lat' dir='ltr'><strong>hanc</strong></span> <span class='ocrx_word' id='word_1_125' title='bbox 390 1003 481 1030; x_wconf 86' lang='lat' dir='ltr'><strong>nostri</strong></span> <span class='ocrx_word' id='word_1_126' title='bbox 517 1003 651 1038; x_wconf 68' lang='lat' dir='ltr'><strong>praecepti</strong></span> <span class='ocrx_word' id='word_1_127' title='bbox 675 1003 809 1038; x_wconf 82' lang='lat' dir='ltr'><strong>paginam</strong></span> 
     </span>
    </p>
   </div>
   <div class='ocr_carea' id='block_1_20' title="bbox 1 1047 809 1083">
    <p class='ocr_par' dir='ltr' id='par_1_20' title="bbox 1 1047 809 1083">
     <span class='ocr_line' id='line_1_20' title="bbox 1 1047 809 1083; baseline 0.001 -10"><span class='ocrx_word' id='word_1_128' title='bbox 1 1056 47 1074; x_wconf 88' lang='lat' dir='ltr'><strong>anu</strong></span> <span class='ocrx_word' id='word_1_129' title='bbox 73 1048 191 1083; x_wconf 86' lang='lat' dir='ltr'><strong>propria</strong></span> <span class='ocrx_word' id='word_1_130' title='bbox 215 1048 391 1081; x_wconf 83' lang='lat' dir='ltr'><strong>roborantes,</strong></span> <span class='ocrx_word' id='word_1_131' title='bbox 421 1047 514 1082; x_wconf 85' lang='lat' dir='ltr'><strong>sigillo</strong></span> <span class='ocrx_word' id='word_1_132' title='bbox 549 1049 648 1074; x_wconf 90' lang='lat' dir='ltr'><strong>nostro</strong></span> <span class='ocrx_word' id='word_1_133' title='bbox 681 1047 809 1082; x_wconf 86' lang='lat' dir='ltr'><strong>imprimi</strong></span> 
     </span>
    </p>
   </div>
   <div class='ocr_carea' id='block_1_21' title="bbox 1 1092 104 1118">
    <p class='ocr_par' dir='ltr' id='par_1_21' title="bbox 1 1092 104 1118">
     <span class='ocr_line' id='line_1_21' title="bbox 1 1092 104 1118; baseline 0.029 -3"><span class='ocrx_word' id='word_1_134' title='bbox 1 1092 104 1118; x_wconf 64' lang='lat' dir='ltr'><strong>ssimus.</strong></span> 
     </span>
    </p>
   </div>
   <div class='ocr_carea' id='block_1_22' title="bbox 4 1135 809 1169">
    <p class='ocr_par' dir='ltr' id='par_1_22' title="bbox 4 1135 809 1169">
     <span class='ocr_line' id='line_1_22' title="bbox 4 1135 809 1169; baseline -0.001 -7"><span class='ocrx_word' id='word_1_135' title='bbox 4 1136 105 1169; x_wconf 82' lang='lat' dir='ltr'><strong>Signum</strong></span> <span class='ocrx_word' id='word_1_136' title='bbox 140 1135 236 1162; x_wconf 84' lang='lat' dir='ltr'><strong>domm&#39;</strong></span> <span class='ocrx_word' id='word_1_137' title='bbox 265 1136 373 1162; x_wconf 79' lang='lat' dir='ltr'><strong>Henrici</strong></span> <span class='ocrx_word' id='word_1_138' title='bbox 408 1135 479 1168; x_wconf 84' lang='lat' dir='ltr'><strong>regis</strong></span> <span class='ocrx_word' id='word_1_139' title='bbox 494 1135 677 1161; x_wconf 78' lang='lat' dir='ltr'><strong>invictissimi.</strong></span> <span class='ocrx_word' id='word_1_140' title='bbox 708 1135 809 1169; x_wconf 86' lang='lat' dir='ltr'><strong>(Mono-</strong></span> 
     </span>
    </p>
   </div>
   <div class='ocr_carea' id='block_1_23' title="bbox 0 1180 103 1213">
    <p class='ocr_par' dir='ltr' id='par_1_23' title="bbox 0 1180 103 1213">
     <span class='ocr_line' id='line_1_23' title="bbox 0 1180 103 1213; baseline 0.01 -9"><span class='ocrx_word' id='word_1_141' title='bbox 0 1180 103 1213; x_wconf 81' lang='lat' dir='ltr'><strong>ummu.)</strong></span> 
     </span>
    </p>
   </div>
   <div class='ocr_carea' id='block_1_24' title="bbox 5 1222 809 1257">
    <p class='ocr_par' dir='ltr' id='par_1_24' title="bbox 5 1222 809 1257">
     <span class='ocr_line' id='line_1_24' title="bbox 5 1222 809 1257; baseline 0 -9"><span class='ocrx_word' id='word_1_142' title='bbox 5 1223 152 1257; x_wconf 83' lang='lat' dir='ltr'><strong>Egilbertus</strong></span> <span class='ocrx_word' id='word_1_143' title='bbox 189 1222 375 1249; x_wconf 82' lang='lat' dir='ltr'><strong>caucellarius</strong></span> <span class='ocrx_word' id='word_1_144' title='bbox 415 1222 475 1249; x_wconf 89' lang='lat' dir='ltr'><strong>vice</strong></span> <span class='ocrx_word' id='word_1_145' title='bbox 517 1222 649 1257; x_wconf 87' lang='lat' dir='ltr'><strong>Willigisi</strong></span> <span class='ocrx_word' id='word_1_146' title='bbox 681 1222 809 1248; x_wconf 83' lang='lat' dir='ltr'><strong>archica-</strong></span> 
     </span>
    </p>
   </div>
   <div class='ocr_carea' id='block_1_25' title="bbox 0 1266 246 1301">
    <p class='ocr_par' dir='ltr' id='par_1_25' title="bbox 0 1266 246 1301">
     <span class='ocr_line' id='line_1_25' title="bbox 0 1266 246 1301; baseline 0.004 -10"><span class='ocrx_word' id='word_1_147' title='bbox 0 1266 64 1293; x_wconf 64' lang='lat' dir='ltr'><strong>zllani</strong></span> <span class='ocrx_word' id='word_1_148' title='bbox 79 1266 246 1301; x_wconf 85' lang='lat' dir='ltr'><strong>recognovi.</strong></span> 
     </span>
    </p>
   </div>
   <div class='ocr_carea' id='block_1_26' title="bbox 5 1309 807 1337">
    <p class='ocr_par' dir='ltr' id='par_1_26' title="bbox 5 1309 807 1337">
     <span class='ocr_line' id='line_1_26' title="bbox 5 1309 807 1337; baseline 0 -1"><span class='ocrx_word' id='word_1_149' title='bbox 5 1311 63 1337; x_wconf 82' lang='lat' dir='ltr'><strong>Data</strong></span> <span class='ocrx_word' id='word_1_150' title='bbox 77 1318 119 1337; x_wconf 84' lang='lat' dir='ltr'><strong>xvi</strong></span> <span class='ocrx_word' id='word_1_151' title='bbox 146 1310 210 1337; x_wconf 85' lang='lat' dir='ltr'><strong>Kal.</strong></span> <span class='ocrx_word' id='word_1_152' title='bbox 236 1309 382 1337; x_wconf 82' lang='lat' dir='ltr'><strong>Decembr.</strong></span> <span class='ocrx_word' id='word_1_153' title='bbox 403 1317 478 1336; x_wconf 88' lang='lat' dir='ltr'><strong>anno</strong></span> <span class='ocrx_word' id='word_1_154' title='bbox 501 1309 706 1336; x_wconf 81' lang='lat' dir='ltr'><strong>incarnationis</strong></span> <span class='ocrx_word' id='word_1_155' title='bbox 728 1310 807 1336; x_wconf 89' lang='lat' dir='ltr'><strong>Dom.</strong></span> 
     </span>
    </p>
   </div>
   <div class='ocr_carea' id='block_1_27' title="bbox 0 1353 807 1388">
    <p class='ocr_par' dir='ltr' id='par_1_27' title="bbox 0 1353 807 1388">
     <span class='ocr_line' id='line_1_27' title="bbox 0 1353 807 1388; baseline -0.001 -8"><span class='ocrx_word' id='word_1_156' title='bbox 0 1356 41 1388; x_wconf 63' lang='lat'><strong>&gt;02,</strong></span> <span class='ocrx_word' id='word_1_157' title='bbox 67 1354 167 1381; x_wconf 88' lang='lat' dir='ltr'><strong>indict.</strong></span> <span class='ocrx_word' id='word_1_158' title='bbox 193 1363 213 1386; x_wconf 89' lang='grc' dir='ltr'><strong>ι,</strong></span> <span class='ocrx_word' id='word_1_159' title='bbox 240 1362 315 1381; x_wconf 85' lang='lat' dir='ltr'><strong>anno</strong></span> <span class='ocrx_word' id='word_1_160' title='bbox 340 1361 406 1380; x_wconf 89' lang='lat' dir='ltr'><strong>vero</strong></span> <span class='ocrx_word' id='word_1_161' title='bbox 430 1353 541 1380; x_wconf 89' lang='lat' dir='ltr'><strong>domini</strong></span> <span class='ocrx_word' id='word_1_162' title='bbox 562 1353 684 1380; x_wconf 89' lang='lat' dir='ltr'><strong>Heinrici</strong></span> <span class='ocrx_word' id='word_1_163' title='bbox 707 1361 766 1387; x_wconf 88' lang='lat' dir='ltr'><strong>reg.</strong></span> <span class='ocrx_word' id='word_1_164' title='bbox 790 1361 807 1380; x_wconf 82' lang='grc' dir='ltr'>ι.</span> 
     </span>
    </p>
   </div>
   <div class='ocr_carea' id='block_1_28' title="bbox 4 1398 505 1432">
    <p class='ocr_par' dir='ltr' id='par_1_28' title="bbox 4 1398 505 1432">
     <span class='ocr_line' id='line_1_28' title="bbox 4 1398 505 1432; baseline 0 -9"><span class='ocrx_word' id='word_1_165' title='bbox 4 1400 93 1424; x_wconf 80' lang='lat' dir='ltr'><strong>Actum</strong></span> <span class='ocrx_word' id='word_1_166' title='bbox 107 1398 136 1425; x_wconf 89' lang='lat' dir='ltr'><strong>in</strong></span> <span class='ocrx_word' id='word_1_167' title='bbox 152 1398 216 1432; x_wconf 85' lang='lat' dir='ltr'><strong>ipsa</strong></span> <span class='ocrx_word' id='word_1_168' title='bbox 236 1398 306 1424; x_wconf 85' lang='lat' dir='ltr'><strong>urbe</strong></span> <span class='ocrx_word' id='word_1_169' title='bbox 323 1398 505 1432; x_wconf 75' lang='lat' dir='ltr'><strong>Rudespona.</strong></span> 
     </span>
    </p>
   </div>
   <div class='ocr_carea' id='block_1_29' title="bbox 5 1442 641 1476">
    <p class='ocr_par' dir='ltr' id='par_1_29' title="bbox 5 1442 641 1476">
     <span class='ocr_line' id='line_1_29' title="bbox 5 1442 641 1476; baseline -0.002 -9"><span class='ocrx_word' id='word_1_170' title='bbox 5 1442 118 1475; x_wconf 67' lang='lat' dir='ltr'><strong>Sigillum</strong></span> <span class='ocrx_word' id='word_1_171' title='bbox 134 1443 210 1468; x_wconf 73' lang='lat' dir='ltr'><strong>intus</strong></span> <span class='ocrx_word' id='word_1_172' title='bbox 227 1443 387 1476; x_wconf 80' lang='lat' dir='ltr'><strong>impressum</strong></span> <span class='ocrx_word' id='word_1_173' title='bbox 398 1443 531 1474; x_wconf 79' lang='lat' dir='ltr'><strong>inlegrum</strong></span> <span class='ocrx_word' id='word_1_174' title='bbox 543 1443 641 1467; x_wconf 65' lang='lat' dir='ltr'><strong>emslat.</strong></span> 
     </span>
    </p>
   </div>
   <div class='ocr_carea' id='block_1_30' title="bbox 353 1486 384 1511">
    <p class='ocr_par' dir='ltr' id='par_1_30' title="bbox 353 1486 384 1511">
     <span class='ocr_line' id='line_1_30' title="bbox 353 1486 384 1511; baseline 0 0"><span class='ocrx_word' id='word_1_175' title='bbox 353 1486 384 1511; x_wconf 88' lang='lat' dir='ltr'><strong>V.</strong></span> 
     </span>
    </p>
   </div>
   <div class='ocr_carea' id='block_1_31' title="bbox 0 1527 808 1562">
    <p class='ocr_par' dir='ltr' id='par_1_31' title="bbox 0 1527 808 1562">
     <span class='ocr_line' id='line_1_31' title="bbox 0 1527 808 1562; baseline 0.001 -9"><span class='ocrx_word' id='word_1_176' title='bbox 0 1537 21 1553; x_wconf 60' lang='lat'><strong><em>:1</em></strong></span> <span class='ocrx_word' id='word_1_177' title='bbox 32 1529 163 1556; x_wconf 78' lang='lat' dir='ltr'><strong>Henricus</strong></span> <span class='ocrx_word' id='word_1_178' title='bbox 181 1530 209 1556; x_wconf 85' lang='lat' dir='ltr'><strong>ll</strong></span> <span class='ocrx_word' id='word_1_179' title='bbox 228 1529 310 1556; x_wconf 78' lang='lat' dir='ltr'><strong>donat</strong></span> <span class='ocrx_word' id='word_1_180' title='bbox 333 1530 455 1562; x_wconf 78' lang='lat' dir='ltr'><strong>episcopo</strong></span> <span class='ocrx_word' id='word_1_181' title='bbox 474 1527 633 1555; x_wconf 65' lang='lat' dir='ltr'><strong>Brixinensi</strong></span> <span class='ocrx_word' id='word_1_182' title='bbox 649 1536 739 1554; x_wconf 79' lang='lat' dir='ltr'><strong>aream</strong></span> <span class='ocrx_word' id='word_1_183' title='bbox 753 1528 808 1554; x_wconf 81' lang='lat' dir='ltr'><strong>Ra-</strong></span> 
     </span>
    </p>
   </div>
   <div class='ocr_carea' id='block_1_32' title="bbox 293 1572 509 1599">
    <p class='ocr_par' dir='ltr' id='par_1_32' title="bbox 293 1572 509 1599">
     <span class='ocr_line' id='line_1_32' title="bbox 293 1572 509 1599; baseline -0.005 -1"><span class='ocrx_word' id='word_1_184' title='bbox 293 1572 404 1599; x_wconf 63' lang='lat' dir='ltr'><strong>lisbonw</strong></span> <span class='ocrx_word' id='word_1_185' title='bbox 418 1573 509 1598; x_wconf 79' lang='lat' dir='ltr'><strong>sitam.</strong></span> 
     </span>
    </p>
   </div>
   <div class='ocr_carea' id='block_1_33' title="bbox 224 1615 580 1649">
    <p class='ocr_par' dir='ltr' id='par_1_33' title="bbox 224 1615 580 1649">
     <span class='ocr_line' id='line_1_33' title="bbox 224 1615 580 1649; baseline 0 -7"><span class='ocrx_word' id='word_1_186' title='bbox 224 1616 319 1649; x_wconf 77' lang='lat' dir='ltr'><strong>(Anno</strong></span> <span class='ocrx_word' id='word_1_187' title='bbox 343 1616 420 1647; x_wconf 76' lang='lat' dir='ltr'><strong>l002,</strong></span> <span class='ocrx_word' id='word_1_188' title='bbox 455 1616 486 1642; x_wconf 85' lang='lat' dir='ltr'><strong>l6</strong></span> <span class='ocrx_word' id='word_1_189' title='bbox 502 1615 580 1649; x_wconf 85' lang='lat' dir='ltr'><strong>Nov.)</strong></span> 
     </span>
    </p>
   </div>
   <div class='ocr_carea' id='block_1_34' title="bbox 16 1659 813 1694">
    <p class='ocr_par' dir='ltr' id='par_1_34' title="bbox 16 1659 813 1694">
     <span class='ocr_line' id='line_1_34' title="bbox 16 1659 813 1694; baseline -0.001 -8"><span class='ocrx_word' id='word_1_190' title='bbox 16 1659 99 1693; x_wconf 62' lang='lat' dir='ltr'><strong>[Ried,</strong></span> <span class='ocrx_word' id='word_1_191' title='bbox 122 1660 170 1686; x_wconf 80' lang='lat' dir='ltr'><strong>ubi</strong></span> <span class='ocrx_word' id='word_1_192' title='bbox 187 1667 285 1694; x_wconf 76' lang='lat' dir='ltr'><strong>supra.</strong></span> <span class='ocrx_word' id='word_1_193' title='bbox 311 1668 344 1686; x_wconf 93' lang='lat' dir='ltr'><strong>ex</strong></span> <span class='ocrx_word' id='word_1_194' title='bbox 367 1659 480 1686; x_wconf 85' lang='lat' dir='ltr'><strong>Reschii</strong></span> <span class='ocrx_word' id='word_1_195' title='bbox 505 1659 658 1686; x_wconf 81' lang='lat' dir='ltr'><strong>Annalibus</strong></span> <span class='ocrx_word' id='word_1_196' title='bbox 686 1659 813 1686; x_wconf 72' lang='lat' dir='ltr'><strong>Ecclesiae</strong></span> 
     </span>
    </p>
   </div>
   <div class='ocr_carea' id='block_1_35' title="bbox 255 1703 521 1738">
    <p class='ocr_par' dir='ltr' id='par_1_35' title="bbox 255 1703 521 1738">
     <span class='ocr_line' id='line_1_35' title="bbox 255 1703 521 1738; baseline -0.004 -7"><span class='ocrx_word' id='word_1_197' title='bbox 255 1704 366 1731; x_wconf 81' lang='lat' dir='ltr'><strong>Sabion.</strong></span> <span class='ocrx_word' id='word_1_198' title='bbox 381 1704 432 1737; x_wconf 84' lang='grc'><strong><em>111,</em></strong></span> <span class='ocrx_word' id='word_1_199' title='bbox 449 1703 521 1738; x_wconf 75' lang='lat'><strong>701.]</strong></span> 
     </span>
    </p>
   </div>
   <div class='ocr_carea' id='block_1_36' title="bbox 15 1745 811 1779">
    <p class='ocr_par' dir='ltr' id='par_1_36' title="bbox 15 1745 811 1779">
     <span class='ocr_line' id='line_1_36' title="bbox 15 1745 811 1779; baseline 0 -8"><span class='ocrx_word' id='word_1_200' title='bbox 15 1748 42 1773; x_wconf 71' lang='lat' dir='ltr'><strong>tl.</strong></span> <span class='ocrx_word' id='word_1_201' title='bbox 72 1748 101 1774; x_wconf 91' lang='lat' dir='ltr'><strong>ln</strong></span> <span class='ocrx_word' id='word_1_202' title='bbox 129 1747 252 1774; x_wconf 90' lang='lat' dir='ltr'><strong>nomine</strong></span> <span class='ocrx_word' id='word_1_203' title='bbox 281 1749 385 1773; x_wconf 68' lang='lat' dir='ltr'><strong>sancta:</strong></span> <span class='ocrx_word' id='word_1_204' title='bbox 422 1749 450 1773; x_wconf 86' lang='lat' dir='ltr'><strong>et</strong></span> <span class='ocrx_word' id='word_1_205' title='bbox 475 1746 630 1773; x_wconf 62' lang='lat' dir='ltr'><strong>individua</strong></span> <span class='ocrx_word' id='word_1_206' title='bbox 655 1745 811 1779; x_wconf 81' lang='lat' dir='ltr'><strong>Trinitatis,</strong></span> 
     </span>
    </p>
   </div>
   <div class='ocr_carea' id='block_1_37' title="bbox 1 1790 518 1825">
    <p class='ocr_par' dir='ltr' id='par_1_37' title="bbox 1 1790 518 1825">
     <span class='ocr_line' id='line_1_37' title="bbox 1 1790 518 1825; baseline 0.002 -10"><span class='ocrx_word' id='word_1_207' title='bbox 1 1798 103 1818; x_wconf 70' lang='lat' dir='ltr'><strong>marcus</strong></span> <span class='ocrx_word' id='word_1_208' title='bbox 113 1791 213 1818; x_wconf 86' lang='lat' dir='ltr'><strong>divina</strong></span> <span class='ocrx_word' id='word_1_209' title='bbox 228 1791 340 1818; x_wconf 78' lang='lat' dir='ltr'><strong>favente</strong></span> <span class='ocrx_word' id='word_1_210' title='bbox 353 1790 445 1825; x_wconf 84' lang='lat' dir='ltr'><strong>gratia</strong></span> <span class='ocrx_word' id='word_1_211' title='bbox 458 1798 518 1817; x_wconf 84' lang='lat' dir='ltr'><strong>rex.</strong></span> 
     </span>
    </p>
   </div>
   <div class='ocr_carea' id='block_1_38' title="bbox 6 1833 812 1867">
    <p class='ocr_par' dir='ltr' id='par_1_38' title="bbox 6 1833 812 1867">
     <span class='ocr_line' id='line_1_38' title="bbox 6 1833 812 1867; baseline 0 -8"><span class='ocrx_word' id='word_1_212' title='bbox 6 1834 94 1862; x_wconf 79' lang='lat' dir='ltr'><strong>Notum</strong></span> <span class='ocrx_word' id='word_1_213' title='bbox 110 1843 171 1862; x_wconf 82' lang='lat' dir='ltr'><strong>esse</strong></span> <span class='ocrx_word' id='word_1_214' title='bbox 188 1835 323 1861; x_wconf 88' lang='lat' dir='ltr'><strong>volumus</strong></span> <span class='ocrx_word' id='word_1_215' title='bbox 338 1834 471 1860; x_wconf 83' lang='lat' dir='ltr'><strong>omnibus</strong></span> <span class='ocrx_word' id='word_1_216' title='bbox 480 1833 585 1860; x_wconf 81' lang='lat' dir='ltr'><strong>nostris</strong></span> <span class='ocrx_word' id='word_1_217' title='bbox 592 1833 812 1867; x_wconf 76' lang='lat' dir='ltr'><strong>ﬁdelibus,pree-</strong></span> 
     </span>
    </p>
   </div>
   <div class='ocr_carea' id='block_1_39' title="bbox 4 1877 811 1913">
    <p class='ocr_par' dir='ltr' id='par_1_39' title="bbox 4 1877 811 1913">
     <span class='ocr_line' id='line_1_39' title="bbox 4 1877 811 1913; baseline 0.001 -11"><span class='ocrx_word' id='word_1_218' title='bbox 4 1878 84 1904; x_wconf 86' lang='lat' dir='ltr'><strong>ntibus</strong></span> <span class='ocrx_word' id='word_1_219' title='bbox 99 1881 126 1905; x_wconf 87' lang='lat' dir='ltr'><strong>et</strong></span> <span class='ocrx_word' id='word_1_220' title='bbox 140 1879 260 1911; x_wconf 84' lang='lat' dir='ltr'><strong>futuris,</strong></span> <span class='ocrx_word' id='word_1_221' title='bbox 274 1878 398 1913; x_wconf 82' lang='lat' dir='ltr'><strong>qualiter</strong></span> <span class='ocrx_word' id='word_1_222' title='bbox 410 1886 472 1910; x_wconf 87' lang='lat' dir='ltr'><strong>nos,</strong></span> <span class='ocrx_word' id='word_1_223' title='bbox 484 1878 520 1904; x_wconf 93' lang='lat' dir='ltr'><strong>ob</strong></span> <span class='ocrx_word' id='word_1_224' title='bbox 529 1877 719 1903; x_wconf 86' lang='lat' dir='ltr'><strong>interventum</strong></span> <span class='ocrx_word' id='word_1_225' title='bbox 728 1877 811 1903; x_wconf 87' lang='lat' dir='ltr'><strong>devo-</strong></span> 
     </span>
    </p>
   </div>
   <div class='ocr_carea' id='block_1_40' title="bbox 2 1920 810 1957">
    <p class='ocr_par' dir='ltr' id='par_1_40' title="bbox 2 1920 810 1957">
     <span class='ocr_line' id='line_1_40' title="bbox 2 1920 810 1957; baseline 0 -11"><span class='ocrx_word' id='word_1_226' title='bbox 2 1922 258 1957; x_wconf 46' lang='lat' dir='ltr'><strong>.mqueobsequium</strong></span> <span class='ocrx_word' id='word_1_227' title='bbox 265 1921 359 1949; x_wconf 85' lang='lat' dir='ltr'><strong>ﬁdelis</strong></span> <span class='ocrx_word' id='word_1_228' title='bbox 375 1920 652 1948; x_wconf 83' lang='lat' dir='ltr'><strong>nostriSabionensis</strong></span> <span class='ocrx_word' id='word_1_229' title='bbox 665 1920 810 1947; x_wconf 83' lang='lat' dir='ltr'><strong>venerabi-</strong></span> 
     </span>
    </p>
   </div>
   <div class='ocr_carea' id='block_1_41' title="bbox 2 1964 811 1999">
    <p class='ocr_par' dir='ltr' id='par_1_41' title="bbox 2 1964 811 1999">
     <span class='ocr_line' id='line_1_41' title="bbox 2 1964 811 1999; baseline 0 -9"><span class='ocrx_word' id='word_1_230' title='bbox 2 1965 130 1999; x_wconf 68' lang='lat' dir='ltr'><strong>aepiscopi</strong></span> <span class='ocrx_word' id='word_1_231' title='bbox 146 1965 284 1997; x_wconf 82' lang='lat' dir='ltr'><strong>Albwini,</strong></span> <span class='ocrx_word' id='word_1_232' title='bbox 301 1965 334 1991; x_wconf 87' lang='lat' dir='ltr'><strong>ad</strong></span> <span class='ocrx_word' id='word_1_233' title='bbox 360 1964 506 1991; x_wconf 85' lang='lat' dir='ltr'><strong>ecclesiam</strong></span> <span class='ocrx_word' id='word_1_234' title='bbox 530 1964 618 1991; x_wconf 82' lang='lat' dir='ltr'><strong>sancti</strong></span> <span class='ocrx_word' id='word_1_235' title='bbox 637 1964 811 1999; x_wconf 82' lang='lat' dir='ltr'><strong>lngenuwiui</strong></span> 
     </span>
    </p>
   </div>
   <div class='ocr_carea' id='block_1_42' title="bbox 2 2008 812 2044">
    <p class='ocr_par' dir='ltr' id='par_1_42' title="bbox 2 2008 812 2044">
     <span class='ocr_line' id='line_1_42' title="bbox 2 2008 812 2044; baseline 0.002 -12"><span class='ocrx_word' id='word_1_236' title='bbox 2 2009 121 2036; x_wconf 66' lang='lat' dir='ltr'><strong>irtiferum</strong></span> <span class='ocrx_word' id='word_1_237' title='bbox 137 2017 233 2036; x_wconf 85' lang='lat' dir='ltr'><strong>unum</strong></span> <span class='ocrx_word' id='word_1_238' title='bbox 245 2009 274 2035; x_wconf 90' lang='lat' dir='ltr'><strong>in</strong></span> <span class='ocrx_word' id='word_1_239' title='bbox 286 2008 432 2044; x_wconf 83' lang='lat' dir='ltr'><strong>provincia</strong></span> <span class='ocrx_word' id='word_1_240' title='bbox 448 2008 641 2042; x_wconf 82' lang='lat' dir='ltr'><strong>Bajoariorum</strong></span> <span class='ocrx_word' id='word_1_241' title='bbox 656 2008 684 2034; x_wconf 93' lang='lat' dir='ltr'><strong>in</strong></span> <span class='ocrx_word' id='word_1_242' title='bbox 700 2008 812 2034; x_wconf 80' lang='lat' dir='ltr'><strong>civitate</strong></span> 
     </span>
    </p>
   </div>
   <div class='ocr_carea' id='block_1_43' title="bbox 2 2052 813 2087">
    <p class='ocr_par' dir='ltr' id='par_1_43' title="bbox 2 2052 813 2087">
     <span class='ocr_line' id='line_1_43' title="bbox 2 2052 813 2087; baseline 0.001 -10"><span class='ocrx_word' id='word_1_243' title='bbox 2 2052 134 2087; x_wconf 70' lang='lat' dir='ltr'><strong>adespona,</strong></span> <span class='ocrx_word' id='word_1_244' title='bbox 147 2053 177 2080; x_wconf 92' lang='lat' dir='ltr'><strong>in</strong></span> <span class='ocrx_word' id='word_1_245' title='bbox 191 2053 334 2080; x_wconf 79' lang='lat' dir='ltr'><strong>comitatu</strong></span> <span class='ocrx_word' id='word_1_246' title='bbox 344 2052 494 2087; x_wconf 83' lang='lat' dir='ltr'><strong>Ruotperti</strong></span> <span class='ocrx_word' id='word_1_247' title='bbox 506 2052 603 2084; x_wconf 88' lang='lat' dir='ltr'><strong>situm,</strong></span> <span class='ocrx_word' id='word_1_248' title='bbox 624 2059 784 2086; x_wconf 87' lang='lat' dir='ltr'><strong>possessum</strong></span> <span class='ocrx_word' id='word_1_249' title='bbox 796 2060 813 2078; x_wconf 79' lang='grc' dir='ltr'><strong>θ,</strong></span> 
     </span>
    </p>
   </div>
   <div class='ocr_carea' id='block_1_44' title="bbox 2 2095 812 2129">
    <p class='ocr_par' dir='ltr' id='par_1_44' title="bbox 2 2095 812 2129">
     <span class='ocr_line' id='line_1_44' title="bbox 2 2095 812 2129; baseline 0.002 -9"><span class='ocrx_word' id='word_1_250' title='bbox 2 2095 50 2122; x_wconf 70' lang='lat' dir='ltr'><strong>ibus</strong></span> <span class='ocrx_word' id='word_1_251' title='bbox 60 2097 122 2124; x_wconf 87' lang='lat' dir='ltr'><strong>viris</strong></span> <span class='ocrx_word' id='word_1_252' title='bbox 138 2098 177 2124; x_wconf 92' lang='lat' dir='ltr'><strong>ita</strong></span> <span class='ocrx_word' id='word_1_253' title='bbox 190 2097 322 2124; x_wconf 83' lang='lat' dir='ltr'><strong>vocitatis</strong></span> <span class='ocrx_word' id='word_1_254' title='bbox 343 2098 410 2129; x_wconf 75' lang='lat' dir='ltr'><strong>Azo,</strong></span> <span class='ocrx_word' id='word_1_255' title='bbox 426 2096 529 2129; x_wconf 86' lang='lat' dir='ltr'><strong>Lanzo,</strong></span> <span class='ocrx_word' id='word_1_256' title='bbox 550 2095 635 2128; x_wconf 85' lang='lat' dir='ltr'><strong>Gotti,</strong></span> <span class='ocrx_word' id='word_1_257' title='bbox 661 2095 767 2122; x_wconf 83' lang='lat' dir='ltr'><strong>habens</strong></span> <span class='ocrx_word' id='word_1_258' title='bbox 782 2095 812 2122; x_wconf 91' lang='lat' dir='ltr'><strong>in</strong></span> 
     </span>
    </p>
   </div>
   <div class='ocr_carea' id='block_1_45' title="bbox 2 2139 811 2176">
    <p class='ocr_par' dir='ltr' id='par_1_45' title="bbox 2 2139 811 2176">
     <span class='ocr_line' id='line_1_45' title="bbox 2 2139 811 2176; baseline 0.001 -12"><span class='ocrx_word' id='word_1_259' title='bbox 2 2140 134 2173; x_wconf 75' lang='lat' dir='ltr'><strong>ngitudine</strong></span> <span class='ocrx_word' id='word_1_260' title='bbox 143 2141 272 2176; x_wconf 81' lang='lat' dir='ltr'><strong>perticas</strong></span> <span class='ocrx_word' id='word_1_261' title='bbox 287 2143 352 2167; x_wconf 79' lang='lat' dir='ltr'><strong>xret</strong></span> <span class='ocrx_word' id='word_1_262' title='bbox 365 2139 531 2172; x_wconf 86' lang='lat' dir='ltr'><strong>demidiam,</strong></span> <span class='ocrx_word' id='word_1_263' title='bbox 540 2139 602 2166; x_wconf 88' lang='lat' dir='ltr'><strong>etin</strong></span> <span class='ocrx_word' id='word_1_264' title='bbox 618 2139 766 2166; x_wconf 83' lang='lat' dir='ltr'><strong>latitudine</strong></span> <span class='ocrx_word' id='word_1_265' title='bbox 775 2147 811 2171; x_wconf 81' lang='lat' dir='ltr'><strong>vr,</strong></span> 
     </span>
    </p>
   </div>
   <div class='ocr_carea' id='block_1_46' title="bbox 14 2183 810 2219">
    <p class='ocr_par' dir='ltr' id='par_1_46' title="bbox 14 2183 810 2219">
     <span class='ocr_line' id='line_1_46' title="bbox 14 2183 810 2219; baseline -0.001 -10"><span class='ocrx_word' id='word_1_266' title='bbox 14 2184 148 2219; x_wconf 84' lang='lat' dir='ltr'><strong>proprium</strong></span> <span class='ocrx_word' id='word_1_267' title='bbox 165 2185 316 2217; x_wconf 85' lang='lat' dir='ltr'><strong>dedimus,</strong></span> <span class='ocrx_word' id='word_1_268' title='bbox 327 2191 392 2210; x_wconf 91' lang='lat' dir='ltr'><strong>cum</strong></span> <span class='ocrx_word' id='word_1_269' title='bbox 409 2183 534 2210; x_wconf 81' lang='lat' dir='ltr'><strong>exitibus</strong></span> <span class='ocrx_word' id='word_1_270' title='bbox 553 2185 580 2210; x_wconf 88' lang='lat' dir='ltr'><strong>et</strong></span> <span class='ocrx_word' id='word_1_271' title='bbox 601 2183 737 2209; x_wconf 84' lang='lat' dir='ltr'><strong>reditibus</strong></span> <span class='ocrx_word' id='word_1_272' title='bbox 752 2191 810 2209; x_wconf 90' lang='lat' dir='ltr'><strong>om-</strong></span> 
     </span>
    </p>
   </div>
   <div class='ocr_carea' id='block_1_47' title="bbox 4 2226 811 2262">
    <p class='ocr_par' dir='ltr' id='par_1_47' title="bbox 4 2226 811 2262">
     <span class='ocr_line' id='line_1_47' title="bbox 4 2226 811 2262; baseline 0.001 -11"><span class='ocrx_word' id='word_1_273' title='bbox 4 2227 97 2262; x_wconf 82' lang='lat' dir='ltr'><strong>busque</strong></span> <span class='ocrx_word' id='word_1_274' title='bbox 114 2229 200 2255; x_wconf 84' lang='lat' dir='ltr'><strong>rebus</strong></span> <span class='ocrx_word' id='word_1_275' title='bbox 213 2229 282 2262; x_wconf 85' lang='lat' dir='ltr'><strong>jure</strong></span> <span class='ocrx_word' id='word_1_276' title='bbox 306 2227 490 2262; x_wconf 86' lang='lat' dir='ltr'><strong>legitimeque</strong></span> <span class='ocrx_word' id='word_1_277' title='bbox 506 2227 540 2253; x_wconf 87' lang='lat' dir='ltr'><strong>ad</strong></span> <span class='ocrx_word' id='word_1_278' title='bbox 555 2226 629 2253; x_wconf 92' lang='lat' dir='ltr'><strong>idem</strong></span> <span class='ocrx_word' id='word_1_279' title='bbox 645 2226 811 2253; x_wconf 86' lang='lat' dir='ltr'><strong>curtiferum</strong></span> 
     </span>
    </p>
   </div>
   <div class='ocr_carea' id='block_1_48' title="bbox 3 2270 812 2306">
    <p class='ocr_par' dir='ltr' id='par_1_48' title="bbox 3 2270 812 2306">
     <span class='ocr_line' id='line_1_48' title="bbox 3 2270 812 2306; baseline 0.001 -11"><span class='ocrx_word' id='word_1_280' title='bbox 3 2271 176 2306; x_wconf 69' lang='lat' dir='ltr'><strong>:rtinentibus,</strong></span> <span class='ocrx_word' id='word_1_281' title='bbox 206 2280 244 2298; x_wconf 88' lang='lat' dir='ltr'><strong>eo</strong></span> <span class='ocrx_word' id='word_1_282' title='bbox 271 2271 377 2298; x_wconf 86' lang='lat' dir='ltr'><strong>scilicet</strong></span> <span class='ocrx_word' id='word_1_283' title='bbox 396 2274 494 2297; x_wconf 89' lang='lat' dir='ltr'><strong>tenore</strong></span> <span class='ocrx_word' id='word_1_284' title='bbox 510 2273 542 2296; x_wconf 88' lang='lat' dir='ltr'><strong>nt</strong></span> <span class='ocrx_word' id='word_1_285' title='bbox 564 2270 640 2297; x_wconf 89' lang='lat' dir='ltr'><strong>idem</strong></span> <span class='ocrx_word' id='word_1_286' title='bbox 656 2270 812 2305; x_wconf 66' lang='lat' dir='ltr'><strong>prostituta-</strong></span> 
     </span>
    </p>
   </div>
   <div class='ocr_carea' id='block_1_49' title="bbox 4 2314 814 2350">
    <p class='ocr_par' dir='ltr' id='par_1_49' title="bbox 4 2314 814 2350">
     <span class='ocr_line' id='line_1_49' title="bbox 4 2314 814 2350; baseline 0.001 -11"><span class='ocrx_word' id='word_1_287' title='bbox 4 2323 14 2339; x_wconf 86' lang='lat' dir='ltr'><strong>s</strong></span> <span class='ocrx_word' id='word_1_288' title='bbox 36 2316 144 2342; x_wconf 82' lang='lat' dir='ltr'><strong>antistes</strong></span> <span class='ocrx_word' id='word_1_289' title='bbox 180 2323 344 2350; x_wconf 88' lang='lat' dir='ltr'><strong>omnesque</strong></span> <span class='ocrx_word' id='word_1_290' title='bbox 371 2314 415 2341; x_wconf 91' lang='lat' dir='ltr'><strong>sui</strong></span> <span class='ocrx_word' id='word_1_291' title='bbox 449 2322 622 2341; x_wconf 88' lang='lat' dir='ltr'><strong>successores</strong></span> <span class='ocrx_word' id='word_1_292' title='bbox 653 2322 685 2341; x_wconf 86' lang='lat' dir='ltr'><strong>ex</strong></span> <span class='ocrx_word' id='word_1_293' title='bbox 715 2314 814 2341; x_wconf 91' lang='lat' dir='ltr'><strong>eodem</strong></span> 
     </span>
    </p>
   </div>
   <div class='ocr_carea' id='block_1_50' title="bbox 7 2358 814 2393">
    <p class='ocr_par' dir='ltr' id='par_1_50' title="bbox 7 2358 814 2393">
     <span class='ocr_line' id='line_1_50' title="bbox 7 2358 814 2393; baseline 0.001 -10"><span class='ocrx_word' id='word_1_294' title='bbox 7 2358 91 2386; x_wconf 81' lang='lat' dir='ltr'><strong>rtifero</strong></span> <span class='ocrx_word' id='word_1_295' title='bbox 113 2360 148 2386; x_wconf 83' lang='lat' dir='ltr'><strong>ad</strong></span> <span class='ocrx_word' id='word_1_296' title='bbox 178 2367 268 2387; x_wconf 87' lang='lat' dir='ltr'><strong>usum</strong></span> <span class='ocrx_word' id='word_1_297' title='bbox 297 2358 453 2393; x_wconf 66' lang='lat' dir='ltr'><strong>prelibata:</strong></span> <span class='ocrx_word' id='word_1_298' title='bbox 488 2358 613 2384; x_wconf 63' lang='lat' dir='ltr'><strong>ecclesia:</strong></span> <span class='ocrx_word' id='word_1_299' title='bbox 646 2360 814 2393; x_wconf 87' lang='lat' dir='ltr'><strong>potestatem</strong></span> 
     </span>
    </p>
   </div>
   <div class='ocr_carea' id='block_1_51' title="bbox 3 2401 812 2431">
    <p class='ocr_par' dir='ltr' id='par_1_51' title="bbox 3 2401 812 2431">
     <span class='ocr_line' id='line_1_51' title="bbox 3 2401 812 2431; baseline 0 -4"><span class='ocrx_word' id='word_1_300' title='bbox 3 2402 81 2429; x_wconf 69' lang='lat' dir='ltr'><strong>lbeant</strong></span> <span class='ocrx_word' id='word_1_301' title='bbox 103 2404 163 2431; x_wconf 89' lang='lat' dir='ltr'><strong>sine</strong></span> <span class='ocrx_word' id='word_1_302' title='bbox 180 2403 265 2430; x_wconf 87' lang='lat' dir='ltr'><strong>omni</strong></span> <span class='ocrx_word' id='word_1_303' title='bbox 291 2402 491 2429; x_wconf 87' lang='lat' dir='ltr'><strong>malivolorum</strong></span> <span class='ocrx_word' id='word_1_304' title='bbox 516 2401 738 2428; x_wconf 80' lang='lat' dir='ltr'><strong>contradictione</strong></span> <span class='ocrx_word' id='word_1_305' title='bbox 763 2401 812 2427; x_wconf 86' lang='lat' dir='ltr'><strong>ha-</strong></span> 
     </span>
    </p>
   </div>
   <div class='ocr_carea' id='block_1_52' title="bbox 4 2445 815 2481">
    <p class='ocr_par' dir='ltr' id='par_1_52' title="bbox 4 2445 815 2481">
     <span class='ocr_line' id='line_1_52' title="bbox 4 2445 815 2481; baseline 0.002 -12"><span class='ocrx_word' id='word_1_306' title='bbox 4 2446 58 2476; x_wconf 76' lang='lat' dir='ltr'><strong>:ndi.</strong></span> <span class='ocrx_word' id='word_1_307' title='bbox 68 2447 278 2479; x_wconf 81' lang='lat' dir='ltr'><strong>commutandi,</strong></span> <span class='ocrx_word' id='word_1_308' title='bbox 291 2448 320 2473; x_wconf 84' lang='lat' dir='ltr'><strong>et</strong></span> <span class='ocrx_word' id='word_1_309' title='bbox 341 2445 481 2481; x_wconf 86' lang='lat' dir='ltr'><strong>quidquid</strong></span> <span class='ocrx_word' id='word_1_310' title='bbox 505 2445 559 2472; x_wconf 88' lang='lat' dir='ltr'><strong>sibi</strong></span> <span class='ocrx_word' id='word_1_311' title='bbox 575 2445 698 2478; x_wconf 88' lang='lat' dir='ltr'><strong>libuerit,</strong></span> <span class='ocrx_word' id='word_1_312' title='bbox 714 2445 815 2472; x_wconf 83' lang='lat' dir='ltr'><strong>exinde</strong></span> 
     </span>
    </p>
   </div>
   <div class='ocr_carea' id='block_1_53' title="bbox 4 2489 814 2520">
    <p class='ocr_par' dir='ltr' id='par_1_53' title="bbox 4 2489 814 2520">
     <span class='ocr_line' id='line_1_53' title="bbox 4 2489 814 2520; baseline 0.001 -6"><span class='ocrx_word' id='word_1_313' title='bbox 4 2490 87 2516; x_wconf 74' lang='lat' dir='ltr'><strong>ciendi.</strong></span> <span class='ocrx_word' id='word_1_314' title='bbox 116 2492 148 2518; x_wconf 81' lang='lat' dir='ltr'><strong>Et</strong></span> <span class='ocrx_word' id='word_1_315' title='bbox 178 2494 212 2518; x_wconf 89' lang='lat' dir='ltr'><strong>ut</strong></span> <span class='ocrx_word' id='word_1_316' title='bbox 248 2491 313 2517; x_wconf 57' lang='lat' dir='ltr'><strong>hac</strong></span> <span class='ocrx_word' id='word_1_317' title='bbox 345 2489 459 2516; x_wconf 87' lang='lat' dir='ltr'><strong>traditio</strong></span> <span class='ocrx_word' id='word_1_318' title='bbox 496 2491 601 2516; x_wconf 67' lang='lat' dir='ltr'><strong>nostra:</strong></span> <span class='ocrx_word' id='word_1_319' title='bbox 628 2489 814 2520; x_wconf 81' lang='lat' dir='ltr'><strong>auctoritatis,</strong></span> 
     </span>
    </p>
   </div>
   <div class='ocr_carea' id='block_1_54' title="bbox 4 2532 816 2562">
    <p class='ocr_par' dir='ltr' id='par_1_54' title="bbox 4 2532 816 2562">
     <span class='ocr_line' id='line_1_54' title="bbox 4 2532 816 2562; baseline -0.001 -3"><span class='ocrx_word' id='word_1_320' title='bbox 4 2540 31 2559; x_wconf 75' lang='lat' dir='ltr'><strong>ne</strong></span> <span class='ocrx_word' id='word_1_321' title='bbox 45 2534 69 2560; x_wconf 91' lang='lat' dir='ltr'><strong>iu</strong></span> <span class='ocrx_word' id='word_1_322' title='bbox 84 2535 133 2562; x_wconf 88' lang='lat' dir='ltr'><strong>Dei</strong></span> <span class='ocrx_word' id='word_1_323' title='bbox 149 2536 306 2562; x_wconf 82' lang='lat' dir='ltr'><strong>voluntate</strong></span> <span class='ocrx_word' id='word_1_324' title='bbox 319 2536 348 2560; x_wconf 88' lang='lat' dir='ltr'><strong>et</strong></span> <span class='ocrx_word' id='word_1_325' title='bbox 367 2533 404 2560; x_wconf 92' lang='lat' dir='ltr'><strong>ob</strong></span> <span class='ocrx_word' id='word_1_326' title='bbox 423 2532 583 2559; x_wconf 79' lang='lat' dir='ltr'><strong>remedium</strong></span> <span class='ocrx_word' id='word_1_327' title='bbox 594 2532 696 2559; x_wconf 67' lang='lat' dir='ltr'><strong>animm</strong></span> <span class='ocrx_word' id='word_1_328' title='bbox 712 2534 816 2558; x_wconf 76' lang='lat' dir='ltr'><strong>nostrae</strong></span> 
     </span>
    </p>
   </div>
   <div class='ocr_carea' id='block_1_55' title="bbox 4 2576 817 2612">
    <p class='ocr_par' dir='ltr' id='par_1_55' title="bbox 4 2576 817 2612">
     <span class='ocr_line' id='line_1_55' title="bbox 4 2576 817 2612; baseline 0.001 -11"><span class='ocrx_word' id='word_1_329' title='bbox 4 2580 37 2603; x_wconf 72' lang='lat' dir='ltr'><strong>tta</strong></span> <span class='ocrx_word' id='word_1_330' title='bbox 50 2582 96 2611; x_wconf 85' lang='lat' dir='ltr'><strong>est,</strong></span> <span class='ocrx_word' id='word_1_331' title='bbox 117 2579 242 2612; x_wconf 77' lang='lat' dir='ltr'><strong>firmior,</strong></span> <span class='ocrx_word' id='word_1_332' title='bbox 271 2577 402 2605; x_wconf 81' lang='lat' dir='ltr'><strong>stabilior</strong></span> <span class='ocrx_word' id='word_1_333' title='bbox 425 2576 644 2611; x_wconf 90' lang='lat' dir='ltr'><strong>diuturniorque</strong></span> <span class='ocrx_word' id='word_1_334' title='bbox 669 2576 729 2609; x_wconf 80' lang='lat' dir='ltr'><strong>ﬁat,</strong></span> <span class='ocrx_word' id='word_1_335' title='bbox 744 2576 817 2603; x_wconf 84' lang='lat' dir='ltr'><strong>lianc</strong></span> 
     </span>
    </p>
   </div>
   <div class='ocr_carea' id='block_1_56' title="bbox 4 2619 818 2656">
    <p class='ocr_par' dir='ltr' id='par_1_56' title="bbox 4 2619 818 2656">
     <span class='ocr_line' id='line_1_56' title="bbox 4 2619 818 2656; baseline -0.001 -9"><span class='ocrx_word' id='word_1_336' title='bbox 4 2621 91 2654; x_wconf 73' lang='lat' dir='ltr'><strong>Iginam</strong></span> <span class='ocrx_word' id='word_1_337' title='bbox 115 2626 216 2650; x_wconf 86' lang='lat' dir='ltr'><strong>nostra</strong></span> <span class='ocrx_word' id='word_1_338' title='bbox 242 2629 335 2649; x_wconf 89' lang='lat' dir='ltr'><strong>manu</strong></span> <span class='ocrx_word' id='word_1_339' title='bbox 361 2620 479 2656; x_wconf 85' lang='lat' dir='ltr'><strong>propria</strong></span> <span class='ocrx_word' id='word_1_340' title='bbox 503 2620 717 2647; x_wconf 85' lang='lat' dir='ltr'><strong>corroborantes</strong></span> <span class='ocrx_word' id='word_1_341' title='bbox 741 2619 818 2654; x_wconf 87' lang='lat' dir='ltr'><strong>sigil-</strong></span> 
     </span>
    </p>
   </div>
   <div class='ocr_carea' id='block_1_57' title="bbox 6 2664 171 2698">
    <p class='ocr_par' dir='ltr' id='par_1_57' title="bbox 6 2664 171 2698">
     <span class='ocr_line' id='line_1_57' title="bbox 6 2664 171 2698; baseline 0.024 -8"><span class='ocrx_word' id='word_1_342' title='bbox 6 2664 22 2690; x_wconf 85' lang='lat' dir='ltr'><strong>ri</strong></span> <span class='ocrx_word' id='word_1_343' title='bbox 33 2666 171 2698; x_wconf 84' lang='lat' dir='ltr'><strong>jussimus.</strong></span> 
     </span>
    </p>
   </div>
   <div class='ocr_carea' id='block_1_58' title="bbox 10 2706 819 2742">
    <p class='ocr_par' dir='ltr' id='par_1_58' title="bbox 10 2706 819 2742">
     <span class='ocr_line' id='line_1_58' title="bbox 10 2706 819 2742; baseline -0.001 -8"><span class='ocrx_word' id='word_1_344' title='bbox 10 2709 104 2740; x_wconf 76' lang='lat' dir='ltr'><strong>Signum</strong></span> <span class='ocrx_word' id='word_1_345' title='bbox 130 2711 227 2738; x_wconf 74' lang='lat' dir='ltr'><strong>damni</strong></span> <span class='ocrx_word' id='word_1_346' title='bbox 248 2709 385 2737; x_wconf 78' lang='lat' dir='ltr'><strong>Heinrici</strong></span> <span class='ocrx_word' id='word_1_347' title='bbox 416 2709 488 2742; x_wconf 82' lang='lat' dir='ltr'><strong>regis</strong></span> <span class='ocrx_word' id='word_1_348' title='bbox 514 2706 695 2734; x_wconf 72' lang='lat' dir='ltr'><strong>invictissimi.</strong></span> <span class='ocrx_word' id='word_1_349' title='bbox 722 2708 819 2740; x_wconf 81' lang='lat' dir='ltr'><strong>(Mono-</strong></span> 
     </span>
    </p>
   </div>
   <div class='ocr_carea' id='block_1_59' title="bbox 5 2757 102 2787">
    <p class='ocr_par' dir='ltr' id='par_1_59' title="bbox 5 2757 102 2787">
     <span class='ocr_line' id='line_1_59' title="bbox 5 2757 102 2787; baseline 0.031 -10"><span class='ocrx_word' id='word_1_350' title='bbox 5 2757 102 2787; x_wconf 69' lang='lat' dir='ltr'><strong>&#39;amm&#39;t.)</strong></span> 
     </span>
    </p>
   </div>
   <div class='ocr_carea' id='block_1_60' title="bbox 13 2794 818 2830">
    <p class='ocr_par' dir='ltr' id='par_1_60' title="bbox 13 2794 818 2830">
     <span class='ocr_line' id='line_1_60' title="bbox 13 2794 818 2830; baseline -0.002 -8"><span class='ocrx_word' id='word_1_351' title='bbox 13 2795 153 2829; x_wconf 78' lang='lat' dir='ltr'><strong>Egilbertus</strong></span> <span class='ocrx_word' id='word_1_352' title='bbox 173 2797 371 2826; x_wconf 82' lang='lat' dir='ltr'><strong>cancellarius</strong></span> <span class='ocrx_word' id='word_1_353' title='bbox 384 2795 442 2822; x_wconf 84' lang='lat' dir='ltr'><strong>vice</strong></span> <span class='ocrx_word' id='word_1_354' title='bbox 463 2794 595 2830; x_wconf 82' lang='lat' dir='ltr'><strong>Willigisi</strong></span> <span class='ocrx_word' id='word_1_355' title='bbox 618 2794 818 2829; x_wconf 83' lang='lat' dir='ltr'><strong>archicapella-</strong></span> 
     </span>
    </p>
   </div>
   <div class='ocr_carea' id='block_1_61' title="bbox 5 2843 160 2877">
    <p class='ocr_par' dir='ltr' id='par_1_61' title="bbox 5 2843 160 2877">
     <span class='ocr_line' id='line_1_61' title="bbox 5 2843 160 2877; baseline 0.032 -12"><span class='ocrx_word' id='word_1_356' title='bbox 5 2846 7 2863; x_wconf 90' lang='lat' dir='ltr'>I</span> <span class='ocrx_word' id='word_1_357' title='bbox 20 2843 160 2877; x_wconf 78' lang='lat' dir='ltr'><strong>recognovi.</strong></span> 
     </span>
    </p>
   </div>
   <div class='ocr_carea' id='block_1_62' title="bbox 862 349 1706 382">
    <p class='ocr_par' dir='ltr' id='par_1_62' title="bbox 862 349 1706 382">
     <span class='ocr_line' id='line_1_62' title="bbox 862 349 1706 382; baseline 0.006 -7"><span class='ocrx_word' id='word_1_358' title='bbox 862 349 1016 376; x_wconf 74' lang='lat' dir='ltr'><strong>Dominicze</strong></span> <span class='ocrx_word' id='word_1_359' title='bbox 1056 351 1134 382; x_wconf 77' lang='lat'><strong>1002,</strong></span> <span class='ocrx_word' id='word_1_360' title='bbox 1163 349 1318 376; x_wconf 88' lang='lat' dir='ltr'><strong>indictione</strong></span> <span class='ocrx_word' id='word_1_361' title='bbox 1347 353 1374 382; x_wconf 70' lang='lat' dir='ltr'><strong>i,’</strong></span> <span class='ocrx_word' id='word_1_362' title='bbox 1396 359 1472 378; x_wconf 86' lang='lat' dir='ltr'><strong>anno</strong></span> <span class='ocrx_word' id='word_1_363' title='bbox 1511 360 1577 378; x_wconf 83' lang='lat' dir='ltr'><strong>vero</strong></span> <span class='ocrx_word' id='word_1_364' title='bbox 1606 352 1706 380; x_wconf 90' lang='lat' dir='ltr'><strong>domni</strong></span> 
     </span>
    </p>
   </div>
   <div class='ocr_carea' id='block_1_63' title="bbox 863 393 1631 430">
    <p class='ocr_par' dir='ltr' id='par_1_63' title="bbox 863 393 1631 430">
     <span class='ocr_line' id='line_1_63' title="bbox 863 393 1631 430; baseline 0.005 -11"><span class='ocrx_word' id='word_1_365' title='bbox 863 393 986 420; x_wconf 85' lang='lat' dir='ltr'><strong>lleinrici</strong></span> <span class='ocrx_word' id='word_1_366' title='bbox 999 393 1145 428; x_wconf 83' lang='lat' dir='ltr'><strong>regnantis</strong></span> <span class='ocrx_word' id='word_1_367' title='bbox 1158 402 1175 420; x_wconf 79' lang='grc' dir='ltr'><strong>ι.</strong></span> <span class='ocrx_word' id='word_1_368' title='bbox 1188 396 1289 420; x_wconf 77' lang='lat' dir='ltr'><strong>Actum</strong></span> <span class='ocrx_word' id='word_1_369' title='bbox 1317 394 1345 420; x_wconf 94' lang='lat' dir='ltr'><strong>in</strong></span> <span class='ocrx_word' id='word_1_370' title='bbox 1366 395 1434 421; x_wconf 78' lang='lat' dir='ltr'><strong>urbe</strong></span> <span class='ocrx_word' id='word_1_371' title='bbox 1453 395 1631 430; x_wconf 74' lang='lat' dir='ltr'><strong>Radespona.</strong></span> 
     </span>
    </p>
   </div>
   <div class='ocr_carea' id='block_1_64' title="bbox 1066 438 1514 473">
    <p class='ocr_par' dir='ltr' id='par_1_64' title="bbox 1066 438 1514 473">
     <span class='ocr_line' id='line_1_64' title="bbox 1066 438 1514 473; baseline 0.002 -9"><span class='ocrx_word' id='word_1_372' title='bbox 1066 438 1135 464; x_wconf 87' lang='lat' dir='ltr'><strong>Cum</strong></span> <span class='ocrx_word' id='word_1_373' title='bbox 1150 438 1240 471; x_wconf 83' lang='lat' dir='ltr'><strong>sigillo</strong></span> <span class='ocrx_word' id='word_1_374' title='bbox 1251 438 1386 472; x_wconf 76' lang='lat' dir='ltr'><strong>majestat.</strong></span> <span class='ocrx_word' id='word_1_375' title='bbox 1402 440 1514 473; x_wconf 81' lang='lat' dir='ltr'><strong>integro.</strong></span> 
     </span>
    </p>
   </div>
   <div class='ocr_carea' id='block_1_65' title="bbox 1255 481 1300 508">
    <p class='ocr_par' dir='ltr' id='par_1_65' title="bbox 1255 481 1300 508">
     <span class='ocr_line' id='line_1_65' title="bbox 1255 481 1300 508; baseline 0.022 -1"><span class='ocrx_word' id='word_1_376' title='bbox 1255 481 1300 508; x_wconf 89' lang='lat' dir='ltr'><strong>Vl.</strong></span> 
     </span>
    </p>
   </div>
   <div class='ocr_carea' id='block_1_66' title="bbox 862 524 1708 559">
    <p class='ocr_par' dir='ltr' id='par_1_66' title="bbox 862 524 1708 559">
     <span class='ocr_line' id='line_1_66' title="bbox 862 524 1708 559; baseline 0.005 -9"><span class='ocrx_word' id='word_1_377' title='bbox 862 524 1086 551; x_wconf 83' lang='lat' dir='ltr'><strong>Mundiburdium</strong></span> <span class='ocrx_word' id='word_1_378' title='bbox 1103 526 1175 558; x_wconf 84' lang='lat' dir='ltr'><strong>regis</strong></span> <span class='ocrx_word' id='word_1_379' title='bbox 1206 526 1316 552; x_wconf 77' lang='lat' dir='ltr'><strong>Henrici</strong></span> <span class='ocrx_word' id='word_1_380' title='bbox 1340 526 1367 552; x_wconf 86' lang='lat' dir='ltr'><strong>Il</strong></span> <span class='ocrx_word' id='word_1_381' title='bbox 1389 527 1553 553; x_wconf 79' lang='lat' dir='ltr'><strong>monasterio</strong></span> <span class='ocrx_word' id='word_1_382' title='bbox 1581 527 1708 559; x_wconf 78' lang='lat' dir='ltr'><strong>inferiori</strong></span> 
     </span>
    </p>
   </div>
   <div class='ocr_carea' id='block_1_67' title="bbox 1210 576 1371 595">
    <p class='ocr_par' dir='ltr' id='par_1_67' title="bbox 1210 576 1371 595">
     <span class='ocr_line' id='line_1_67' title="bbox 1210 576 1371 595; baseline 0 0"><span class='ocrx_word' id='word_1_383' title='bbox 1210 576 1359 595; x_wconf 75' lang='lat' dir='ltr'><strong>concessum</strong></span> <span class='ocrx_word' id='word_1_384' title='bbox 1366 590 1371 595; x_wconf 97' lang='lat'><strong>.</strong></span> 
     </span>
    </p>
   </div>
   <div class='ocr_carea' id='block_1_68' title="bbox 1143 612 1485 646">
    <p class='ocr_par' dir='ltr' id='par_1_68' title="bbox 1143 612 1485 646">
     <span class='ocr_line' id='line_1_68' title="bbox 1143 612 1485 646; baseline 0.003 -8"><span class='ocrx_word' id='word_1_385' title='bbox 1143 612 1328 644; x_wconf 81' lang='lat' dir='ltr'><strong>(Ann01002,</strong></span> <span class='ocrx_word' id='word_1_386' title='bbox 1350 613 1384 639; x_wconf 81' lang='lat'><strong>20</strong></span> <span class='ocrx_word' id='word_1_387' title='bbox 1403 613 1485 646; x_wconf 86' lang='lat' dir='ltr'><strong>Nov.)</strong></span> 
     </span>
    </p>
   </div>
   <div class='ocr_carea' id='block_1_69' title="bbox 1106 655 1495 692">
    <p class='ocr_par' dir='ltr' id='par_1_69' title="bbox 1106 655 1495 692">
     <span class='ocr_line' id='line_1_69' title="bbox 1106 655 1495 692; baseline 0.003 -10"><span class='ocrx_word' id='word_1_388' title='bbox 1106 655 1198 690; x_wconf 56' lang='lat' dir='ltr'><strong>(Rhed,</strong></span> <span class='ocrx_word' id='word_1_389' title='bbox 1215 656 1262 682; x_wconf 63' lang='lat' dir='ltr'><strong>ulli</strong></span> <span class='ocrx_word' id='word_1_390' title='bbox 1286 664 1371 690; x_wconf 80' lang='lat' dir='ltr'><strong>supra</strong></span> <span class='ocrx_word' id='word_1_391' title='bbox 1383 664 1412 691; x_wconf 91' lang='lat' dir='ltr'><strong>p.</strong></span> <span class='ocrx_word' id='word_1_392' title='bbox 1426 656 1495 692; x_wconf 63' lang='lat' dir='ltr'><strong>H8.)</strong></span> 
     </span>
    </p>
   </div>
   <div class='ocr_carea' id='block_1_70' title="bbox 899 699 1707 733">
    <p class='ocr_par' dir='ltr' id='par_1_70' title="bbox 899 699 1707 733">
     <span class='ocr_line' id='line_1_70' title="bbox 899 699 1707 733; baseline 0.004 -8"><span class='ocrx_word' id='word_1_393' title='bbox 899 700 928 725; x_wconf 83' lang='lat' dir='ltr'><strong>In</strong></span> <span class='ocrx_word' id='word_1_394' title='bbox 944 699 1060 725; x_wconf 86' lang='lat' dir='ltr'><strong>nomine</strong></span> <span class='ocrx_word' id='word_1_395' title='bbox 1075 703 1178 726; x_wconf 68' lang='lat' dir='ltr'><strong>sancta:</strong></span> <span class='ocrx_word' id='word_1_396' title='bbox 1198 702 1226 726; x_wconf 90' lang='lat' dir='ltr'><strong>et</strong></span> <span class='ocrx_word' id='word_1_397' title='bbox 1251 699 1404 727; x_wconf 69' lang='lat' dir='ltr'><strong>individua:</strong></span> <span class='ocrx_word' id='word_1_398' title='bbox 1424 700 1578 733; x_wconf 82' lang='lat' dir='ltr'><strong>Trinitatis,</strong></span> <span class='ocrx_word' id='word_1_399' title='bbox 1595 702 1707 728; x_wconf 73' lang='lat' dir='ltr'><strong>Hermu-</strong></span> 
     </span>
    </p>
   </div>
   <div class='ocr_carea' id='block_1_71' title="bbox 863 742 1383 770">
    <p class='ocr_par' dir='ltr' id='par_1_71' title="bbox 863 742 1383 770">
     <span class='ocr_line' id='line_1_71' title="bbox 863 742 1383 770; baseline 0.002 -1"><span class='ocrx_word' id='word_1_400' title='bbox 863 750 910 770; x_wconf 82' lang='lat' dir='ltr'><strong>cus</strong></span> <span class='ocrx_word' id='word_1_401' title='bbox 930 742 1026 769; x_wconf 87' lang='lat' dir='ltr'><strong>dixina</strong></span> <span class='ocrx_word' id='word_1_402' title='bbox 1038 743 1146 770; x_wconf 81' lang='lat' dir='ltr'><strong>favente</strong></span> <span class='ocrx_word' id='word_1_403' title='bbox 1162 744 1311 770; x_wconf 81' lang='lat' dir='ltr'><strong>clementia</strong></span> <span class='ocrx_word' id='word_1_404' title='bbox 1327 751 1383 770; x_wconf 85' lang='lat' dir='ltr'><strong>rex.</strong></span> 
     </span>
    </p>
   </div>
   <div class='ocr_carea' id='block_1_72' title="bbox 896 787 1707 822">
    <p class='ocr_par' dir='ltr' id='par_1_72' title="bbox 896 787 1707 822">
     <span class='ocr_line' id='line_1_72' title="bbox 896 787 1707 822; baseline 0.002 -9"><span class='ocrx_word' id='word_1_405' title='bbox 896 787 974 813; x_wconf 82' lang='lat' dir='ltr'><strong>Justa</strong></span> <span class='ocrx_word' id='word_1_406' title='bbox 991 795 1091 822; x_wconf 88' lang='lat' dir='ltr'><strong>regum</strong></span> <span class='ocrx_word' id='word_1_407' title='bbox 1119 789 1146 813; x_wconf 88' lang='lat' dir='ltr'><strong>et</strong></span> <span class='ocrx_word' id='word_1_408' title='bbox 1175 787 1308 822; x_wconf 85' lang='lat' dir='ltr'><strong>religiosa</strong></span> <span class='ocrx_word' id='word_1_409' title='bbox 1324 787 1458 822; x_wconf 83' lang='lat' dir='ltr'><strong>cogitatio</strong></span> <span class='ocrx_word' id='word_1_410' title='bbox 1473 788 1558 815; x_wconf 83' lang='lat' dir='ltr'><strong>debet</strong></span> <span class='ocrx_word' id='word_1_411' title='bbox 1583 788 1707 815; x_wconf 88' lang='lat' dir='ltr'><strong>ecclesiis</strong></span> 
     </span>
    </p>
   </div>
   <div class='ocr_carea' id='block_1_73' title="bbox 864 830 1708 866">
    <p class='ocr_par' dir='ltr' id='par_1_73' title="bbox 864 830 1708 866">
     <span class='ocr_line' id='line_1_73' title="bbox 864 830 1708 866; baseline 0.004 -10"><span class='ocrx_word' id='word_1_412' title='bbox 864 830 923 863; x_wconf 87' lang='lat' dir='ltr'><strong>Dei,</strong></span> <span class='ocrx_word' id='word_1_413' title='bbox 942 830 1113 865; x_wconf 86' lang='lat' dir='ltr'><strong>ubicumque</strong></span> <span class='ocrx_word' id='word_1_414' title='bbox 1130 830 1247 858; x_wconf 74' lang='lat' dir='ltr'><strong>facultas</strong></span> <span class='ocrx_word' id='word_1_415' title='bbox 1262 831 1398 866; x_wconf 87' lang='lat' dir='ltr'><strong>suppetit,</strong></span> <span class='ocrx_word' id='word_1_416' title='bbox 1422 831 1530 866; x_wconf 80' lang='lat' dir='ltr'><strong>aliquid</strong></span> <span class='ocrx_word' id='word_1_417' title='bbox 1552 840 1708 859; x_wconf 87' lang='lat' dir='ltr'><strong>accommo-</strong></span> 
     </span>
    </p>
   </div>
   <div class='ocr_carea' id='block_1_74' title="bbox 865 874 1708 910">
    <p class='ocr_par' dir='ltr' id='par_1_74' title="bbox 865 874 1708 910">
     <span class='ocr_line' id='line_1_74' title="bbox 865 874 1708 910; baseline 0.002 -9"><span class='ocrx_word' id='word_1_418' title='bbox 865 874 942 901; x_wconf 88' lang='lat' dir='ltr'><strong>dare.</strong></span> <span class='ocrx_word' id='word_1_419' title='bbox 968 877 998 901; x_wconf 88' lang='lat' dir='ltr'><strong>ut</strong></span> <span class='ocrx_word' id='word_1_420' title='bbox 1026 874 1093 901; x_wconf 90' lang='lat' dir='ltr'><strong>inde</strong></span> <span class='ocrx_word' id='word_1_421' title='bbox 1122 874 1276 908; x_wconf 83' lang='lat' dir='ltr'><strong>proclivius</strong></span> <span class='ocrx_word' id='word_1_422' title='bbox 1302 875 1440 902; x_wconf 78' lang='lat' dir='ltr'><strong>mercedis</strong></span> <span class='ocrx_word' id='word_1_423' title='bbox 1454 879 1569 902; x_wconf 63' lang='lat' dir='ltr'><strong>internas</strong></span> <span class='ocrx_word' id='word_1_424' title='bbox 1589 876 1708 910; x_wconf 62' lang='lat' dir='ltr'><strong>praemia</strong></span> 
     </span>
    </p>
   </div>
   <div class='ocr_carea' id='block_1_75' title="bbox 864 918 1708 953">
    <p class='ocr_par' dir='ltr' id='par_1_75' title="bbox 864 918 1708 953">
     <span class='ocr_line' id='line_1_75' title="bbox 864 918 1708 953; baseline 0.002 -9"><span class='ocrx_word' id='word_1_425' title='bbox 864 921 1083 953; x_wconf 87' lang='lat' dir='ltr'><strong>consequantur.</strong></span> <span class='ocrx_word' id='word_1_426' title='bbox 1111 918 1233 945; x_wconf 86' lang='lat' dir='ltr'><strong>Proinde</strong></span> <span class='ocrx_word' id='word_1_427' title='bbox 1253 921 1351 945; x_wconf 90' lang='lat' dir='ltr'><strong>notum</strong></span> <span class='ocrx_word' id='word_1_428' title='bbox 1373 919 1409 945; x_wconf 89' lang='lat' dir='ltr'><strong>sit</strong></span> <span class='ocrx_word' id='word_1_429' title='bbox 1423 919 1556 946; x_wconf 90' lang='lat' dir='ltr'><strong>omnibus</strong></span> <span class='ocrx_word' id='word_1_430' title='bbox 1574 920 1708 946; x_wconf 83' lang='lat' dir='ltr'><strong>ﬁdelibus</strong></span> 
     </span>
    </p>
   </div>
   <div class='ocr_carea' id='block_1_76' title="bbox 865 961 1705 998">
    <p class='ocr_par' dir='ltr' id='par_1_76' title="bbox 865 961 1705 998">
     <span class='ocr_line' id='line_1_76' title="bbox 865 961 1705 998; baseline 0.004 -11"><span class='ocrx_word' id='word_1_431' title='bbox 865 961 977 993; x_wconf 88' lang='lat' dir='ltr'><strong>nostris,</strong></span> <span class='ocrx_word' id='word_1_432' title='bbox 1007 961 1194 996; x_wconf 64' lang='lat' dir='ltr'><strong>praesentibus</strong></span> <span class='ocrx_word' id='word_1_433' title='bbox 1215 961 1322 989; x_wconf 90' lang='lat' dir='ltr'><strong>scilicet</strong></span> <span class='ocrx_word' id='word_1_434' title='bbox 1348 965 1376 989; x_wconf 90' lang='lat' dir='ltr'><strong>et</strong></span> <span class='ocrx_word' id='word_1_435' title='bbox 1391 962 1502 995; x_wconf 82' lang='lat' dir='ltr'><strong>futuris,</strong></span> <span class='ocrx_word' id='word_1_436' title='bbox 1520 964 1644 998; x_wconf 86' lang='lat' dir='ltr'><strong>qualiter</strong></span> <span class='ocrx_word' id='word_1_437' title='bbox 1661 972 1705 990; x_wconf 72' lang='lat' dir='ltr'><strong>re-</strong></span> 
     </span>
    </p>
   </div>
   <div class='ocr_carea' id='block_1_77' title="bbox 864 1005 1707 1040">
    <p class='ocr_par' dir='ltr' id='par_1_77' title="bbox 864 1005 1707 1040">
     <span class='ocr_line' id='line_1_77' title="bbox 864 1005 1707 1040; baseline 0.004 -9"><span class='ocrx_word' id='word_1_438' title='bbox 864 1005 998 1031; x_wconf 89' lang='lat' dir='ltr'><strong>nerabilis</strong></span> <span class='ocrx_word' id='word_1_439' title='bbox 1012 1005 1153 1032; x_wconf 83' lang='lat' dir='ltr'><strong>abbatissa</strong></span> <span class='ocrx_word' id='word_1_440' title='bbox 1184 1005 1274 1037; x_wconf 91' lang='lat' dir='ltr'><strong>Ouda,</strong></span> <span class='ocrx_word' id='word_1_441' title='bbox 1303 1013 1354 1040; x_wconf 91' lang='lat' dir='ltr'><strong>per</strong></span> <span class='ocrx_word' id='word_1_442' title='bbox 1380 1006 1571 1033; x_wconf 88' lang='lat' dir='ltr'><strong>interventum</strong></span> <span class='ocrx_word' id='word_1_443' title='bbox 1597 1007 1707 1034; x_wconf 71' lang='lat' dir='ltr'><strong>dilectae</strong></span> 
     </span>
    </p>
   </div>
   <div class='ocr_carea' id='block_1_78' title="bbox 864 1048 1706 1084">
    <p class='ocr_par' dir='ltr' id='par_1_78' title="bbox 864 1048 1706 1084">
     <span class='ocr_line' id='line_1_78' title="bbox 864 1048 1706 1084; baseline 0.004 -10"><span class='ocrx_word' id='word_1_444' title='bbox 864 1048 995 1083; x_wconf 82' lang='lat' dir='ltr'><strong>conjugis</strong></span> <span class='ocrx_word' id='word_1_445' title='bbox 1024 1051 1137 1081; x_wconf 65' lang='lat' dir='ltr'><strong>nostrae,</strong></span> <span class='ocrx_word' id='word_1_446' title='bbox 1167 1049 1344 1084; x_wconf 64' lang='lat' dir='ltr'><strong>Cunigundaa</strong></span> <span class='ocrx_word' id='word_1_447' title='bbox 1364 1049 1493 1076; x_wconf 87' lang='lat' dir='ltr'><strong>videlicet</strong></span> <span class='ocrx_word' id='word_1_448' title='bbox 1520 1050 1638 1084; x_wconf 68' lang='lat' dir='ltr'><strong>reginas,</strong></span> <span class='ocrx_word' id='word_1_449' title='bbox 1655 1059 1706 1077; x_wconf 93' lang='lat' dir='ltr'><strong>no-</strong></span> 
     </span>
    </p>
   </div>
   <div class='ocr_carea' id='block_1_79' title="bbox 864 1091 1708 1128">
    <p class='ocr_par' dir='ltr' id='par_1_79' title="bbox 864 1091 1708 1128">
     <span class='ocr_line' id='line_1_79' title="bbox 864 1091 1708 1128; baseline 0.002 -10"><span class='ocrx_word' id='word_1_450' title='bbox 864 1094 951 1119; x_wconf 86' lang='lat' dir='ltr'><strong>stram</strong></span> <span class='ocrx_word' id='word_1_451' title='bbox 990 1091 1060 1118; x_wconf 90' lang='lat' dir='ltr'><strong>adiit</strong></span> <span class='ocrx_word' id='word_1_452' title='bbox 1090 1091 1279 1127; x_wconf 84' lang='lat' dir='ltr'><strong>majestatem,</strong></span> <span class='ocrx_word' id='word_1_453' title='bbox 1316 1092 1482 1127; x_wconf 87' lang='lat' dir='ltr'><strong>suppliciter</strong></span> <span class='ocrx_word' id='word_1_454' title='bbox 1519 1094 1646 1128; x_wconf 81' lang='lat' dir='ltr'><strong>rogitans</strong></span> <span class='ocrx_word' id='word_1_455' title='bbox 1678 1097 1708 1120; x_wconf 91' lang='lat' dir='ltr'><strong>ut</strong></span> 
     </span>
    </p>
   </div>
   <div class='ocr_carea' id='block_1_80' title="bbox 866 1135 1708 1171">
    <p class='ocr_par' dir='ltr' id='par_1_80' title="bbox 866 1135 1708 1171">
     <span class='ocr_line' id='line_1_80' title="bbox 866 1135 1708 1171; baseline 0.002 -10"><span class='ocrx_word' id='word_1_456' title='bbox 866 1135 1070 1162; x_wconf 84' lang='lat' dir='ltr'><strong>monasterium</strong></span> <span class='ocrx_word' id='word_1_457' title='bbox 1094 1135 1365 1168; x_wconf 82' lang='lat' dir='ltr'><strong>sanctimonialium,</strong></span> <span class='ocrx_word' id='word_1_458' title='bbox 1392 1136 1438 1162; x_wconf 89' lang='lat' dir='ltr'><strong>cui</strong></span> <span class='ocrx_word' id='word_1_459' title='bbox 1466 1136 1529 1171; x_wconf 85' lang='lat' dir='ltr'><strong>ipsa</strong></span> <span class='ocrx_word' id='word_1_460' title='bbox 1546 1139 1613 1163; x_wconf 86' lang='lat' dir='ltr'><strong>tunc</strong></span> <span class='ocrx_word' id='word_1_461' title='bbox 1632 1139 1708 1163; x_wconf 89' lang='lat' dir='ltr'><strong>tem-</strong></span> 
     </span>
    </p>
   </div>
   <div class='ocr_carea' id='block_1_81' title="bbox 863 1179 1708 1215">
    <p class='ocr_par' dir='ltr' id='par_1_81' title="bbox 863 1179 1708 1215">
     <span class='ocr_line' id='line_1_81' title="bbox 863 1179 1708 1215; baseline 0.002 -10"><span class='ocrx_word' id='word_1_462' title='bbox 863 1179 942 1214; x_wconf 88' lang='lat' dir='ltr'><strong>poris</strong></span> <span class='ocrx_word' id='word_1_463' title='bbox 976 1179 1051 1205; x_wconf 84' lang='lat' dir='ltr'><strong>intra</strong></span> <span class='ocrx_word' id='word_1_464' title='bbox 1086 1180 1335 1214; x_wconf 82' lang='lat' dir='ltr'><strong>Radesponeusem</strong></span> <span class='ocrx_word' id='word_1_465' title='bbox 1372 1180 1514 1206; x_wconf 91' lang='lat' dir='ltr'><strong>civitatem</strong></span> <span class='ocrx_word' id='word_1_466' title='bbox 1555 1181 1708 1215; x_wconf 59' lang='lat' dir='ltr'><strong>praesidere</strong></span> 
     </span>
    </p>
   </div>
   <div class='ocr_carea' id='block_1_82' title="bbox 863 1222 1708 1257">
    <p class='ocr_par' dir='ltr' id='par_1_82' title="bbox 863 1222 1708 1257">
     <span class='ocr_line' id='line_1_82' title="bbox 863 1222 1708 1257; baseline 0.002 -8"><span class='ocrx_word' id='word_1_467' title='bbox 863 1223 984 1254; x_wconf 80' lang='lat' dir='ltr'><strong>videtur,</strong></span> <span class='ocrx_word' id='word_1_468' title='bbox 1015 1223 1091 1257; x_wconf 83' lang='lat' dir='ltr'><strong>quod</strong></span> <span class='ocrx_word' id='word_1_469' title='bbox 1117 1222 1188 1249; x_wconf 77' lang='lat' dir='ltr'><strong>divae</strong></span> <span class='ocrx_word' id='word_1_470' title='bbox 1220 1223 1365 1250; x_wconf 70' lang='lat' dir='ltr'><strong>memoriae</strong></span> <span class='ocrx_word' id='word_1_471' title='bbox 1382 1223 1444 1250; x_wconf 86' lang='lat' dir='ltr'><strong>avia</strong></span> <span class='ocrx_word' id='word_1_472' title='bbox 1472 1226 1567 1250; x_wconf 84' lang='lat' dir='ltr'><strong>nostra</strong></span> <span class='ocrx_word' id='word_1_473' title='bbox 1589 1224 1708 1251; x_wconf 81' lang='lat' dir='ltr'><strong>Juditha</strong></span> 
     </span>
    </p>
   </div>
   <div class='ocr_carea' id='block_1_83' title="bbox 864 1266 1709 1301">
    <p class='ocr_par' dir='ltr' id='par_1_83' title="bbox 864 1266 1709 1301">
     <span class='ocr_line' id='line_1_83' title="bbox 864 1266 1709 1301; baseline 0.002 -9"><span class='ocrx_word' id='word_1_474' title='bbox 864 1267 933 1293; x_wconf 90' lang='lat' dir='ltr'><strong>olim</strong></span> <span class='ocrx_word' id='word_1_475' title='bbox 943 1266 972 1293; x_wconf 93' lang='lat' dir='ltr'><strong>in</strong></span> <span class='ocrx_word' id='word_1_476' title='bbox 991 1266 1098 1293; x_wconf 89' lang='lat' dir='ltr'><strong>honore</strong></span> <span class='ocrx_word' id='word_1_477' title='bbox 1124 1269 1227 1293; x_wconf 69' lang='lat' dir='ltr'><strong>sanctae.</strong></span> <span class='ocrx_word' id='word_1_478' title='bbox 1251 1267 1299 1293; x_wconf 85' lang='lat' dir='ltr'><strong>Dei</strong></span> <span class='ocrx_word' id='word_1_479' title='bbox 1319 1266 1464 1301; x_wconf 85' lang='lat' dir='ltr'><strong>genitricis</strong></span> <span class='ocrx_word' id='word_1_480' title='bbox 1493 1267 1587 1294; x_wconf 65' lang='lat' dir='ltr'><strong>Mariae</strong></span> <span class='ocrx_word' id='word_1_481' title='bbox 1617 1275 1633 1294; x_wconf 70' lang='grc' dir='ltr'><strong>ει</strong></span> <span class='ocrx_word' id='word_1_482' title='bbox 1648 1268 1709 1294; x_wconf 84' lang='lat' dir='ltr'><strong>fun-</strong></span> 
     </span>
    </p>
   </div>
   <div class='ocr_carea' id='block_1_84' title="bbox 864 1309 1708 1346">
    <p class='ocr_par' dir='ltr' id='par_1_84' title="bbox 864 1309 1708 1346">
     <span class='ocr_line' id='line_1_84' title="bbox 864 1309 1708 1346; baseline 0.002 -10"><span class='ocrx_word' id='word_1_483' title='bbox 864 1309 1005 1337; x_wconf 88' lang='lat' dir='ltr'><strong>damentis</strong></span> <span class='ocrx_word' id='word_1_484' title='bbox 1027 1310 1056 1336; x_wconf 93' lang='lat' dir='ltr'><strong>in</strong></span> <span class='ocrx_word' id='word_1_485' title='bbox 1084 1310 1226 1337; x_wconf 87' lang='lat' dir='ltr'><strong>abbatiam</strong></span> <span class='ocrx_word' id='word_1_486' title='bbox 1241 1310 1338 1342; x_wconf 86' lang='lat' dir='ltr'><strong>erexit,</strong></span> <span class='ocrx_word' id='word_1_487' title='bbox 1368 1313 1396 1337; x_wconf 90' lang='lat' dir='ltr'><strong>et</strong></span> <span class='ocrx_word' id='word_1_488' title='bbox 1425 1310 1506 1337; x_wconf 87' lang='lat' dir='ltr'><strong>donis</strong></span> <span class='ocrx_word' id='word_1_489' title='bbox 1534 1311 1708 1346; x_wconf 66' lang='lat' dir='ltr'><strong>praediorum</strong></span> 
     </span>
    </p>
   </div>
   <div class='ocr_carea' id='block_1_85' title="bbox 863 1353 1707 1387">
    <p class='ocr_par' dir='ltr' id='par_1_85' title="bbox 863 1353 1707 1387">
     <span class='ocr_line' id='line_1_85' title="bbox 863 1353 1707 1387; baseline 0 -7"><span class='ocrx_word' id='word_1_490' title='bbox 863 1354 937 1380; x_wconf 89' lang='lat' dir='ltr'><strong>inter</strong></span> <span class='ocrx_word' id='word_1_491' title='bbox 949 1353 1004 1380; x_wconf 81' lang='lat' dir='ltr'><strong>alia</strong></span> <span class='ocrx_word' id='word_1_492' title='bbox 1029 1361 1081 1387; x_wconf 88' lang='lat' dir='ltr'><strong>pro</strong></span> <span class='ocrx_word' id='word_1_493' title='bbox 1099 1354 1159 1380; x_wconf 94' lang='lat' dir='ltr'><strong>loco</strong></span> <span class='ocrx_word' id='word_1_494' title='bbox 1189 1354 1298 1386; x_wconf 83' lang='lat' dir='ltr'><strong>ditavit,</strong></span> <span class='ocrx_word' id='word_1_495' title='bbox 1327 1353 1357 1380; x_wconf 91' lang='lat' dir='ltr'><strong>in</strong></span> <span class='ocrx_word' id='word_1_496' title='bbox 1384 1357 1513 1381; x_wconf 88' lang='lat' dir='ltr'><strong>nostrum</strong></span> <span class='ocrx_word' id='word_1_497' title='bbox 1540 1355 1707 1381; x_wconf 88' lang='lat' dir='ltr'><strong>mundibur-</strong></span> 
     </span>
    </p>
   </div>
   <div class='ocr_carea' id='block_1_86' title="bbox 864 1397 1708 1432">
    <p class='ocr_par' dir='ltr' id='par_1_86' title="bbox 864 1397 1708 1432">
     <span class='ocr_line' id='line_1_86' title="bbox 864 1397 1708 1432; baseline 0.001 -9"><span class='ocrx_word' id='word_1_498' title='bbox 864 1397 943 1424; x_wconf 91' lang='lat' dir='ltr'><strong>dium</strong></span> <span class='ocrx_word' id='word_1_499' title='bbox 964 1399 992 1423; x_wconf 92' lang='lat' dir='ltr'><strong>et</strong></span> <span class='ocrx_word' id='word_1_500' title='bbox 1003 1397 1089 1431; x_wconf 61' lang='lat' dir='ltr'><strong>regia</strong></span> <span class='ocrx_word' id='word_1_501' title='bbox 1112 1397 1302 1423; x_wconf 88' lang='lat' dir='ltr'><strong>immunitatis</strong></span> <span class='ocrx_word' id='word_1_502' title='bbox 1330 1397 1483 1424; x_wconf 85' lang='lat' dir='ltr'><strong>tuitionem</strong></span> <span class='ocrx_word' id='word_1_503' title='bbox 1513 1398 1708 1432; x_wconf 80' lang='lat' dir='ltr'><strong>reciperemus</strong></span> 
     </span>
    </p>
   </div>
   <div class='ocr_carea' id='block_1_87' title="bbox 863 1440 1706 1475">
    <p class='ocr_par' dir='ltr' id='par_1_87' title="bbox 863 1440 1706 1475">
     <span class='ocr_line' id='line_1_87' title="bbox 863 1440 1706 1475; baseline 0.001 -8"><span class='ocrx_word' id='word_1_504' title='bbox 863 1449 927 1467; x_wconf 88' lang='lat' dir='ltr'><strong>cum</strong></span> <span class='ocrx_word' id='word_1_505' title='bbox 940 1441 1073 1467; x_wconf 90' lang='lat' dir='ltr'><strong>omnibus</strong></span> <span class='ocrx_word' id='word_1_506' title='bbox 1089 1440 1270 1475; x_wconf 84' lang='lat' dir='ltr'><strong>pertinentiis</strong></span> <span class='ocrx_word' id='word_1_507' title='bbox 1285 1441 1356 1475; x_wconf 88' lang='lat' dir='ltr'><strong>ejus.</strong></span> <span class='ocrx_word' id='word_1_508' title='bbox 1375 1441 1430 1467; x_wconf 90' lang='lat' dir='ltr'><strong>Nos</strong></span> <span class='ocrx_word' id='word_1_509' title='bbox 1440 1449 1519 1475; x_wconf 86' lang='lat' dir='ltr'><strong>ergo,</strong></span> <span class='ocrx_word' id='word_1_510' title='bbox 1530 1441 1565 1468; x_wconf 92' lang='lat' dir='ltr'><strong>ob</strong></span> <span class='ocrx_word' id='word_1_511' title='bbox 1577 1441 1706 1468; x_wconf 74' lang='lat' dir='ltr'><strong>divinum</strong></span> 
     </span>
    </p>
   </div>
   <div class='ocr_carea' id='block_1_88' title="bbox 863 1484 1707 1520">
    <p class='ocr_par' dir='ltr' id='par_1_88' title="bbox 863 1484 1707 1520">
     <span class='ocr_line' id='line_1_88' title="bbox 863 1484 1707 1520; baseline 0.001 -10"><span class='ocrx_word' id='word_1_512' title='bbox 863 1492 989 1511; x_wconf 89' lang='lat' dir='ltr'><strong>amorem</strong></span> <span class='ocrx_word' id='word_1_513' title='bbox 1021 1484 1075 1518; x_wconf 66' lang='lat' dir='ltr'><strong>piae</strong></span> <span class='ocrx_word' id='word_1_514' title='bbox 1116 1484 1176 1518; x_wconf 88' lang='lat' dir='ltr'><strong>ejus</strong></span> <span class='ocrx_word' id='word_1_515' title='bbox 1218 1487 1376 1511; x_wconf 84' lang='lat' dir='ltr'><strong>annuentes</strong></span> <span class='ocrx_word' id='word_1_516' title='bbox 1414 1485 1558 1518; x_wconf 83' lang='lat' dir='ltr'><strong>petitioni,</strong></span> <span class='ocrx_word' id='word_1_517' title='bbox 1584 1493 1635 1520; x_wconf 87' lang='lat' dir='ltr'><strong>per</strong></span> <span class='ocrx_word' id='word_1_518' title='bbox 1655 1485 1707 1511; x_wconf 88' lang='lat' dir='ltr'><strong>hoc</strong></span> 
     </span>
    </p>
   </div>
   <div class='ocr_carea' id='block_1_89' title="bbox 864 1528 1705 1563">
    <p class='ocr_par' dir='ltr' id='par_1_89' title="bbox 864 1528 1705 1563">
     <span class='ocr_line' id='line_1_89' title="bbox 864 1528 1705 1563; baseline -0.001 -8"><span class='ocrx_word' id='word_1_519' title='bbox 864 1531 968 1555; x_wconf 62' lang='lat' dir='ltr'><strong>nostrae</strong></span> <span class='ocrx_word' id='word_1_520' title='bbox 992 1528 1148 1562; x_wconf 86' lang='lat' dir='ltr'><strong>majestatis</strong></span> <span class='ocrx_word' id='word_1_521' title='bbox 1172 1528 1292 1562; x_wconf 87' lang='lat' dir='ltr'><strong>insigne,</strong></span> <span class='ocrx_word' id='word_1_522' title='bbox 1325 1529 1474 1563; x_wconf 71' lang='lat' dir='ltr'><strong>pra-fatum</strong></span> <span class='ocrx_word' id='word_1_523' title='bbox 1502 1528 1705 1555; x_wconf 85' lang='lat' dir='ltr'><strong>monasterium</strong></span> 
     </span>
    </p>
   </div>
   <div class='ocr_carea' id='block_1_90' title="bbox 830 1571 1706 1607">
    <p class='ocr_par' dir='ltr' id='par_1_90' title="bbox 830 1571 1706 1607">
     <span class='ocr_line' id='line_1_90' title="bbox 830 1571 1706 1607; baseline 0 -9"><span class='ocrx_word' id='word_1_524' title='bbox 830 1571 849 1598; x_wconf 87' lang='lat' dir='ltr'>C</span> <span class='ocrx_word' id='word_1_525' title='bbox 865 1574 970 1598; x_wconf 69' lang='lat' dir='ltr'><strong>nostrae</strong></span> <span class='ocrx_word' id='word_1_526' title='bbox 995 1574 1215 1606; x_wconf 88' lang='lat' dir='ltr'><strong>nostrorumque</strong></span> <span class='ocrx_word' id='word_1_527' title='bbox 1242 1574 1306 1606; x_wconf 87' lang='lat' dir='ltr'><strong>post</strong></span> <span class='ocrx_word' id='word_1_528' title='bbox 1330 1579 1380 1598; x_wconf 86' lang='lat' dir='ltr'><strong>nos</strong></span> <span class='ocrx_word' id='word_1_529' title='bbox 1402 1579 1596 1599; x_wconf 87' lang='lat' dir='ltr'><strong>successorum</strong></span> <span class='ocrx_word' id='word_1_530' title='bbox 1621 1572 1706 1607; x_wconf 69' lang='lat' dir='ltr'><strong>regius</strong></span> 
     </span>
    </p>
   </div>
   <div class='ocr_carea' id='block_1_91' title="bbox 866 1614 1708 1650">
    <p class='ocr_par' dir='ltr' id='par_1_91' title="bbox 866 1614 1708 1650">
     <span class='ocr_line' id='line_1_91' title="bbox 866 1614 1708 1650; baseline 0 -8"><span class='ocrx_word' id='word_1_531' title='bbox 866 1618 894 1642; x_wconf 88' lang='lat' dir='ltr'><strong>et</strong></span> <span class='ocrx_word' id='word_1_532' title='bbox 908 1615 1049 1650; x_wconf 88' lang='lat' dir='ltr'><strong>imperiali</strong></span> <span class='ocrx_word' id='word_1_533' title='bbox 1065 1617 1203 1650; x_wconf 89' lang='lat' dir='ltr'><strong>perpetuo</strong></span> <span class='ocrx_word' id='word_1_534' title='bbox 1219 1614 1377 1641; x_wconf 87' lang='lat' dir='ltr'><strong>defensioni</strong></span> <span class='ocrx_word' id='word_1_535' title='bbox 1394 1615 1569 1650; x_wconf 87' lang='lat' dir='ltr'><strong>subjicimus,</strong></span> <span class='ocrx_word' id='word_1_536' title='bbox 1587 1619 1614 1642; x_wconf 88' lang='lat' dir='ltr'><strong>et</strong></span> <span class='ocrx_word' id='word_1_537' title='bbox 1633 1616 1708 1642; x_wconf 89' lang='lat' dir='ltr'><strong>insu-</strong></span> 
     </span>
    </p>
   </div>
   <div class='ocr_carea' id='block_1_92' title="bbox 865 1658 1706 1694">
    <p class='ocr_par' dir='ltr' id='par_1_92' title="bbox 865 1658 1706 1694">
     <span class='ocr_line' id='line_1_92' title="bbox 865 1658 1706 1694; baseline 0 -9"><span class='ocrx_word' id='word_1_538' title='bbox 865 1667 917 1694; x_wconf 89' lang='lat' dir='ltr'><strong>per</strong></span> <span class='ocrx_word' id='word_1_539' title='bbox 931 1659 1039 1693; x_wconf 87' lang='lat' dir='ltr'><strong>optima</strong></span> <span class='ocrx_word' id='word_1_540' title='bbox 1052 1667 1085 1685; x_wconf 86' lang='lat' dir='ltr'><strong>ea</strong></span> <span class='ocrx_word' id='word_1_541' title='bbox 1098 1659 1226 1685; x_wconf 86' lang='lat' dir='ltr'><strong>libertate</strong></span> <span class='ocrx_word' id='word_1_542' title='bbox 1255 1658 1406 1692; x_wconf 86' lang='lat' dir='ltr'><strong>donamus,</strong></span> <span class='ocrx_word' id='word_1_543' title='bbox 1437 1667 1494 1694; x_wconf 84' lang='lat' dir='ltr'><strong>qua</strong></span> <span class='ocrx_word' id='word_1_544' title='bbox 1524 1662 1627 1686; x_wconf 74' lang='lat' dir='ltr'><strong>caetera</strong></span> <span class='ocrx_word' id='word_1_545' title='bbox 1646 1667 1706 1685; x_wconf 93' lang='lat' dir='ltr'><strong>mo-</strong></span> 
     </span>
    </p>
   </div>
   <div class='ocr_carea' id='block_1_93' title="bbox 866 1702 1707 1738">
    <p class='ocr_par' dir='ltr' id='par_1_93' title="bbox 866 1702 1707 1738">
     <span class='ocr_line' id='line_1_93' title="bbox 866 1702 1707 1738; baseline 0.001 -10"><span class='ocrx_word' id='word_1_546' title='bbox 866 1702 990 1729; x_wconf 88' lang='lat' dir='ltr'><strong>nasteria</strong></span> <span class='ocrx_word' id='word_1_547' title='bbox 1018 1702 1127 1737; x_wconf 77' lang='lat' dir='ltr'><strong>regalia</strong></span> <span class='ocrx_word' id='word_1_548' title='bbox 1154 1702 1315 1737; x_wconf 86' lang='lat' dir='ltr'><strong>ubicunque</strong></span> <span class='ocrx_word' id='word_1_549' title='bbox 1339 1705 1479 1729; x_wconf 87' lang='lat' dir='ltr'><strong>terrarum</strong></span> <span class='ocrx_word' id='word_1_550' title='bbox 1506 1703 1597 1729; x_wconf 88' lang='lat' dir='ltr'><strong>nostri</strong></span> <span class='ocrx_word' id='word_1_551' title='bbox 1627 1703 1707 1738; x_wconf 84' lang='lat' dir='ltr'><strong>regni</strong></span> 
     </span>
    </p>
   </div>
   <div class='ocr_carea' id='block_1_94' title="bbox 866 1746 1709 1780">
    <p class='ocr_par' dir='ltr' id='par_1_94' title="bbox 866 1746 1709 1780">
     <span class='ocr_line' id='line_1_94' title="bbox 866 1746 1709 1780; baseline 0 -7"><span class='ocrx_word' id='word_1_552' title='bbox 866 1746 972 1780; x_wconf 82' lang='lat' dir='ltr'><strong>perfrui</strong></span> <span class='ocrx_word' id='word_1_553' title='bbox 984 1746 1166 1778; x_wconf 79' lang='lat' dir='ltr'><strong>videbuntur,</strong></span> <span class='ocrx_word' id='word_1_554' title='bbox 1187 1746 1322 1780; x_wconf 88' lang='lat' dir='ltr'><strong>quatinus</strong></span> <span class='ocrx_word' id='word_1_555' title='bbox 1335 1746 1375 1772; x_wconf 91' lang='lat' dir='ltr'><strong>ibi</strong></span> <span class='ocrx_word' id='word_1_556' title='bbox 1403 1746 1634 1773; x_wconf 72' lang='lat' dir='ltr'><strong>sanctimoniales</strong></span> <span class='ocrx_word' id='word_1_557' title='bbox 1650 1755 1709 1773; x_wconf 93' lang='lat' dir='ltr'><strong>mo-</strong></span> 
     </span>
    </p>
   </div>
   <div class='ocr_carea' id='block_1_95' title="bbox 866 1789 1706 1825">
    <p class='ocr_par' dir='ltr' id='par_1_95' title="bbox 866 1789 1706 1825">
     <span class='ocr_line' id='line_1_95' title="bbox 866 1789 1706 1825; baseline 0 -9"><span class='ocrx_word' id='word_1_558' title='bbox 866 1790 980 1816; x_wconf 73' lang='lat' dir='ltr'><strong>nastica:</strong></span> <span class='ocrx_word' id='word_1_559' title='bbox 995 1790 1058 1816; x_wconf 70' lang='lat' dir='ltr'><strong>vita:</strong></span> <span class='ocrx_word' id='word_1_560' title='bbox 1071 1790 1123 1816; x_wconf 89' lang='lat' dir='ltr'><strong>sub</strong></span> <span class='ocrx_word' id='word_1_561' title='bbox 1135 1790 1234 1824; x_wconf 86' lang='lat' dir='ltr'><strong>regula</strong></span> <span class='ocrx_word' id='word_1_562' title='bbox 1249 1789 1339 1816; x_wconf 87' lang='lat' dir='ltr'><strong>sancti</strong></span> <span class='ocrx_word' id='word_1_563' title='bbox 1364 1790 1510 1816; x_wconf 90' lang='lat' dir='ltr'><strong>Benedicti</strong></span> <span class='ocrx_word' id='word_1_564' title='bbox 1528 1790 1706 1825; x_wconf 57' lang='lat' dir='ltr'><strong>mancipatus.</strong></span> 
     </span>
    </p>
   </div>
   <div class='ocr_carea' id='block_1_96' title="bbox 866 1833 1705 1868">
    <p class='ocr_par' dir='ltr' id='par_1_96' title="bbox 866 1833 1705 1868">
     <span class='ocr_line' id='line_1_96' title="bbox 866 1833 1705 1868; baseline 0 -8"><span class='ocrx_word' id='word_1_565' title='bbox 866 1834 982 1860; x_wconf 84' lang='lat' dir='ltr'><strong>liberius</strong></span> <span class='ocrx_word' id='word_1_566' title='bbox 994 1837 1023 1859; x_wconf 90' lang='lat' dir='ltr'><strong>et</strong></span> <span class='ocrx_word' id='word_1_567' title='bbox 1036 1833 1164 1860; x_wconf 86' lang='lat' dir='ltr'><strong>devotius</strong></span> <span class='ocrx_word' id='word_1_568' title='bbox 1179 1833 1269 1866; x_wconf 84' lang='lat' dir='ltr'><strong>illam,</strong></span> <span class='ocrx_word' id='word_1_569' title='bbox 1286 1841 1371 1868; x_wconf 89' lang='lat' dir='ltr'><strong>quam</strong></span> <span class='ocrx_word' id='word_1_570' title='bbox 1380 1841 1520 1868; x_wconf 67' lang='lat' dir='ltr'><strong>aggressa:</strong></span> <span class='ocrx_word' id='word_1_571' title='bbox 1531 1837 1607 1866; x_wconf 83' lang='lat' dir='ltr'><strong>sunt,</strong></span> <span class='ocrx_word' id='word_1_572' title='bbox 1618 1834 1705 1860; x_wconf 84' lang='lat' dir='ltr'><strong>vitam</strong></span> 
     </span>
    </p>
   </div>
   <div class='ocr_carea' id='block_1_97' title="bbox 865 1876 1707 1912">
    <p class='ocr_par' dir='ltr' id='par_1_97' title="bbox 865 1876 1707 1912">
     <span class='ocr_line' id='line_1_97' title="bbox 865 1876 1707 1912; baseline -0.001 -8"><span class='ocrx_word' id='word_1_573' title='bbox 865 1878 970 1912; x_wconf 86' lang='lat' dir='ltr'><strong>absque</strong></span> <span class='ocrx_word' id='word_1_574' title='bbox 995 1876 1193 1911; x_wconf 88' lang='lat' dir='ltr'><strong>inquietudine</strong></span> <span class='ocrx_word' id='word_1_575' title='bbox 1223 1877 1362 1911; x_wconf 83' lang='lat' dir='ltr'><strong>regalium</strong></span> <span class='ocrx_word' id='word_1_576' title='bbox 1378 1880 1542 1903; x_wconf 83' lang='lat' dir='ltr'><strong>exactorum</strong></span> <span class='ocrx_word' id='word_1_577' title='bbox 1558 1880 1585 1904; x_wconf 87' lang='lat' dir='ltr'><strong>et</strong></span> <span class='ocrx_word' id='word_1_578' title='bbox 1612 1877 1707 1903; x_wconf 91' lang='lat' dir='ltr'><strong>subin-</strong></span> 
     </span>
    </p>
   </div>
   <div class='ocr_carea' id='block_1_98' title="bbox 865 1920 1704 1955">
    <p class='ocr_par' dir='ltr' id='par_1_98' title="bbox 865 1920 1704 1955">
     <span class='ocr_line' id='line_1_98' title="bbox 865 1920 1704 1955; baseline 0 -8"><span class='ocrx_word' id='word_1_579' title='bbox 865 1920 1039 1947; x_wconf 89' lang='lat' dir='ltr'><strong>troeuntium</strong></span> <span class='ocrx_word' id='word_1_580' title='bbox 1056 1928 1241 1955; x_wconf 86' lang='lat' dir='ltr'><strong>personarum</strong></span> <span class='ocrx_word' id='word_1_581' title='bbox 1259 1920 1363 1947; x_wconf 87' lang='lat' dir='ltr'><strong>dehinc</strong></span> <span class='ocrx_word' id='word_1_582' title='bbox 1388 1928 1554 1947; x_wconf 79' lang='lat' dir='ltr'><strong>conservare</strong></span> <span class='ocrx_word' id='word_1_583' title='bbox 1582 1921 1704 1947; x_wconf 87' lang='lat' dir='ltr'><strong>valeant.</strong></span> 
     </span>
    </p>
   </div>
   <div class='ocr_carea' id='block_1_99' title="bbox 866 1964 1707 1999">
    <p class='ocr_par' dir='ltr' id='par_1_99' title="bbox 866 1964 1707 1999">
     <span class='ocr_line' id='line_1_99' title="bbox 866 1964 1707 1999; baseline -0.002 -7"><span class='ocrx_word' id='word_1_584' title='bbox 866 1965 954 1999; x_wconf 81' lang='lat' dir='ltr'><strong>Regio</strong></span> <span class='ocrx_word' id='word_1_585' title='bbox 969 1964 1056 1998; x_wconf 87' lang='lat' dir='ltr'><strong>igitur</strong></span> <span class='ocrx_word' id='word_1_586' title='bbox 1073 1964 1156 1990; x_wconf 91' lang='lat' dir='ltr'><strong>verbo</strong></span> <span class='ocrx_word' id='word_1_587' title='bbox 1178 1967 1206 1990; x_wconf 89' lang='lat' dir='ltr'><strong>et</strong></span> <span class='ocrx_word' id='word_1_588' title='bbox 1236 1967 1378 1999; x_wconf 70' lang='lat' dir='ltr'><strong>prmeepto</strong></span> <span class='ocrx_word' id='word_1_589' title='bbox 1398 1965 1530 1999; x_wconf 87' lang='lat' dir='ltr'><strong>jubemus</strong></span> <span class='ocrx_word' id='word_1_590' title='bbox 1544 1967 1572 1990; x_wconf 90' lang='lat' dir='ltr'><strong>et</strong></span> <span class='ocrx_word' id='word_1_591' title='bbox 1587 1964 1707 1991; x_wconf 86' lang='lat' dir='ltr'><strong>ﬁrmiter</strong></span> 
     </span>
    </p>
   </div>
   <div class='ocr_carea' id='block_1_100' title="bbox 865 2007 1707 2041">
    <p class='ocr_par' dir='ltr' id='par_1_100' title="bbox 865 2007 1707 2041">
     <span class='ocr_line' id='line_1_100' title="bbox 865 2007 1707 2041; baseline 0.001 -7"><span class='ocrx_word' id='word_1_592' title='bbox 865 2007 1062 2035; x_wconf 84' lang='lat' dir='ltr'><strong>interdicimus</strong></span> <span class='ocrx_word' id='word_1_593' title='bbox 1088 2010 1118 2034; x_wconf 88' lang='lat' dir='ltr'><strong>ut</strong></span> <span class='ocrx_word' id='word_1_594' title='bbox 1146 2007 1241 2034; x_wconf 92' lang='lat' dir='ltr'><strong>nullus</strong></span> <span class='ocrx_word' id='word_1_595' title='bbox 1261 2008 1326 2038; x_wconf 86' lang='lat' dir='ltr'><strong>dux,</strong></span> <span class='ocrx_word' id='word_1_596' title='bbox 1349 2008 1485 2041; x_wconf 82' lang='lat' dir='ltr'><strong>marcbio,</strong></span> <span class='ocrx_word' id='word_1_597' title='bbox 1515 2016 1610 2034; x_wconf 88' lang='lat' dir='ltr'><strong>comes</strong></span> <span class='ocrx_word' id='word_1_598' title='bbox 1638 2009 1707 2035; x_wconf 90' lang='lat' dir='ltr'><strong>vice-</strong></span> 
     </span>
    </p>
   </div>
   <div class='ocr_carea' id='block_1_101' title="bbox 866 2051 1708 2087">
    <p class='ocr_par' dir='ltr' id='par_1_101' title="bbox 866 2051 1708 2087">
     <span class='ocr_line' id='line_1_101' title="bbox 866 2051 1708 2087; baseline 0 -9"><span class='ocrx_word' id='word_1_599' title='bbox 866 2060 977 2085; x_wconf 83' lang='lat' dir='ltr'><strong>comes,</strong></span> <span class='ocrx_word' id='word_1_600' title='bbox 1004 2051 1162 2086; x_wconf 88' lang='lat' dir='ltr'><strong>episcopus,</strong></span> <span class='ocrx_word' id='word_1_601' title='bbox 1188 2051 1230 2077; x_wconf 90' lang='lat' dir='ltr'><strong>vel</strong></span> <span class='ocrx_word' id='word_1_602' title='bbox 1247 2051 1350 2086; x_wconf 90' lang='lat' dir='ltr'><strong>aliquis</strong></span> <span class='ocrx_word' id='word_1_603' title='bbox 1366 2052 1417 2078; x_wconf 88' lang='lat' dir='ltr'><strong>sub</strong></span> <span class='ocrx_word' id='word_1_604' title='bbox 1442 2052 1586 2086; x_wconf 85' lang='lat' dir='ltr'><strong>episcopo,</strong></span> <span class='ocrx_word' id='word_1_605' title='bbox 1604 2055 1654 2078; x_wconf 86' lang='lat' dir='ltr'><strong>aut</strong></span> <span class='ocrx_word' id='word_1_606' title='bbox 1664 2052 1708 2087; x_wconf 89' lang='lat' dir='ltr'><strong>ju-</strong></span> 
     </span>
    </p>
   </div>
   <div class='ocr_carea' id='block_1_102' title="bbox 866 2093 1708 2130">
    <p class='ocr_par' dir='ltr' id='par_1_102' title="bbox 866 2093 1708 2130">
     <span class='ocr_line' id='line_1_102' title="bbox 866 2093 1708 2130; baseline -0.001 -7"><span class='ocrx_word' id='word_1_607' title='bbox 866 2096 919 2123; x_wconf 84' lang='lat' dir='ltr'><strong>dex</strong></span> <span class='ocrx_word' id='word_1_608' title='bbox 938 2095 1066 2130; x_wconf 89' lang='lat' dir='ltr'><strong>publicus</strong></span> <span class='ocrx_word' id='word_1_609' title='bbox 1084 2095 1141 2121; x_wconf 89' lang='lat' dir='ltr'><strong>sive</strong></span> <span class='ocrx_word' id='word_1_610' title='bbox 1161 2095 1257 2129; x_wconf 89' lang='lat' dir='ltr'><strong>regius</strong></span> <span class='ocrx_word' id='word_1_611' title='bbox 1274 2098 1395 2127; x_wconf 82' lang='lat' dir='ltr'><strong>exactor,</strong></span> <span class='ocrx_word' id='word_1_612' title='bbox 1420 2103 1469 2122; x_wconf 87' lang='lat' dir='ltr'><strong>seu</strong></span> <span class='ocrx_word' id='word_1_613' title='bbox 1488 2093 1622 2130; x_wconf 66' lang='lat' dir='ltr'><strong>quaelibet</strong></span> <span class='ocrx_word' id='word_1_614' title='bbox 1635 2095 1708 2130; x_wconf 85' lang='lat' dir='ltr'><strong>judi-</strong></span> 
     </span>
    </p>
   </div>
   <div class='ocr_carea' id='block_1_103' title="bbox 866 2139 1708 2174">
    <p class='ocr_par' dir='ltr' id='par_1_103' title="bbox 866 2139 1708 2174">
     <span class='ocr_line' id='line_1_103' title="bbox 866 2139 1708 2174; baseline 0 -9"><span class='ocrx_word' id='word_1_615' title='bbox 866 2140 952 2166; x_wconf 86' lang='lat' dir='ltr'><strong>ciaria</strong></span> <span class='ocrx_word' id='word_1_616' title='bbox 964 2147 1086 2173; x_wconf 82' lang='lat' dir='ltr'><strong>persona</strong></span> <span class='ocrx_word' id='word_1_617' title='bbox 1104 2139 1195 2173; x_wconf 87' lang='lat' dir='ltr'><strong>major</strong></span> <span class='ocrx_word' id='word_1_618' title='bbox 1208 2141 1256 2165; x_wconf 90' lang='lat' dir='ltr'><strong>aut</strong></span> <span class='ocrx_word' id='word_1_619' title='bbox 1271 2139 1367 2166; x_wconf 90' lang='lat' dir='ltr'><strong>minor</strong></span> <span class='ocrx_word' id='word_1_620' title='bbox 1382 2139 1515 2174; x_wconf 83' lang='lat' dir='ltr'><strong>deinceps</strong></span> <span class='ocrx_word' id='word_1_621' title='bbox 1530 2140 1560 2166; x_wconf 93' lang='lat' dir='ltr'><strong>in</strong></span> <span class='ocrx_word' id='word_1_622' title='bbox 1573 2140 1708 2174; x_wconf 63' lang='lat' dir='ltr'><strong>praedicto</strong></span> 
     </span>
    </p>
   </div>
   <div class='ocr_carea' id='block_1_104' title="bbox 868 2183 1706 2214">
    <p class='ocr_par' dir='ltr' id='par_1_104' title="bbox 868 2183 1706 2214">
     <span class='ocr_line' id='line_1_104' title="bbox 868 2183 1706 2214; baseline 0 -5"><span class='ocrx_word' id='word_1_623' title='bbox 868 2183 1038 2210; x_wconf 87' lang='lat' dir='ltr'><strong>monasterio</strong></span> <span class='ocrx_word' id='word_1_624' title='bbox 1052 2183 1128 2209; x_wconf 86' lang='lat' dir='ltr'><strong>intus</strong></span> <span class='ocrx_word' id='word_1_625' title='bbox 1142 2183 1185 2209; x_wconf 88' lang='lat' dir='ltr'><strong>vel</strong></span> <span class='ocrx_word' id='word_1_626' title='bbox 1197 2183 1273 2213; x_wconf 81' lang='lat' dir='ltr'><strong>foris.</strong></span> <span class='ocrx_word' id='word_1_627' title='bbox 1291 2186 1318 2209; x_wconf 91' lang='lat' dir='ltr'><strong>et</strong></span> <span class='ocrx_word' id='word_1_628' title='bbox 1342 2183 1372 2209; x_wconf 91' lang='lat' dir='ltr'><strong>in</strong></span> <span class='ocrx_word' id='word_1_629' title='bbox 1390 2183 1455 2209; x_wconf 88' lang='lat' dir='ltr'><strong>locis</strong></span> <span class='ocrx_word' id='word_1_630' title='bbox 1469 2185 1517 2209; x_wconf 89' lang='lat' dir='ltr'><strong>aut</strong></span> <span class='ocrx_word' id='word_1_631' title='bbox 1533 2183 1706 2214; x_wconf 85' lang='lat' dir='ltr'><strong>hominibus,</strong></span> 
     </span>
    </p>
   </div>
   <div class='ocr_carea' id='block_1_105' title="bbox 867 2226 1708 2261">
    <p class='ocr_par' dir='ltr' id='par_1_105' title="bbox 867 2226 1708 2261">
     <span class='ocr_line' id='line_1_105' title="bbox 867 2226 1708 2261; baseline -0.002 -7"><span class='ocrx_word' id='word_1_632' title='bbox 867 2228 910 2254; x_wconf 88' lang='lat' dir='ltr'><strong>vel</strong></span> <span class='ocrx_word' id='word_1_633' title='bbox 925 2226 1108 2253; x_wconf 90' lang='lat' dir='ltr'><strong>omnibusibi</strong></span> <span class='ocrx_word' id='word_1_634' title='bbox 1135 2226 1343 2261; x_wconf 82' lang='lat' dir='ltr'><strong>pertinentibus</strong></span> <span class='ocrx_word' id='word_1_635' title='bbox 1372 2226 1497 2261; x_wconf 87' lang='lat' dir='ltr'><strong>aliquam</strong></span> <span class='ocrx_word' id='word_1_636' title='bbox 1518 2226 1621 2261; x_wconf 89' lang='lat' dir='ltr'><strong>publici</strong></span> <span class='ocrx_word' id='word_1_637' title='bbox 1635 2226 1708 2261; x_wconf 85' lang='lat' dir='ltr'><strong>juris</strong></span> 
     </span>
    </p>
   </div>
   <div class='ocr_carea' id='block_1_106' title="bbox 866 2270 1708 2305">
    <p class='ocr_par' dir='ltr' id='par_1_106' title="bbox 866 2270 1708 2305">
     <span class='ocr_line' id='line_1_106' title="bbox 866 2270 1708 2305; baseline -0.001 -8"><span class='ocrx_word' id='word_1_638' title='bbox 866 2273 995 2298; x_wconf 83' lang='lat' dir='ltr'><strong>exerceat</strong></span> <span class='ocrx_word' id='word_1_639' title='bbox 1012 2272 1192 2305; x_wconf 88' lang='lat' dir='ltr'><strong>potestatem,</strong></span> <span class='ocrx_word' id='word_1_640' title='bbox 1212 2273 1262 2296; x_wconf 87' lang='lat' dir='ltr'><strong>aut</strong></span> <span class='ocrx_word' id='word_1_641' title='bbox 1274 2270 1426 2305; x_wconf 87' lang='lat' dir='ltr'><strong>quicquam</strong></span> <span class='ocrx_word' id='word_1_642' title='bbox 1442 2270 1476 2296; x_wconf 89' lang='lat' dir='ltr'><strong>de</strong></span> <span class='ocrx_word' id='word_1_643' title='bbox 1498 2270 1582 2296; x_wconf 87' lang='lat' dir='ltr'><strong>rebus</strong></span> <span class='ocrx_word' id='word_1_644' title='bbox 1606 2278 1708 2296; x_wconf 84' lang='lat' dir='ltr'><strong>mona—</strong></span> 
     </span>
    </p>
   </div>
   <div class='ocr_carea' id='block_1_107' title="bbox 867 2313 1708 2348">
    <p class='ocr_par' dir='ltr' id='par_1_107' title="bbox 867 2313 1708 2348">
     <span class='ocr_line' id='line_1_107' title="bbox 867 2313 1708 2348; baseline -0.002 -7"><span class='ocrx_word' id='word_1_645' title='bbox 867 2315 982 2342; x_wconf 85' lang='lat' dir='ltr'><strong>chnrum</strong></span> <span class='ocrx_word' id='word_1_646' title='bbox 1000 2313 1054 2340; x_wconf 89' lang='lat' dir='ltr'><strong>sibi</strong></span> <span class='ocrx_word' id='word_1_647' title='bbox 1069 2313 1121 2348; x_wconf 90' lang='lat' dir='ltr'><strong>ipsi</strong></span> <span class='ocrx_word' id='word_1_648' title='bbox 1137 2313 1180 2339; x_wconf 87' lang='lat' dir='ltr'><strong>vel</strong></span> <span class='ocrx_word' id='word_1_649' title='bbox 1197 2313 1277 2339; x_wconf 90' lang='lat' dir='ltr'><strong>nobis</strong></span> <span class='ocrx_word' id='word_1_650' title='bbox 1301 2316 1350 2340; x_wconf 87' lang='lat' dir='ltr'><strong>aut</strong></span> <span class='ocrx_word' id='word_1_651' title='bbox 1369 2313 1576 2340; x_wconf 88' lang='lat' dir='ltr'><strong>successoribus</strong></span> <span class='ocrx_word' id='word_1_652' title='bbox 1606 2314 1708 2340; x_wconf 82' lang='lat' dir='ltr'><strong>nostris</strong></span> 
     </span>
    </p>
   </div>
   <div class='ocr_carea' id='block_1_108' title="bbox 867 2356 1708 2392">
    <p class='ocr_par' dir='ltr' id='par_1_108' title="bbox 867 2356 1708 2392">
     <span class='ocr_line' id='line_1_108' title="bbox 867 2356 1708 2392; baseline 0 -8"><span class='ocrx_word' id='word_1_653' title='bbox 867 2365 1004 2392; x_wconf 84' lang='lat' dir='ltr'><strong>usurpare</strong></span> <span class='ocrx_word' id='word_1_654' title='bbox 1039 2358 1193 2392; x_wconf 74' lang='lat' dir='ltr'><strong>praesumat</strong></span> <span class='ocrx_word' id='word_1_655' title='bbox 1220 2356 1280 2383; x_wconf 89' lang='lat' dir='ltr'><strong>sine</strong></span> <span class='ocrx_word' id='word_1_656' title='bbox 1304 2357 1449 2389; x_wconf 84' lang='lat' dir='ltr'><strong>advocato,</strong></span> <span class='ocrx_word' id='word_1_657' title='bbox 1475 2365 1559 2392; x_wconf 84' lang='lat' dir='ltr'><strong>queui</strong></span> <span class='ocrx_word' id='word_1_658' title='bbox 1584 2365 1708 2391; x_wconf 78' lang='lat' dir='ltr'><strong>praesens</strong></span> 
     </span>
    </p>
   </div>
   <div class='ocr_carea' id='block_1_109' title="bbox 867 2400 1708 2435">
    <p class='ocr_par' dir='ltr' id='par_1_109' title="bbox 867 2400 1708 2435">
     <span class='ocr_line' id='line_1_109' title="bbox 867 2400 1708 2435; baseline -0.001 -7"><span class='ocrx_word' id='word_1_659' title='bbox 867 2401 1018 2434; x_wconf 86' lang='lat' dir='ltr'><strong>abbatissa,</strong></span> <span class='ocrx_word' id='word_1_660' title='bbox 1032 2403 1059 2427; x_wconf 87' lang='lat' dir='ltr'><strong>et</strong></span> <span class='ocrx_word' id='word_1_661' title='bbox 1075 2408 1138 2435; x_wconf 65' lang='lat' dir='ltr'><strong>qua:</strong></span> <span class='ocrx_word' id='word_1_662' title='bbox 1154 2400 1180 2426; x_wconf 91' lang='lat' dir='ltr'><strong>ei</strong></span> <span class='ocrx_word' id='word_1_663' title='bbox 1196 2401 1358 2432; x_wconf 84' lang='lat' dir='ltr'><strong>succedant,</strong></span> <span class='ocrx_word' id='word_1_664' title='bbox 1383 2400 1413 2427; x_wconf 92' lang='lat' dir='ltr'><strong>in</strong></span> <span class='ocrx_word' id='word_1_665' title='bbox 1442 2401 1519 2427; x_wconf 85' lang='lat' dir='ltr'><strong>hunc</strong></span> <span class='ocrx_word' id='word_1_666' title='bbox 1543 2409 1625 2427; x_wconf 90' lang='lat' dir='ltr'><strong>usum</strong></span> <span class='ocrx_word' id='word_1_667' title='bbox 1650 2401 1708 2427; x_wconf 77' lang='lat' dir='ltr'><strong>ele-</strong></span> 
     </span>
    </p>
   </div>
   <div class='ocr_carea' id='block_1_110' title="bbox 867 2443 1709 2480">
    <p class='ocr_par' dir='ltr' id='par_1_110' title="bbox 867 2443 1709 2480">
     <span class='ocr_line' id='line_1_110' title="bbox 867 2443 1709 2480; baseline -0.002 -8"><span class='ocrx_word' id='word_1_668' title='bbox 867 2445 960 2480; x_wconf 86' lang='lat' dir='ltr'><strong>gerint</strong></span> <span class='ocrx_word' id='word_1_669' title='bbox 974 2447 1003 2471; x_wconf 87' lang='lat' dir='ltr'><strong>et</strong></span> <span class='ocrx_word' id='word_1_670' title='bbox 1015 2443 1224 2476; x_wconf 87' lang='lat' dir='ltr'><strong>constituerint,</strong></span> <span class='ocrx_word' id='word_1_671' title='bbox 1241 2443 1389 2478; x_wconf 88' lang='lat' dir='ltr'><strong>quietiam</strong></span> <span class='ocrx_word' id='word_1_672' title='bbox 1411 2444 1441 2470; x_wconf 93' lang='lat' dir='ltr'><strong>in</strong></span> <span class='ocrx_word' id='word_1_673' title='bbox 1457 2444 1519 2478; x_wconf 91' lang='lat' dir='ltr'><strong>ipso</strong></span> <span class='ocrx_word' id='word_1_674' title='bbox 1536 2444 1709 2471; x_wconf 86' lang='lat' dir='ltr'><strong>monasterio</strong></span> 
     </span>
    </p>
   </div>
   <div class='ocr_carea' id='block_1_111' title="bbox 868 2487 1710 2522">
    <p class='ocr_par' dir='ltr' id='par_1_111' title="bbox 868 2487 1710 2522">
     <span class='ocr_line' id='line_1_111' title="bbox 868 2487 1710 2522; baseline -0.001 -7"><span class='ocrx_word' id='word_1_675' title='bbox 868 2489 937 2515; x_wconf 88' lang='lat' dir='ltr'><strong>etin</strong></span> <span class='ocrx_word' id='word_1_676' title='bbox 969 2488 1037 2515; x_wconf 91' lang='lat' dir='ltr'><strong>locis</strong></span> <span class='ocrx_word' id='word_1_677' title='bbox 1058 2488 1119 2522; x_wconf 85' lang='lat' dir='ltr'><strong>ejus</strong></span> <span class='ocrx_word' id='word_1_678' title='bbox 1133 2487 1209 2514; x_wconf 84' lang='lat' dir='ltr'><strong>aliud</strong></span> <span class='ocrx_word' id='word_1_679' title='bbox 1239 2487 1292 2513; x_wconf 88' lang='lat' dir='ltr'><strong>sibi</strong></span> <span class='ocrx_word' id='word_1_680' title='bbox 1322 2495 1379 2514; x_wconf 92' lang='lat' dir='ltr'><strong>non</strong></span> <span class='ocrx_word' id='word_1_681' title='bbox 1409 2487 1540 2522; x_wconf 86' lang='lat' dir='ltr'><strong>imponat</strong></span> <span class='ocrx_word' id='word_1_682' title='bbox 1562 2487 1710 2522; x_wconf 85' lang='lat' dir='ltr'><strong>potestatis</strong></span> 
     </span>
    </p>
   </div>
   <div class='ocr_carea' id='block_1_112' title="bbox 868 2530 1711 2566">
    <p class='ocr_par' dir='ltr' id='par_1_112' title="bbox 868 2530 1711 2566">
     <span class='ocr_line' id='line_1_112' title="bbox 868 2530 1711 2566; baseline -0.001 -7"><span class='ocrx_word' id='word_1_683' title='bbox 868 2532 994 2559; x_wconf 80' lang='lat' dir='ltr'><strong>ofﬁcium</strong></span> <span class='ocrx_word' id='word_1_684' title='bbox 1016 2533 1065 2558; x_wconf 87' lang='lat' dir='ltr'><strong>aut</strong></span> <span class='ocrx_word' id='word_1_685' title='bbox 1093 2530 1188 2565; x_wconf 83' lang='lat' dir='ltr'><strong>exigat</strong></span> <span class='ocrx_word' id='word_1_686' title='bbox 1210 2531 1369 2564; x_wconf 83' lang='lat' dir='ltr'><strong>servitium,</strong></span> <span class='ocrx_word' id='word_1_687' title='bbox 1392 2531 1447 2558; x_wconf 91' lang='lat' dir='ltr'><strong>nisi</strong></span> <span class='ocrx_word' id='word_1_688' title='bbox 1473 2531 1549 2566; x_wconf 90' lang='lat' dir='ltr'><strong>quod</strong></span> <span class='ocrx_word' id='word_1_689' title='bbox 1570 2531 1711 2558; x_wconf 83' lang='lat' dir='ltr'><strong>abbatissa</strong></span> 
     </span>
    </p>
   </div>
   <div class='ocr_carea' id='block_1_113' title="bbox 868 2574 1479 2610">
    <p class='ocr_par' dir='ltr' id='par_1_113' title="bbox 868 2574 1479 2610">
     <span class='ocr_line' id='line_1_113' title="bbox 868 2574 1479 2610; baseline -0.003 -7"><span class='ocrx_word' id='word_1_690' title='bbox 868 2584 932 2603; x_wconf 88' lang='lat' dir='ltr'><strong>cum</strong></span> <span class='ocrx_word' id='word_1_691' title='bbox 947 2575 1033 2602; x_wconf 88' lang='lat' dir='ltr'><strong>sacris</strong></span> <span class='ocrx_word' id='word_1_692' title='bbox 1048 2575 1193 2601; x_wconf 86' lang='lat' dir='ltr'><strong>sororibus</strong></span> <span class='ocrx_word' id='word_1_693' title='bbox 1206 2574 1247 2601; x_wconf 89' lang='lat' dir='ltr'><strong>illi</strong></span> <span class='ocrx_word' id='word_1_694' title='bbox 1266 2575 1479 2610; x_wconf 66' lang='lat' dir='ltr'><strong>praescripserit.</strong></span> 
     </span>
    </p>
   </div>
   <div class='ocr_carea' id='block_1_114' title="bbox 904 2617 1709 2654">
    <p class='ocr_par' dir='ltr' id='par_1_114' title="bbox 904 2617 1709 2654">
     <span class='ocr_line' id='line_1_114' title="bbox 904 2617 1709 2654; baseline -0.002 -8"><span class='ocrx_word' id='word_1_695' title='bbox 904 2619 1113 2647; x_wconf 84' lang='lat' dir='ltr'><strong>Couﬁrmamus</strong></span> <span class='ocrx_word' id='word_1_696' title='bbox 1138 2618 1223 2645; x_wconf 90' lang='lat' dir='ltr'><strong>etiam</strong></span> <span class='ocrx_word' id='word_1_697' title='bbox 1253 2618 1346 2645; x_wconf 87' lang='lat' dir='ltr'><strong>eidem</strong></span> <span class='ocrx_word' id='word_1_698' title='bbox 1383 2619 1554 2645; x_wconf 84' lang='lat' dir='ltr'><strong>monasterio</strong></span> <span class='ocrx_word' id='word_1_699' title='bbox 1570 2617 1709 2654; x_wconf 87' lang='lat' dir='ltr'><strong>quidquid</strong></span> 
     </span>
    </p>
   </div>
   <div class='ocr_carea' id='block_1_115' title="bbox 870 2660 1711 2697">
    <p class='ocr_par' dir='ltr' id='par_1_115' title="bbox 870 2660 1711 2697">
     <span class='ocr_line' id='line_1_115' title="bbox 870 2660 1711 2697; baseline -0.002 -8"><span class='ocrx_word' id='word_1_700' title='bbox 870 2663 909 2689; x_wconf 88' lang='lat' dir='ltr'><strong>ibi</strong></span> <span class='ocrx_word' id='word_1_701' title='bbox 925 2670 1052 2697; x_wconf 88' lang='lat' dir='ltr'><strong>unquam</strong></span> <span class='ocrx_word' id='word_1_702' title='bbox 1072 2670 1122 2697; x_wconf 88' lang='lat' dir='ltr'><strong>per</strong></span> <span class='ocrx_word' id='word_1_703' title='bbox 1146 2670 1227 2696; x_wconf 77' lang='lat' dir='ltr'><strong>reges</strong></span> <span class='ocrx_word' id='word_1_704' title='bbox 1250 2665 1278 2688; x_wconf 90' lang='lat' dir='ltr'><strong>et</strong></span> <span class='ocrx_word' id='word_1_705' title='bbox 1309 2662 1496 2697; x_wconf 85' lang='lat' dir='ltr'><strong>imperatores</strong></span> <span class='ocrx_word' id='word_1_706' title='bbox 1526 2660 1711 2696; x_wconf 72' lang='lat' dir='ltr'><strong>praeceptoria</strong></span> 
     </span>
    </p>
   </div>
   <div class='ocr_carea' id='block_1_116' title="bbox 870 2704 1710 2741">
    <p class='ocr_par' dir='ltr' id='par_1_116' title="bbox 870 2704 1710 2741">
     <span class='ocr_line' id='line_1_116' title="bbox 870 2704 1710 2741; baseline -0.004 -8"><span class='ocrx_word' id='word_1_707' title='bbox 870 2707 942 2741; x_wconf 87' lang='lat' dir='ltr'><strong>lege,</strong></span> <span class='ocrx_word' id='word_1_708' title='bbox 964 2706 1021 2733; x_wconf 89' lang='lat' dir='ltr'><strong>sive</strong></span> <span class='ocrx_word' id='word_1_709' title='bbox 1034 2714 1085 2741; x_wconf 89' lang='lat' dir='ltr'><strong>per</strong></span> <span class='ocrx_word' id='word_1_710' title='bbox 1106 2706 1192 2733; x_wconf 74' lang='lat' dir='ltr'><strong>duces</strong></span> <span class='ocrx_word' id='word_1_711' title='bbox 1207 2706 1249 2732; x_wconf 86' lang='lat' dir='ltr'><strong>vel</strong></span> <span class='ocrx_word' id='word_1_712' title='bbox 1264 2705 1333 2732; x_wconf 87' lang='lat' dir='ltr'><strong>alios</strong></span> <span class='ocrx_word' id='word_1_713' title='bbox 1358 2705 1461 2733; x_wconf 88' lang='lat' dir='ltr'><strong>Christi</strong></span> <span class='ocrx_word' id='word_1_714' title='bbox 1482 2705 1573 2732; x_wconf 78' lang='lat' dir='ltr'><strong>ﬁdelis</strong></span> <span class='ocrx_word' id='word_1_715' title='bbox 1588 2704 1618 2731; x_wconf 91' lang='lat' dir='ltr'><strong>in</strong></span> <span class='ocrx_word' id='word_1_716' title='bbox 1643 2712 1710 2739; x_wconf 89' lang='lat' dir='ltr'><strong>quo-</strong></span> 
     </span>
    </p>
   </div>
   <div class='ocr_carea' id='block_1_117' title="bbox 870 2748 1711 2785">
    <p class='ocr_par' dir='ltr' id='par_1_117' title="bbox 870 2748 1711 2785">
     <span class='ocr_line' id='line_1_117' title="bbox 870 2748 1711 2785; baseline -0.002 -8"><span class='ocrx_word' id='word_1_717' title='bbox 870 2758 982 2785; x_wconf 88' lang='lat' dir='ltr'><strong>cunque</strong></span> <span class='ocrx_word' id='word_1_718' title='bbox 995 2757 1069 2784; x_wconf 86' lang='lat' dir='ltr'><strong>pago</strong></span> <span class='ocrx_word' id='word_1_719' title='bbox 1089 2750 1132 2776; x_wconf 84' lang='lat' dir='ltr'><strong>vel</strong></span> <span class='ocrx_word' id='word_1_720' title='bbox 1161 2749 1295 2775; x_wconf 90' lang='lat' dir='ltr'><strong>comitatu</strong></span> <span class='ocrx_word' id='word_1_721' title='bbox 1317 2750 1410 2784; x_wconf 86' lang='lat' dir='ltr'><strong>aliqua</strong></span> <span class='ocrx_word' id='word_1_722' title='bbox 1438 2750 1573 2775; x_wconf 82' lang='lat' dir='ltr'><strong>traditum</strong></span> <span class='ocrx_word' id='word_1_723' title='bbox 1589 2748 1630 2774; x_wconf 91' lang='lat' dir='ltr'><strong>vel</strong></span> <span class='ocrx_word' id='word_1_724' title='bbox 1647 2756 1711 2775; x_wconf 91' lang='lat' dir='ltr'><strong>con-</strong></span> 
     </span>
    </p>
   </div>
   <div class='ocr_carea' id='block_1_118' title="bbox 871 2792 1709 2824">
    <p class='ocr_par' dir='ltr' id='par_1_118' title="bbox 871 2792 1709 2824">
     <span class='ocr_line' id='line_1_118' title="bbox 871 2792 1709 2824; baseline -0.002 -4"><span class='ocrx_word' id='word_1_725' title='bbox 871 2801 981 2820; x_wconf 83' lang='lat' dir='ltr'><strong>cessum</strong></span> <span class='ocrx_word' id='word_1_726' title='bbox 1016 2795 1057 2820; x_wconf 83' lang='lat' dir='ltr'><strong>est</strong></span> <span class='ocrx_word' id='word_1_727' title='bbox 1085 2793 1240 2824; x_wconf 87' lang='lat' dir='ltr'><strong>oblatione,</strong></span> <span class='ocrx_word' id='word_1_728' title='bbox 1255 2801 1319 2819; x_wconf 91' lang='lat' dir='ltr'><strong>cum</strong></span> <span class='ocrx_word' id='word_1_729' title='bbox 1344 2792 1469 2819; x_wconf 88' lang='lat' dir='ltr'><strong>curtibns</strong></span> <span class='ocrx_word' id='word_1_730' title='bbox 1501 2794 1529 2818; x_wconf 90' lang='lat' dir='ltr'><strong>et</strong></span> <span class='ocrx_word' id='word_1_731' title='bbox 1551 2792 1709 2824; x_wconf 88' lang='lat' dir='ltr'><strong>curtilibus,</strong></span> 
     </span>
    </p>
   </div>
   <div class='ocr_carea' id='block_1_119' title="bbox 874 2835 1711 2870">
    <p class='ocr_par' dir='ltr' id='par_1_119' title="bbox 874 2835 1711 2870">
     <span class='ocr_line' id='line_1_119' title="bbox 874 2835 1711 2870; baseline -0.002 -7"><span class='ocrx_word' id='word_1_732' title='bbox 874 2837 1012 2870; x_wconf 62' lang='lat' dir='ltr'><strong>aediliciis,</strong></span> <span class='ocrx_word' id='word_1_733' title='bbox 1028 2836 1187 2870; x_wconf 87' lang='lat' dir='ltr'><strong>mancipiis,</strong></span> <span class='ocrx_word' id='word_1_734' title='bbox 1213 2836 1392 2868; x_wconf 87' lang='lat' dir='ltr'><strong>molendinis,</strong></span> <span class='ocrx_word' id='word_1_735' title='bbox 1410 2835 1562 2870; x_wconf 85' lang='lat' dir='ltr'><strong>aquimolis</strong></span> <span class='ocrx_word' id='word_1_736' title='bbox 1589 2835 1620 2862; x_wconf 91' lang='lat' dir='ltr'><strong>in</strong></span> <span class='ocrx_word' id='word_1_737' title='bbox 1634 2838 1711 2862; x_wconf 87' lang='lat' dir='ltr'><strong>utra-</strong></span> 
     </span>
    </p>
   </div>
  </div>
