3836 6420
66 275 204 329 1409

1689 267 1865 322 νιτΑ.

3347 279 3486 332 1410

61 400 246 461 sente,
275 393 369 450 vel
399 410 435 449 a
458 392 828 466 quibusdam
858 392 1155 465 episcopis
1184 409 1324 449 cum
1355 393 1478 448 suis
1529 407 1718 446 sacer-
1753 394 1800 446 Α
1829 389 1975 446 dum
2007 396 2063 446 et
2102 392 2364 448 thesauri
2389 395 2703 466 quondam
2732 395 2922 452 habiti
2949 401 3006 453 et
3052 399 3235 455 modo
3271 400 3487 472 perditi

59 483 323 549 dotibus,
351 482 456 554 qui
491 482 639 537 forte
670 486 810 536 tunc
840 485 1059 536 nostra:
1089 481 1550 539 aderantcuriaa.
1591 480 1719 550 jus—

62 572 250 627 simus
280 570 575 638 roborari,
609 575 662 624 et
690 569 847 624 hanc
885 568 1129 641 insuper
1181 570 1516 624 chartulam
1571 567 1718 635 fieri,

57 677 246 733 quam
269 659 444 729 signo
469 675 688 714 manus
719 657 975 730 propriae
1001 658 1300 713 voluimus
1317 656 1718 725 consignari.»

135 791 162 816 ‹‹
199 767 449 836 Signum
472 765 748 822 Richardi
778 765 1162 820 marchionis.
1187 767 1242 822 S.
1279 765 1511 821 Roberti
1534 763 1720 820 archi-

59 856 346 929 episcopi.
383 859 436 912 S.
473 855 831 911 Gonnoridis
865 856 1072 910 matris
1124 871 1355 910 eorum.
1411 858 1465 910 S.
1497 854 1716 908 Judith.

61 949 117 1002 S.
183 944 455 1001 Richardi
511 944 700 1017 pueri.
753 944 808 999 S.
842 943 1081 999 Roberti
1134 944 1323 1017 pueri.
1368 948 1422 1000 S.
1455 942 1720 998 Willelmi

57 1034 250 1106 pueri.
285 1036 339 1088 S.
375 1032 631 1104 Malgeri.
669 1056 696 1081 »

133 1166 158 1189 α
196 1147 407 1198 Actum
440 1141 812 1209 Rothomago
840 1155 876 1194 ιι
902 1140 1038 1195 ldus
1073 1141 1311 1196 Martii.»

131 1249 426 1304 Robertus
453 1250 526 1318 (4)
550 1263 792 1320 quoque
821 1246 949 1320 ipse
980 1248 1476 1317 Rothomagensis
1531 1247 1717 1302 archi-

55 1337 400 1408 episcopus,
438 1336 630 1390 virum
657 1335 887 1390 bonum
938 1351 1065 1390 esse
1121 1352 1491 1404 cognoscens
1543 1336 1716 1392 dom—

54 1443 207 1481 num
239 1425 712 1496 Angelrannum,
742 1425 990 1480 donavit
1018 1425 1070 1480 ei
1103 1441 1293 1480 unum
1324 1425 1551 1480 bonum
1579 1427 1713 1480 dor-

56 1515 203 1584 sale,
221 1531 343 1588 quo
381 1514 680 1587 hodieque
703 1521 907 1569 nostra
932 1513 1180 1569 ecclesia
1213 1519 1477 1570 ornatur.

130 1645 183 1698 8.
217 1647 287 1698 At
316 1641 460 1714 quia
491 1657 650 1696 nunc
691 1641 1146 1696 Nortmanniam
1173 1641 1543 1710 intravimus,
1576 1643 1717 1698 libet

1829 481 2156 537 amissione
2187 489 2416 539 constet
2443 501 2547 540 eos
2582 485 2724 541 satis
2755 486 2934 542 fuisse
2984 488 3246 560 punitos.
3300 490 3485 546 Silva-

1828 571 2013 625 nectis
2043 577 2244 628 autem
2296 573 2526 628 civibus
2564 574 2639 629 de
2686 575 2876 630 sancti
2928 592 3177 650 corpore
3235 578 3489 635 inaniter

1829 659 2102 730 superbis
2149 661 2277 729 jam
2324 663 2507 717 modo
2567 679 2671 718 ora
2707 663 3082 721 claudamus.
3118 668 3246 732 Quo
3290 668 3487 740 primo

1829 747 2004 816 igitur
2032 754 2296 821 tempore
2336 752 2524 807 sancti
2555 753 2823 824 corporis
2869 753 3130 810 illatione
3180 755 3357 812 beata
3399 761 3488 814 est

1829 837 2346 911 Centula.absque
2375 839 2504 895 ullis
2562 847 2866 909 gestorum
2927 843 3056 913 ejus
3105 844 3485 902 adminiculis

1827 923 2178 995 aliquandiu
2208 929 2554 998 permansit.
2590 929 2826 986 Delator
2851 947 3088 1004 nempe,
3135 933 3378 990 nomine
3429 939 3487 990 et

1827 1015 2020 1083 gradu
2051 1019 2228 1087 atque
2251 1016 2482 1073 civitate
2522 1019 2787 1092 episcopi
2809 1020 2938 1091 ejus
2979 1021 3194 1088 relatis,
3253 1023 3327 1078 de
3381 1041 3487 1079 cae-

1827 1103 1962 1158 teris
1992 1105 2379 1162 conticuerat.
2411 1112 2559 1163 Cum
2591 1114 2790 1165 autem
2820 1110 3115 1179 lngelardi
3147 1111 3381 1168 abbatis
3409 1115 3484 1170 de

1825 1193 2025 1247 medio
2056 1193 2192 1248 facti
2223 1195 2317 1250 hic
2372 1197 2724 1252 venerabilis
2779 1199 3216 1268 Angelrannus,
3263 1217 3485 1272 cogno-

1824 1287 2028 1337 mento
2061 1283 2329 1355 Sapiens,
2362 1285 2555 1340 vicem
2587 1288 2966 1359 suscepisset,
3031 1289 3138 1345 fuit
3185 1290 3238 1345 ei
3286 1307 3488 1347 neces-

1827 1372 1971 1427 sitas
2004 1372 2119 1441 illa,
2176 1391 2310 1445 quae
2351 1391 2536 1447 supra
2593 1377 2866 1448 exposita
2920 1384 3026 1447 est,
3069 1379 3151 1434 ire
3177 1383 3485 1438 Nortman-

1827 1461 2008 1516 niani.
2048 1462 2145 1515 His
2171 1480 2278 1535 pro
2308 1464 2531 1536 quibus
2566 1465 2710 1521 ierat
2735 1468 3024 1538 peroratis
3061 1469 3144 1523 vel
3199 1469 3480 1541 definitis,

1825 1567 1861 1605 a
1885 1550 2110 1605 clericis
2143 1552 2328 1622 ipsius
2360 1553 2681 1625 provinciae
2745 1560 2800 1610 et
2856 1574 2892 1612 a
2930 1558 3244 1614 monachis
3295 1560 3485 1615 sancti

1825 1639 2092 1693 Audoeni
2128 1645 2202 1708 (Ii)
2243 1641 2420 1713 erepit
2458 1641 2754 1714 inquirere
2812 1660 2889 1699 an
2931 1652 3175 1702 nossent
3218 1647 3484 1721 aliquem

52 1746 386 1803 parumper
425 1729 768 1799 subsistere,
832 1735 895 1785 ut
931 1730 1245 1802 quoddam
1313 1731 1714 1786 necessarium
1752 1749 1790 1800 Β
1827 1734 2169 1782 sanctorum
2200 1729 2304 1800 qui
2333 1729 2628 1785 diceretur
2658 1731 2850 1800 Vigor.
2897 1733 2978 1788 llli
3009 1739 3208 1790 autem
3257 1737 3484 1809 optime

52 1820 446 1893 explicemus.
509 1819 856 1887 Retulimus,
915 1819 1028 1874 sub
1078 1819 1306 1876 domno
1385 1821 1712 1890 lngelardo,

52 1909 220 1965 beati
251 1909 476 1977 Vigoris
507 1908 776 1981 episcopi
803 1925 1023 1980 corpus
1075 1909 1423 1963 lionorabile
1483 1925 1517 1964 a
1572 1914 1716 1965 Neu-

52 1999 201 2054 stria
231 1998 539 2055 Centulam
571 1997 926 2053 translatum
955 2016 968 2064 ;
997 1997 1160 2069 quod
1189 1999 1332 2070 quia
1362 1999 1714 2068 meruimus,

55 2090 180 2143 Deo
205 2086 599 2159 omnipotenti
631 2104 702 2142 ex
725 2087 902 2142 corde
933 2086 1144 2142 intimo
1185 2088 1402 2155 gratias
1429 2088 1717 2160 rependa-

54 2193 214 2232 mus.
252 2176 450 2232 Securi
475 2176 654 2246 igitur
684 2175 758 2231 de
791 2175 889 2230 Dei
919 2192 1167 2231 munere
1194 2176 1252 2231 in
1285 2177 1470 2232 sancti
1505 2194 1715 2251 corpo-

53 2268 134 2322 ris
159 2266 374 2322 collata
402 2266 579 2322 nobis
610 2265 1046 2332 benedictione,
1092 2267 1223 2336 jam
1272 2267 1457 2322 modo
1509 2275 1716 2324 contra

51 2356 188 2411 illos
219 2372 472 2424 agamus
494 2355 599 2428 qui
639 2360 868 2412 tantum
900 2353 1133 2410 bonum
1182 2362 1453 2412 nostrum
1503 2359 1712 2414 obscu-

51 2460 190 2501 rare
219 2445 503 2500 nituntur.
543 2447 638 2500 Est
665 2443 824 2500 enim
855 2443 1149 2516 quiddam
1175 2446 1448 2500 sensibus
1492 2449 1710 2503 nostris

50 2533 306 2597 illatum,
361 2533 547 2606 quod,
587 2537 704 2588 Deo
752 2532 1093 2599 auxiliante,
1123 2533 1455 2591 abundanti
1486 2537 1712 2592 ratione

51 2624 432 2696 purgabitur,
457 2623 505 2678 si
538 2629 738 2679 tamen
769 2623 1020 2679 faciente
1039 2624 1263 2680 invidia
1278 2625 1562 2698 obliquus
1589 2643 1710 2682 non

53 2713 213 2768 adsit
266 2711 519 2768 auditor.
555 2715 770 2768 Verum
822 2729 934 2767 nos
991 2713 1369 2783 singulariter
1408 2715 1710 2771 neminem

53 2804 414 2877 appetimus,
465 2803 749 2860 omnibus
797 2804 981 2860 semel
1033 2806 1504 2878 respondentes:
1561 2807 1707 2864 dum

53 2894 216 2950 enim
245 2910 618 2967 quemquam
648 2899 982 2951 nostratum
1033 2912 1171 2951 cum
1228 2897 1588 2953 Neustrianis
1621 2899 1711 2954 vel

57 2983 594 3040 Silvanectensibus
621 2983 695 3038 de
729 2984 918 3040 sancti
949 3000 1196 3056 corpore
1257 2985 1518 3058 colloqui
1575 3005 1712 3042 con-

56 3072 245 3140 tingit,
278 3072 614 3128 dicentibus
639 3072 764 3128 istis
801 3072 947 3144 quia
976 3080 1177 3129 noster
1235 3075 1554 3147 episcopus
1581 3076 1709 3137 fuit,

55 3161 231 3217 nobis
275 3160 557 3233 quiescit;
612 3159 724 3216 illis
789 3177 960 3233 teque
1011 3163 1401 3218 referentibus
1435 3180 1495 3218 se
1549 3165 1709 3220 hunc

55 3251 299 3320 habere,
330 3255 534 3307 noster
563 3267 598 3306 a
637 3253 755 3306 Deo
781 3251 954 3306 nobis
980 3251 1154 3307 datus
1203 3253 1518 3309 thesaurus
1547 3255 1712 3329 apud

56 3341 310 3396 incertos
337 3341 513 3413 quasi
535 3339 752 3396 fuscari
797 3340 1047 3396 videtur.
1110 3341 1273 3398 Unde
1326 3343 1465 3399 satis
1515 3361 1713 3400 neces-

58 3432 211 3486 sarie
244 3430 400 3486 hanc
431 3430 617 3486 modo
647 3430 938 3486 rationem
979 3431 1396 3504 persolvimus,
1451 3450 1576 3506 qua
1605 3435 1714 3490 sci-

55 3521 189 3577 licet
218 3521 382 3593 apud
413 3536 523 3576 nos
551 3520 720 3576 illum
750 3537 881 3576 esse
912 3522 1198 3578 veraciter
1222 3524 1706 3596 comprobemus.

57 3610 224 3675 Quod
257 3609 305 3664 si
326 3609 653 3682 quisquam
686 3609 1152 3666 clarescentibus
1189 3611 1492 3667 miraculis
1548 3613 1710 3670 hunc

58 3716 118 3754 se
149 3699 369 3754 habere
392 3699 694 3766 defendat,
723 3705 777 3754 et
816 3715 927 3754 nos
984 3699 1173 3755 multo
1231 3701 1710 3770 magnificentius

53 3788 266 3846 eadem
293 3787 518 3860 experti
542 3805 770 3843 sumus.
819 3791 956 3844 Vere
987 3789 1147 3844 enim
1180 3789 1509 3847 Christiana
1561 3792 1710 3848 fides

55 3877 268 3932 fatetur
296 3891 506 3932 omnes
537 3879 656 3939 Deo
688 3877 818 3946 conj
831 3882 1058 3943 unctos,
1094 3894 1215 3933 non
1243 3895 1313 3935 eo
1331 3883 1560 3936 tantum
1577 3880 1710 3936 loco

51 3981 176 4038 quo
206 3980 453 4038 corpore
469 3965 790 4036 habentur,
823 3965 928 4020 sed
959 3965 1304 4038 ubicunque
1343 3966 1594 4024 ﬁdeliter
1614 3986 1709 4026 ro-

52 4059 293 4126 gantur,
324 4053 524 4110 divina
555 4069 733 4126 posse
765 4060 1117 4111 monstrare.
1155 4056 1268 4111 Sed
1320 4057 1448 4128 jam
1503 4065 1712 4130 pergat

51 4159 252 4199 sermo
306 4142 366 4198 in
417 4143 660 4199 nomine
719 4143 952 4199 Domini
1011 4161 1134 4216 quo
1185 4144 1549 4202 destinatum
1599 4154 1706 4213 est,

50 4231 334 4304 hancque
367 4235 645 4288 sanctum
704 4247 815 4287 nos
867 4233 1297 4288 contirmemus
1336 4235 1576 4302 habere,
1629 4241 1710 4291 ta-

48 4320 225 4376 metsi
245 4319 392 4376 alias
420 4335 644 4388 magna
669 4321 904 4393 operari
925 4321 1216 4378 videatur.
1252 4323 1514 4380 Christus
1568 4325 1712 4381 veri-

50 4414 142 4466 tas
173 4409 349 4465 nobis
374 4409 753 4482 astipulatur,
787 4409 918 4482 ipsa
949 4411 1136 4467 sancti
1188 4411 1293 4466 viri
1344 4414 1551 4470 anima
1599 4431 1709 4469 cce-

48 4499 182 4555 lesti
209 4516 446 4572 semper
465 4500 811 4556 haereditate
837 4500 1016 4557 beata
1046 4501 1449 4558 testimonium
1479 4504 1706 4572 reddet,

47 4589 175 4645 imo
204 4589 278 4644 de
301 4589 498 4646 verbis
521 4590 650 4661 ejus
681 4589 843 4645 verbi
883 4591 1068 4646 nostri
1128 4591 1534 4648 testimonium
1586 4595 1704 4650 ﬁet.

49 4679 386 4738 Neustriani
424 4684 647 4747 tamen,
676 4680 782 4753 qui
813 4686 871 4736 et
895 4682 1264 4748 Nortmanni,
1296 4683 1389 4738 sui
1443 4684 1707 4757 episcopi

46 4785 175 4824 non
205 4768 360 4824 bene
378 4769 656 4824 custoditi
682 4770 974 4840 arguendi
1001 4770 1387 4840 videbantur;
1421 4773 1525 4828 sed
1543 4790 1702 4828 men-

46 4863 172 4914 tem
202 4858 504 4914 remordet
522 4858 668 4932 quia
687 4878 734 4914 ;‹‹
761 4860 877 4915 Nisi
905 4861 1192 4915 Dominus
1220 4861 1709 4918 custodieritcivi-

46 4947 479 5019 tatem,frustra
498 4947 705 5018 vigilat
733 4949 836 5021 qui
868 4950 1125 5005 custodit
1147 4966 1281 5005 eam
1324 4952 1705 5024 (Psalmxxvt,

50 5042 167 5105 1).»
201 5037 288 5094 Ob
308 5037 423 5094 hoc
453 5042 654 5094 autem
686 5038 818 5094 illos
849 5039 1108 5096 sinentes
1146 5040 1262 5096 alia
1290 5041 1705 5114 expediamus,

121 5181 200 5251 (4)
229 5179 415 5237 Annis
435 5181 838 5255 quadraginta
866 5186 924 5237 et
965 5189 1098 5239 octo
1132 5183 1452 5239 Ecclesiam
1488 5185 1705 5240 Rotho-

44 5267 404 5321 magensem
428 5253 598 5322 rexit,
655 5254 734 5309 ab
773 5269 936 5309 anno
986 5255 1205 5310 scilicet
1259 5261 1361 5312 989
1415 5256 1492 5311 ad
1549 5260 1704 5323 1037,

43 5339 173 5400 quo
203 5323 370 5379 obiit.
413 5327 487 5378 lic
519 5340 590 5381 eo
620 5323 1088 5400 agitAOrdericus
1114 5326 1332 5396 Vitalis,
1363 5326 1534 5400 eique
1586 5327 1710 5383 Ful-

42 5393 254 5471 bertus
287 5402 379 5465 ιζ...
407 5393 916 5471 ίι-ήειιειείξιιὶειιιοι
943 5396 1164 5454 litteras
1186 5393 1436 5471 scripsit.

120 5469 413 5537 t5)Sanc'.:
443 5467 709 5522 .\udoeni
758 5467 988 5523 celebre
1043 5467 1475 5525 monasterium
1534 5473 1707 5526 Roto-

43 5537 544 5619 magihhodieque
583 5554 619 5594 a
640 5540 987 5619 “monachis
1020 5541 1412 5596 Benedictinis
1462 5557 1708 5611 congre-

43 5615 168 5678 gat,
199 5610 257 5666 S.
290 5609 474 5666 Mauri
500 5609 795 5666 incolitur.
1063 5651 1066 5660 ι

32 5703 33 5734 1
93 5681 196 5756 _(6)
231 5683 298 5756 Et
317 5685 518 5736 tamen
536 5682 664 5756 jam
688 5680 906 5756 saeculo
931 5699 1093 5740 nono
1123 5689 1360 5756 recepta
1388 5687 1515 5756 erat
1547 5685 1707 5756 70m-

40 5751 228 5810 nium
247 5751 604 5811 Sanctorum
633 5753 944 5828 festivitas,
965 5771 1154 5832 quam
1180 5751 1513 5813 Ludovicus
1543 5755 1706 5826 Pius,

1825 1815 1984 1871 hunc
2018 1817 2288 1886 scientes,
2314 1819 2427 1873 hoc
2462 1819 2661 1874 solum
2693 1820 2890 1876 mirati
2953 1827 3092 1877 sunt
3135 1825 3299 1896 quod
3356 1824 3484 1898 ipse

1825 1905 2018 1960 abbas
2052 1910 2282 1961 tantum
2309 1907 2712 1964 confessorem
2743 1911 3012 1977 nesciret,
3038 1912 3355 1969 referentes
3385 1931 3482 1968 or-

1825 1999 1972 2061 tum,
2005 1994 2206 2061 vitam,
2241 1997 2490 2069 ejusque
2522 1997 2896 2066 dignitatem.
2927 2002 3073 2054 Tum
3103 1999 3294 2056 abbas
3310 2006 3484 2071 rogat

1826 2083 1939 2138 sibi
1989 2085 2308 2139 monstrari
2373 2085 2506 2141 Vita;
2563 2087 2941 2158 scripturam,
2997 2095 3054 2144 et
3103 2089 3483 2146 describendi

1822 2172 2022 2242 largiri
2054 2174 2312 2245 copiam.
2345 2180 2414 2230 At
2443 2175 2521 2230 illi
2549 2192 2687 2230 cum
2737 2177 3112 2247 annuissent,
3147 2178 3248 2234 tali
3278 2179 3358 2234 ab
3411 2195 3483 2235 eo

1824 2262 2032 2318 auditu
2057 2263 2458 2335 percelluntur
2487 2283 2498 2319 :
2528 2265 2833 2333 Caenobio,
2858 2266 3070 2338 inquit,
3117 2268 3376 2324 Centulae
3423 2268 3484 2324 in

1824 2351 2189 2407 monasterio
2221 2351 2451 2408 domini
2473 2354 2590 2410 mei
2622 2355 2808 2410 sancti
2837 2355 3090 2412 Richarii
3139 2357 3320 2428 hujus
3351 2375 3486 2414 san-

1823 2441 1897 2494 cti
1920 2457 2139 2512 corpus
2173 2440 2446 2496 habetur.
2474 2446 2620 2497 Tum
2674 2444 2956 2500 monachi
3004 2445 3164 2501 beati
3211 2445 3483 2502 Audoeni

1822 2528 2100 2583 dixerunt
2133 2529 2186 2583 ei
2221 2546 2233 2582 :
2271 2533 2333 2584 In
2389 2530 2526 2600 hoc,
2583 2530 2938 2587 honorande
2996 2535 3182 2603 Pater,
3232 2538 3286 2590 te
3336 2534 3482 2591 scito

1821 2618 1982 2672 hunc
2013 2635 2220 2674 revera
2250 2619 2493 2688 habere,
2523 2619 2590 2686 si,
2614 2636 2754 2675 ossa
2782 2621 2918 2693 ipsa
2944 2622 3263 2695 inspectas,
3306 2640 3480 2680 men-

1823 2712 1949 2762 tum
1978 2723 2098 2762 non
2119 2707 2416 2762 inveneris
2438 2709 2600 2780 apud
2625 2714 2678 2764 te
2714 2710 2924 2782 :quod
2973 2710 3194 2767 idcirco
3225 2711 3363 2767 illuc
3415 2718 3479 2769 tu

1822 2813 1943 2852 non
1973 2796 2259 2864 invenies,
2291 2797 2432 2869 quia
2465 2801 2583 2853 Deo
2614 2799 2833 2869 gratias
2862 2799 3005 2855 illud
3030 2817 3140 2856 nos
3159 2801 3476 2859 habemus.

1821 2891 1891 2942 At
1921 2886 2022 2941 ubi
2053 2887 2309 2958 patriam
2332 2891 2599 2943 nostram
2631 2905 2769 2944 cum
2800 2888 2999 2945 libello
3046 2891 3185 2947 Vita;
3231 2892 3359 2963 ejus
3390 2908 3478 2948 re-

1822 2975 2086 3049 pedavit,
2115 2976 2345 3032 curavit
2374 2977 2673 3034 insinuata
2739 2978 2911 3034 citius
2971 2979 3245 3052 probare.
3281 2981 3482 3038 Revol-

1771 3109 1787 3126 .
1823 3067 1904 3121 vit
1931 3073 2135 3122 sancta
2158 3066 2451 3131 membra,
2485 3072 2541 3122 et
2591 3068 2834 3124 inventa
2889 3074 3012 3125 tota
3061 3071 3289 3126 ossium
3342 3087 3483 3128 con-

1776 3144 1788 3160 ’
1823 3155 2001 3227 gerie,
2026 3161 2295 3211 mentum
2335 3156 2546 3212 deesse
2603 3157 2846 3214 invenit.
2903 3158 3054 3224 Quia
3095 3176 3238 3216 vero
3290 3161 3479 3234 ipsius

1823 3245 1962 3300 Vitae
1992 3245 2166 3300 lectio
2197 3246 2453 3302 docebat
2481 3263 2606 3319 qua
2633 3247 2728 3303 die
2757 3254 3001 3304 sanctus
3029 3265 3060 3305 e
3108 3251 3340 3308 mundo
3368 3252 3481 3308 mi-

1823 3340 2072 3404 grassct,
2095 3335 2413 3392 haesitabat
2439 3352 2657 3409 parum
2685 3337 2832 3410 quid
2863 3338 3081 3394 faceret
3113 3358 3127 3401 ;
3179 3339 3322 3412 quia
3345 3358 3483 3398 eam

1821 3425 1982 3480 diem
2016 3425 2297 3480 Omnium
2331 3428 2686 3481 Sanctorum
2718 3427 3003 3483 festivitas
3058 3445 3128 3483 ex
3187 3429 3482 3486 moderna

1820 3516 2058 3568 Patrum
2087 3517 2164 3583 (6)
2194 3513 2560 3568 institutione
2600 3513 2961 3570 vindicabat.
3025 3517 3234 3572 Statuit
3277 3523 3480 3575 autem

1823 3607 1886 3657 ut
1915 3600 2184 3673 sequenti
2215 3601 2309 3656 die
2327 3601 2610 3656 festivitas
2637 3618 2746 3656 sua
2770 3607 2981 3658 sancto
3008 3605 3474 3664 reexhiberetur.

1821 3693 2186 3763 Factumque
2217 3695 2306 3745 est
2333 3690 2433 3755 ita,
2467 3691 2574 3746 sed
2603 3707 2725 3747 non
2758 3691 2843 3746 sic
2873 3698 2938 3748 ut
2963 3698 3196 3750 tantum
3247 3687 3480 3752 decuiS-

1821 3787 1907 3836 set
1925 3783 2348 3836 confessorem.
2385 3780 2481 3836 His
2503 3780 2793 3853 proﬁcue,
2825 3787 2890 3836 nt
2917 3797 3256 3854 speramus,
3297 3784 3480 3842 inser-

1822 3873 1913 3941 tis,
1947 3871 2025 3926 ad
2055 3871 2263 3926 domni
2294 3870 2656 3940 Angelranni
2687 3871 2875 3927 Vitam
2915 3877 3311 3943 transeamus,
3369 3875 3478 3936 ali,-

1819 3961 1882 4016 bi
1913 3963 1986 4030 (7)
2019 3960 2094 4015 de
2125 3966 2333 4016 sancto
2362 3960 2569 4029 Vigore
2601 3960 2872 4030 certiora,
2900 3967 2956 4018 et
2993 3962 3214 4034 quibus
3245 3965 3478 4032 obviari

1820 4067 1941 4106 non
1973 4050 2180 4123 possit,
2214 4049 2614 4123 probamenta
2644 4050 2878 4107 dicturi.

1893 4147 1945 4209 9.
1974 4141 2157 4196 Multo
2190 4140 2412 4196 sudore
2450 4145 2506 4196 et
2553 4140 2793 4213 ingenio
2822 4143 2917 4199 hic
2949 4145 3329 4202 venerandus
3377 4147 3484 4204 ho~

1820 4249 1922 4288 mo
1945 4247 2184 4304 semper
2216 4230 2447 4286 studuit
2477 4231 2555 4286 ad
2587 4247 2764 4287 usum
2795 4234 3141 4288 monasterii
3167 4235 3266 4291 illa
3319 4252 3483 4293 revo-

1820 4337 1956 4377 care
1982 4336 2137 4392 quia,
2163 4318 2257 4374 vel
2308 4318 2696 4374 desolationis
2753 4324 3021 4392 tempore
3069 4319 3164 4375 vel
3215 4321 3328 4376 sub
3387 4322 3480 4377 sui

1820 4415 2087 4482 tempore
2114 4408 2524 4474 antecessoris,
2554 4408 2757 4481 aliqua
2805 4409 3040 4467 fuerant
3069 4409 3280 4466 fraude
3335 4411 3478 4466 sub-

1819 4500 2018 4555 ducta.
2045 4497 2386 4555 Constantia
2416 4498 2641 4571 quippe
2670 4498 2914 4554 internis
2930 4498 3309 4569 fortitudinis,
3341 4516 3477 4573 quae

1819 4589 2003 4646 menti
2034 4589 2163 4659 ejus
2190 4587 2398 4658 inerat,
2431 4587 2682 4644 multam
2729 4589 3065 4660 potentium
3127 4589 3474 4663 superbiam

1819 4677 2181 4745 edomabat;
2215 4676 2358 4750 quia
2414 4676 2638 4734 fiducia
2689 4678 3014 4734 sanctitatis
3069 4695 3130 4736 se
3189 4679 3472 4746 vallante,

1819 4768 2039 4824 nullius
2061 4767 2389 4840 potentiam
2411 4766 2749 4823 verebatur.
2772 4768 3192 4838 Angelrannus
3214 4769 3474 4848 denique

1817 4875 2022 4917 comes
2051 4857 2455 4914 Pontivorum.
2495 4858 2758 4928 Hugonis
2787 4859 3064 4916 advocati
3099 4859 3278 4929 ﬁlius,
3333 4876 3473 4916 cum

1818 4950 1898 5006 ob
1928 4953 2238 5021 expertam
2267 4946 2328 5002 in
2360 4946 2458 5002 illo
2490 4947 2863 5006 sanctitatem
2892 4953 3199 5023 compater
3223 4950 3353 5022 ejus
3388 4950 3474 5006 fa-

1819 5043 1948 5096 ctus
1972 5037 2198 5108 fuisset,
2231 5051 2453 5108 magno
2476 5037 2656 5093 etiam
2683 5037 2891 5096 timore
2912 5055 3056 5111 erga
3073 5038 3242 5096 illum
3258 5039 3475 5110 ageba-

1819 5183 2173 5238 adhortante
2205 5179 2490 5254 Gregorio
2517 5184 2583 5235 ιν
2616 5197 2856 5254 summo
2884 5181 3183 5254 pontiﬁce,
3224 5182 3286 5239 in
3338 5183 3472 5240 Gal-

1816 5255 1896 5310 lia
1927 5259 1985 5309 et
2014 5251 2330 5307 Germania
2351 5251 2636 5309 celebrari
2667 5251 2996 5310 mandavit.
3022 5253 3162 5309 Vide
3193 5254 3474 5312 Thomas-

1817 5327 2016 5381 sinum
2038 5323 2375 5398 intractatu
2403 5324 2482 5379 De
2509 5323 2690 5394 festis,
2721 5324 2824 5398 lib.
2859 5341 2918 5390 ιι,
2947 5341 3079 5398 cap.
3127 5330 3214 5398 2t.
3268 5327 3474 5383 Hodie-

1815 5414 1933 5470 que
1976 5399 2030 5470 δ.
2066 5393 2288 5470 Vigoris
2330 5411 2552 5467 corpus
2607 5393 2768 5468 apud
2818 5413 2880 5452 se
2929 5393 3152 5453 ser'vari
3200 5404 3474 5456 asserunt

1816 5463 2003 5525 nostri
2037 5463 2440 5523 Centulenses.

1887 5546 1966 5606 (Τ)
2001 5544 2063 5594 In
2095 5538 2291 5610 capite
2307 5537 2526 5593 scilicet
2554 5542 2623 5594 '20
2649 5539 2831 5610 hujus
2858 5539 3055 5610 quarti
3105 5540 3241 5597 libri
3297 5541 3472 5599 Chro-

1814 5611 1927 5666 nici
1963 5608 2443 5688 Qentulensishin
2475 5611 2670 5688 Gesti_s_
2683 5608 2841 5688 beati
2866 5608 3120 5681 Gervini,
3145 5631 3280 5688 quae
3307 5612 3471 5669 dabi-

1813 5699 1952 5738 mus
1979 5681 2040 5738 in
2061 5681 2244 5737 altero
2265 5679 2447 5751 hujus
2474 5681 2675 5737 saeculi
2711 5687 2898 5739 tomo.
