3836 6422
364 264 491 328 ειμι

1402 265 1843 325 ANGELRANNI
1879 253 2172 317 ΑΒΒᾹἩΞ
2209 259 2698 317 CENTULENSIS.

3700 252 3807 310 “tt

358 384 473 462 tur,
500 393 730 467 quippe
752 394 921 466 apud
962 402 1142 463 quem
1189 392 1434 448 humani
1488 390 1706 462 ingenii
1738 384 2010 461 pravitati
2046 385 2092 437 Α
2120 386 2373 450 geretur,
2400 382 2537 439 hinc
2564 380 2930 455 patuit,dum
2957 382 3175 436 contra
3200 379 3386 435 hunc
3412 375 3805 432 ﬂuebat-tam,

357 481 506 538 nihil
553 490 895 538 successum
946 481 1187 536 sciebat.
1241 480 1579 553 Antiquitas
1630 481 1865 533 servata
1912 476 2004 528 est

360 570 754 635 consuetudo,
783 574 848 625 ut
874 570 935 624 in
958 569 1107 625 festo
1132 570 1321 624 sancti
1350 568 1603 624 Richarii
1632 572 1755 622 tota
1812 562 2001 618 Ponti-

360 666 574 714 verum
593 657 797 713 militia
815 657 1121 713 Centulam
1151 657 1455 725 veniret,et
1474 656 1647 713 veluti
1677 653 1880 727 patriae
1899 651 2002 707 do-

360 746 557 812 mine;
585 759 657 800 ac
690 758 812 799 suae
833 743 1041 800 salutis
1071 744 1245 800 tutori
1276 749 1331 799 et
1359 745 1650 800 advocato
1677 741 2002 797 solemnem

356 832 585 889 curiam
610 830 1081 889 faciebant.Cum
1096 832 1296 904 itaque
1306 834 1435 903 jam
1447 832 1639 887 dictus
1658 840 1860 886 comes
1885 827 2003 881 ine-

359 919 671 976 vitabiiiter
686 920 768 975 ad
793 920 983 975 sancti
1013 920 1193 975 Patris
1215 920 1454 989 festum,
1472 925 1577 974 aut
1598 919 1717 974 alia
1739 914 2005 989 qualibet

354 1008 455 1064 die
480 1009 909 1065 monasterium
927 1010 1224 1078 intrasset,
1256 1008 1459 1064 statim
1488 1008 1566 1063 ab
1587 1007 1802 1063 abbate
1825 1019 2001 1059 vene-

356 1096 552 1166 rabili,
584 1097 801 1169 siquid
846 1097 978 1153 loco
1038 1097 1381 1163 abstulerat,
1440 1102 1604 1153 tanta
1653 1093 2002 1150 invectionis

357 1185 709 1242 auctoritate
736 1186 1121 1256 arguebatur,
1154 1190 1218 1241 ut
1256 1186 1407 1241 miro
1452 1185 1634 1240 modo
1662 1199 1786 1239 non
1820 1181 2005 1237 comi-

356 1279 475 1329 tem
508 1289 544 1329 a
569 1274 889 1343 monacho,
918 1274 1031 1329 sed
1070 1288 1310 1330 servum
1338 1286 1375 1330 a
1419 1274 1666 1329 domino
1709 1270 2002 1343 increpari

355 1360 642 1433 qualitate
661 1375 860 1416 rerum
891 1365 1153 1433 putares.
1199 1361 1256 1418 Si
1286 1361 1610 1433 aliquando
1667 1357 2003 1430 corripienti

361 1463 481 1504 non
498 1447 839 1516 obediisset,
872 1450 1063 1505 abbas
1091 1450 1205 1504 loci
1232 1456 1486 1517 amator,
1536 1449 1640 1522 qui
1669 1449 1861 1503 dicere
1900 1462 2004 1518 po-

358 1540 542 1593 terat:
576 1538 747 1592 Zelus
778 1539 983 1593 domus
1000 1538 1099 1592 Dei
1131 1540 1377 1594 comedit
1404 1554 1512 1605 me,
1544 1537 1828 1592 continuo
1868 1549 2000 1589 sese

359 1626 421 1680 in
457 1624 653 1680 verbis
682 1638 1077 1695 exaggerans,
1116 1626 1406 1698 illumque
1462 1625 1785 1689 inﬁdelem,
1832 1623 1999 1677 illum

2108 476 2434 543 contraque
2459 486 2670 527 omnes
2698 472 2803 544 qui
2830 470 3085 526 fratrum
3116 467 3597 544 possessiones
3618 481 3803 538 rapere

2107 560 2499 626 conabantur,
2541 566 2662 616 tam
2713 560 3059 615 divinarum
3112 572 3314 631 quam
3381 557 3803 611 humanarum

2108 647 2308 718 legum
2334 651 2685 705 auctoritate
2723 654 2948 705 certare
2974 661 3102 705 non
3126 647 3395 703 destitit.
3444 648 3623 701 Nam
3662 647 3753 699 Dei
3773 663 3807 701 ες

2110 738 2345 795 Domini
2374 738 2559 795 nostri
2591 738 2950 795 informatus
3004 736 3322 809 exemplo,
3393 740 3467 793 et
3533 748 3805 793 accensa:

2110 840 2333 894 amore,
2356 828 2459 896 qui
2482 842 2596 895 pro
2625 827 2748 882 suis
2778 826 2984 883 ovibus
3037 826 3314 881 animm
3348 824 3593 892 posvit
3624 835 3649 891 ,'
3710 823 3807 893 ἱρετ

2106 929 2351 984 quoque
2381 931 2490 986 pro
2514 914 2784 971 Ecclesiae
2808 912 3182 971 Centulensis
3214 910 3385 967 villis
3450 909 3565 966 vel
3598 911 3807 981 pix-diis

2109 1002 2299 1057 multa
2321 1002 2605 1074 pericula,
2639 1002 2979 1074 multasque
3000 1001 3373 1073 iniquorum
3398 998 3691 1056 insidias
3708 1016 3809 1071 per-

2109 1090 2227 1161 peti
2258 1106 2378 1145 non
2400 1090 2744 1148 formidavit
2775 1107 2788 1144 :
2822 1106 2932 1162 pro
2954 1089 3066 1146 illis
3094 1094 3256 1145 certe
3299 1088 3426 1162 qui
3486 1086 3623 1143 sibi
3670 1096 3808 1141 erant

2110 1178 2414 1237 commissi
2439 1180 2705 1235 animam
2737 1179 3056 1253 posuisset,
3092 1178 3141 1232 si
3172 1178 3236 1232 id
3272 1193 3571 1233 necesse
3606 1176 3807 1231 fuisset

2110 1267 2210 1338 qui
2236 1284 2343 1339 pro
2367 1268 2717 1323 eorumdem
2741 1284 2802 1323 re
2831 1264 3173 1340 temporali,
3200 1278 3357 1322 enm
3386 1280 3677 1321 necesse
3709 1260 3806 1319 fulL

2110 1350 2309 1411 multis
2341 1346 2570 1427 injuriis
2600 1354 2784 1426 afﬂigi
2811 1372 2931 1413 non
2958 1356 3284 1411 recusavit.
3320 1356 3403 1411 Ut
3450 1355 3640 1411 enim
3694 1355 3806 1408 sub-

2104 1444 2397 1514 jectorum
2428 1446 2663 1501 animas
2695 1445 2971 1507 salvaret,
3002 1444 3135 1519 ipse
3172 1444 3539 1517 temporali
3578 1460 3707 1498 suae
3740 1461 3808 1495 sa-

2109 1533 2213 1588 luti
2236 1550 2549 1605 nunquam
2581 1535 2818 1603 agnitus
2844 1540 2932 1589 est
2960 1533 3340 1606 pepercisse.
3410 1529 3591 1589 Nam
3625 1547 3747 1587 non
3770 1535 3807 1585 in

2107 1626 2341 1677 tantum
2369 1627 2634 1677 creverat
2664 1620 3063 1693 tyrannorum
3088 1622 3429 1690 atrocitas,
3485 1626 3567 1677 ut
3625 1636 3807 1692 corpu

358 1718 659 1785 raptorem
685 1713 1473 1783 clamitans,nisiemcndare
1497 1713 1835 1786 sponderet,
1862 1725 1999 1766 cou-
2036 1728 2080 1781 Β
2108 1726 2177 1766 ra
2202 1712 2552 1783 perimendo
2579 1712 2816 1767 animas
2845 1711 3192 1779 etl‘ugarent
3216 1729 3229 1777 ;
3263 1710 3383 1766 sed
3407 1710 3505 1765 ad
3542 1710 3672 1765 hoc
3698 1726 3808 1781 pro-

361 1803 524 1857 tinuo
550 1804 1130 1858 excommunicabat.
1161 1804 1293 1858 Hice
1331 1804 1459 1874 ejus
1485 1802 1669 1857 animi
1720 1800 1997 1856 fortitudo

358 1892 685 1963 plurimum
709 1892 975 1959 contulit,
1009 1897 1065 1948 et
1094 1897 1155 1947 ut
1196 1908 1305 1948 suo
1363 1899 1626 1966 tempore
1675 1891 1821 1946 nihil
1869 1891 1999 1944 loco

358 1986 664 2053 raperetur
688 1981 962 2037 obtinuit.
993 1981 1162 2046 Quod
1194 1998 1304 2037 nos
1347 1982 1480 2037 ideo
1536 1982 1620 2036 sic
1663 1979 1996 2046 didicimus,

320 2112 331 2120 .
356 2070 523 2141 quia,
548 2078 691 2124 cum
715 2076 922 2125 nostro
936 2080 1072 2125 aevo
1088 2070 1289 2125 desint
1319 2070 1646 2139 largitores,
1693 2069 1847 2123 bene
1898 2081 2001 2121 no-

362 2157 454 2213 bis
477 2166 575 2213 res
606 2170 780 2227 agerc
810 2159 1126 2224 videretur,
1159 2160 1207 2214 si
1230 2175 1354 2214 non
1394 2164 1732 2231 pateremur
1751 2157 2000 2212 infestis-

360 2247 546 2302 simas
567 2246 950 2318 praedatores.
982 2248 1339 2303 Venerabilis
1366 2254 1564 2303 tamen
1591 2246 2001 2315 Angelrannus

360 2349 484 2390 non
524 2335 640 2390 hoc
678 2336 882 2390 solum
932 2335 1185 2391 obtinuit
1229 2341 1293 2390 ut
1350 2336 1459 2391 sibi
1490 2336 1633 2391 nihil
1682 2334 1998 2397 tolleretur,

358 2423 466 2478 sed
490 2428 548 2478 et
576 2428 641 2478 ut
667 2424 855 2479 multa
883 2439 992 2495 per
1018 2424 1119 2479 Dei
1148 2426 1398 2493 gratiam
1452 2424 1561 2479 sibi
1617 2425 1898 2477 darentur
1947 2426 2004 2476 et

362 2510 767 2567 redderentur.
801 2511 1215 2581 Angelrannus
1261 2513 1439 2583 igitur
1495 2528 1716 2580 comes,
1764 2510 2002 2565 monitis

364 2600 490 2670 ejus
512 2600 816 2656 animatus
842 2600 1043 2655 villam
1082 2602 1413 2673 quamdam
1470 2606 1673 2656 sancto
1734 2600 2002 2655 Richario

354 2688 673 2758 delegavit,
706 2689 778 2744 de
802 2690 974 2759 cujus
1025 2689 1325 2744 deditione
1358 2694 1777 2745 testamentum
1821 2687 2003 2743 conﬁ-

356 2777 544 2844 ciens,
566 2779 731 2848 regia
760 2778 1104 2834 auctoritate
1158 2780 1499 2834 confirmari
1545 2779 1747 2845 voluit,
1804 2778 1887 2833 ita
1940 2792 2003 2830 se

355 2865 595 2921 habens
625 2885 637 2921 ι

438 2972 465 3004 ‹‹
488 2956 555 3008 ῐιιιι
580 2955 822 3010 nomine
838 2959 1056 3010 sanctae
1072 2960 1132 3010 et
1156 2954 1412 3010 invidum
1431 2956 1873 3024 TrinitatisEgo
1892 2958 2005 3008 An-

364 3042 687 3111 ‘gel‘rannus
717 3048 1085 3114 compertum
1116 3044 1242 3098 fore
1273 3045 1450 3116 cupio
1478 3051 1830 3100 cunctorum
1865 3058 2004 3097 san-

368 3134 476 3185 ctae
505 3130 612 3184 Dei
636 3130 907 3185 Ecclesiae
938 3130 1203 3185 ﬁdelium
1242 3132 1565 3198 industriae,
1604 3132 1789 3203 quod,
1812 3147 2004 3185 remo-

362 3222 536 3274 rante
573 3219 1113 3290 praecellentissimo
1159 3232 1299 3289 rege
1353 3221 1602 3275 Roberto
1655 3220 2006 3291 Compendii

366 3307 611 3380 palatio,
638 3307 1150 3363 corroborandam
1178 3309 1243 3363 in
1274 3310 1587 3381 praesentia
1644 3310 1772 3379 ejus
1821 3309 2005 3363 obtuli

362 3406 552 3468 quam
566 3396 824 3451 feceram
853 3401 1055 3450 sancto
1086 3396 1355 3451 Richario
1378 3398 1693 3469 quondam
1740 3397 2006 3452 donatio-

368 3485 459 3539 nis
479 3483 839 3539 chartulam.
872 3482 1252 3539 Tradideram
1275 3485 1569 3556 siquidem
1585 3485 1699 3557 ipsi
1721 3488 1925 3540 sancto
1944 3484 2006 3539 in

368 3584 527 3642 pago
552 3571 799 3627 Ponti'vo
825 3570 1026 3628 villam
1043 3586 1177 3645 quae
1200 3574 1439 3631 Comitis
1465 3573 1608 3630 Villa
1637 3579 1903 3640 vocatur,
1935 3588 2005 3628 eo

370 3659 724 3715 conditionis
740 3666 917 3732 pacto
949 3666 1012 3717 ut
1034 3662 1316 3735 ‘egoipse,
1341 3663 1488 3718 dum
1516 3663 1735 3732 vixero,
1778 3668 1839 3716 et
1869 3665 2007 3734 post

366 3758 465 3803 me
476 3760 637 3804 unus
648 3749 863 3819 haeres,
889 3766 1070 3822 quem
1093 3751 1303 3807 vivens
1319 3751 1440 3807 desi
1449 3766 1728 3822 gnavero,
1744 3756 1839 3806 ten
1849 3767 2001 3817 eam,

358 3840 546 3907 atque
570 3836 635 3891 in
653 3836 962 3892 festivitate
987 3840 1178 3893 sancti
1195 3839 1607 3912 Bicharii,quae
1638 3857 1711 3893 vn
1730 3839 1870 3894 ldus
1900 3842 2005 3893 Oc-

369 3922 554 3977 tobris
572 3924 649 3993 :(8)
681 3924 1030 3992 celebratur,
1058 3942 1139 3980 xu
1169 3927 1447 3982 denarios
1488 3928 1555 3982 in
1584 3940 1764 3983 censu
1784 3927 2005 3999 persol-

369 4026 528 4065 vam.
563 4011 733 4075 Quod
772 4012 822 4066 si
857 4012 1045 4067 haeres
1084 4030 1120 4068 a
1142 4026 1237 4069 me
1258 4015 1600 4084 designatus
1625 4016 1871 4071 reddere
1908 4032 2006 4071 ne-

364 4096 614 4166 glexerit
646 4102 754 4154 aut
772 4098 1043 4170 [legaliter
1064 4102 1347 4157 emendet
1396 4108 1499 4158 aut
1540 4104 1770 4176 perdat,
1812 4120 2005 4176 quam

371 4185 885 4242 ooncessionemin
912 4189 1228 4260 praesentia
1240 4190 1694 4263 regisregnique
1716 4192 2005 4247 nobilium

368 4273 555 4330 obtuli
584 4280 641 4331 et
664 4276 830 4345 regia
850 4278 1193 4333 auctoritate
1219 4280 1695 4335 conﬁrmandam
1711 4281 1931 4338 censui.

440 4382 470 4411 α
781 4364 1744 4466 .ιιθςὶε.ξ›ἱε..(ἶρηεῐᾶῐιτίω
1761 4370 1999 4438 reginae.
2031 4413 2081 4466 υ

368 4452 487 4522 Sig.
516 4453 964 4510 Henricidncis.
988 4454 1111 4525 Sig.
1140 4456 1397 4513 Roberti.
1430 4457 1545 4528 Sig.
1596 4459 1839 4515 Odonis.
1884 4460 2000 4529 Sig.

369 4541 726 4611 Angehanni
752 4543 1005 4599 comitis.

438 4650 467 4679 α
498 4636 708 4687 Actum
734 4631 1088 4705 ‘Compendii
1110 4634 1332 4706 palatio
1359 4635 1560 4691 Nonas
1593 4636 1862 4708 Aprilis.»

439 4720 525 4776 l0.
544 4720 873 4777 Hucbertus
886 4721 1135 4794 quidam
1153 4723 1343 4789 miles,
1360 4724 1666 4795 quibeneti
1676 4726 1849 4781 ciarie
1867 4734 2005 4781 cum

362 4808 513 4879 jur‘ej
522 4810 1015 4866 urando‘nostrati
1041 4810 1244 4868 abbati
1262 4812 1545 4868 famulari
1567 4812 1849 4884 habebat,
1868 4816 2006 4871 huic

365 4896 689 4953 venerabili
704 4897 1091 4968 ‘Augolranno
1125 4899 1432 4971 aliquoties
1471 4917 1657 4957 causa
1711 4903 2007 4974 probatio-

362 4987 457 5041 nis
472 4986 714 5042 exeunt.
752 4986 1055 5060 Siquidem
1086 4987 1269 5060 aliqui
1290 5003 1368 5044 ex
1396 4989 1517 5045 suis
1530 4991 1880 5062 parentibus
1893 4993 2005 5048 sub

364 5074 742 5145 praestatione
772 5075 911 5131 certi
942 5076 1223 5149 temporis
1245 5082 1555 5135 tenuerant
1583 5078 1784 5133 villam
1819 5080 2005 5135 sancti

368 5154 638 5227 Richarii,
664 5164 954 5221 vocabulo
976 5166 1321 5236 Noguerias,
1340 5171 1397 5222 et
1420 5167 1521 5223 tali
1541 5166 1856 5224 occasione
1884 5174 2007 5225 tan-

368 5265 553 5321 quam
580 5252 983 5312 hereditatem
1020 5254 1133 5311 sibi
1155 5254 1513 5312 vindicabat.
1561 5256 2005 5315 Contradicente

362 5337 605 5408 abbate,
636 5346 694 5397 et
720 5342 819 5397 illo
844 5343 1192 5407 insaniente,
1234 5344 1423 5400 multa
1451 5344 1603 5400 dura
1633 5345 1875 5415 contigit
1902 5362 2005 5403 ve-

369 5425 696 5484 nerabilem
747 5431 1192 5502 Angelrannum
1236 5432 1365 5502 ejus
1424 5432 1790 5488 immissione
1841 5436 2001 5507 pati:

368 5528 587 5584 nempe
622 5530 807 5588 quam
825 5519 958 5575 forti
986 5520 1208 5577 amoris
1232 5520 1467 5576 vinculo
1496 5537 1638 5592 erga
1671 5537 1812 5576 suos
1833 5523 2004 5579 strin-

373 5688 580 5745 relatio
609 5694 809 5747 autem
845 5691 940 5747 die
967 5697 1001 5748 2
1029 5688 1203 5751 lanii.

2107 1805 2368 1855 cesserat
2395 1816 2605 1855 eorum
2637 1799 2956 1871 cupiditas,
2988 1803 3054 1855 ut
3082 1815 3215 1866 eos,
3278 1799 3498 1854 rebus
3570 1797 3807 1871 spolias-

2110 1894 2215 1957 tes,
2249 1889 2495 1943 miseros
2525 1888 2857 1943 efficerent:
2886 1892 2947 1943 et
2976 1888 3127 1959 quia
3186 1887 3401 1943 isdem
3442 1888 3806 1956 magnificis

2110 1979 2195 2032 vir
2222 1990 2433 2033 eorum
2464 1978 2697 2033 saevitiae
2720 1992 2938 2049 perpes
2968 1978 3407 2032 contradictor
3454 1977 3722 2043 cnstitit,
3746 1978 3805 2031 et

2109 2067 2191 2121 eis
2222 2067 2411 2121 multa
2461 2080 2804 2138 perpessus,
2861 2065 3041 2121 etiam
3095 2066 3288 2135 gladii
3333 2066 3805 2138 percussionem

2110 2157 2209 2210 Dei
2239 2160 2470 2210 amator
2499 2155 2787 2210 toleravit.
2823 2155 2937 2211 Sed
2962 2155 3115 2226 quia
3164 2168 3310 2210 vere
3344 2155 3555 2210 fateri
3614 2170 3805 2227 possu-

2104 2260 2243 2300 mus
2269 2246 2501 2315 justum
2530 2244 2832 2300 conﬁdere
2861 2244 3037 2316 quasi
3070 2244 3351 2311 leonum,
3375 2246 3505 2300 iste
3526 2260 3653 2318 pro
3672 2259 3807 2301 com-

2109 2335 2328 2397 missis,
2361 2334 2522 2388 bona
2544 2333 2906 2388 conscientia
2938 2334 3146 2400 fretus,
3176 2334 3441 2390 nullam
3458 2335 3683 2390 tith
3699 2352 3805 2406 pas—

2111 2423 2359 2476 sionem.
2386 2422 2649 2477 charitas
2671 2421 2831 2476 enim
2862 2421 2924 2476 in
2942 2436 3018 2476 co
3055 2421 3271 2476 locum
3307 2421 3439 2477 sibi
3468 2423 3803 2477 vindicabat

2110 2511 2390 2581 priorem,
2424 2526 2558 2580 quae
2610 2510 2769 2564 foras
2798 2510 3006 2581 utique
3037 2510 3453 2582 propellebat
3522 2512 3799 2567 timorem.

2111 2598 2335 2653 'l‘andiu
2362 2598 2560 2668 itaque
2586 2604 2793 2652 contra
2850 2598 3222 2652 Huchertum
3276 2600 3555 2663 institit,
3608 2616 3801 2672 usque»

2109 2703 2233 2758 quo
2276 2701 2592 2757 procerum
2647 2686 2873 2756 judicio
2931 2686 2994 2740 in
3043 2686 3206 2755 regis
3260 2690 3652 2758 praesentia,
3692 2706 3799 2744 eam

2109 2791 2292 2847 quam
2318 2775 2579 2829 diximus
2604 2775 2804 2829 villam
2832 2774 3268 2832 derationaret.

2186 2868 2269 2917 it.
2299 2863 2411 2918 Sed
2434 2880 2573 2934 quae
2607 2878 2731 2917 non
2758 2863 3107 2918 mortalium
3130 2864 3341 2920 corda
3374 2868 3706 2940 rapacitas
3725 2884 3800 2921 ur»

2116 2958 2228 3021 get,
2264 2952 2314 3006 si
2340 2952 2500 3006 adsit
2523 2951 2693 3006 locus
2723 2952 2750 3006 ’ἶ
2774 2954 2899 3006 Βθχ
2920 2952 3085 3007 enim
3116 2953 3443 3010 Henricus
3470 2956 3711 3013 illectus
3728 2973 3793 3010 cu

2044 3073 2085 3127 ρ
2114 3041 2377 3112 piditate,
2409 3046 2731 3112 postquam
2755 3040 2955 3096 fuerat
2974 3039 3311 3097 deﬁnitum
3346 3050 3429 3099 ut
3488 3046 3798 3101 Hucbertus

2116 3145 2235 3183 non
2266 3128 2511 3183 haberet
2540 3128 2597 3182 in
2637 3129 2952 3200 proprium
2977 3129 3347 3199 jus,villam
3377 3133 3549 3196 tulit,
3581 3140 3638 3189 et
3652 3136 3798 3205 quia—

2106 3217 2375 3288 Quennio
2404 3217 2560 3271 illius
2585 3217 2876 3271 reditibus
2906 3232 3055 3272 usus
3079 3223 3196 3274 est.
3230 3221 3368 3275 Sed
3404 3236 3575 3278 cum
3612 3223 3689 3278 ab
3717 3224 3798 3277 ab

2114 3308 2247 3362 bate
2274 3308 2609 3378 frequenter
2638 3313 3009 3375 argueretur,
3044 3309 3314 3365 tandem
3346 3318 3547 3370 metu
3571 3314 3797 3383 judicio-

2113 3412 2247 3450 rum
2278 3396 2375 3451 Dei
2400 3401 2661 3461 coactus,
2694 3402 2752 3451 et
2788 3397 3151 3453 venerabilis
3203 3402 3624 3469 Angelranni
3678 3402 3799 3458 assi-

2111 3483 2233 3538 dua
2283 3483 2763 3539 interminatione
2821 3485 3066 3555 fractus,
3110 3486 3306 3542 nobis
3340 3504 3507 3546 eam
3550 3491 3734 3557 cessit,
3761 3500 3800 3543 et

2114 3588 2292 3643 super
2320 3573 2448 3642 ejus
2486 3572 2816 3628 redditione
2843 3578 3295 3639 testamentum
3325 3579 3636 3647 confecit,
3660 3578 3798 3652 quod

2115 3676 2222 3715 nos
2251 3675 2493 3731 quoque
2520 3659 2735 3714 utiliter
2762 3661 2858 3715 hic
2885 3662 3348 3730 consignamus
3385 3686 3402 3722 :

2186 3768 2215 3800 ‹
2244 3754 2303 3803 In
2336 3748 2578 3803 nomine
2606 3754 2825 3803 sanctae
2857 3756 2913 3805 et
2931 3749 3270 3808 individua:
3303 3755 3654 3814 Trinitatis.
3674 3760 3796 3811 lien

2108 3837 2269 3892 ricus
2294 3838 2398 3892 Dei
2420 3838 2616 3906 gratia
2650 3840 3014 3894 Francorum
3046 3855 3178 3906 rex,
3206 3845 3557 3901 omnibus
3585 3845 3795 3901 catholi-

2114 3944 2194 3982 cae
2217 3926 2486 3982 Ecclesiae
2500 3926 2650 3998 ﬁliis,
2665 3927 2890 3999 quibus
2904 3934 3155 3985 esteura
3175 3932 3434 3990 animae
3452 3941 3528 3991 et
3545 3936 3797 4009 corporis

2182 4039 2212 4067 ‹‹
2246 4020 2460 4072 Notum
2490 4030 2618 4071 esse
2646 4016 2927 4072 volumus
2970 4020 3211 4075 cunctis
3256 4023 3521 4081 .futtn'is
3576 4033 3634 4082 et
3681 4040 3801 4098 pm

2114 4106 2377 4161 sentibus
2404 4105 2645 4177 qualem
2673 4106 2935 4162 reditum
2966 4113 3187 4165 sancto
3215 4112 3549 4172 Richario
3580 4115 3803 4188 preem-

2114 4194 2329 4250 mabus
2358 4194 2574 4249 nostris
2592 4200 2658 4249 et
2714 4202 3143 4252 successorum
3171 4204 3704 4270 permiserimus.
3732 4206 3803 4258 li-

2112 4282 2196 4336 les
2222 4282 2495 4355 quidam,
2528 4282 2860 4338 Hucbertus
2882 4284 3670 4357 nomine,Noguenariam
3695 4307 3803 4347 eum

2116 4374 2236 4428 suis
2267 4373 2661 4445 appendiciis,
2691 4375 3029 4446 quamdam
3054 4379 3258 4433 sancti
3290 4381 3591 4440 aiebat-ii
3609 4385 3802 4445 Villam.

2108 4462 2350 4517 tenebat
2375 4479 2498 4517 suae
2527 4463 2854 4518 invasionis
2877 4464 3262 4522 tortitndrne.
3290 4470 3653 4545 Quotquot
3696 4487 3805 4527 vero

2105 4555 2514 4605 antecessores
2541 4552 2670 4621 ejus
2696 4556 3031 4621 tenuerant,
3080 4561 3312 4611 saneto
3373 4560 3684 4618 Richario
3728 4572 3805 4633 per

2113 4639 2503 4709 praestationis
2528 4640 2910 4695 occasionem
2940 4640 3243 4698 tollebant
3269 4662 3283 4710 ;
3315 4646 3448 4702 iste
3482 4662 3648 4706 vero
3697 4664 3807 4722 qna-

2114 4727 2163 4781 si
2188 4727 2495 4799 propriam
2520 4727 2728 4784 volens
2753 4728 3064 4797 invadere,
3089 4732 3401 4804 repulsus
3418 4744 3526 4794 est
3564 4740 3805 4812 aliquae

2106 4820 2239 4871 tum
2268 4815 2502 4871 abbatis
2532 4823 2589 4872 et
2612 4816 2865 4873 fratrum
2916 4817 3375 4879 reclamatione
3406 4843 3421 4893 ;
3466 4834 3541 4883 et
3570 4828 3677 4884 illo
3708 4829 3805 4882 fus-

2111 4905 2269 4960 ditus
2282 4910 2543 4978 repulso,
2573 4923 2830 4962 censura
2846 4907 3057 4977 judicii
3089 4912 3286 4966 nostri
3327 4914 3593 4974 decidit
3619 4919 3681 4975 in
3734 4932 3802 4972 ne

2113 4999 2293 5049 stram
2367 4995 2743 5065 jussionem;
2811 4996 3245 5069 quinquennio
3316 5007 3514 5062 tenui
3582 5008 3804 5063 solidas

2112 5088 2168 5137 et
2196 5083 2457 5155 quietam
2489 5083 2693 5141 habui.
2746 5085 3015 5141 Posthaac
3069 5102 3329 5145 memor
3387 5095 3643 5154 animm
3675 5112 3802 5153 mre.

2113 5174 2187 5259 et,
2214 5170 2347 5226 licet
2374 5171 2682 5226 modicum
2709 5171 2982 5242 cogitans
3032 5173 3110 5230 de
3161 5176 3311 5246 ejus
3362 5182 3800 5259 Γθάεωριωῃέ.

2106 5258 2429 5315 inclinatus
2502 5260 2683 5316 etiam
2745 5261 2823 5317 ab
2896 5261 3126 5319 abbate
3203 5271 3267 5321 et
3365 5258 3798 5332 monacham

2113 5345 2380 5416 collegio,
2428 5347 2644 5404 tradidi
2691 5364 2828 5405 eam
2888 5355 3102 5406 sancto
3164 5354 3522 5419 Riehario.
3604 5364 3797 5419 Αόὼειξ

2109 5436 2287 5493 etiam
2325 5453 2526 5493 comes
2552 5438 2970 5509 Angelrannus
3023 5441 3329 5512 ejusdem
3382 5449 3525 5509 loci
3577 5456 3791 5512 advers

2115 5529 2211 5581 tus
2255 5542 2427 5581 suam
2482 5528 2849 5599 petitionem,
2909 5529 3006 5584 cui
3065 5547 3189 5604 ego
3246 5552 3335 5595 eo
3366 5545 3602 5601 tenam
3642 5556 3789 5600 una;

442 5617 1554 5726 granslatioex
1582 5628 1763 5683 veteri
1790 5630 2032 5703 praprio
2062 5632 2319 5690 Centnlae
2351 5652 2364 5702 ;
2391 5634 2663 5705 ejusdem
2690 5635 2895 5692 Natale
2925 5636 3293 5701 celebratur
3320 5646 3443 5706 die
3466 5655 3553 5709 ‘26
3581 5652 3784 5726 spes:
3822 5704 3823 5713 χ
