3836 6408
32 275 165 339 1413

1658 261 1837 332 νιιΑ.

3324 277 3462 338 MM

28 399 89 463 ut
114 411 432 476 nunquam
468 404 605 459 inde
651 403 946 476 acciperet
994 403 1258 476 aliquam
1307 403 1686 460 consuetudi-
1719 399 1763 456 Α
1795 419 1912 475 que
1965 403 2063 458 Dei
2124 402 2314 460 cultor
2364 404 2786 475 Angelrannus
2848 404 3152 461 bonorum
3207 410 3462 478 operum

25 509 186 551 nem.
219 489 391 558 Quod
450 509 523 547 ne
551 492 686 564 quis
717 493 895 547 etiam
959 510 1377 548 successorum
1411 509 1686 548 meorum

26 585 244 642 audeat
273 582 614 651 infringere,
669 579 926 637 Hezelini
972 584 1389 638 Parisiacensis
1423 583 1688 656 episcopi

25 671 285 747 perculsi
336 671 647 744 rLpercussi]
697 673 1098 739 anathemate,
1159 678 1214 728 et
1261 674 1532 728 omnium
1585 673 1689 745 qui

27 779 262 818 mecum
292 767 461 816 erant
490 761 890 831 Francigenae,
911 779 1019 817 nec
1050 763 1249 835 ipsum
1273 764 1473 836 excepi
1508 759 1690 818 abba-

25 860 165 916 tem,
194 856 258 905 ιιι
289 849 465 904 alicui
499 865 606 922 per
651 839 917 922 aliquam
949 849 1145 906 tradat
1182 852 1584 914 occasionem,
1616 853 1688 906 ne

25 942 228 1012 aliqua
256 940 470 994 iterum
503 939 717 994 erratio
757 946 977 994 nostrae
1023 942 1238 996 animae
1272 941 1373 997 ﬁat
1402 941 1685 1014 periculo.

22 1029 418 1104 prohibemus
453 1045 594 1096 ergo
621 1029 834 1083 iterum
883 1035 1061 1102 atque
1109 1030 1320 1086 iterum
1351 1029 1552 1086 nostro
1585 1032 1687 1085 im-

24 1119 208 1190 perio,
241 1123 299 1173 et
327 1117 600 1172 omnium
647 1117 1072 1191 episcOporum
1124 1126 1464 1175 nostrorum
1518 1121 1689 1175 inter-

23 1209 370 1270 minatione,
405 1223 476 1262 ne
508 1207 724 1279 aliquis
774 1207 1224 1265 malefactorum
1269 1209 1472 1284 aliquo
1505 1199 1688 1266 modo

21 1299 241 1354 amicat
275 1309 585 1369 usurpare,
617 1303 680 1352 'ut
711 1314 832 1352 non
861 1298 964 1353 ﬁat
1012 1299 1156 1354 mihi
1185 1301 1243 1355 in
1274 1299 1374 1356 illa
1404 1300 1686 1372 reproba-

23 1396 97 1443 [ιο
131 1387 502 1452 necessitate,
537 1387 636 1441 ubi
687 1388 898 1442 merita
925 1403 1060 1443 mea
1090 1405 1210 1444 non
1242 1396 1560 1461 potuerunt
1596 1406 1688 1444 me

21 1480 248 1548 juvar’e.
284 1475 536 1530 Prorsus
566 1491 639 1530 ne
691 1476 906 1548 aliquis
946 1477 1176 1532 dubitet
1221 1479 1560 1550 imperium,
1611 1478 1690 1532 vi-

21 1569 159 1622 deat
192 1566 416 1638 scripto
447 1565 800 1637 imperantis
833 1566 1115 1622 edictum.

89 1681 113 1703 ‹‹
146 1662 361 1710 Actum
401 1659 488 1710 est
513 1669 675 1710 anno
711 1655 1031 1709 Dominicze
1063 1657 1494 1712 incarnationis
1534 1661 1690 1739 1035,

1797 495 2084 550 exercitiis
2103 495 2448 561 illustratus,
2474 495 2893 570 hespitalitatis
2923 497 3159 553 amator
3188 495 3459 564 devotus,

1796 583 2145 640 humilitatis
2180 592 2447 641 servator
2475 587 2778 656 assiduus,
2809 587 3112 643 charitalis
3143 588 3324 644 etiam
3354 585 3462 643 ob-

1798 690 1890 728 ses
1921 675 2140 730 mansit
2168 679 2444 730 aeternus.

1874 783 1954 837 13.
1993 785 2203 838 Verum
2226 783 2445 847 ingenii
2471 783 2657 855 ipsius
2680 783 2914 853 sagacis
2939 799 3060 838 non
3080 783 3272 838 facere
3301 800 3464 840 men-

1800 872 2041 934 tionem,
2079 871 2500 942 impiissimum
2552 871 2708 927 duco
2741 889 3022 927 errorem.
3057 875 3227 942 Nam,
3261 873 3464 946 praeci-

1799 961 1993 1032 piente
2044 960 2154 1015 sibi
2230 961 2549 1040 venerabili
2605 978 2714 1016 suo
2777 961 3114 1040 quondam.
3153 961 3462 1031 magistro,

1798 1050 2023 1106 domno
2051 1036 2268 1105 scilicet
2315 1049 2590 1106 Fulbcrto
2640 1051 2986 1106 Carnotensi
3035 1036 3338 1124 episcopo,
3380 1050 3463 1106 a1-

1797 1138 1986 1194 miﬂui
2019 1139 2377 1194 confessoris
2429 1140 2638 1196 Christi
2691 1139 2942 1194 Richarii
2991 1133 3182 1195 Vitam
3213 1139 3290 1194 ab
3319 1137 3466 1194 anti-

1797 1229 1930 1302 quis
1962 1229 2390 1301 compendiose
2449 1226 2833 1299 descriptam,
2884 1244 3059 1282 versu
3098 1227 3338 1282 heroico
3362 1227 3461 1298 ju-

1799 1316 2150 1374 cundiorcm
2180 1317 2349 1384 fecit;
2401 1317 2544 1372 nihil
2588 1333 2738 1389 pene
2790 1317 3156 1372 extrinsecus
3206 1313 3460 1380 addens,

1800 1407 1902 1461 sed
1955 1408 2231 1462 eumdem
2297 1423 2541 1461 sensum
2605 1423 2711 1479 per
2763 1407 2968 1462 omnia
3023 1407 3459 1478 representans.

1799 1499 1949 1552 Sane
1983 1497 2292 1563 miracula,
2343 1513 2477 1568 quae
2526 1497 2812 1551 Dominus
2865 1513 2932 1551 ac
2962 1495 3230 1551 Salvator
3261 1495 3464 1550 noster

1802 1602 1907 1658 per
1928 1587 2199 1657 ejusdem
2227 1587 2415 1642 sancti
2462 1586 2672 1642 merita
2720 1603 2829 1641 suo
2873 1590 3150 1666 tempore.
3171 1585 3459 1652 exhibuit,

1801 1678 1857 1731 in
1887 1677 2223 1732 unolibello
2264 1677 2656 1748 compingens
2683 1679 2781 1747 (9),
2822 1676 3081 1748 antiquis
3112 1676 3240 1748 ejus
3281 1675 3460 1732 mira”-

21 1752 306 1810 regnante
341 1743 612 1798 Heinrico
645 1761 799 1806 rege,
823 1761 983 1799 anno
1017 1747 1180 1815 regni
1209 1746 1361 1800 illitis
1385 1764 1461 1800 ιιι.
1490 1746 1689 1801 Abbas
1727 1748 1770 1817 Β
1803 1767 1947 1821 cum
1979 1743 2460 1838 compaginavﬁ;
2496 1743 2555 1820 ih
2585 1743 2846 1837 quarum
2875 1743 3064 1838 οδρίιθ
3097 1743 3305 1837 pbstea
3329 1781 3462 1837 qua,

21 1833 436 1902 Angclrannus
501 1834 890 1905 subscripsit;
967 1835 1292 1890 llollandus
1356 1837 1691 1891 monachus

21 1923 400 1994 subscripsit,
457 1923 767 1977 (iualterus
827 1923 1220 1996 subscripsit;
1265 1925 1499 1993 Algisus
1554 1924 1692 1979 sub-

21 2013 278 2085 scripsit,
337 2018 443 2067 etc.
512 2013 573 2066 lli
617 2013 794 2067 etiam
826 2019 963 2067 sunt
1025 2020 1196 2069 testes
1258 2015 1527 2069 omnium
1571 2015 1690 2086 cpi-

21 2117 348 2173 scoporum
393 2100 1056 2167 excommunicationis,
1091 2104 1392 2175 przecipue
1435 2103 1693 2169 Hezelini

21 2189 460 2245 Parisiacensis.
485 2189 595 2254 Qui
623 2190 906 2262 deinceps
935 2191 1234 2257 infregerit
1263 2193 1390 2258 ista,
1417 2210 1554 2247 cum
1585 2195 1691 2247 Da-

21 2283 156 2336 tban
193 2286 252 2336 et
276 2281 501 2335 Abiron
528 2281 633 2334 fiat
655 2286 708 2335 et
738 2283 1060 2336 anathema
1085 2285 1462 2338 maranatha.
1481 2289 1686 2344 Amen.

22 2373 130 2425 Hic
162 2372 471 2425 ominibus
505 2373 935 2426 7'ESlllllllHIl6’Hl
972 2375 1319 2442 molem/ini,
1362 2376 1547 2429 eidem
1576 2394 1691 2431 mo-

21 2463 285 2516 nasterio
319 2474 354 2515 a
387 2462 683 2530 Iluginero
714 2464 901 2517 milite
926 2465 1176 2532 factum.
1219 2488 1242 2511 ››

93 2555 176 2604 l2.
215 2555 368 2604 (Lum
400 2548 459 2603 in
487 2549 769 2604 omnibus
821 2565 962 2619 erga
993 2553 1152 2606 hunc
1181 2559 1454 2608 sanctum
1489 2554 1690 2609 locum

22 2639 391 2708 Angelranni
426 2639 660 2693 abbatis
716 2656 858 2693 cura
889 2641 1142 2711 provida
1179 2659 1414 2713 semper
1447 2643 1692 2697 habere-

23 2735 132 2793 tur,
190 2741 319 2783 non
377 2734 578 2783 tamen
643 2730 770 2797 ejus
829 2729 1247 2786 benevolentia
1304 2732 1689 2787 sublevandas

22 2833 368 2891 pauperum
400 2819 730 2873 necessitati
781 2820 1001 2874 deerat.
1063 2823 1186 2875 Fuit
1216 2822 1392 2886 igitur
1419 2822 1468 2876 ei
1502 2823 1691 2894 pietas

23 2925 224 2964 comes
256 2908 697 2980 inseparabilis,
719 2925 824 2980 per
853 2927 1063 2982 quam,
1087 2911 1183 2965 Dei
1216 2912 1403 2982 gratia
1433 2929 1491 2967 se
1523 2914 1692 2968 auxi-

22 2996 225 3063 liante,
253 2997 613 3051 miserorum
643 2999 984 3053 consolator
1016 2999 1315 3071 splenduit
1348 3001 1688 3069 singularis.

24 3086 315 3141 Multoties
341 3088 501 3141 enim
551 3104 580 3141 c
611 3087 872 3142 claustro
923 3090 1230 3160 processit,
1285 3095 1342 3145 ut
1375 3091 1694 3146 miserendi

22 3175 223 3231 locum
257 3189 382 3248 quo
414 3176 722 3248 quomodo
756 3182 957 3248 posset
989 3179 1251 3234 nancisci
1279 3197 1290 3246 ;
1338 3185 1392 3234 et
1423 3197 1560 3235 cum
1589 3198 1696 3254 pro

27 3265 284 3336 alicujus
317 3266 582 3320 utilitatis
610 3265 984 3321 ordinatione
1005 3274 1311 3340 putaretur
1342 3286 1476 3339 egre
1508 3271 1562 3339 ii,
1582 3271 1695 3342 ille,

23 3355 260 3424 justitiee
326 3355 654 3426 famelicus,
707 3357 1125 3412 misericordiae
1157 3359 1389 3413 actibus
1423 3360 1703 3431 cupiebat

29 3445 312 3512 saginari.
371 3446 684 3501 Enimvero
739 3447 1015 3516 gestabat
1069 3465 1510 3522 nonnunquam
1567 3451 1700 3522 pius

27 3536 176 3591 latro
237 3537 553 3592 sacculum
605 3537 1026 3592 misericordize
1087 3540 1246 3608 gazis
1298 3541 1600 3602 refertum,
1647 3546 1703 3596 et

28 3625 171 3680 dum
197 3626 346 3680 hinc
379 3642 453 3681 ac
504 3627 642 3682 inde
686 3632 952 3682 cerneret
995 3644 1323 3700 pauperem
1375 3630 1704 3702 quemlibet

28 3715 398 3785 proximare,
442 3722 766 3790 antequam
828 3723 1034 3772 contra
1089 3717 1254 3773 illum
1314 3721 1698 3792 pervenisset,

31 3811 310 3877 sumptos
344 3805 623 3861 denarios
654 3807 712 3862 in
737 3812 955 3862 terram
990 3808 1216 3863 solebat
1238 3810 1484 3879 jactare,
1511 3809 1703 3864 illum-

28 3910 145 3965 que
176 3895 482 3950 volentem
515 3897 787 3968 transire,
813 3897 888 3951 ad
923 3915 984 3951 se
1019 3899 1539 3954 Patermisericors
1570 3916 1704 3954 evo-

29 3984 332 4051 cabat,et,
386 3985 558 4058 quasi
616 4003 871 4054 nes-eius,
931 3987 1078 4060 quid
1123 3987 1265 4042 illud
1325 4006 1454 4043 esse
1504 3993 1706 4062 posset

29 4074 194 4144 quod
227 4074 364 4130 solo
396 4080 565 4130 tenus
585 4077 1386 4146 jacebatsciscitabatur.llle
1409 4080 1512 4152 qui
1537 4081 1704 4149 igno-

29 4164 202 4218 rabat
234 4169 479 4221 actum:
518 4167 784 4233 Domine,
819 4167 1036 4234 aiebat,
1075 4169 1252 4224 video
1282 4187 1563 4224 nummos
1605 4187 1706 4225 su-

30 4268 133 4324 per
159 4259 386 4310 terram
407 4256 626 4326 jacere.
669 4260 814 4312 Tum
866 4257 959 4312 ille
987 4259 1138 4314 bene
1185 4260 1620 4331 fraudulentus,
1653 4265 1708 4314 et

31 4343 120 4413 pie
149 4344 467 4416 deceptor,
526 4346 608 4401 ire
631 4343 887 4418 jubebat
926 4353 980 4403 et
1011 4348 1123 4402 sibi
1175 4349 1394 4418 tollere,
1427 4350 1631 4404 dicens
1671 4365 1707 4404 a

31 4433 292 4488 Domino
325 4433 406 4488 illi
438 4453 565 4490 esse
597 4442 985 4509 przeparatos.
1014 4439 1056 4493 Ο
1088 4439 1283 4493 virum
1307 4455 1443 4494 vere
1477 4442 1594 4494 Deo
1622 4438 1707 4493 di-

33 4523 254 4589 gnum!
320 4539 358 4577 0
416 4524 686 4580 animum
742 4527 905 4580 omni
953 4525 1130 4582 laude
1174 4527 1397 4597 jugiter
1445 4528 1711 4583 attollen-

34 4610 176 4667 :lum
207 4613 218 4667 !
258 4629 339 4667 ne
372 4614 531 4669 enim
563 4616 694 4670 vitze
737 4631 952 4689 expers
992 4623 1282 4688 maneret,
1336 4618 1448 4690 piis
1477 4619 1708 4674 actibus

34 4703 318 4758 tontinue
348 4703 613 4760 instabat
639 4725 650 4773 ;
681 4711 737 4761 et
762 4723 836 4761 ne
883 4723 1020 4762 eum
1050 4707 1181 4762 laus
1215 4708 1548 4764 transitoria
1575 4725 1707 4782 per-

36 4791 290 4858 :elleret,
329 4793 494 4865 ipsos
525 4794 655 4866 pios
677 4801 844 4851 actus
870 4797 1228 4853 occultabat.
1278 4797 1438 4853 Libet
1470 4815 1712 4871 parum-

35 4898 131 4952 per
164 4888 450 4939 nostram
479 4886 854 4957 pravitatem,
885 4892 1224 4959 nostraeque
1255 4887 1468 4943 intueri
1498 4888 1711 4944 mentis

35 4972 476 5030 :ortitudinein.
513 4979 659 5031 Nam
711 4981 932 5032 etcum
961 4978 1123 5033 bona
1155 4994 1274 5034 non
1310 4978 1581 5045 facimus,
1608 4996 1711 5034 cu-

37 5062 232 5116 )imus
263 5059 542 5131 laudari;
601 5068 655 5119 ct
698 5065 769 5120 sit
811 5081 1028 5137 parum
1059 5067 1203 5139 quid
1253 5067 1562 5137 contigerit
1602 5083 1712 5122 nos

38 5152 169 5205 )on'i
203 5150 434 5222 facere,
466 5153 542 5208 ab
592 5154 875 5209 omnibus
916 5157 1194 5228 cupimus
1228 5157 1560 5229 praedicari.
1595 5161 1710 5212 Nos

38 5256 130 5294 iec
165 5246 316 5296 actu
349 5256 462 5296 nec
492 5242 705 5298 virtute
736 5245 1006 5316 qualibet
1031 5245 1514 5317 resplendemus,
1539 5251 1596 5301 et
1622 5263 1715 5301 ve-

44 5336 109 5385 nt
136 5330 486 5387 sanctiores
527 5349 636 5406 pro
665 5334 792 5389 solo
831 5334 1044 5390 habitu
1070 5336 1362 5392 honorem
1403 5342 1712 5410 extorque-

39 5436 182 5488 nus,
219 5421 597 5478 Damnanda
646 5439 892 5496 prorsus
943 5425 1205 5491 miseria,
1259 5442 1379 5482 non
1424 5444 1555 5482 esse
1585 5442 1716 5482 san-

39 5515 213 5579 :tum,
249 5515 315 5567 et
349 5514 680 5568 sanctitatis
724 5515 1022 5587 requirere
1053 5515 1323 5572 debitum
1351 5517 1363 5572 l
1407 5520 1587 5572 Verus
1613 5519 1714 5572 ita-

92 5635 170 5708 (9)
205 5636 367 5710 Vide
394 5636 843 5710 observationes
873 5640 1148 5710 praevias,
1176 5658 1344 5696 num.
1372 5645 1423 5697 2.

94 5711 225 5786 (lO)_
252 5708 364 5764 Hic
400 5708 456 5786 in
490 5710 695 5786 codice
723 5708 923 5786 titulus
958 5712 1176 5786 capitis
1202 5718 1255 5786 9,
1308 5713 1388 5768 sic
1413 5711 1706 5786 habetur:

41 5781 109 5838 De
135 5781 472 5838 miraculis
497 5784 698 5838 sancti
711 5783 1003 5851 Rich'arz‘t‘,
1022 5781 1154 5855 Quae
1178 5781 1305 5853 ejus
1325 5783 1584 5852 tempore
1613 5799 1709 5839 ac-

1802 1875 1983 1930 supra
2010 1861 2278 1912 texuerat
2303 1856 2386 1910 sic
2420 1867 2668 1910 exorsus
2699 1861 2785 1910 est
2816 1855 2961 1910 fari:

1798 1975 1978 2028 Nunc
2008 1989 2074 2029 ea
2126 1974 2491 2041 complectar
2511 1973 2797 2041 propri-us
2847 1987 2976 2042 quae
3021 1971 3167 2026 vidit
3213 1971 3459 2026 ocellus.

1802 2091 2364 2162 Subsequenterque
2397 2088 2603 2144 intexit
2631 2087 2795 2142 illam
2823 2086 3010 2142 sancti
3041 2086 3292 2142 Richarii
3321 2071 3467 2142 rela-

1803 2180 2046 2242 tionem,
2074 2196 2208 2251 qua:
2243 2179 2299 2232 in
2339 2177 2682 2250 precedenti
2729 2177 2931 2232 libello
2961 2191 2998 2232 ει
3028 2176 3202 2232 nobis
3223 2175 3465 2246 plenius

1799 2269 2071 2341 exposita
2102 2274 2190 2323 est
2213 2269 2340 2337 (10).

1877 2382 1958 2432 tl.
2015 2377 2202 2446 Hujus
2248 2380 2448 2430 autem
2483 2378 2599 2430 Deo
2646 2379 2767 2429 tam
2796 2373 2961 2428 chari
3003 2372 3123 2427 vita
3171 2371 3464 2426 excellens

1801 2466 2128 2522 multorum
2159 2464 2354 2518 studia
2401 2464 2477 2518 ad
2510 2477 2912 2536 supernorum
2964 2469 3234 2516 amorem
3264 2476 3469 2516 accen-

1800 2557 2007 2610 derat:
2048 2555 2204 2609 unde
2232 2569 2391 2607 nunc
2419 2553 2832 2624 aequissimum
2867 2550 3214 2622 judicamus
3247 2551 3305 2604 in
3337 2549 3466 2620 ejus

1800 2643 2229 2716 discipulorum
2303 2641 2533 2696 actibus
2585 2645 2811 2712 quanta
2880 2639 2979 2694 Dei
3026 2641 3221 2708 ’gratia
3266 2638 3466 2707 vigue-

1801 2735 1872 2788 rit
1900 2732 2261 2800 ostendere;
2307 2734 2373 2784 'ut
2418 2737 2600 2801 quem
2641 2729 2769 2799 jam
2817 2728 3287 2783 monstravimus
3329 2740 3466 2781 vere

1803 2829 2096 2885 sanctum,
2131 2835 2200 2874 ac
2249 2836 2353 2892 per
2383 2819 2495 2874 hoc
2551 2821 2667 2873 Deo
2686 2818 3053 2891 proximum,
3104 2817 3243 2871 inde
3269 2814 3465 2883 magis

1802 2914 1930 2981 ejus
1959 2911 2196 2965 bonitas
2228 2907 2623 2981 resplendeat,
2649 2923 2771 2979 quo
2789 2923 2912 2962 non
2946 2907 3066 2961 suis
3095 2906 3255 2973 sctis,
3284 2903 3388 2960 sed
3410 2907 3467 2959 et

1805 3001 2266 3056 commissorum
2306 2997 2690 3070 provectibus
2719 2995 3079 3065 magniﬁcus
3108 2993 3469 3067 Comproba-

1731 3111 1774 3180 ρ
1809 3099 1918 3146 tur.
1956 3094 2086 3145 Erat
2117 3104 2258 3157 ergo
2290 3087 2348 3143 in
2402 3088 2515 3142 hoc
2549 3092 2758 3142 sancto
2786 3085 3062 3141 coenobio
3112 3083 3469 3141 venerabilis

1809 3183 1940 3237 vitae
1974 3181 2081 3245 vir,
2101 3180 2342 3234 nomine
2373 3177 2841 3249 0delgerus,qui
2874 3175 3249 3232 abstinentia;
3277 3175 3469 3242 mirae,

1808 3270 2160 3327 obedientite
2211 3284 2484 3334 summie,
2539 3268 2749 3338 suique
2777 3273 2976 3321 custos
3004 3265 3144 3331 oris,
3177 3269 3473 3333 magnam

1809 3361 2112 3430 religionis
2144 3376 2250 3431 per
2307 3359 2402 3413 Dei
2461 3357 2714 3426 gratiam
2745 3355 3054 3428 praebebat
3099 3355 3302 3409 lumen
3328 3371 3340 3408 :
3369 3351 3475 3424 qui

1810 3468 1844 3506 a
1873 3467 2024 3522 puro
2046 3448 2291 3520 quidem
2323 3446 2504 3500 sacris
2538 3446 2729 3500 fuerat
2760 3443 2873 3498 sub
2903 3443 3130 3498 domno
3157 3440 3473 3511 Ingelardo

1811 3540 2027 3594 abbate
2078 3535 2406 3607 disciplinis
2461 3534 2840 3598 informatus,
2889 3532 2994 3585 sed
3040 3531 3152 3584 sub
3203 3540 3477 3584 reverens

1811 3627 2058 3683 dissimo
2090 3623 2491 3692 Angelranno,
2524 3620 2736 3675 decani
2769 3619 2861 3674 vel
2890 3618 3106 3691 "(ﬂoris
3133 3617 3476 3690 potiebatur

1813 3715 2157 3773 ministerio.
2193 3714 2288 3768 Hic
2320 3728 2463 3779 ergo
2491 3711 2730 3766 assidue
2758 3708 2996 3764 lectioni
3022 3713 3078 3762 et
3115 3706 3364 3763 orationi
3384 3706 3474 3761 i'n-

1812 3807 2041 3867 sistens,
2079 3804 2261 3858 animi
2315 3816 2556 3874 quoque
2590 3797 2950 3870 simplicitati
2999 3802 3054 3852 et
3084 3795 3326 3869 puritati
3357 3798 3476 3849 stu-

1813 3895 1983 3958 dens,
2019 3909 2253 3961 magnae
2287 3892 2418 3946 vitae
2452 3889 2660 3944 studiis
2681 3887 2962 3960 pollebat.
2990 3891 3053 3940 In
3085 3882 3475 3940 exterioribus

1813 3985 1990 4039 etiam
2023 3980 2434 4037 ministrandis
2457 3979 2597 4034 satis
2621 3977 2847 4050 probus
2880 3991 2950 4031 ac
2977 3973 3150 4030 valde
3177 3978 3351 4045 aptus
3376 3985 3477 4026 ex-

1815 4075 1972 4130 stitit.
2026 4071 2409 4127 Consuetudo
2461 4075 2661 4124 autem
2710 4068 2760 4122 ei
2809 4067 3003 4122 fuerat
3051 4069 3340 4137 perpetua
3392 4065 3474 4129 ut,

1815 4163 2062 4237 quando
2116 4164 2349 4227 fratres,
2401 4175 2470 4215 ex
2504 4157 2876 4228 indulgentia
2921 4153 3274 4211 remissioris
3321 4152 3478 4222 vitae,

1816 4253 2038 4326 aliquid
2076 4252 2361 4307 saecularc
2409 4254 2511 4304 aut
2566 4248 2746 4302 etiam
2774 4245 3170 4313 irreligiosum
3222 4242 3284 4296 in
3311 4255 3481 4296 com-

1815 4343 1982 4398 muni
2016 4342 2574 4403 serinocinarentur,
2605 4336 2904 4390 secederet
2931 4335 2992 4389 in
3018 4332 3350 4400 ecclesiam,
3373 4329 3480 4386 ibi-

1815 4451 1952 4508 que,
2005 4431 2360 4505 psalmodize
2392 4435 2449 4484 et
2478 4426 2925 4499 compunctioni
2959 4425 3239 4491 intentus,
3275 4419 3479 4475 sedule

1819 4522 2068 4578 Domino
2093 4520 2478 4592 jungebatur.
2510 4515 2816 4582 Quietiam
2851 4529 2925 4569 ne
2956 4513 3158 4585 aliquo
3182 4509 3474 4582 impulsu,

1817 4617 1919 4668 aut
1945 4611 2197 4680 alicujus
2224 4624 2478 4664 occursu
2504 4604 2951 4679 praepediretur,
2983 4600 3291 4673 superiora
3331 4603 3480 4653 tem:-

1818 4702 1898 4776 pli
1929 4700 2327 4757 conscendere
2361 4695 2744 4770 procurabat,
2785 4693 2988 4765 ibique
3014 4690 3164 4746 liber
3200 4694 3256 4744 et
3282 4699 3481 4743 remo-

1820 4798 1932 4857 tus,
1956 4790 2130 4864 quasi
2161 4791 2233 4845 de
2264 4787 2540 4861 proximo
2573 4801 2643 4841 ac
2692 4784 2766 4839 de
2799 4783 3016 4852 vicino,
3060 4778 3279 4835 divinis
3313 4776 3484 4833 obtu-

1822 4883 1977 4938 tibus
2003 4881 2254 4936 laudum
2281 4883 2336 4933 et
2384 4892 2630 4950 precum
2655 4873 3008 4930 holocausta
3031 4868 3318 4926 offerebat
3379 4865 3481 4921 Hie

1820 4973 2021 5045 itaque
2048 4975 2188 5045 post
2233 4971 2480 5039 longam
2511 4968 2569 5022 in
2614 4970 2822 5020 sancto
2872 4960 3178 5036 proposito
3208 4961 3483 5014 exactam

1823 5063 2028 5129 vitam,
2064 5062 2140 5116 ad
2172 5066 2438 5116 extrema
2466 5055 2751 5131 pervenit.
2782 5053 2888 5118 Qui
2917 5068 3055 5106 cum
3087 5049 3261 5106 morti
3287 5045 3486 5120 proxi-

1823 5170 1958 5208 mus
1990 5153 2283 5220 existeret,
2316 5155 2372 5205 et
2398 5165 2433 5205 a
2464 5147 2745 5202 fratribus
2773 5143 2862 5199 vel
2894 5157 2929 5197 a
2957 5141 3196 5197 famulis
3223 5136 3486 5194 ecclesia

1824 5243 2313 5307 circumdaretur,
2365 5243 2607 5310 repente
2639 5232 2995 5290 exclamavit
3039 5235 3095 5286 et
3123 5229 3306 5285 dixit:
3335 5230 3486 5282 Ecce

1823 5333 2041 5388 chorus
2070 5332 2242 5387 adest
2290 5328 2663 5398 angelorum.
2721 5327 2789 5380 Ut
2811 5323 2971 5378 enim
3014 5319 3400 5393 omnipotens
3431 5319 3490 5372 et

1822 5422 1958 5495 pius
1990 5425 2142 5477 Deus
2172 5418 2510 5475 ostenderet
2537 5430 2722 5489 quam
2749 5411 2963 5468 devote
2995 5410 3048 5466 ei
3069 5409 3371 5500 servierat,
3389 5423 3491 5500 vo-

1820 5513 1929 5567 luit
1961 5528 2082 5566 suaa
2108 5508 2432 5565 divinitatis
2463 5507 2516 5562 ei
2544 5503 2836 5561 morituro
2855 5500 3164 5557 ministros
3185 5496 3490 5557 transmit-

1823 5639 2116 5717 cidermit.
2152 5637 2224 5690 At
2253 5638 2435 5706 caput
2453 5632 2673 5760 lipsum
2700 5627 3094 5710 desideratur,
3149 5624 3313 5710 quod
3340 5622 3486 5677 forte

1823 5709 1967 5760 nihil
1996 5708 2159 5760 aliud
2188 5714 2346 5760 esset
2375 5721 2412 5760 a
2541 5702 2653 5758 ello
2692 5701 2767 5758 de
2797 5701 3083 5758 relatione
3129 5693 3402 5760 eiusdem
3427 5691 3481 5746 S.

1996 5708 2160 5790 aliud
2188 5691 2346 5762 esset
2375 5721 2412 5761 a
2453 5691 2653 5760 liber
2692 5701 2767 5787 de
2797 5691 3090 5758 relatione
3129 5691 3402 5772 ejusdem
3427 5691 3481 5746 S.

1867 5798 1922 5837 ιο
1967 5797 2094 5838 arn.
