3950 6416
394 231 530 298 ibis

1463 230 1911 295 ANGELBANNI
1950 228 2255 291 ABBA'I‘IS
2292 236 2764 296 CENTULENSIS

3701 246 3828 305 ibi.

389 365 532 431 tere,
563 367 629 420 ut
655 363 718 420 in
747 378 958 420 eorum
988 364 1319 433 conspectu
1348 366 1528 433 atque
1559 359 1896 433 prmsentia,
1931 358 2057 415 sine
2088 359 2136 412 Α
2173 356 2495 426 Conditori,
2544 363 2601 416 et
2647 361 2743 417 cui
2788 366 2965 420 antea
2994 362 3055 420 in
3084 363 3253 420 omni
3284 362 3447 421 bona
3485 369 3830 438 operatione

389 451 561 522 gravi
590 458 753 511 metu
784 456 840 509 et
868 451 1072 507 dolore
1101 451 1175 505 de
1203 464 1453 521 corpore
1478 452 1681 505 exiret.
1713 452 1829 505 Hac
1856 453 2057 504 autem

386 541 537 607 vice,
570 542 855 597 omnibus
883 540 987 612 qui
1019 539 1273 595 aderant
1300 537 1666 611 stupefactis,
1687 542 1930 612 repente
1959 538 2059 592 ite-

387 647 524 687 rum
553 630 881 700 subjunxit,
912 633 971 685 et
998 628 1080 684 ait
1107 645 1120 682 :
1168 630 1311 684 Ecce
1345 628 1566 685 chorus
1600 629 2052 702 prophetarum.

390 718 749 790 Silentioque
805 732 1137 791 parumper
1191 716 1417 783 habito,
1476 717 1559 772 sic
1613 716 1847 772 intulit:
1913 720 2055 771 Ecce

385 811 605 865 chorus
635 807 1046 881 apostolorum
1076 826 1090 874 ;
1120 824 1190 863 ac
1216 808 1433 864 deinde
1460 826 1472 862 :
1507 811 1670 873 Ecce,
1704 808 1804 879 ait,
1837 808 2058 864 chorus

394 903 750 972 martyrum.
799 903 1070 972 Cumque
1098 898 1411 971 paululum
1446 898 1852 954 conticuisset:
1889 901 2053 967 Ecce,

382 988 595 1061 inquit,
629 988 847 1043 chorus
887 985 1301 1043 confessorum
1329 1007 1341 1055 ;
1391 987 1724 1043 novissime
1753 1004 1892 1043 vero
1916 1004 2052 1043 cum

382 1076 816 1143 denuntiasset,
849 1076 1093 1132 dicens:
1147 1080 1292 1133 Ecce
1333 1079 1552 1134 chorus
1600 1077 1922 1148 virginum,
1954 1093 2055 1133 eo-

381 1165 521 1221 dem
554 1170 863 1222 momento
895 1166 1170 1240 spiritum
1216 1166 1434 1222 emisit.
1497 1169 1559 1221 Et
1601 1166 1745 1239 quia
1773 1165 2057 1222 veraciter

383 1254 636 1310 caelestis
664 1255 873 1328 patriae
923 1256 1079 1310 cives
1109 1255 1188 1311 ad
1217 1272 1277 1310 se
1328 1254 1781 1327 suscipiendum
1823 1254 2054 1311 venisse

380 1344 649 1411 vidisset,
702 1345 1011 1417 sequendo
1063 1351 1309 1401 testatus
1348 1351 1457 1400 est.
1508 1344 2055 1400 Reverendissimus

380 1448 526 1489 vero
582 1432 776 1489 abbas
829 1434 1248 1504 Angelrannus
1293 1450 1455 1499 eum,
1508 1438 1572 1488 ut
1615 1433 1887 1500 decebat,
1920 1450 2054 1488 vere

382 1527 680 1591 sanctum,
738 1522 801 1578 in
832 1522 1143 1579 ecclesiola
1186 1524 1381 1578 Sancti
1415 1522 1699 1579 Vincentii
1750 1523 2050 1595 martyris,

380 1630 514 1687 quae
545 1620 671 1670 erat
691 1613 953 1671 claustro
982 1615 1285 1685 contigua,
1319 1613 1738 1670 venerabiliter
1767 1613 2051 1687 sepelivit,

2170 462 2231 500 se
2261 443 2548 504 devotum
2596 451 2968 518 exhibuerat,
3018 468 3180 509 nunc
3226 452 3569 511 valetudine
3595 473 3832 530 pressus

2167 535 2346 591 corde
2378 541 2432 592 et
2461 537 2669 609 lingua
2720 540 2918 597 laudis
2961 541 3322 600 sacrificium
3371 543 3753 613 victimabat;
3785 556 3835 604 et

2168 641 2308 680 cum
2329 626 2443 681 hoc
2471 628 2686 685 morbo
2717 629 2799 686 sic
2825 630 3166 687 vinculatus
3192 636 3346 688 esset
3377 636 3441 688 ut
3460 633 3712 690 omnino
3746 635 3828 691 sui

2169 712 2467 786 impotens
2513 724 2806 789 maneret,
2850 724 3054 777 tamen
3085 721 3215 792 ejus
3264 721 3488 795 ubique
3515 723 3833 779 auctoritas

2167 804 2567 870 metuebatur,
2630 808 2761 878 ejus
2828 809 3055 882 ubique
3136 826 3360 866 nomen
3426 812 3828 869 reverebatur.

2172 893 2337 965 Saepe
2369 899 2571 952 autem
2603 897 2819 954 accidit
2849 903 2913 955 ut
2938 899 3208 972 quolibet
3237 899 3503 956 residens
3536 902 3833 959 uberrime

2166 981 2353 1052 ﬂeret,
2382 987 2439 1039 et
2469 1001 2607 1041 cum
2625 986 2704 1041 ab
2734 988 3157 1045 assistentibus
3181 990 3649 1061 interrogaretur
3677 1007 3834 1065 quaa-

2167 1085 2310 1126 nam
2341 1077 2504 1128 esset
2528 1089 2714 1130 causa
2762 1075 3056 1149 ploratus,
3085 1094 3146 1134 se
3204 1084 3590 1152 peccatorum
3620 1097 3833 1152 poenas

2164 1159 2549 1218 formidando
2581 1165 2842 1235 cogitare
2892 1167 3315 1240 respondebat,
3358 1185 3513 1241 quas
3542 1170 3699 1226 intra
3733 1177 3835 1227 tar-

2166 1248 2273 1304 tari
2303 1249 2584 1317 claustra,
2615 1251 2858 1309 diabolo
2899 1254 3298 1323 ministrante,
3341 1257 3750 1329 patiebantur,
3783 1263 3837 1314 et

2165 1338 2245 1393 ob
2303 1338 2417 1394 hoc
2449 1341 2634 1398 modo
2664 1360 2788 1399 non
2837 1360 3015 1417 posse
3074 1345 3265 1402 omitti
3315 1346 3462 1419 quin
3514 1346 3704 1404 fleret.
3762 1353 3838 1404 tta

2165 1427 2343 1484 etiam
2385 1447 2523 1485 cum
2575 1432 3009 1489 alternantibus
3070 1434 3298 1491 vicibus
3349 1452 3414 1492 se
3462 1436 3836 1495 laetissimum

2165 1525 2676 1591 prremonstraret,
2723 1522 3278 1598 interrogarentque
3308 1525 3674 1583 famulantes
3705 1529 3838 1602 qui~

2164 1606 2351 1663 dnam
2384 1608 2463 1664 rei
2492 1615 2647 1666 esset
2676 1611 2843 1683 quod
2872 1619 2993 1669 tam
3035 1614 3235 1670 alacer
3281 1614 3607 1680 videretur,
3640 1616 3840 1673 aiebat

381 1708 438 1760 et
463 1720 642 1777 super
672 1705 803 1776 ejus
833 1704 1079 1760 bustum
1114 1704 1223 1760 tale
1272 1704 1647 1778 epitaphium
1674 1704 2047 1777 composuit:
2086 1712 2128 1768 Β
2163 1696 2236 1752 de
2269 1698 2599 1754 caelestium
2642 1702 2880 1771 gaudiis
2931 1703 3307 1773 angelorum,
3356 1704 3553 1777 deque
3596 1711 3837 1762 sancto-

523 1832 789 1886 Justitim
818 1832 1020 1887 cultor
1041 1832 1187 1901 fuit,
1218 1837 1273 1887 et
1305 1831 1586 1887 bonitatis
1617 1837 1856 1887 amator

598 1902 944 1973 Odelgerus,
972 1904 1035 1958 in
1068 1903 1178 1958 hoc
1204 1903 1311 1973 qui
1342 1905 1585 1958 recubat
1617 1903 1869 1959 tumulo.

522 1975 843 2033 Subtraxit
877 1976 1013 2029 vitae
1040 1989 1211 2045 quem
1247 1975 1356 2030 tua:
1385 1974 1723 2030 Februaria
1753 1989 1938 2039 nona,

568 2047 640 2103 Ut
671 2061 800 2114 spes
830 2052 937 2114 est,
968 2060 1154 2115 regno
1187 2047 1346 2100 misit
1380 2051 1433 2101 et
1457 2045 1733 2101 wthereo.

455 2158 539 2210 15.
592 2152 1010 2221 Angelrannus
1050 2152 1409 2208 venerabilis
1455 2152 1607 2207 inter
1637 2168 1760 2207 sua:
1810 2167 2049 2221 magum

380 2242 689 2316 sapientiae
738 2241 1133 2309 monimenta,
1185 2241 1246 2296 in
1274 2242 1461 2297 sancti
1494 2240 1748 2297 Richarii
1798 2241 2045 2305 honore,

378 2332 661 2405 quamvis
687 2330 1646 2403 antiquiatiundarent,quosdam
1674 2336 1887 2385 cantus
1913 2330 2048 2385 dul-

379 2421 526 2477 ciori
555 2420 895 2493 composuit
925 2419 1185 2475 melodia
1212 2438 1225 2487 ;
1259 2435 1369 2475 nec
1394 2435 1519 2475 non
1535 2425 1880 2475 sanctorum
1908 2420 2047 2474 Wa-

377 2510 544 2566 larici
600 2508 860 2577 abbatis,
902 2515 957 2564 et
1019 2507 1299 2564 Wlfranni
1350 2507 1787 2581 archiepiscopi
1834 2507 2049 2563 honori

377 2597 657 2672 proprios
688 2602 900 2653 cantus
932 2597 1255 2669 coaptavit:
1287 2596 1443 2652 beati
1475 2613 1720 2670 quoque
1766 2596 2050 2653 Vincentii

376 2687 659 2760 martyris
688 2687 1033 2743 Passionem
1059 2687 1300 2743 metrice
1327 2686 1685 2759 composuit,
1707 2692 2047 2759 sanctasque

374 2776 622 2848 virginis
646 2775 1047 2832 Austrebertte
1078 2776 1268 2831 Vitam
1299 2782 1489 2832 metro
1520 2775 1775 2847 subegit.
1812 2778 1877 2831 Et
1905 2775 2049 2849 quia

375 2872 578 2925 tantus
607 2865 868 2922 scientiae
898 2866 1096 2936 fulgor
1115 2880 1238 2921 non
1271 2865 1442 2921 facile
1464 2871 1698 2939 poterat
1729 2864 2043 2932 abscondi,

373 2956 548 3015 multi
601 2955 832 3012 nobiles
888 2955 1019 3026 ejus
1070 2971 1133 3011 se
1187 2955 1509 3011 subdidere
1569 2955 1979 3025 magistratui:
2013 2971 2045 3010 e

2161 1803 2294 1843 rum
2319 1787 2590 1844 felicitate
2633 1796 2925 1864 perpetua
2953 1793 3112 1849 hanc
3145 1793 3258 1849 sibi
3285 1809 3605 1851 emanasse
3637 1796 3837 1852 exsul-

2162 1877 2470 1933 tationem.

2240 1972 2320 2022 t7.
2372 1969 2725 2025 Senescente
2775 1974 2978 2027 autem
3008 1971 3129 2044 illo,
3164 1989 3303 2029 cum
3343 1972 3545 2029 multis
3575 1974 3715 2030 utile
3754 1975 3833 2029 vi-

2160 2056 2399 2112 deretur
2429 2061 2493 2113 ut
2520 2058 2717 2114 eidem
2747 2064 2940 2117 rector
2962 2061 3713 2137 substitueretur,quidam
3748 2082 3832 2121 se-

2160 2146 2429 2202 cundum
2460 2163 2703 2205 carnem
2744 2149 2983 2218 nobilis,
3030 2150 3188 2207 ﬁlius
3219 2168 3439 2225 nempe
3464 2153 3832 2223 Angelranni

2159 2237 2549 2294 Pontivorum
2578 2240 2837 2306 comitis,
2861 2241 3108 2298 nomine
3142 2242 3339 2312 Fulco,
3389 2243 3666 2314 ejusdem
3712 2244 3825 2301 loci

2158 2326 2460 2390 alumnus,
2492 2333 2813 2401 parentum
2843 2331 3087 2402 auxilio,
3121 2349 3279 2405 saepe
3309 2332 3449 2390 dicti
3476 2333 3586 2405 loci
3618 2334 3832 2390 Centu-

2157 2415 2252 2472 len
2263 2416 2342 2471 sis
2364 2417 2630 2487 regimen
2654 2417 2892 2475 sibimet
2914 2437 3210 2493 usurpare
3236 2422 3520 2478 tentabat.
3538 2423 3651 2479 Sed
3670 2423 3829 2479 enim

2159 2522 2296 2561 cum
2328 2522 2432 2560 rex
2463 2509 2828 2564 Francorum
2852 2508 3159 2577 Henricus,
3181 2527 3305 2583 quo
3327 2512 3534 2568 nescio
3559 2529 3706 2568 casu
3739 2529 3827 2568 ac-

2158 2592 2410 2660 cidente,
2444 2595 2752 2652 Pontivum
2782 2597 3140 2668 devenisset,
3166 2598 3327 2656 idem
3357 2599 3555 2670 Fulco,
3585 2601 3828 2656 interce-

2157 2683 2334 2739 dente
2360 2684 2489 2755 jam
2519 2685 2679 2741 dicto
2724 2687 2939 2743 comite
2969 2693 3140 2762 patre
3191 2706 3321 2755 suo,
3364 2690 3647 2764 cupiebat
3674 2690 3826 2747 obti-

2157 2787 2297 2828 nere
2337 2772 2417 2828 ab
2466 2774 2682 2830 eodem
2729 2791 2868 2846 rege
2922 2776 3099 2833 totius
3143 2777 3260 2834 loci
3303 2778 3823 2836 dominationem:

2155 2862 2321 2934 quod
2351 2867 2409 2917 et
2435 2862 2662 2919 factum
2691 2870 2798 2933 est,
2831 2865 3144 2937 ignorante
3174 2868 3414 2941 penitus
3446 2868 3675 2925 domno
3709 2874 3823 2925 An-

2157 2951 2447 3019 gelranno
2478 2952 2716 3009 abbate.
2767 2957 2901 3011 Jam
2932 2955 3127 3012 dictus
3177 2973 3320 3013 vero
3347 2958 3548 3019 Fulco.
3576 2974 3721 3015 cum
3752 2958 3827 3015 ob

373 3046 597 3121 quibus
654 3044 893 3101 fuerunt
941 3044 1065 3100 duo
1114 3044 1430 3101 honoriﬁci
1497 3044 1633 3110 viri,
1687 3044 1881 3100 Guido
1934 3044 2042 3114 (tl)
2081 3068 2124 3123 ο
2154 3040 2385 3096 donum
2441 3042 2673 3110 regium
2733 3060 2797 3099 se
2856 3044 3143 3102 abbatem
3199 3045 3325 3103 fore
3393 3048 3824 3121 auspicaretur,

373 3135 593 3211 praesul
623 3133 1069 3201 Ambianensis,
1114 3139 1170 3189 et
1199 3137 1393 3203 [)rogo
1424 3133 1533 3203 (t2)
1566 3133 1887 3204 episcopus
1913 3135 2047 3188 Tar-

370 3224 715 3284 vennensis.
752 3223 817 3280 lli
841 3224 972 3296 ejus
1020 3238 1081 3279 se
1107 3222 1474 3293 discipulos;
1520 3221 1602 3287 hi,
1627 3220 1835 3291 quoad
1878 3220 2039 3275 vixe-

372 3321 533 3384 runt,
594 3330 834 3388 semper
881 3310 1163 3385 gratulati
1216 3315 1357 3366 sunt
1410 3326 1474 3365 se
1536 3309 1667 3379 ejus
1724 3308 2043 3381 prudentia

369 3405 714 3463 illustratos.
747 3407 813 3459 In
842 3406 1077 3459 tantum
1125 3398 1288 3456 enim
1332 3397 1663 3471 disciplinae
1714 3397 1844 3468 ejus
1874 3396 2043 3453 boni-

370 3500 462 3554 tas
491 3497 598 3567 [se,
631 3497 729 3551 En.
763 3493 853 3564 P.]
900 3495 1221 3566 sparserat,
1265 3494 1328 3546 ut
1358 3488 1582 3561 ubique
1635 3486 1714 3543 ab
1757 3486 2042 3543 omnibus

364 3583 784 3655 Angelrannus
816 3581 1067 3655 Sapiens
1100 3577 1433 3653 specialiter
1458 3592 1579 3633 non
1599 3575 1901 3632 immerito
1935 3592 2036 3632 vo-

370 3679 624 3731 caretur.

446 3769 530 3821 tot.
555 3765 705 3818 Cum
729 3760 910 3831 igitur
939 3758 1116 3816 tantis
1148 3762 1207 3813 et
1234 3757 1454 3814 talibus
1494 3756 1674 3812 bonae
1701 3756 1878 3811 famae
1909 3754 2036 3828 opi-

363 3852 649 3910 nionibus
671 3850 821 3906 miro
862 3848 1045 3905 modo
1076 3847 1344 3921 polleret,
1367 3845 1836 3920 implereturque
1882 3844 1944 3899 in
1969 3860 2040 3899 eo

367 3941 466 3998 ille
496 3937 863 4012 apostolicus
886 3952 1086 3992 sermo
1110 3953 1123 3990 :
1179 3936 1410 3992 Christi
1437 3935 1623 3992 bonus
1652 3935 1802 3991 odor
1838 3948 2041 3989 sumus

377 4031 492 4085 Deo
520 4028 585 4082 in
615 4025 779 4080 omni
827 4025 952 4079 loco
1008 4025 1100 4091 (Il
1129 4024 1266 4079 Cor.
1311 4040 1372 4090 ιι,
1423 4024 1543 4093 lii):
1595 4023 1897 4095 inspector
1946 4021 2040 4077 ille

371 4113 669 4182 cordium,
719 4111 928 4168 videns
970 4110 1254 4166 eumdem
1309 4126 1489 4165 suum
1520 4110 1816 4166 famulum
1842 4109 2041 4166 infati-

370 4204 556 4276 gabili
612 4201 913 4260 desiderio
966 4200 1078 4257 sibi
1134 4198 1283 4256 velle
1352 4199 1588 4269 sociari,
1643 4203 1709 4255 ut
1779 4200 2040 4273 priorem

368 4294 739 4371 quandoque
784 4292 1131 4366 susciperet,
1162 4291 1287 4347 imo
1323 4294 1384 4346 ut
1411 4290 1758 4346 meritorum
1799 4290 2037 4363 copiam

368 4386 421 4444 ei
470 4384 898 4453 accumularet,
959 4380 1162 4477 statuit
1228 4396 1369 4477 eum
1430 4379 1629 4435 adhuc
1698 4379 2039 4477 tent‘atioms
2071 4422 2114 4477 Β

366 4475 514 4533 lima
541 4473 749 4548 polire,
783 4489 855 4529 ac
884 4487 1064 4544 super
1092 4468 1375 4526 incudem
1407 4484 1708 4544 corporeae
1728 4468 2037 4525 inﬁrmita-

368 4564 461 4632 tis,
493 4562 713 4620 malleo
761 4560 1001 4636 proprie
1049 4558 1452 4633 percussionis
1494 4558 1879 4629 interrogare.
1929 4557 2038 4614 De-

364 4669 550 4728 nique
581 4657 749 4711 tanta
793 4668 932 4708 eum
981 4648 1277 4723 paralysis
1306 4648 1629 4705 acerbitate
1670 4648 1941 4721 perculit,
1974 4652 2039 4703 ut

366 4758 493 4800 non
522 4758 777 4799 manum
801 4739 880 4797 ad
904 4756 974 4795 os
1003 4739 1241 4803 ducere,
1274 4754 1397 4794 non
1448 4737 1508 4793 in
1537 4736 1756 4793 lectulo
1786 4753 1847 4792 se
1874 4736 2032 4791 dein-

367 4849 511 4908 ceps
542 4830 801 4905 quiverit
827 4844 1090 4885 movere.
1128 4827 1477 4897 Religantur
1502 4842 1720 4882 manus
1745 4826 2034 4882 innocen-

369 4926 455 4980 tes
484 4936 761 4995 superna:
791 4917 1183 4976 districtionis
1224 4916 1490 4988 vinculo,
1539 4920 1615 4987 et,
1666 4932 1802 4989 quae
1834 4916 1894 4971 in
1925 4916 2034 4971 bo-

364 5012 460 5069 nis
499 5026 562 5067 se
615 5024 854 5084 semper
902 5009 1312 5073 exercuerant,
1369 5022 1439 5062 ac
1499 5003 1661 5063 mala
1703 5004 2033 5061 studiosius

366 5106 670 5169 caverant,
699 5101 828 5156 haec
856 5097 944 5155 vel
970 5096 1090 5167 illa,
1110 5095 1275 5153 bona
1299 5095 1436 5152 dico
1461 5094 1553 5151 vel
1582 5094 1765 5165 mala,
1789 5110 1864 5151 ne
1890 5111 2032 5150 con-

366 5189 618 5259 tingant,
676 5193 998 5246 arctantur.
1062 5188 1309 5259 Semper
1363 5184 1543 5255 igitur
1591 5183 1811 5255 gratias
1838 5184 2035 5241 retulit

443 5361 565 5438 (1i)_
582 5365 771 5421 Guido
800 5370 941 5438 post
980 5364 1303 5438 Fulconem
1328 5363 1518 5438 ipsius
1551 5362 1813 5429 fratrem,
1843 5362 1948 5435 qui
1971 5363 2033 5419 in

372 5431 609 5510 synodo
640 5431 912 5516 Remensi
956 5436 1070 5492 sub
1100 5439 1291 5492 Leone
1322 5431 1379 5491 IX
1412 5451 1573 5508 papa
1598 5431 2033 5516 exauctoratus

372 5500 500 5560 fuit.
528 5503 991 5562 Ambianensem
1035 5508 1319 5563 thronum
1367 5505 1655 5561 ascendit.
1687 5505 1843 5561 Obiit
1870 5521 2032 5562 anno

370 5500 500 5560 fuit.
528 5503 991 5562 Ambianensem
1035 5508 1319 5563 thronum
1367 5500 1655 5561 ascendit.
1687 5505 1843 5561 Obiit
1870 5521 2032 5562 anno

374 5572 512 5651 1.974
542 5587 617 5628 ex
648 5574 941 5651 Chronico
972 5577 1328 5635 Centulensi.
1362 5577 1720 5645 lnfra,num.
1750 5580 1819 5632 22
1846 5577 2034 5634 archi-

367 5640 663 5699 diaconus
693 5641 923 5697 dicitur.

440 5713 558 5783 (t2)
588 5714 761 5771 Hanc
782 5712 986 5769 sedem
1003 5715 1259 5776 obtinuit
1278 5722 1473 5793 Drogo
1497 5718 1578 5777 ab
1598 5735 1761 5778 anno
1794 5723 1919 5778 1031
1952 5718 2032 5779 ad

2155 3132 2398 3200 sumpta
2422 3129 2681 3185 audacia
2700 3132 3447 3206 impudenti,quibusdam
3468 3135 3828 3192 militaribus

2150 3215 2212 3270 in
2243 3215 2494 3271 fratrum
2526 3218 2860 3283 refectorio,
2910 3237 3076 3277 more
3116 3223 3341 3281 scilicet
3368 3224 3827 3299 incompetenti,

2150 3302 2495 3359 convivium
2525 3305 2783 3376 opulens
2813 3308 3103 3375 exhibuit,
3123 3327 3249 3383 quo
3278 3312 3393 3367 sibi
3422 3312 3647 3371 faceret
3678 3314 3830 3371 ﬁde-

2149 3390 2420 3461 liores,et
2449 3392 2530 3448 ad
2559 3394 2996 3466 acquirendum
3030 3396 3143 3453 sibi
3171 3398 3466 3456 honorem
3496 3404 3829 3476 promptio-

2150 3497 2268 3537 res.
2301 3485 2372 3536 At
2402 3481 2507 3537 ubi
2532 3483 2877 3540 nuntiatum
2903 3490 2991 3540 est
3032 3485 3197 3542 istud
3226 3488 3381 3561 patri
3412 3490 3825 3561 Angelranno,

2151 3569 2451 3626 ministros
2502 3577 2697 3634 vocat,
2755 3573 3151 3649 protinusque
3212 3594 3273 3633 se
3327 3577 3466 3634 illuc
3516 3578 3827 3653 deportari

2149 3657 2699 3715 mandatJtlanibus
2723 3676 2866 3730 ergo
2884 3662 3251 3720 famulorum
3274 3664 3352 3721 ad
3382 3666 3605 3723 ostium
3630 3685 3824 3743 usque

2150 3747 2441 3804 refectorii
2470 3748 2786 3805 devehitur
2810 3768 2823 3818 ;
2852 3750 3055 3825 ibique
3085 3752 3278 3823 ﬁgens
3303 3756 3583 3825 gradum,
3617 3773 3695 3813 ex
3727 3776 3823 3814 au-

2150 3838 2381 3893 toritate
2428 3838 2858 3911 omnipotentis
2914 3840 3013 3897 Dei
3074 3858 3178 3898 eos
3244 3843 3351 3917 qui
3416 3852 3823 3904 convenerant

2149 3927 2633 3984 anathematizat.
2670 3928 2817 3986 Hinc
2873 3946 3015 3986 vero
3044 3932 3242 3988 omnis
3273 3933 3373 3991 illa
3402 3951 3612 3991 eorum
3638 3936 3818 3993 factio

2147 4015 2391 4072 inchoat
2440 4016 2741 4090 dissipari.
2801 4021 3083 4077 Cerneres
3132 4022 3294 4078 enim
3352 4023 3625 4081 meliores
3666 4043 3817 4099 quo-

2108 4120 2325 4177 -sque,
2383 4104 2444 4160 in
2500 4106 2721 4178 quibus
2751 4123 2971 4180 parum
3011 4109 3159 4182 quid
3219 4112 3446 4168 timoris
3494 4114 3817 4187 resederat,

2149 4194 2323 4268 quasi
2354 4209 2488 4251 reos
2518 4201 2655 4252 ante
2694 4196 2985 4267 judicem,
3020 4199 3103 4254 sic
3134 4206 3272 4257 ante
3295 4202 3441 4272 justi
3471 4202 3686 4260 faciem
3720 4221 3817 4277 pa-

2148 4284 2352 4349 vitare,
2377 4289 2433 4339 et
2462 4284 2741 4342 incendio
2767 4289 3409 4347 excommunicationis
3435 4292 3514 4349 ab
3537 4310 3608 4350 eo
3637 4293 3816 4350 illata

2146 4372 2301 4429 miro
2349 4373 2534 4429 modo
2562 4376 2785 4432 terreri.
2834 4376 2930 4432 Vir
2957 4378 3057 4433 Dei
3115 4378 3317 4452 itaque
3358 4382 3648 4438 secedens
3682 4384 3815 4440 inde

2148 4463 2470 4519 Fulconem
2501 4472 2731 4533 evocat,
2784 4471 2841 4523 et
2870 4483 2949 4523 an
2975 4467 3167 4525 abbas
3216 4469 3369 4527 efﬁci
3395 4471 3553 4539 velit,
3593 4473 3815 4530 minaci

2143 4555 2330 4610 verbo
2358 4554 2708 4613 sciscitatur.
2732 4556 2839 4612 Cui
2861 4574 2983 4631 prae
3003 4559 3236 4632 pudore
3261 4561 3408 4617 nihil
3429 4563 3815 4636 respondenti

2145 4643 2505 4699 sententiam
2561 4643 2777 4716 intulit,
2841 4646 3048 4703 dicens
3108 4665 3232 4705 non
3282 4667 3460 4724 posse
3508 4669 3651 4708 eum
3691 4652 3812 4710 ﬁeri

2143 4734 2429 4791 abbatem
2487 4738 2622 4807 (l3),
2674 4737 2947 4811 quandiu
3007 4739 3225 4797 scilicet
3272 4742 3399 4814 ipse
3447 4741 3510 4799 in
3563 4760 3811 4818 corpore

2143 4829 2498 4881 moraretur.
2552 4828 2619 4881 Et
2661 4827 2944 4899 quamvis
2995 4829 3183 4886 isdem
3234 4830 3410 4888 Fulco
3459 4832 3639 4891 etiam
3672 4834 3809 4891 alte-

2140 4911 2267 4968 rius
2318 4911 2579 4969 abbatiae
2628 4914 2860 4971 donum
2908 4932 2944 4972 a
2975 4921 3141 4990 patre
3181 4936 3291 4975 suo
3340 4919 3616 4978 habuerit
3666 4938 3809 4979 nun-

2140 5018 2330 5076 quam
2360 5007 2583 5071 tamen,
2630 5005 2905 5078 quandiu
2934 5006 3024 5063 vir
3069 5008 3286 5065 beatus
3337 5010 3689 5085 supervixit,
3737 5010 3805 5068 ef-

2140 5091 2240 5148 ﬁci
2266 5092 2461 5149 abbas
2489 5092 2787 5151 ullatenus
2816 5097 3028 5170 potuit,
3087 5114 3233 5172 quia
3262 5098 3533 5157 videlicet
3578 5101 3688 5158 viri
3715 5101 3803 5158 Dei

2142 5197 2340 5238 sermo
2370 5181 2647 5239 obtinuit.
2681 5185 2812 5250 Qua
2854 5184 2916 5241 in
2947 5202 3009 5242 re
3035 5187 3527 5247 animadvertitur
3569 5196 3802 5249 sanan

2144 5366 2300 5445 107$.
2335 5363 2603 5445 Interfuit
2635 5367 3208 5445 consilioRemensi
3236 5372 3350 5428 sub
3383 5375 3574 5430 Leone
3608 5378 3670 5431 lx
3698 5374 3800 5432 ele-

2137 5436 2365 5516 vationi
2413 5438 2681 5516 corporis
2724 5439 2913 5495 sancti
2971 5442 3207 5499 Bertini.
3266 5446 3341 5500 De
3382 5460 3454 5500 eo
3493 5445 3620 5516 jam
3688 5460 3796 5503 non

2144 5505 2329 5563 semel
2348 5505 2551 5563 actum
2577 5514 2683 5565 est.
3454 5526 3457 5529 λ

2217 5578 2339 5663 (ιδλ
2388 5581 2511 5663 μοι]
2544 5579 2740 5663 solum
2772 5581 2968 5663 abbas
2999 5586 3397 5663 _Centulensis
3443 5604 3567 5645 non
3619 5586 3793 5663 potuit

2142 5665 2271 5706 esse
2294 5649 2500 5732 Falco.
2519 5650 2774 5732 .vivente
2825 5655 3232 5732 Angelranno,
3265 5659 3369 5715 sed
3399 5664 3456 5716 et
3480 5676 3593 5719 nec
3619 5649 3788 5718 .ullius

2139 5720 2392 5780 omnino
2418 5719 2556 5788 loci,
2581 5726 2648 5783 ut
2671 5738 2745 5783 ex
2775 5719 3165 5802 sequentibus
3194 5719 3375 5805 patet.
3476 5790 3503 5804 ﬂ
