3836 6418
65 289 190 352 ιριίῒ

1676 275 1860 332 VITA.

3352 283 3482 337 1418

56 421 142 474 vir
170 415 516 490 prophetico
544 410 751 484 spiritu
779 417 944 465 actus
975 411 1177 478 fuisse,
1206 409 1310 480 qui
1334 422 1454 461 non
1476 405 1707 474 absque
1736 405 1783 458 Α
1820 406 1981 476 quod
2035 407 2292 461 ecclesiae
2352 407 2548 462 Sancti
2604 401 2858 461 Richarii
2906 406 3184 461 defensor
3231 406 3403 461 fuerit
3447 424 3484 462 a

55 513 200 564 nutu
231 505 430 560 divino
461 500 812 574 praedixerat
859 499 1140 554 eumdem
1191 513 1313 551 non
1356 511 1533 566 posse
1581 491 1709 546 ﬁeri

55 598 354 660 abbatem,
387 591 661 664 quandiu
691 590 909 644 scilicet
937 589 1062 660 ipse
1096 589 1154 642 in
1173 600 1421 657 corpore
1449 597 1710 638 morare—

57 692 164 740 tur.
199 683 252 740 Si
283 681 526 753 quidem
560 684 884 750 postquam
918 674 1273 730 venerabilis
1307 677 1473 727 Pater
1504 669 1714 736 Angel-

57 789 278 830 rannus
300 771 538 825 coelicas
568 768 807 822 recessit
837 767 913 821 ad
940 768 1118 830 ardes,
1139 765 1296 818 idem
1322 761 1497 818 Fulco
1525 759 1711 814 abba-

57 865 126 919 tis
153 861 348 917 ofﬁcio
371 860 630 913 donatus
658 862 747 911 est
778 856 971 926 primo
1003 859 1139 925 post
1169 855 1296 923 ejus
1345 849 1714 922 sepulturam

56 953 149 1007 die
179 950 581 1023 pwelatiisque
615 947 978 1000 monasterio
1028 941 1383 1006 Forestensi,
1431 937 1596 1010 quod
1643 952 1716 991 ex

55 1040 324 1112 antiquo,
359 1042 421 1091 ut
451 1037 511 1090 in
542 1037 654 1089 hoc
687 1034 879 1088 lucide
908 1037 1088 1104 patet,
1123 1032 1368 1086 fratrum
1403 1027 1592 1083 sancti
1624 1025 1714 1081 Ri-

56 1127 240 1184 charii
281 1125 429 1180 cella
475 1125 702 1180 fuerat:
760 1122 864 1175 sed
908 1121 1090 1192 paulo
1140 1124 1275 1174 ante
1307 1137 1341 1173 a
1399 1115 1716 1172 comitibus

57 1217 435 1273 Pontivorum
505 1211 901 1276 subtractum,
962 1208 1277 1264 abbatiolaa
1331 1221 1554 1262 nomen
1604 1203 1715 1258 sibi

95 1306 334 1359 indicat.

95 1307 103 1315 '
205 1306 214 1314 '
256 1309 334 1359 at.

55 1305 316 1446 vuigcht
344 1390 487 1461 quia
519 1388 597 1444 ad
630 1388 690 1442 id
719 1388 828 1442 loci
862 1387 1264 1458 pervenimus,
1299 1384 1439 1438 libet
1486 1398 1714 1437 memo-

52 1495 211 1547 rare,
271 1479 348 1534 ob
399 1493 598 1533 rerum
655 1477 927 1531 notitiam
986 1474 1237 1546 posteris
1295 1471 1714 1538 intimandam,

52 1568 310 1641 qualiter
369 1568 527 1622 idem
594 1566 760 1620 locus
809 1565 985 1620 nobis
1043 1564 1279 1619 ablatus
1336 1567 1441 1616 est.
1499 1561 1589 1614 Ab
1649 1577 1717 1614 ea

51 1658 148 1713 die
209 1673 332 1729 qua
382 1657 596 1712 beatus
645 1660 702 1710 et
757 1659 998 1710 sanctus
1053 1654 1225 1707 Pater
1283 1651 1585 1706 Richarius
1638 1649 1717 1704 ibi

50 1747 241 1801 ﬁnem
296 1745 431 1800 vita:
479 1743 748 1799 mortalis
785 1743 1031 1814 accepit,
1093 1747 1148 1796 et
1197 1741 1479 1811 deinceps
1530 1754 1718 1810 usque

51 1836 132 1891 ad
165 1842 440 1906 tempora
488 1833 778 1902 lngelardi
827 1832 1082 1897 abbatis,
1139 1832 1198 1885 in
1245 1834 1584 1884 nostratum
1623 1814 1720 1882 de-

53 1925 185 1994 guit
240 1924 481 1979 ditione.
531 1925 702 1988 Hugo
751 1939 889 1996 vero
943 1922 1137 1993 primo
1169 1920 1312 1982 dux,
1345 1925 1556 1991 postea
1592 1934 1716 1987 rex,

52 2031 124 2069 eo
159 2019 428 2085 tempore
460 2028 582 2084 quo
612 2016 855 2083 propter
881 2010 1278 2065 barbarorum
1303 2007 1607 2062 cavendos
1635 2007 1719 2061 iu-

53 2119 293 2167 cursus,
358 2099 830 2156 abbatis-villam
900 2099 1074 2153 nobis
1128 2098 1402 2153 auferens
1456 2102 1718 2151 castrum

51 2191 270 2256 effecit,
325 2190 495 2261 eique
540 2192 849 2256 Hugonem
906 2186 1236 2259 praeposuit
1292 2185 1557 2252 militem,
1614 2187 1688 2238 Fo

51 2280 233 2334 restis
279 2278 491 2334 cellam
535 2282 747 2332 nostraa
802 2276 1011 2330 ditioni
1058 2274 1371 2345 subripuit,
1422 2278 1477 2328 et
1523 2273 1718 2327 eidem

52 2368 298 2437 Hugoni
329 2371 618 2440 perpetuo
649 2364 992 2420 habendam
1023 2362 1398 2428 contradidit,
1445 2361 1587 2433 quia
1639 2361 1720 2415 vi-

49 2458 288 2520 delicet,
322 2457 508 2528 ipsius
554 2455 724 2509 ducis
777 2454 981 2519 tiliam,
1017 2453 1258 2509 nomine
1305 2451 1530 2518 Gelam,
1578 2467 1720 2505 uxo-

47 2564 180 2602 rem
242 2547 512 2601 duxerat.
573 2549 758 2599 Antea
817 2543 993 2611 igitur
1040 2543 1099 2597 in
1140 2542 1352 2597 eadem
1407 2540 1554 2596 cella
1603 2540 1717 2596 cle-

47 2635 156 2690 rici
232 2633 483 2689 Domino
537 2632 979 2696 militaverant;
1041 2631 1166 2694 sed,
1222 2633 1467 2700 Hugone
1518 2635 1719 2700 postu-

47 2723 236 2787 lante,
266 2721 448 2793 aliqui
479 2738 550 2775 ex
580 2709 796 2775 nostris
825 2720 940 2774 illic
973 2719 1286 2773 monachis
1320 2718 1521 2773 statuti
1558 2723 1716 2786 sunt,

46 2811 154 2884 qui
212 2817 269 2866 et
323 2811 604 2865 abbatem
654 2814 1001 2864 meruerunt
1058 2807 1236 2861 simili
1276 2807 1460 2861 modo
1513 2823 1720 2861 mona-

47 2902 239 2956 chum
272 2899 620 2966 noslratem,
662 2898 905 2952 nomine
941 2897 1293 2961 Guidonem,
1349 2895 1556 2950 domui
1610 2901 1720 2950 An-

48 2989 329 3059 gelranni
360 2988 638 3054 fratrem;
668 2988 890 3058 quique
932 3004 1070 3041 cum
1119 2985 1442 3057 aliquantis
1494 2985 1717 3039 ibidem

49 3079 232 3133 annis
273 3077 333 3131 in
363 3076 703 3131 animarum
752 3075 1037 3144 regimine
1078 3074 1486 3134 ministrasset,
1521 3072 1719 3128 ofﬁcii

47 3182 466 3223 successorem
495 3165 723 3228 habuit,
759 3165 1125 3219 Hucbertum
1175 3163 1439 3232 nomine,
1491 3168 1718 3218 nostra;

48 3263 173 3311 tem
221 3255 612 3310 monachum.
659 3253 1160 3324 Quandoquidem
1192 3251 1368 3307 nobis
1411 3251 1505 3306 ille
1553 3251 1720 3306 locus

47 3346 396 3413 tollebatur,
450 3349 653 3399 tamen
701 3344 779 3399 ob
820 3359 1089 3398 amorem
1133 3348 1189 3397 et
1237 3342 1531 3397 honorem
1578 3341 1720 3396 almi

47 3437 312 3492 Richarii
345 3438 632 3490 statutum
656 3441 763 3499 est,
798 3439 863 3488 ut
886 3433 960 3488 de
994 3433 1208 3487 nostris
1232 3448 1470 3504 semper
1495 3431 1715 3487 ibidem

43 3527 267 3582 tierent
298 3524 547 3580 abbates
577 3523 907 3579 monachis.
947 3522 1241 3577 Hucberto
1279 3537 1523 3594 quoque
1564 3537 1720 3576 mor-

45 3619 173 3680 tuo,
209 3615 346 3684 ejus
373 3613 487 3668 loci
541 3613 818 3682 regimen
855 3611 1115 3682 suscepit
1159 3611 1255 3665 hic
1302 3609 1480 3664 Fulco
1533 3626 1716 3682 quem

41 3703 243 3758 nostri
274 3700 620 3758 monasterii
650 3700 986 3756 dominium
1015 3699 1123 3754 sibi
1149 3714 1436 3770 usurpare
1457 3698 1717 3754 voluisse

42 3791 425 3847 notavimus.
463 3791 625 3846 Libet
653 3805 790 3845 vero
820 3786 1014 3844 dicere
1045 3788 1119 3843 de
1167 3788 1394 3842 domno
1447 3787 1716 3842 Guidone

40 3883 302 3949 abbate,
333 3882 497 3954 quod
526 3897 660 3936 cum
694 3880 946 3950 egregiis
976 3879 1246 3934 moribus
1276 3881 1332 3933 et
1346 3880 1462 3932 Deo
1484 3877 1716 3949 placitis

39 3972 332 4042 fulgeret,
389 3970 704 4026 oculorum
731 3968 976 4033 lumine,
1031 3968 1182 4023 sicut
1224 3971 1280 4022 et
1320 3971 1563 4022 sanctus
1616 3969 1720 4020 To-

35 4062 204 4130 bias,
239 4060 513 4133 privatus
545 4064 650 4125 est,
680 4057 928 4114 omnino
969 4063 1169 4113 tamen
1216 4060 1632 4128 perseverante
1657 4055 1718 4109 in

36 4155 256 4206 mente
291 4150 420 4220 ejus
447 4149 664 4204 divinae
696 4146 1214 4219 contemplationis
1257 4147 1539 4202 claritate.
1590 4148 1716 4200 Mox

36 4257 188 4296 vero
222 4243 297 4294 ut
318 4239 432 4294 hoc
463 4238 767 4306 ﬂagellum
800 4253 937 4292 cum
970 4235 1296 4306 gratiarum
1311 4236 1542 4292 actione
1568 4235 1718 4306 apio

36 4337 220 4403 patre
281 4332 400 4384 Deo
449 4327 698 4400 excepit,
751 4325 990 4381 succedi
1022 4325 1135 4380 sibi
1188 4325 1492 4398 poposcit;
1539 4329 1594 4380 et
1635 4341 1719 4378 re-

35 4420 226 4475 diens
264 4416 597 4482 Centulam,
629 4415 797 4484 quod
825 4414 1116 4487 superfuit
1145 4415 1322 4469 totius
1347 4413 1480 4468 vitae
1506 4413 1568 4468 in
1589 4427 1719 4468 san-

1751 1757 1787 1808 Β

1749 3107 1789 3158 C

1819 508 1956 562 rege
1990 498 2234 565 Hugone
2266 497 2585 552 institutus.
2632 499 2761 561 Quo
2791 491 2970 552 etiam
3027 492 3270 552 nomine
3329 498 3484 551 filius

1820 583 1947 652 ejus
1978 586 2414 653 Angelrannus,
2446 587 2627 654 hujus
2676 586 2945 640 Fulconis
2985 591 3176 658 pater,
3210 586 3320 640 fuit
3351 603 3487 640 con-

1820 674 2034 735 tentus,
2068 674 2259 728 donec
2289 674 2587 745 permissu
2619 675 2710 728 Dei
2757 674 3167 729 Boloniensem
3204 676 3486 729 comitem

1821 759 1978 816 bello
2003 765 2271 834 peremit,
2307 765 2556 835 ejusque
2586 764 2848 818 relictam
2882 764 3344 820 nobilissimam.
3381 781 3486 818 uo-

1822 849 1982 904 mine
2013 851 2342 921 Adeluiam,
2376 852 2433 906 in
2469 852 2921 907 matrimonium
2955 853 3200 923 accepit.
3251 857 3311 906 Et
3341 851 3486 924 quia

1822 940 2187 996 comitissam
2240 942 2407 998 duxit
2464 958 2733 1009 uxorem,
2794 942 3016 997 idcirco
3054 942 3336 1014 deinceps
3385 959 3484 997 co-

1822 1029 1979 1084 mitis
2011 1045 2231 1084 nomen
2262 1031 2509 1102 accepit,
2559 1031 2724 1102 quod
2773 1047 2808 1086 a
2863 1032 3309 1086 successoribus
3354 1033 3484 1100 ejus

1819 1119 1947 1188 jam
2013 1135 2086 1172 ex
2147 1120 2578 1174 consuetudine
2645 1119 2844 1175 tritum
2903 1127 3351 1192 perseveranter
3407 1126 3484 1175 te-

1823 1213 2015 1262 netur.

1900 1301 1982 1352 19.
2019 1298 2132 1354 Sed
2158 1297 2236 1352 ad
2267 1303 2538 1353 nostrum
2572 1301 3021 1366 Angelrannum
3053 1300 3390 1364 redeamus,
3434 1306 3488 1356 et

1824 1386 2078 1458 qualiter
2103 1386 2300 1440 bonus
2330 1387 2560 1442 bonum
2611 1389 2884 1443 habuerit
2911 1405 3317 1443 successorem
3340 1389 3346 1391 “
3354 1390 3485 1460 jam

1825 1473 2021 1529 dicere
2045 1475 2418 1531 inchoamus.
2455 1483 2621 1540 Cum,
2659 1483 2721 1532 ut
2744 1494 2926 1550 supra
2949 1479 3174 1532 dictum
3201 1484 3304 1543 est,
3331 1495 3491 1533 com-

1825 1564 2071 1634 perisset
2103 1565 2425 1620 Fulconem
2457 1573 2772 1638 parentum
2822 1568 3167 1633 intercessu,
3217 1573 3272 1622 et
3318 1567 3488 1639 pretii

1826 1653 2085 1716 datione,
2132 1656 2445 1727 praeripere
2497 1657 2750 1712 voluisse
2804 1657 3046 1727 regimis
3105 1658 3488 1713 ministratio-

1826 1756 1986 1807 nem,
2020 1742 2204 1797 voluit
2231 1743 2394 1798 adire
2428 1745 2654 1811 regiam
2698 1746 3092 1815 majestatem;
3143 1762 3217 1799 ne
3263 1745 3490 1800 anima-

1828 1846 1961 1884 rum
1993 1847 2136 1887 cura
2168 1834 2523 1888 venderetur
2561 1839 2860 1889 oraturus.
2916 1835 3086 1898 Quod
3131 1835 3275 1906 quia
3325 1835 3491 1890 aliter

1827 1919 1906 1974 ob
1937 1919 2342 1977 inﬁrmitatem
2373 1939 2492 1977 non
2525 1924 2733 1996 potuit,
2771 1940 2947 1978 curru
2972 1929 3177 1978 vectus
3201 1923 3488 1996 implevit,

1828 2014 1884 2063 et
1907 2011 2061 2077 regis
2092 2011 2337 2065 auribus
2370 2011 2509 2066 satis
2540 2013 2691 2066 dura
2738 2011 3017 2078 inferens,
3065 2017 3359 2068 tormenta
3409 2014 3492 2068 in-

1829 2098 1978 2152 ferni
2009 2098 2175 2154 illum
2205 2100 2402 2155 subire
2434 2102 2512 2156 ob
2552 2101 2996 2157 distractionem
3050 2103 3252 2171 gratiae
3303 2104 3492 2158 mina-

1829 2191 1922 2241 tus
1954 2193 2058 2242 est.
2094 2189 2161 2242 Et
2185 2204 2309 2255 rex,
2345 2190 2447 2261 qui
2486 2190 2660 2244 home
2705 2191 2921 2245 mentis
2970 2190 3324 2254 habebatur,
3373 2207 3495 2261 pre-

1828 2275 2021 2344 nituit,
2053 2281 2373 2348 reatusque
2400 2278 2772 2344 indulgentia
2802 2283 3010 2348 rogata
3060 2290 3120 2332 se
3172 2279 3495 2350 spopondit

1829 2365 2313 2419 emendaturum.
2344 2369 2469 2422 Non
2501 2367 2670 2422 multi
2694 2373 2830 2438 post
2859 2368 2986 2421 haec
3019 2369 3313 2422 tinxerant
3345 2369 3492 2435 dies,

1829 2469 1966 2506 cum
1997 2468 2133 2507 ecce
2165 2469 2234 2507 ex
2265 2454 2484 2518 divina,
2523 2460 2584 2510 ut
2612 2460 2902 2522 tenemus,
2939 2456 3266 2526 voluntate,
3309 2456 3493 2525 regali

1828 2541 2144 2596 audientiae
2171 2542 2432 2597 interfuit
2473 2544 2857 2598 Virduncnsis
2899 2544 3091 2599 abbas
3138 2545 3489 2614 Richardus,

1827 2632 2390 2688 reverendissimum
2444 2636 2829 2701 monachum,
2881 2639 2937 2690 et
2966 2634 3175 2689 merito
3204 2634 3488 2690 bonitatis

1831 2721 1999 2776 unice
2029 2720 2332 2792 dilectum,
2367 2723 2683 2777 Gervinum
2716 2740 2919 2778 secum
2956 2723 3185 2778 habens
3235 2724 3491 2796 capella-

1828 2826 1995 2864 num.
2033 2813 2096 2864 Et
2123 2810 2267 2881 quia
2299 2811 2404 2866 iste
2438 2817 2524 2866 est
2554 2813 2859 2879 Gervinus,
2894 2813 2968 2868 de
2998 2815 3168 2882 cujus
3200 2818 3339 2884 post
3377 2818 3489 2868 An-

1829 2899 2182 2968 gelrannum
2211 2902 2584 2956 successione
2618 2902 2863 2958 Centula
2895 2902 3101 2971 gavisa
3128 2908 3238 2968 est,
3271 2903 3488 2957 decené

1830 2988 2123 3042 tissimum
2154 2987 2461 3044 intuemur
2486 3006 2520 3043 a
2551 2990 2845 3062 principio
2874 3007 3113 3045 sursum
3139 2992 3274 3062 quis
3318 2991 3492 3046 fuerit

1826 3076 2063 3141 referre,
2096 3081 2156 3130 ut
2185 3077 2368 3132 homo
2395 3077 2754 3145 diligendus,
2797 3095 2919 3150 quo
2951 3080 3164 3134 melius
3203 3081 3488 3146 noscitur,

1829 3164 2040 3218 melius
2071 3168 2128 3218 et
2156 3171 2390 3220 ametur
2412 3168 2544 3236 (15),
2573 3175 2682 3222 etc.

1899 3259 1988 3309 20.
2025 3258 2252 3309 Rerum
2279 3256 2479 3327 itaque
2526 3257 2800 3312 conditor
2856 3261 3027 3328 Deus,
3080 3259 3182 3329 qui
3216 3259 3307 3312 sui
3341 3259 3495 3314 servi

1828 3343 2190 3400 desiderium
2217 3344 2596 3417 jamjamque
2645 3347 3025 3419 disposuerat
3061 3348 3280 3402 caelesti
3324 3349 3492 3418 regni

1829 3433 2171 3488 ammnitate
2224 3433 2504 3499 mulcere,
2562 3435 2787 3506 quique
2841 3452 2979 3490 eum
3049 3437 3159 3491 sibi
3227 3437 3492 3492 habilem

1826 3521 2046 3576 fecerat
2090 3520 2419 3589 longissimi
2477 3523 2834 3593 purgatione
2882 3524 3212 3593 languoris,
3257 3526 3490 3581 interno

1828 3608 2129 3681 sapientite
2191 3626 2314 3665 suae
2368 3610 2639 3678 consilio,
2695 3627 2817 3682 quo
2861 3627 3105 3667 omnem
3160 3613 3351 3668 tilium
3406 3630 3492 3668 re;

1827 3698 2162 3770 ceptibilem
2191 3698 2470 3768 ﬂagellat,
2504 3700 2776 3770 ejusdem
2808 3701 3016 3757 famuli
3057 3702 3147 3756 sui
3198 3702 3488 3757 valetudi-

1825 3803 1965 3842 nem
1988 3787 2158 3842 solito
2189 3788 2556 3843 acerbiorem
2589 3789 2800 3860 effecit,
2834 3794 2889 3845 et
2936 3791 3031 3846 cui
3073 3808 3215 3846 mox
3262 3791 3491 3847 incom-

1826 3876 2171 3949 parabiliter
2210 3877 2408 3934 dulcia
2453 3883 2579 3934 erat
2629 3879 2900 3948 daturus,
2943 3880 3164 3936 doloris
3192 3882 3294 3936 diu
3343 3882 3488 3937 tole-

1825 3966 1938 4022 rati
1963 3967 2258 4023 fervorem
2289 3968 2660 4040 multiplicat.
2699 3970 2834 4040 Sed,
2865 3975 2930 4025 ut
2958 3972 3297 4027 ostenderet
3325 3973 3489 4045 quod

1825 4071 1948 4111 non
2005 4071 2074 4110 ex
2134 4056 2244 4126 ira,
2303 4058 2407 4112 sed
2461 4073 2533 4112 ex
2582 4075 2822 4115 summa
2887 4061 3297 4117 misericordia
3363 4063 3492 4116 hzec

1827 4146 1954 4216 ejus
1999 4147 2385 4217 processisset
2432 4149 2747 4219 correptio,
2807 4149 3269 4206 evidentissima,-
3323 4151 3492 4206 beni-

1827 4235 2065 4304 gnitatis
2105 4250 2284 4306 super
2333 4251 2471 4291 eum
2521 4236 2694 4304 signa
2746 4239 3079 4308 przetendjt.
3128 4241 3298 4304 Nam,
3351 4256 3492 4294 cum

1826 4323 2016 4378 isdem
2049 4323 2134 4377 vir
2161 4323 2539 4378 beatissimus
2572 4339 2756 4378 sacrae
2800 4325 3112 4397 Scripturae
3141 4328 3352 4381 studiis
3403 4332 3490 4382 at-

1831 4411 2151 4468 tentissime
2175 4427 2415 4482 semper
2439 4412 2613 4467 fuerit
2641 4412 2982 4484 implicitus,
3015 4431 3124 4470 nec
3152 4416 3336 4471 modo
3361 4417 3492 4488 qui-

33 4514 136 4564 cto
193 4506 432 4563 ibidem
481 4505 738 4578 explevit
774 4504 1026 4559 servitio.
1078 4501 1188 4567 Qui
1231 4502 1410 4558 etiam
1463 4519 1560 4556 vui
1591 4501 1716 4557 Kal.
1747 4471 1792 4526 Β
1832 4501 1970 4557 dem
2000 4518 2138 4556 cum
2165 4501 2520 4569 gravissimo
2552 4501 2763 4556 morbo
2813 4507 3140 4572 urgeretur,
3195 4521 3229 4559 a
3273 4471 3491 4559 divinis

33 4598 175 4654 Maii
229 4597 347 4667 (14)
418 4594 842 4650 dormitionem
896 4592 1141 4663 accepit,
1194 4596 1249 4646 et
1309 4607 1344 4647 a
1393 4591 1721 4648 venerabili

31 4691 228 4746 fratre
268 4703 384 4742 suo
416 4686 798 4755 Angelranno
823 4686 996 4756 juxta
1023 4683 1212 4739 sancti
1242 4682 1397 4738 illius
1438 4683 1724 4738 monachi

34 4777 340 4848 Odelgeri
369 4792 588 4848 corpus
616 4776 900 4831 humatus
921 4781 1026 4843 est,
1062 4772 1279 4845 talique
1309 4772 1531 4828 dictitio
1579 4789 1724 4844 prae—

30 4871 308 4924 notatus
344 4882 356 4919 :
503 4866 509 4868 ”

27 4993 440 5050 λιΙαιιςςοιεαηῑ
459 4991 555 5046 hic
572 4996 806 5059 patrem
828 4990 1206 5045 recolcndum
1238 4989 1351 5043 rite
1373 4988 1721 5052 Guidonem,

107 5065 425 5132 Sculptus
454 5063 733 5118 litteratis
759 5067 1052 5117 monstrat
1086 5060 1302 5115 habere
1333 5059 1506 5127 lapis.

28 5138 306 5193 Extulit
339 5135 588 5204 egregiae
618 5149 788 5204 quem
811 5133 1032 5188 mundo
1062 5133 1262 5200 gratia.
1295 5132 1467 5204 vitae:

102 5202 460 5266 Sublimem
481 5202 750 5260 ’mun—dus
783 5205 942 5260 hunc
961 5205 1150 5272 faciat
1177 5202 1471 5272 precibus.

29 5320 276 5371 Verum
309 5316 368 5366 et
395 5310 541 5365 illud
570 5311 765 5382 placet
794 5309 1030 5377 referre,
1083 5309 1249 5381 quod
1279 5309 1327 5363 is
1357 5309 1430 5363 de
1461 5323 1582 5380 quo
1633 5322 1726 5360 su-

23 5422 148 5479 pra
177 5400 466 5459 diximus
498 5401 690 5469 Hugo,
723 5416 845 5455 non
867 5415 1088 5465 comes,
1123 5398 1228 5452 sed
1266 5398 1594 5453 advocatus
1643 5395 1728 5449 di-

0 5487 172 5550 ctus
208 5489 424 5554 fuerit,
457 5488 623 5561 quod
650 5504 872 5544 nomen
905 5487 982 5542 illi
1013 5490 1138 5541 erat
1184 5485 1435 5553 insigne,
1488 5485 1566 5540 ob
1613 5483 1727 5538 hoc

103 5621 234 5690 (14)
305 5618 475 5690 Hunc
501 5615 733 5690 ipsum
773 5615 933 5669 diem
991 5608 1730 5690 assignati‘lecrolotgium

23 5681 422 5748 Centulense
454 5681 555 5742 his'
573 5686 769 5742 verbis
805 5704 815 5740 :
849 5702 948 5741 V111
981 5681 1140 5739 Kalﬁ
1167 5685 1319 5740 Mati
1353 5683 1492 5737 obiit
1541 5681 1732 5735 Gut/Io

1 5766 260 5832 'abbas,
298 5759 412 5832 qui
435 5759 558 5829 fuit
583 5759 782 5828 frater
809 5757 1193 5826 Ληρειναηηέ
1223 5754 1477 5811 abbatis.
1520 5783 1522 5786 τ

360 5847 604 5904 Panda.
647 5843 820 5904 CXLI.

1832 4591 2113 4664 operibus
2143 4589 2389 4646 affectus
2430 4591 2558 4660 ejus
2593 4595 2649 4645 et
2694 4590 2967 4646 voluntas
2997 4609 3268 4664 unquam
3302 4594 3494 4664 potuit

1831 4682 2117 4748 inhiberi;
2169 4681 2350 4735 modo
2395 4679 2748 4752 psalmodii‘e
2780 4681 3112 4737 indefessus
3139 4684 3488 4749 insistebat;

1832 4773 2016 4829 modo
2038 4772 2219 4827 sacris
2248 4771 2584 4826 divinorum
2621 4776 3058 4843 praeceptorum
3090 4773 3490 4828 meditationi-

1832 4863 1948 4918 bus
1971 4862 2271 4929 haarebat;
2305 4861 2487 4915 modo
2513 4860 2832 4915 missarum
2866 4860 3157 4917 solemnia
3186 4862 3245 4916 in
3277 4862 3492 4916 lectulo

1833 4951 2152 5016 recubans,
2177 4967 2246 5006 ac
2269 4951 2314 5004 si
2341 4950 2521 5005 altare
2563 4954 2760 5014 staret,
2788 4966 2888 5004 ore
2921 4951 3165 5022 proprio
3215 4951 3493 5006 decanta-

1832 5039 1955 5095 bat.
1988 5039 2150 5094 Unde
2191 5044 2249 5095 et
2277 5039 2661 5109 contingebat
2689 5038 2987 5110 quosdam
3020 5039 3222 5095 mirari
3278 5045 3339 5093 ut
3384 5039 3491 5106 vir,

1833 5128 1937 5200 qui
1998 5132 2174 5183 tantae
2235 5129 2540 5200 sapientiae
2599 5129 2914 5193 sciebatur,
2971 5129 3143 5200 quasi
3202 5129 3494 5184 dementi—

1834 5219 1983 5273 tium
2012 5233 2166 5288 opus
2191 5218 2427 5287 faceret,
2462 5235 2600 5273 cum
2629 5218 2721 5273 ille
2765 5234 2972 5273 omnes
3012 5235 3166 5290 quos
3210 5219 3347 5274 inde
3395 5218 3498 5273 mi-

1835 5307 1953 5362 rari
1983 5307 2286 5373 audiebat,
2318 5309 2554 5379 ineptos
2581 5313 2636 5364 et
2666 5309 3000 5364 totiusboni
3029 5310 3264 5364 nescios
3287 5310 3502 5378 dijudi-

1837 5401 2014 5452 caret.
2039 5395 2265 5449 Accidit
2293 5411 2436 5464 ergo
2459 5402 2523 5452 ut
2547 5398 2816 5469 quadam
2847 5399 2970 5453 vice
3001 5415 3140 5453 cum
3169 5400 3417 5454 missam
3442 5399 3501 5453 in

1837 5485 1987 5541 lecto
2002 5483 2360 5538 recumbens
2385 5487 2678 5554 protensis
2707 5487 2990 5543 manibus
3019 5488 3421 5550 decantasset,
3447 5492 3500 5541 et

1912 5610 2023 5677 (15)
2055 5606 2229 5683 Multa
2255 5605 2350 5660 hic
2381 5606 2560 5683 habet
2586 5607 2660 5661 de
2708 5611 2982 5677 Gervino,
3033 5629 3168 5683 quee
3217 5630 3324 5667 suo
3373 5611 3502 5664 loco

1844 5694 2072 5734 annum
2106 5681 2239 5732 1074
2266 5677 2658 5748 proferemus.

3146 5845 3214 5896 45
