3950 6398
391 267 526 319 1419

1437 260 1890 315 ANGELRANNI
1926 255 2223 312 ABBATIS
2263 262 2757 319 CENTULENSIS.

3682 270 3816 323 “20

382 387 766 459 omnipotens
799 390 950 441 Deus
987 384 1130 456 quid
1163 398 1308 453 erga
1336 383 1505 438 illum
1552 386 1826 451 ageretur
1878 397 2043 437 reve-
2073 383 2122 437 Δ
2156 382 2277 453 plet
2320 382 2615 442 divinum.
2664 389 2989 444 Monachus
3032 393 3257 457 autem,
3304 390 3398 447 his
3435 405 3547 463 pro
3595 389 3815 463 quibus

382 477 505 532 lare
535 475 740 530 insciis
760 474 1072 541 voluisset,
1106 478 1241 544 post
1269 472 1520 529 missam
1546 472 1779 528 ﬁnitam
1798 470 1957 528 sitim
1983 486 2044 526 se
2153 471 2378 527 missus
2395 473 2588 531 fuerat
2617 476 2884 548 expletis,
2913 479 3337 547 revertebatur,
3368 496 3507 536 cum
3537 479 3735 535 subito
3758 480 3817 536 in

381 566 506 638 pati
535 564 880 620 insinuaret.
913 560 1198 633 Praecepit
1243 562 1442 634 itaque
1491 562 1766 618 ministro
1816 565 1882 617 ut
1931 560 2047 616 sibi
2153 561 2387 618 civitate
2412 564 2824 635 Ambianensi,
2851 584 2975 640 quo
3021 584 3208 624 causa
3253 568 3600 640 hospitandi
3627 568 3815 625 diver-

380 655 503 711 vini
531 652 818 727 poculum
848 651 1228 708 ministraret.
1264 652 1360 707 Ille
1389 653 1658 708 concitus
1704 651 1911 707 vinum
1941 651 2045 707 de-

383 743 529 811 tulit,
563 742 670 799 sed
697 755 769 797 ex
798 742 913 797 hoc
944 756 1006 796 se
1033 740 1189 797 nolle
1220 741 1425 798 bibere
1455 746 1696 798 sanctus
1741 740 2040 796 indicavit.

378 833 634 891 Minister
659 832 1003 901 regrediens
1033 831 1198 888 aliud
1224 831 1456 896 detulit,
1497 832 1603 886 sed
1651 831 1730 887 ad
1777 830 2043 903 primum

377 927 647 993 gustum,
674 926 733 977 et
761 922 875 977 hoc
902 921 1113 977 beatus
1145 921 1329 978 homo
1361 920 1718 993 repudiavit.
1773 924 2043 991 Cumque

377 1012 640 1069 famulus
671 1028 812 1067 eum
842 1011 1086 1067 vidisset
1115 1015 1171 1066 et
1199 1012 1386 1067 semel
1415 1016 1471 1066 et
1499 1011 1592 1066 bis
1629 1010 1834 1066 vinum
1863 1025 2041 1081 repu-

374 1101 534 1173 lisse,
580 1100 952 1173 aliudquese
997 1100 1146 1156 velle
1196 1100 1395 1155 senior
1441 1099 1729 1154 indicaret
1772 1098 2045 1154 minister

377 1191 492 1248 alia
522 1190 659 1246 vina
706 1206 770 1245 se
800 1206 922 1245 non
975 1189 1197 1244 habere
1240 1196 1540 1245 causatur.
1600 1189 1766 1244 Tunc
1799 1194 2040 1245 sanctus

373 1280 485 1347 vir,
515 1280 649 1352 ipsa
673 1279 859 1334 verba
888 1278 1145 1334 dicenda
1175 1283 1314 1334 sunt
1347 1296 1359 1334 :
1392 1282 1469 1334 Dc
1498 1279 1617 1346 illo,
1653 1279 1866 1351 inquit,
1896 1280 2043 1334 affer

374 1371 523 1426 mihi
561 1371 635 1425 de
680 1386 802 1441 quo
834 1385 996 1426 nunc
1018 1369 1099 1425 ad
1128 1370 1378 1425 missam
1404 1369 1609 1425 habui.
1655 1372 1784 1435 Quo
1832 1368 2040 1425 audito

370 1460 827 1517 circumstantes
859 1461 1075 1515 timore
1118 1459 1523 1529 obrigescunt,
1567 1458 1642 1513 de
1686 1458 2039 1514 dulcissimo

372 1549 529 1606 Patri
558 1565 698 1605 cum
722 1548 1008 1620 lacrymis
1047 1548 1490 1621 responderunt
1520 1566 1531 1602 :
1564 1552 1641 1603 De
1671 1548 1794 1615 illo,
1843 1550 2035 1618 Pater,

372 1638 619 1695 ulterius
651 1653 775 1694 non
803 1638 1077 1705 habebis,
1111 1637 1225 1693 nisi
1254 1637 1356 1693 tibi
1392 1636 1622 1692 dederit
1649 1637 1753 1709 qui
1784 1643 1843 1692 et
1869 1638 2036 1710 prius

2152 654 2321 720 terat,
2352 652 2428 707 de
2453 654 2621 710 obitu
2653 656 2837 712 Patris
2866 657 2999 712 dira
3029 674 3168 713 eum
3210 659 3422 714 nuntia
3469 657 3814 730 percellunt.

2150 744 2312 797 Tunc
2344 743 2546 800 relicto
2577 746 2860 817 hospitio,
2890 751 2946 802 et
2976 747 3250 803 ciborum
3301 752 3618 821 apparatu,
3674 764 3816 803 nam

2150 833 2493 903 vespertina
2516 835 2663 890 hora
2684 841 2832 904 erat,
2854 840 2912 891 et
2942 837 3192 893 coenule
3224 837 3599 908 studebatur,
3632 842 3818 893 certa-

2154 921 2377 993 timque
2403 925 2749 980 conscensis
2780 926 2950 997 equis
2989 927 3300 983 Centulam
3348 926 3679 999 repedavit,
3729 926 3817 983 in-

2150 1011 2428 1083 venitque
2456 1018 2729 1069 sanctum
2763 1031 2982 1088 corpus
3010 1017 3138 1086 jam
3182 1016 3460 1072 exanime
3507 1016 3571 1071 in
3611 1031 3820 1071 mona-

2148 1100 2326 1156 sterio
2355 1103 2641 1173 positum,
2673 1104 2923 1160 fratrum
2950 1106 3221 1161 excubiis
3269 1104 3687 1161 venerabiliter
3716 1105 3819 1159 cir-

2145 1192 2441 1257 cumdari,
2504 1194 2781 1265 proxima
2850 1195 2999 1251 hora
3052 1194 3368 1267 sepulturae
3434 1193 3816 1251 tradendum.

2146 1280 2348 1336 Adfuit
2378 1297 2542 1351 ergo,
2576 1282 2899 1339 obsecutus
2932 1289 3043 1353 est,
3071 1289 3127 1340 et
3153 1284 3399 1357 impleto
3429 1284 3558 1353 ejus
3582 1283 3818 1339 deside-

2147 1369 2260 1434 rio,
2305 1370 2486 1426 etiam
2541 1373 2729 1427 Patris
2780 1374 3097 1445 prophetia
3125 1373 3371 1445 impleta
3396 1378 3505 1439 est,
3548 1373 3653 1445 qui
3676 1388 3819 1444 pro-

2146 1458 2392 1514 miserat
2438 1475 2658 1531 corpus
2708 1477 2887 1516 suum
2920 1466 3139 1517 terram
3171 1477 3296 1517 non
3349 1461 3592 1530 intrare,
3623 1459 3819 1517 donec

2145 1546 2371 1603 ibidem
2395 1549 2733 1604 monachus
2762 1549 2835 1605 de
2867 1551 3024 1619 regis
3052 1551 3217 1606 curia
3264 1554 3677 1606 reverteretur.
3726 1552 3821 1605 Se-

2146 1636 2383 1708 pultum
2438 1653 2581 1693 vero
2638 1642 2726 1693 est
2777 1640 2965 1695 sancti
3015 1640 3121 1695 viri
3174 1655 3394 1711 corpus
3436 1638 3593 1694 infra
3644 1637 3817 1693 militi

370 1728 555 1784 dedit.
610 1728 667 1784 Si
696 1727 943 1800 quidem
991 1743 1132 1782 cum
1183 1726 1435 1782 missam
1486 1726 1712 1781 faciens
1762 1732 1931 1783 extra
1976 1742 2038 1782 se
2070 1740 2111 1792 Β
2148 1725 2361 1807 Christi
2391 1726 2753 1781 sanctissimi
2774 1727 3025 1783 Richarii
3053 1728 3392 1783 venerabile
3416 1726 3816 1799 templum,eo

371 1816 730 1883 crederetur,
780 1816 1051 1887 dumque
1093 1815 1172 1872 ad
1221 1815 1426 1888 ipsum
1466 1815 1669 1870 locum
1716 1813 2035 1875 veniretur,

372 1906 621 1979 quando
650 1905 944 1961 Dominici
984 1905 1251 1977 corporis
1273 1910 1657 1961 sacrosancta
1703 1904 1910 1959 libatio
1940 1902 2039 1973 agi

373 1995 543 2061 solet,
570 1994 913 2051 cmlestibus
943 1994 1097 2049 escis
1142 2010 1405 2067 superno
1452 1994 1617 2049 dono
1667 1992 2037 2049 transmissis

370 2082 771 2139 refovebatur.
816 2082 998 2151 Igitur
1043 2082 1533 2139 animadvertens
1577 2081 1747 2154 quod
1787 2081 1903 2152 ipsi
1946 2080 2038 2136 sui

371 2172 697 2229 familiares
748 2187 877 2227 rem
928 2176 1218 2228 secretam
1256 2171 1663 2239 agnovissent,
1707 2170 2037 2242 volensque

371 2262 540 2318 omni
569 2262 755 2318 modo
784 2262 975 2318 celare
1002 2262 1334 2317 bonitatem
1364 2261 1463 2316 Dei
1492 2260 1553 2315 in
1603 2276 1663 2315 se
1705 2265 2035 2333 peractam,

370 2351 541 2423 quasi
570 2356 881 2423 permotus
910 2351 1078 2420 jubet
1109 2367 1215 2406 eos
1238 2350 1409 2405 citius
1455 2350 1750 2405 recedere.
1803 2350 2039 2405 Habent

370 2440 532 2494 enim
560 2439 746 2494 sancti
782 2438 882 2493 viri
912 2440 1026 2493 hoc
1075 2439 1411 2511 proprium,
1464 2443 1527 2492 ut
1570 2455 1709 2493 cum
1740 2438 1907 2494 bona
1954 2440 2037 2494 fa-

371 2528 553 2593 ciunt,
582 2527 868 2582 occultari
892 2527 1074 2582 velint
1108 2544 1122 2582 :
1156 2542 1229 2582 ne
1256 2526 1492 2595 scilicet,
1520 2526 1716 2581 laudis
1761 2526 2039 2581 transito-

370 2617 472 2673 rize
502 2617 785 2690 plausum
815 2615 1190 2688 recipientes,
1221 2621 1357 2672 ante
1388 2616 1489 2671 Dei
1518 2616 1722 2672 oculos
1744 2617 2039 2687 operatio-

370 2706 464 2762 nis
487 2723 610 2762 suae
644 2706 983 2762 mercedem
1010 2705 1395 2761 imminuant.

440 2800 530 2853 2i.
574 2800 727 2852 Dum
768 2813 911 2851 vero
957 2796 1069 2852 ista
1114 2801 1451 2865 agerentur,
1499 2801 1557 2851 et
1596 2795 1808 2851 beatus
1851 2796 2036 2851 homo

363 2886 622 2957 jamjam
646 2901 769 2958 prae
800 2886 990 2941 multa
1016 2885 1389 2941 inﬁrmitatis
1422 2884 1743 2940 acerbitate
1788 2901 2037 2956 corpore

367 2979 679 3046 putaretur
709 2975 968 3046 absolvi,
1000 2980 1055 3031 et
1084 2974 1165 3031 ob
1203 2975 1318 3030 hoc
1351 2975 1431 3030 ab
1473 2974 1566 3029 his
1613 2990 1768 3046 quos
1819 2974 2039 3030 nutrie-

367 3068 460 3120 rat
491 3064 737 3121 sollicite
768 3065 1209 3130 observaretur,
1240 3064 1452 3119 accidit
1482 3063 1884 3129 necessitudo,
1925 3078 2035 3134 pro

367 3168 491 3223 qua
518 3152 595 3207 ad
625 3152 889 3219 regalem
919 3152 1149 3206 curiam
1179 3151 1407 3206 mittere
1456 3167 1863 3205 necessarium
1905 3150 2034 3206 fuit.

368 3241 653 3311 Praecepit
706 3240 904 3312 itaque
934 3240 1198 3295 domnus
1245 3239 1555 3302 Cervinus,
1606 3238 1711 3309 qui
1742 3239 1873 3305 jam
1922 3240 2036 3293 toci

368 3327 747 3383 dominatum
775 3327 1088 3393 retinebat,
1122 3326 1226 3382 uni
1256 3343 1287 3381 e
1320 3326 1622 3388 fratribus,
1677 3331 1739 3380 ut
1768 3325 1827 3380 id
1856 3341 2037 3391 nego-

368 3417 428 3475 tii
459 3416 739 3489 expleret.
776 3417 871 3472 Ille
903 3433 1045 3472 vero
1094 3416 1201 3488 qui
1246 3414 1629 3470 desiderabat
1676 3415 1887 3485 optimi
1934 3419 2038 3471 Pa-

368 3507 472 3562 tris
504 3506 956 3579 praesentialiter
992 3504 1276 3561 illustrari
1323 3503 1597 3571 transitu,
1636 3508 1697 3557 et
1743 3503 2037 3575 implicari

366 3597 695 3669 exsequiis,
737 3595 1093 3651 omnimoda
1138 3594 1523 3650 excusatione
1563 3609 1623 3647 se
1666 3608 1790 3647 non
1839 3594 1901 3648 id
1956 3594 2036 3649 fa-

367 3690 603 3741 cturum
633 3686 964 3758 respondit.
995 3687 1161 3740 Tunc
1187 3683 1543 3740 venerabilis
1573 3683 1884 3752 Cervinus,
1934 3684 2036 3740 tal'i

365 3792 663 3849 responso
688 3779 956 3841 coactus,
1000 3779 1275 3830 sanctum
1319 3773 1418 3828 Dei
1467 3772 1659 3828 virum
1714 3773 2039 3841 Angelran~

366 3881 516 3921 num
546 3882 669 3938 quo
704 3864 945 3935 jacebat
974 3864 1137 3929 adiit,
1168 3864 1343 3935 eique
1374 3862 1657 3918 monachi
1688 3862 2037 3918 inobedierb

366 3955 511 4012 tiam
556 3954 869 4009 intimavit.
927 3954 1061 4024 ipse
1098 3958 1301 4009 autem
1340 3952 1625 4008 eumdem
1663 3953 2037 4009 monachum

367 4044 447 4100 ad
478 4056 541 4097 se
572 4042 776 4098 vocari
808 4042 1053 4110 faciens,
1102 4041 1409 4113 inquisivit
1452 4057 1558 4096 ρων
1603 4058 1726 4097 non
1778 4058 2039 4115 praecep-

368 4137 495 4188 tum
525 4131 853 4203 implesset,
881 4131 1019 4185 dein
1046 4130 1218 4201 jubet
1267 4130 1447 4186 etiam
1478 4135 1541 4185 ut
1571 4130 1837 4203 impleat.
1862 4134 2039 4187 Cum-

364 4238 487 4293 que
514 4220 715 4277 adhuc
739 4219 835 4275 ille
866 4219 1067 4287 nollet,
1097 4222 1341 4274 sanctus
1360 4218 1549 4275 abbas
1576 4220 1905 4291 prophetici
1924 4220 2040 4291 spi-

364 4310 511 4365 ritus
558 4308 747 4377 gratia
785 4308 1113 4363 luminatus
1142 4307 1436 4380 promisit,
1469 4306 1676 4362 dicens
1709 4326 1720 4362 :
1774 4308 1936 4363 Vade
1981 4320 2041 4373 et

366 4399 457 4455 fac
489 4398 655 4470 quod
689 4397 795 4453 tibi
820 4396 1180 4468 precipitur,
1211 4401 1270 4452 et
1311 4397 1465 4452 scias
1513 4397 1629 4452 hoc
1670 4413 1890 4470 corpus
1922 4402 2037 4453 ter-

364 4503 497 4544 ram
527 4502 650 4543 non
683 4486 903 4541 intrare
932 4485 1128 4541 donec
1165 4485 1502 4541 revertaris.
1540 4486 1663 4541 Tali
1708 4486 2035 4559 sponsione

365 4576 730 4633 exhilaratus
759 4574 939 4630 frater
960 4574 1121 4631 viam
1153 4575 1423 4646 arripuit,
1455 4580 1511 4631 et
1538 4591 1611 4631 ea
1636 4580 2035 4648 propterquse

364 4666 713 4723 mittebatur
736 4664 900 4737 apud
930 4664 1129 4733 regias
1162 4680 1337 4720 aures
1366 4664 1592 4736 optime
1614 4663 1908 4735 allegavit.
1934 4668 2036 4721 Sus

363 4756 748 4829 perveniente
778 4760 981 4811 autem
1010 4755 1323 4811 vocatione
1356 4770 1641 4827 superna,
1692 4771 1817 4827 qua
1860 4755 2036 4811 coale-

367 4846 481 4902 stia
503 4850 713 4917 petens
742 4843 1160 4913 Augelrannus
1192 4848 1429 4899 terrena
1463 4843 1780 4907 desereret,
1826 4850 2036 4901 sancta

366 4934 464 4990 illa
509 4935 733 5001 anima,
790 4931 1147 5001 angelorum
1200 4931 1527 4987 ministerio
1570 4931 1674 4987 Dei
1722 4931 2033 4988 obtutibus

364 5021 810 5094 prtesentanda,
840 5038 870 5074 γ
902 5020 1042 5075 ldus
1076 5020 1418 5076 Decembris
1457 5020 1655 5075 carnis
1695 5020 1833 5076 exiit
1873 5021 2033 5076 clau-

367 5116 506 5168 stra.
525 5113 661 5168 Jam
692 5126 833 5166 vero
862 5108 957 5165 ille
983 5109 1087 5181 qui
1112 5109 1464 5165 multiformi
1492 5113 1852 5179 argumento
1880 5110 2035 5182 poli-

366 5204 461 5255 tus
482 5202 671 5258 fuerat
698 5200 850 5272 lapis
874 5198 1100 5255 caelesti
1122 5198 1375 5255 aediﬁcio
1400 5199 1664 5267 locatur;
1693 5200 1820 5270 jam
1847 5200 1950 5272 qui
1974 5200 2034 5256 in

368 5290 520 5344 valle
558 5290 908 5347 humilitatis
956 5306 1217 5363 superno
1256 5306 1389 5346 rore
1416 5290 1699 5347 humecta
1744 5295 2032 5360 creverat,

368 5373 468 5431 lilii
503 5377 611 5433 llos
642 5379 877 5434 cmleste
902 5384 1129 5435 sertum
1146 5383 1430 5447 exornat;
1456 5380 1589 5449 jam
1615 5396 1752 5451 quas
1776 5378 1928 5435 inter
1948 5380 2035 5435 di-

370 5479 574 5521 versas
603 5484 847 5535 gemma
883 5468 1179 5524 claruerat
1208 5468 1533 5536 tonsiones,
1581 5468 1865 5525 diadema
1894 5486 2034 5542 sup-

442 5590 457 5655 (
468 5590 555 5655 t6)
582 5588 959 5658 Femina-feres.

439 5664 451 5738 ς
470 5664 485 5713 1
504 5666 550 5729 7)
569 5664 732 5715 Hunc
749 5660 1108 5738 episcopum
1121 5666 1366 5735 poeticas
1389 5666 1529 5721 artis
1547 5667 2031 5724 amantissimum

371 5732 548 5791 fuisse
590 5734 867 5788 asserunt
910 5732 1254 5790 Guillelinus
1303 5738 1787 5794 Gemmeticensis
1817 5739 1920 5796 lib.
1958 5755 2032 5795 vn

2146 1813 2261 1869 loci
2282 1814 2342 1869 in
2365 1830 2488 1887 quo
2527 1815 2687 1871 beati
2732 1816 3028 1873 Laurentii
3072 1822 3388 1873 veneratur
3434 1816 3815 1887 martyrium.

2146 1903 2331 1972 Cujus
2362 1903 2745 1960 tumulationi
2772 1905 3123 1982 venerabilis
3145 1906 3599 1976 ejussuccessor
3620 1903 3817 1960 abbas

2148 1992 2436 2048 Cervinus
2488 1998 2724 2049 tantum
2780 1994 3030 2051 contulit
3078 1994 3335 2063 decoris,
3387 1999 3452 2049 ut
3499 1992 3822 2066 cujuslibet

2147 2080 2536 2152 antiquorum
2592 2085 2836 2138 Patrum
2895 2083 3195 2139 sanctitati
3238 2084 3433 2138 honor
3498 2086 3679 2138 tanta:
3724 2097 3819 2137 se-

2146 2167 2403 2240 pulturae
2447 2169 2718 2227 sufﬁcere
2754 2187 2935 2243 posse
2969 2170 3343 2237 crederetur;
3400 2170 3818 2242 aequissimum

2147 2256 2607 2328 contemplatus,
2656 2264 2721 2313 ut
2759 2259 2989 2315 honore
3032 2259 3269 2315 decenti
3311 2263 3646 2315 servaretur
3687 2258 3818 2328 ejus

2146 2346 2415 2416 corporis
2438 2333 2631 2414 gleba,
2652 2348 2755 2419 qui
2774 2348 3024 2420 perenni
3040 2348 3213 2403 lauro
3228 2348 3537 2403 redimitus
3550 2364 3692 2403 cum
3707 2364 3817 2402 coe-

2144 2433 2331 2489 licolis
2353 2434 2562 2490 laudes
2587 2436 2816 2493 Christo
2832 2438 3139 2509 hymnizat
3158 2437 3219 2492 in
3262 2442 3572 2493 aatemum.
3601 2441 3811 2492 Amen.

2218 2528 2363 2579 Acta
2411 2529 2550 2579 sunt
2588 2526 2713 2581 haec
2762 2543 2924 2583 anno
2981 2527 3275 2583 incarnati
3316 2526 3439 2583 Filii
3494 2525 3593 2582 Dei
3655 2529 3813 2590 1045,

2145 2613 2270 2668 ind.
2306 2630 2405 2668 xu.

2218 2706 2308 2757 2'2.
2338 2707 2413 2759 At
2439 2704 2703 2760 Christus
2734 2705 3046 2775 Dominus,
3093 2704 3190 2760 cui
3237 2706 3334 2761 hic
3380 2705 3593 2760 beatus
3628 2705 3815 2761 homo

2145 2790 2399 2846 ﬁdeliter
2431 2792 2735 2851 servierat.
2781 2794 2988 2866 quanti
3021 2794 3186 2867 apud
3217 2812 3279 2849 se
3327 2796 3457 2865 ejus
3504 2794 3813 2850 servitium

2144 2880 2524 2952 penderetur,
2554 2888 2902 2954 quantaque
2936 2884 3096 2939 hunc
3134 2882 3535 2939 remuneratio
3579 2883 3812 2939 ccelitus

2144 2968 2450 3035 exaltaret,
2485 2971 2658 3026 claris
2689 2972 2922 3027 indiciis
2943 2973 3289 3029 mortalium
3304 2973 3526 3028 notitiai
3547 2975 3814 3044 pandere

2145 3057 2429 3125 dignatus
2455 3064 2563 3115 est.
2599 3063 2821 3131 Nempe
2851 3060 2913 3115 in
2929 3076 3090 3132 pago
3121 3062 3429 3117 Vimmaeo
3468 3061 3577 3117 fuit
3601 3061 3815 3117 mulier

2143 3146 2377 3201 habens
2408 3148 2596 3202 ﬁliam
2621 3148 2891 3219 paralysi
2926 3165 3299 3220 percussam,
3342 3164 3481 3222 quae
3524 3150 3599 3206 ad
3632 3165 3814 3205 omne

2144 3251 2300 3305 opus
2331 3235 2611 3289 inhabilis
2642 3237 2895 3303 grabato
2918 3238 3283 3293 moribunda
3312 3240 3647 3295 tenebatur.
3682 3242 3815 3295 Bac

2144 3329 2453 3393 comperta
2484 3324 2642 3379 beati
2695 3324 2933 3379 abbatis
2975 3326 3338 3393 Angelranni
3377 3329 3709 3393 sanctitate,
3762 3332 3818 3383 et

2144 3413 2283 3467 ﬁdei
2312 3414 2539 3467 fervore
2572 3429 2881 3482 succensa,
2916 3414 3245 3485 salutisque
3273 3416 3408 3469 ﬁliae
3458 3419 3705 3489 cupida,
3740 3417 3817 3473 ad

2146 3503 2421 3559 tumbam
2450 3504 2579 3571 ejus
2609 3520 2746 3557 cum
2779 3503 3029 3558 candela
3050 3504 3215 3559 illam
3244 3504 3509 3560 deduxit.
3540 3507 3818 3582 Cumque

2144 3593 2279 3664 ipsa
2306 3598 2530 3661 aegrota
2578 3594 2853 3664 sepulcro
2897 3594 3158 3649 hominis
3206 3596 3303 3650 Dei
3348 3595 3665 3651 candelam
3712 3598 3817 3653 de-

2143 3687 2281 3737 vote
2310 3682 2646 3746 o‘ntulisset,
2691 3683 2840 3736 sedit
2865 3684 3037 3752 juxta
3078 3685 3441 3756 sepulcrum,
3491 3691 3548 3740 et
3597 3702 3817 3743 somno

2143 3771 2459 3845 paululum
2519 3771 2783 3827 indulsit.
2846 3773 3064 3828 Deinde
3132 3775 3422 3843 evigilans
3495 3776 3817 3833 sanissima

2143 3859 2433 3925 redditur,
2465 3865 2522 3915 et
2551 3860 2893 3916 videntibus
2918 3862 3195 3917 fratribus
3212 3864 3577 3930 monasterii,
3604 3866 3817 3920 Deum-

2144 3965 2263 4022 que
2290 3949 2679 4005 laudantibus
2712 3950 2790 4005 ad
2812 3951 3013 4006 villam
3044 3952 3205 4006 unde
3232 3958 3495 4020 venerat,
3514 3951 3815 4021 vocabulo

2148 4038 2466 4095 Filcharias
2497 4040 2630 4110 (te),
2663 4040 2918 4112 propriis
2946 4041 3190 4095 sedibus
3219 4042 3489 4098 alacriter
3509 4059 3646 4100 cum
3670 4058 3815 4113 gau-

2146 4129 2253 4184 dio
2276 4129 2467 4195 rediit,
2501 4129 2786 4184 omnibus
2816 4131 3182 4185 annuntians
3220 4136 3449 4204 quanta
3499 4132 3610 4188 sibi
3657 4134 3814 4188 Deus

2146 4233 2253 4289 per
2281 4217 2531 4273 beatum
2559 4218 3009 4285 Angelrannum
3036 4220 3319 4275 abbatem
3351 4221 3599 4277 fecisset.
3623 4222 3812 4278 Guide

2147 4305 2326 4376 igitur
2355 4310 2496 4361 tunc
2535 4308 2957 4365 Ambianensis
3009 4310 3278 4365 Ecclesiae
3328 4311 3810 4377 archidiaconus,

2146 4400 2360 4467 postea
2389 4396 2662 4465 ejusdem
2694 4398 2852 4453 sedis
2879 4400 3223 4472 episcopus,
3266 4402 3373 4473 qui
3418 4402 3573 4456 illius
3622 4401 3813 4457 fuerat

2145 4484 2209 4539 in
2240 4484 2438 4540 studio
2464 4485 2793 4543 litterarum
2823 4488 3152 4561 discipulus
3184 4492 3319 4563 (t7),
3352 4490 3455 4547 tali
3484 4492 3614 4561 ejus
3653 4496 3811 4547 tum-

2146 4573 2292 4630 bam
2322 4575 2631 4647 epitaphio
2658 4576 2963 4632 decoravit
2995 4597 3005 4633 :

2147 4699 2325 4768 Quem
2360 4701 2501 4772 tegit
2531 4702 2626 4757 hic
2650 4706 2939 4775 tumulus,
2959 4706 3309 4762 lectissimus
3334 4708 3371 4761 Α
3389 4706 3806 4780 ngelz‘rannus,

2216 4788 2416 4859 Hujus
2444 4791 2698 4845 cmzobz‘z’
2716 4799 2927 4860 pastor
2951 4799 3004 4848 et
3036 4794 3188 4849 abba
3218 4794 3381 4864 fuit:

2140 4879 2285 4933 Dux
2303 4879 2499 4948 gregis
2527 4880 2825 4950 Ecclesia),
2852 4884 3209 4938 monachum
3233 4900 3359 4952 spes
3390 4885 3619 4953 inclyta
3653 4888 3804 4955 vitae,

2227 4970 2406 5035 Vixit,
2437 4974 2493 5024 et
2521 4970 2585 5024 in
2615 4972 2838 5027 mundo
2870 4974 3127 5029 vitandus
3154 4979 3212 5029 et
3241 4976 3302 5030 in
3334 4975 3604 5031 Domino.

2212 5097 2301 5149 23.
2351 5092 2459 5159 Qui
2496 5094 2676 5164 igitur
2718 5112 2895 5153 nosse
2946 5098 3067 5154 vult
3119 5104 3359 5171 quantae
3411 5116 3597 5173 penes
3649 5102 3803 5158 hunc

2144 5187 2423 5238 sanctum
2452 5182 2653 5239 locum
2680 5185 2856 5241 fuerit
2880 5187 3162 5254 utilitatis,
3202 5188 3528 5245 versiculos
3578 5190 3803 5245 intuea-

2141 5275 2255 5339 tur,
2285 5272 2390 5345 qui
2415 5273 2489 5328 de
2519 5274 2753 5337 eodem,
2788 5280 2850 5331 ut
2878 5277 3099 5349 posteri
3151 5278 3371 5334 scirent
3411 5284 3469 5334 et
3510 5279 3802 5336 imitaren-

2144 5365 2238 5417 tur
2266 5362 2545 5434 descripti
2579 5370 2718 5421 sunt
2746 5366 2843 5421 tali
2870 5372 3115 5423 tenore-z

2141 5469 2315 5526 Abba
2343 5471 2775 5541 Angelrmws
2809 5476 3004 5531 loculo
3034 5492 3166 5548 quae
3188 5479 3460 5546 paucula
3490 5485 3694 5534 noser

2144 5596 2429 5678 Historiae,
2464 5608 2595 5669 cap.
2622 5603 2793 5678 liget
2832 5602 3388 5678 ordericusVitalis
3416 5604 3569 5660 libre
3592 5621 3675 5678 in,
3702 5603 3795 5661 ubi

2143 5671 2541 5742 aiuntgipsum
2585 5671 2845 5727 edidisse
2899 5673 3120 5730 librum
3165 5676 3401 5732 heroico
3432 5671 3698 5733 carmine
3726 5678 3792 5731 De

2143 5740 2529 5812 expeditius.
2551 5742 2843 5801 Guillelnli
2870 5748 3314 5819 (Ionquwstoris
3342 5747 3404 5806 il
3432 5748 3728 5820 Angliam.
