3836 6440
366 296 501 349 1423

1409 286 1853 344 ANGELRANNI
1892 279 2190 337 ABBATIS
2227 280 2716 341 CENTULENSIS.
3703 256 3819 332 ua;

375 404 3793 436 MM

1441 538 2090 661 INCIPIT
2156 496 2164 513 ’
2235 540 2685 661 VITA.

362 784 485 839 Vita
515 785 694 841 Patris
724 784 911 840 sancti
940 800 1116 840 versu
1144 784 1443 855 descripta
1471 781 1721 848 Richari,

432 872 620 943 Ipsius
645 871 904 927 famulus
932 888 1117 944 quam
1148 870 1258 926 sibi
1289 870 1624 942 composuit

361 958 530 1014 Abba
562 959 990 1029 lngelramnus,
1022 975 1257 1015 necnon
1283 957 1572 1015 miracula
1601 957 1775 1030 plura

429 1048 553 1103 Vita
592 1054 722 1104 acta
748 1048 927 1118 gessit
948 1065 1081 1121 quae
1106 1065 1213 1120 per
1241 1064 1377 1103 eum
1408 1046 1718 1103 Dominus.

360 1136 571 1205 Solers,
603 1153 638 1191 ο
667 1137 867 1203 lector,
900 1137 1178 1209 quamvis
1209 1137 1325 1192 sint
1352 1136 1650 1192 schemate
1670 1132 1794 1202 vili,

432 1227 509 1280 Ne
539 1226 735 1296 pigeat
763 1229 998 1281 nostros
1023 1224 1345 1281 versiculos
1371 1225 1585 1295 legere.

360 1312 614 1368 Plurima
642 1314 978 1385 perpendes
1003 1314 1216 1369 fuerint
1240 1330 1373 1386 quae
1402 1314 1586 1382 digna
1612 1309 1862 1382 ﬂagellis
1888 1325 1901 1362 :

430 1405 703 1458 Attamen
734 1403 873 1458 utile
905 1403 963 1457 in
987 1404 1079 1458 his
1108 1404 1369 1458 invenies
1403 1402 1646 1474 aliquid.

360 1493 506 1546 Cum
533 1492 742 1547 vitium
763 1508 1076 1561 agnosces,
1105 1492 1231 1564 ipse
1256 1492 1577 1547 emendare
1607 1492 1928 1555 memento,

431 1579 571 1635 Utile
600 1584 895 1652 pertracta
915 1596 1036 1652 quo
1066 1580 1223 1635 utilis
1253 1580 1379 1651 ipse
1405 1580 1537 1635 ﬁas.

361 1667 624 1736 ingenito
656 1667 828 1733 Patri,
857 1668 1065 1735 genitae
1093 1666 1165 1721 sit
1194 1667 1384 1736 gloria
1413 1666 1581 1733 Proli,

433 1752 513 1808 Sit
538 1757 743 1809 sancto
765 1754 1086 1809 amborum
1112 1754 1300 1824 gloria
1333 1754 1588 1826 Spiritui.

474 1856 848 1896 INGELRAMNUS
888 1857 1289 1897 SCHOLASTICI'S
1330 1857 1603 1897 FULBERTO
1642 1855 1901 1895 EPISCOPO

426 1930 589 1984 Dono
621 1930 797 1985 totius
824 1930 1172 2001 prudentiae,
1205 1930 1419 1986 divinae
1451 1930 1668 1985 scilicet
1692 1933 1868 2000 atque
1892 1928 1999 1983 hu-

358 2033 572 2084 manae,
592 2018 861 2074 debriato
877 2017 1231 2074 sufﬁcienter
1248 2024 1304 2074 et
1325 2020 1539 2084 sobrie,
1560 2021 1844 2074 FULBERTO
1855 2034 1995 2090 prae,

2040 780 2087 831 A
2115 776 2360 835 ferenda
2388 780 2777 848 occultamus,
2810 782 2902 837 his
2932 798 3071 854 quae
3102 798 3266 854 opus
3298 786 3465 837 sunt
3529 780 3691 836 scire
3743 798 3800 836 ca-

2108 882 2364 949 reamus.
2401 869 2571 934 Quod
2597 870 2806 925 vitium
2836 870 3259 926 taciturnitatis
3311 868 3696 926 formidans
3748 872 3800 925 in-

2110 973 2363 1025 currere,
2396 975 2517 1014 non
2534 975 2737 1031 parvee
2768 960 3033 1015 materiae
3056 959 3210 1015 mihi
3225 959 3511 1031 pondus
3539 958 3801 1033 imposu‘.

2111 1044 2383 1101 videlicet
2412 1046 2601 1102 Vitam
2635 1049 2689 1103 S.
2724 1047 2979 1103 Richarii
3012 1047 3378 1103 describere
3428 1048 3702 1103 metrice
3729 1068 3739 1102 :
3766 1050 3800 1103 in

2110 1150 2233 1206 qua
2255 1136 2565 1207 quomodo
2588 1135 2780 1192 fuerat
2808 1137 2967 1192 edita
2994 1137 3306 1193 rhetorico
3332 1137 3520 1209 stylo
3578 1136 3800 1205 diliget.~

2110 1227 2197 1280 ter
2251 1228 2308 1279 et
2330 1223 2546 1296 lucide,
2578 1225 2725 1281 nihil
2762 1225 2982 1281 addere
3031 1225 3129 1281 vel
3192 1226 3504 1281 minuere
3567 1224 3798 1281 decrevi,

2110 1317 2298 1369 metro
2327 1313 2621 1369 duntaxat
2649 1315 2953 1387 scriptoris
2983 1315 3146 1371 dicta
3195 1315 3610 1388 rependens.
3663 1318 3800 1380 Quod

2109 1408 2175 1456 ut
2203 1401 2479 1469 facerem,
2513 1417 2637 1457 non
2662 1418 2757 1457 me
2778 1401 3047 1471 ﬁngendi
3079 1418 3247 1458 nova
3282 1402 3688 1458 constrinxit
3725 1405 3801 1458 im-

2109 1489 2493 1561 possibilitas,
2546 1506 2755 1545 verum
2804 1491 3103 1562 persuasit
3155 1491 3440 1547 imitatio
3540 1493 3803 1547 carminis

2108 1579 2494 1650 quorundam
2510 1578 2942 1634 venerabilium
2961 1596 3035 1635 ex
3066 1579 3409 1635 Divinitate
3425 1582 3799 1636 canentium:

2108 1668 2211 1740 qui
2239 1668 2594 1739 refugientes
2619 1668 2695 1724 ad
2726 1668 3101 1724 inventiones
3132 1684 3366 1737 novas,
3404 1686 3624 1725 sacrae
3683 1673 3800 1726 Scri-

2104 1761 2291 1830 pturaz
2323 1757 2665 1829 simpliciter
2688 1760 3194 1829 reprmsentavere
3239 1758 3642 1814 sententias.
3676 1761 3799 1823 Quo

2106 1857 2241 1896 rum
2270 1841 2441 1897 labor
2463 1856 2597 1896 meo
2613 1840 2839 1910 judicio
2860 1855 3258 1912 nequaquam
3287 1841 3724 1914 deputandus
3738 1854 3799 1897 est

2107 1946 2285 2003 super
2313 1930 2573 1986 alienum
2603 1928 3067 1984 fundamentum
3092 1929 3465 1998 aediﬁcatio,
3531 1931 3648 1985 sed
3696 1948 3795 1985 ma-

2105 2019 2193 2088 gis
2223 2018 2559 2073 divinorum
2599 2016 3028 2072 miraculorum
3064 2015 3564 2074 ofﬁciosissime.
3621 2020 3797 2074 recita-

357 2105 579 2177 ceptori
607 2110 662 2162 et
686 2106 931 2162 domino
972 2111 1373 2175 INGELRAMNL'S,
1428 2109 1759 2163 monachus
1810 2107 1996 2179 ipsius
2034 2111 2075 2165 Β
2104 2108 2204 2164 tio.
2236 2107 2490 2176 Singulis
2511 2106 2689 2175 igitur
2715 2105 3795 2181 principiisquatuorlibrorumquo:

359 2193 848 2249 scholasticorum
877 2194 1216 2263 vilissimus,
1249 2196 1327 2250 ad
1351 2212 1537 2267 quam
1567 2210 1851 2250 vocamur
1900 2194 1993 2249 Di-

357 2280 614 2336 vinitatis
644 2282 1059 2352 cognitionem.

431 2370 617 2439 Super
644 2373 845 2424 nostro
868 2369 1131 2441 profectr
1166 2385 1347 2441 quem
1377 2369 1637 2441 amplius
1659 2374 1712 2425 te
1734 2370 1994 2440 gaudere

357 2460 646 2527 oporteat,
676 2457 779 2528 qui
804 2457 978 2512 nobis
1007 2462 1073 2511 ut
1101 2458 1523 2527 aggrediamur
1576 2458 1845 2528 grandia,
1886 2475 1992 2531 pa-

357 2548 523 2599 terno
600 2544 813 2599 affectu
908 2544 1362 2601 sollicitudinem
1460 2546 1802 2618 impendere
1871 2560 1993 2601 non

357 2631 600 2687 cessas?
652 2635 765 2686 Nos
817 2637 1017 2687 tamen
1072 2632 1253 2687 dediti
1310 2632 1579 2704 pigritiae,
1640 2633 1805 2706 quod
1854 2633 1994 2689 utile

357 2720 659 2792 sapiamus
738 2720 982 2792 aliquid,
1035 2721 1281 2776 vixdum
1352 2722 1623 2776 valemus
1698 2737 1990 2793 promere.

359 2808 519 2863 Unde
548 2807 613 2864 ﬁt
668 2812 730 2863 ut
774 2809 917 2881 quia
937 2813 1001 2864 ut
1046 2809 1304 2864 lucretur
1343 2810 1631 2865 talentum
1660 2811 1993 2882 expendere

355 2896 656 2961 nolumus,
715 2896 939 2952 nedum
1006 2913 1343 2952 mereamur
1393 2898 1598 2954 audire
1669 2899 1837 2969 Euge
1891 2900 1995 2954 de-

355 2982 643 3049 lectabile,
702 3001 840 3040 cum
893 2985 1081 3040 inutili
1134 3001 1299 3040 servo
1339 2986 1610 3041 subimus
1639 2987 1863 3041 damna
1891 2987 1994 3042 de-

358 3071 531 3126 fossae
589 3073 875 3144 pecuniae.
939 3073 1158 3128 Nostris
1208 3073 1464 3145 denique
1518 3074 1707 3146 culpis
1765 3091 1997 3146 prome-

355 3159 622 3215 rentibus
643 3160 853 3228 agitur,
885 3161 1049 3231 quod
1069 3160 1430 3231 praepeditus
1450 3161 1721 3231 pluribus
1741 3163 1993 3231 negotiis

356 3245 557 3301 minus
579 3249 633 3301 te
686 3247 913 3318 praebes
961 3247 1175 3301 nostris
1232 3248 1587 3318 aspectibus.
1640 3252 1765 3314 Qua
1817 3249 1877 3304 in
1932 3267 1995 3305 re

355 3334 489 3391 licet
512 3339 629 3390 tuae
659 3336 981 3392 sanctitatis
1012 3352 1134 3391 non
1163 3336 1466 3391 minuatur
1506 3338 1857 3403 constantia,
1885 3354 1993 3395 no-

356 3428 479 3480 stra
506 3428 707 3480 tamen
731 3426 891 3495 juste
918 3426 1161 3497 punitur
1197 3426 1559 3495 negligentia
1592 3444 1605 3480 :
1639 3431 1702 3483 ut
1729 3428 1832 3500 qui
1862 3444 1995 3501 pro-

2101 2196 2278 2263 edidi,
2313 2194 2578 2263 singulos
2608 2192 2890 2265 prologos
2916 2192 3161 2261 inserui,
3211 2193 3299 2248 ob
3332 2194 3469 2250 hoc
3522 2195 3723 2251 solum
3749 2206 3791 2249 ut

2100 2285 2161 2340 in
2186 2284 2278 2338 his
2302 2282 2668 2356 postularem
2699 2280 2940 2336 veniam
2971 2281 3119 2335 mihi
3147 2286 3359 2354 poetae
3406 2300 3619 2346 novo.
3677 2302 3790 2339 cum

2100 2371 2503 2427 invenirentur
2548 2368 2737 2424 multa
2788 2385 2924 2441 qua:
2972 2373 3230 2440 possent
3291 2370 3612 2427 adnotari
3656 2373 3788 2427 vitio.

2102 2460 2275 2526 Quod
2302 2457 2659 2531 opusculum
2688 2456 2831 2529 quia
2859 2462 2964 2512 tua
2991 2456 3205 2512 labore
3230 2457 3526 2514 faciente
3590 2462 3789 2516 contin.

2100 2548 2179 2614 xi,
2212 2552 2325 2602 tua;
2352 2544 2698 2601 correctioni
2727 2544 2940 2599 devovi
2972 2563 2986 2611 ;
3019 2560 3222 2616 neque
3256 2545 3324 2600 id
3374 2562 3625 2619 passus
3683 2566 3788 2603 sum

2102 2635 2361 2708 proferre
2381 2633 2604 2706 palam,
2634 2632 2826 2687 donec
2858 2632 2941 2687 tui
2989 2632 3217 2688 favoris
3270 2633 3669 2705 dignaretur
3704 2638 3788 2692 cie

2102 2723 2340 2779 mentia.
2374 2725 2525 2792 Ergo
2551 2736 2772 2775 munus
2798 2720 3070 2775 oblatum
3101 2721 3437 2794 suscipere
3466 2740 3555 2780 ne
3590 2742 3786 2781 renue:

2102 2827 2277 2866 aures
2303 2809 2433 2882 pias
2458 2808 2643 2863 inutili
2672 2807 2921 2862 carmiii
2964 2809 3381 2866 commodare
3438 2827 3528 2867 ne
3592 2813 3786 2881 refuge.

2101 2904 2166 2956 ut
2190 2899 2250 2955 in
2274 2900 2388 2954 hoc
2404 2898 2581 2952 etiam
2611 2895 2806 2951 laudis
2822 2900 2936 2950 ture
2958 2896 3251 2951 cumulus
3270 2908 3640 2969 accrescat,
3669 2902 3785 2955 dum

2101 2988 2299 3044 futura
2327 2986 2557 3042 noverit
2586 2991 2727 3040 aetas
2757 2983 3043 3039 habuisse
3071 2990 3126 3039 te
3147 2985 3526 3058 discipulos
3554 2990 3782 3061 alicujus

2103 3075 2363 3132 utilitatis
2386 3075 2653 3129 idoneos.
2683 3072 2851 3135 Quod
2901 3072 2950 3126 si
3009 3072 3357 3144 impetrare
3422 3094 3696 3146 mereor,
3742 3078 3782 3132 id

2100 3163 2320 3232 negotii
2348 3160 2562 3217 nostris
2591 3158 3074 3215 conscholasticis
3094 3162 3345 3217 manda
3379 3180 3393 3216 :
3426 3168 3781 3221 suntetenim

2102 3252 2267 3322 digni
2295 3250 2529 3306 illorum
2576 3247 2847 3321 quidam,
2905 3263 3177 3319 quorum
3239 3254 3623 3310 auctoritati
3668 3270 3785 3325 pm

2102 3340 2313 3397 beatur
2343 3337 2676 3393 credulitas.

369 3617 3786 3654 Μ

1257 3783 1835 3874 PROLOGUS
1961 3716 2841 3875 PBOPOSITIONIS.

355 4011 647 4082 Expendit
667 4010 897 4082 quoties
926 4013 1159 4069 devotio
1196 4014 1675 4073 Christicolarum

356 4102 422 4152 In
452 4096 667 4152 sanctis
693 4096 901 4153 laudes
935 4116 947 4152 :
976 4100 1110 4171 quis
1139 4100 1415 4156 laudatur
1442 4104 1553 4158 nisi
1578 4105 1839 4161 Christus
1864 4107 1892 4161 ‘I

356 4187 577 4256 Nempe
606 4183 753 4256 quid
780 4184 966 4257 ipsius
990 4187 1151 4242 dono
1180 4187 1367 4244 fecere
1396 4190 1659 4246 refertur.

355 4273 762 4328 Ecclesiastica
790 4273 919 4329 laus
949 4282 1315 4349 quapropter
1348 4279 1679 4335 continuari

352 4361 554 4427 Debet,
578 4366 634 4416 et
664 4362 939 4417 assiduus
966 4362 1093 4419 ﬁeri
1121 4370 1445 4420 concentus
1475 4366 1535 4421 in
1565 4368 1826 4438 hymnis,

355 4452 480 4503 Non
511 4453 742 4504 tantum
768 4450 950 4518 vocis,
983 4468 1191 4507 verum
1214 4453 1623 4511 modulamine
1651 4457 1868 4513 cordis.

354 4536 490 4591 Haec
515 4537 795 4609 equidem
820 4540 1071 4596 Domino
1084 4541 1423 4613 sanctisque
1438 4542 1671 4614 placere
1688 4546 1992 4617 probatur.

357 4625 498 4680 Utile
528 4630 808 4697 praeterea
838 4632 1182 4684 sanctorum
1210 4630 1463 4686 scribere
1483 4638 1666 4703 gesta.

354 4716 621 4785 Namque
650 4714 961 4771 beatorum
991 4716 1139 4772 dum
1168 4718 1375 4774 transit
1403 4720 1522 4776 vita
1548 4738 1653 4793 per
1682 4738 1856 4778 aures

355 4802 703 4873 Corporeas,
736 4802 973 4858 animus
1001 4804 1202 4860 divino
1228 4806 1485 4862 ardescit
1509 4825 1733 4875 amore,

354 4892 436 4942 Ac
468 4906 527 4943 se
554 4888 824 4960 deposito
855 4896 1193 4948 consortem
1232 4895 1488 4964 tegmine
1520 4896 1715 4951 carnis

353 4979 620 5048 Exoptat,
653 4994 912 5049 quorum
942 4981 1191 5036 miratur
1214 4981 1412 5038 lucida
1440 4983 1615 5039 facta.

423 5065 613 5119 Vitam
639 5066 890 5120 Richarii
916 5075 1279 5141 quapropter
1306 5070 1559 5125 scribere
1591 5071 1778 5125 sancti

354 5153 678 5221 Aggredior
707 5160 917 5224 metro,
944 5172 1065 5227 quo
1097 5156 1177 5211 illi
1205 5158 1308 5230 qui
1338 5159 1600 5213 carmine
1632 5158 1893 5227 gaudent

356 5238 519 5293 Hanc
546 5241 805 5296 habeant
830 5258 841 5295 :
875 5258 1116 5313 prosam
1146 5261 1299 5316 quos
1321 5245 1458 5316 plus
1479 5245 1729 5300 delectat
1754 5247 1993 5318 habere,

358 5325 522 5379 Illam
549 5343 729 5397 quam
763 5331 945 5385 nostri
966 5333 1275 5403 quondam
1308 5333 1495 5388 fecere
1521 5334 1769 5406 priores.

426 5415 540 5465 Nec
565 5416 757 5470 solum
787 5419 1042 5474 scribam
1069 5422 1273 5477 vivens
1301 5437 1435 5493 quae
1466 5424 1616 5478 mira
1645 5425 1886 5494 peregit.

358 5499 508 5560 Quin
538 5498 713 5553 etiam
742 5510 1057 5575 postquam
1085 5510 1330 5579 projecit
1356 5511 1624 5581 pondera
1651 5511 1862 5579 carnis,

2027 4021 2068 4072 C
2100 4022 2300 4088 Longo
2330 4017 2435 4072 sed
2458 4017 2648 4089 spatio
2679 4016 2868 4072 sancti
2895 4017 3089 4073 caruit
3112 4018 3269 4090 quia
3302 4021 3678 4081 claustrum

2107 4107 2471 4178 Scriptorum
2501 4105 2697 4160 studio
2721 4122 2733 4172 ;
2762 4105 3045 4176 quamvis
3064 4107 3374 4178 perplura
3404 4117 3736 4182 patrasset.

2104 4199 2184 4250 Ac
2214 4194 2262 4249 si
2286 4209 2406 4249 non
2441 4193 2678 4262 fuerint,
2701 4192 2951 4248 omnino
2981 4193 3143 4250 facta
3175 4195 3481 4255 silentur.

2104 4286 2176 4339 At
2192 4286 2515 4356 postquam
2544 4281 2763 4351 ingenii
2793 4281 2983 4337 nostri
3010 4282 3277 4341 scintilla
3307 4286 3580 4353 reluxit,

2106 4372 2301 4427 Gratia
2327 4372 2513 4443 quam
2546 4370 2779 4427 Domini
2808 4371 3208 4428 succenderat
3247 4376 3741 4449 omnipotentis,

2104 4463 2306 4515 Pastor
2332 4459 2614 4531 praefatus
2652 4458 2789 4514 fecit
2817 4459 3111 4515 miracula
3151 4461 3200 4516 si
3230 4478 3394 4534 qua.

2102 4550 2277 4604 Juxta
2304 4548 2469 4620 quod
2495 4548 2683 4620 potui,
2708 4547 2913 4603 curavi
2944 4549 3183 4605 tradere
3205 4550 3481 4610 chartis.

2103 4636 2372 4692 Pondera
2409 4640 2466 4692 et
2493 4640 2557 4691 ut
2580 4635 2763 4691 nostri
2793 4635 3008 4691 ﬁerent
3036 4639 3283 4709 majora
3314 4639 3556 4712 libelli,

2105 4726 2241 4780 Haec
2270 4724 2380 4780 illis
2404 4724 2575 4794 junxi
2607 4741 2741 4796 quae
2767 4723 3073 4780 industria
3105 4726 3317 4798 prisca
3350 4734 3643 4791 notavit.

2105 4816 2217 4868 Nec
2247 4811 2502 4884 cupidus
2538 4811 2731 4868 laudis
2759 4812 2953 4881 (mens
2982 4818 3071 4868 est
3100 4814 3255 4869 mihi
3294 4822 3584 4878 conscia
3642 4824 3789 4878 testu

2104 4903 2222 4956 Hoc
2251 4916 2403 4973 opus
2422 4900 2641 4971 incoepi
2672 4917 2685 4954 :
2718 4900 2970 4972 cupiens
3000 4901 3107 4956 sed
3136 4902 3294 4958 scire
3332 4903 3609 4965 futuros

2104 4991 2406 5044 Pastorem
2437 4994 2707 5044 nostrum
2739 4988 2883 5044 tales
2914 4988 3209 5046 habuisse
3238 4992 3545 5067 clientes,

2105 5075 2235 5144 Qui,
2266 5076 2373 5131 etsi
2398 5076 2760 5148 imperfecte,
2788 5082 3120 5148 sapuerunt
3148 5077 3377 5136 ludere
3417 5100 3643 5143 versu.

2177 5163 2290 5218 Sed
2312 5168 2425 5218 tres
2454 5164 2702 5235 antiquo
2732 5164 2876 5236 quia
2905 5170 3048 5220 sunt
3074 5166 3135 5221 in
3170 5168 3401 5225 codice
3436 5172 3595 5230 libri
3616 5182 3743 5242 (18:.

2104 5251 2271 5306 Hunc
2288 5268 2606 5309 numerum
2619 5258 2873 5308 metrum
2888 5255 3202 5310 contendit
3210 5257 3501 5317 reddere
3514 5270 3784 5320 nostrum:

2036 5364 2078 5419 ι)
2107 5341 2263 5404 Quas
2290 5341 2467 5396 etiam
2494 5348 2683 5398 metas
2709 5341 2791 5397 illi
2823 5348 3160 5398 noscuntur
3198 5345 3480 5417 habere,

2104 5431 2185 5484 Me
2214 5430 2356 5485 dare
2378 5431 2656 5487 constitui
2675 5448 2830 5503 quos
2860 5447 2995 5486 sum
3026 5433 3389 5505 scripturus
3413 5447 3481 5496 et
3512 5442 3687 5516 ipsis.

2104 5522 2346 5591 Insuper
2377 5536 2446 5575 ex
2480 5520 2679 5575 multis
2709 5535 3057 5577 memorans
3086 5523 3414 5585 miracula
3446 5547 3685 5604 pauca,

429 5670 543 5737 (18)
583 5668 866 5727 Nimirum
893 5675 1040 5732 liber
1068 5682 1205 5738 Vitae
1228 5682 1305 5738 ab
1336 5684 1606 5752 Alcuino,
1636 5689 1692 5740 et
1722 5685 1842 5742 duo
1855 5687 1989 5746 libri
2007 5687 2444 5765 Miraculorum,
2475 5694 2553 5751 ab
2584 5711 2893 5769 anonymo
2922 5695 3087 5752 editi.
