3836 6440
85 316 111 365 1
124 314 231 365 425
1496 299 1600 356 VIT

1998 307 2124 359 tRll.
3379 309 3513 362 1426

75 437 230 500 Qum
262 431 451 487 sancti
481 428 706 485 meritis
731 429 946 484 nostris
973 435 1112 485 sunt
1141 435 1312 498 gesta
1332 431 1564 498 diebus,
1787 431 1832 481 Α
1855 427 1919 482 In
1946 429 2142 485 studio
2167 434 2389 485 memet
2417 432 2605 485 fateor
2635 446 2774 484 cum
2805 429 3030 498 tingere
3069 429 3245 500 coepi,

75 521 420 592 Aggredior
445 519 665 574 librum
688 519 929 591 reliquis
979 520 1386 592 superaddere
1441 524 1742 592 quartum.
1859 519 2080 573 Ternos
2114 534 2414 575 annorum
2446 518 2720 573 nondum
2749 517 3094 589 implevisse
3115 518 3350 572 dierum
3383 519 3514 589 (l9).

78 617 215 668 Non
247 610 403 664 bene
426 608 791 680 compositos
812 612 975 664 notet
1013 613 1069 664 et
1093 624 1167 663 ne
1199 609 1346 664 forte
1370 609 1506 680 quis
1523 608 1674 676 illos,

1029 968 1640 1063 PROLOGUS
1745 974 1859 1062 IN
1866 975 2398 1066 VOCATION
2413 980 2541 1066 IS.

75 1231 306 1284 Auctor
331 1236 633 1303 perpetuae
654 1229 803 1284 lucis
825 1229 1068 1298 largitor
1097 1234 1152 1284 et
1187 1228 1388 1294 index,
1857 1229 2113 1284 Moribus
2144 1231 2204 1285 in
2235 1232 2452 1286 sanctis
2478 1231 2805 1304 permansit
2834 1229 3093 1300 denique
3130 1227 3438 1291 constans,

73 1321 391 1374 Aiternum
433 1319 534 1374 tibi
565 1319 670 1391 qui
694 1322 906 1373 Natum
935 1317 1233 1387 ingenitus
1252 1316 1531 1386 genuisti,
1858 1320 1926 1372 Ut
1953 1318 2141 1373 laicus
2167 1321 2297 1376 vitae
2330 1326 2554 1390 gereret
2580 1320 2877 1392 prmsagia
2907 1321 3147 1373 sanctae.

74 1409 190 1462 Per
215 1424 400 1479 quem
431 1407 616 1464 fecisti
646 1406 943 1479 quidquid
971 1405 1237 1461 subsistit
1261 1405 1322 1460 in
1343 1405 1508 1475 orbe,
1857 1411 1920 1462 ll.
1954 1410 2231 1479 Arripuit
2259 1413 2472 1468 callem
2527 1411 2738 1482 quibus
2791 1407 3194 1465 erudientibus
3249 1407 3506 1459 arcium.

75 1496 422 1552 Perlustras
455 1502 644 1552 totum
671 1500 877 1551 sancto
906 1495 1011 1567 qui
1044 1495 1303 1550 Flamine
1353 1493 1673 1558 mundum,
1855 1499 2015 1552 Tunc
2042 1504 2098 1553 et
2128 1500 2408 1555 Pontivus
2434 1499 2650 1555 meruit
2681 1497 3093 1570 splendescere
3138 1507 3332 1565 pagus

74 1589 274 1652 Quem
309 1587 562 1643 credunt
587 1586 782 1642 cuncti
810 1586 1017 1640 retinet
1047 1601 1200 1656 quos
1231 1584 1378 1639 ordo
1432 1582 1624 1639 ﬁdelis
1659 1601 1671 1649 ;
1858 1589 2021 1642 Forte
2055 1590 2433 1645 sacerdotum
2462 1589 2706 1645 radians
2743 1587 2969 1658 fulgore
3025 1585 3286 1640 duorum
3315 1600 3326 1636 :

75 1676 177 1730 Sic
205 1691 605 1748 personarum
637 1674 980 1728 distinctum
1001 1672 1245 1727 nomine
1278 1677 1463 1736 terno,
1857 1680 2082 1732 Nomen
2109 1679 2356 1748 majoris
2378 1695 2637 1750 quorum
2667 1678 2858 1732 fuerat
2890 1679 3184 1742 Cmnocus,

75 1763 349 1834 Simplex
378 1769 438 1818 ut
472 1763 662 1818 Deitas
697 1766 936 1816 maneat
967 1761 1071 1816 tibi
1100 1777 1338 1833 semper
1369 1765 1422 1815 et
1473 1775 1591 1815 una
1625 1777 1636 1825 ;
1857 1766 2136 1836 Egregios
2164 1767 2386 1822 meritis
2415 1785 2569 1839 quos
2601 1766 2762 1821 misit
2785 1765 3061 1819 Hibernia
3095 1763 3290 1818 nobis.

73 1856 374 1908 Monstras
402 1852 664 1922 antiquis
692 1851 890 1922 typica
915 1851 1018 1921 qui
1049 1850 1177 1917 lege
1204 1849 1392 1904 beatis
1787 1870 1828 1924 Β
1860 1857 1941 1908 Ex
1969 1854 2115 1925 ipsis
2142 1855 2406 1927 populus
2435 1861 2704 1911 temnens
2733 1855 2937 1910 audire
2971 1853 3244 1918 salutem,

77 1945 233 2006 Quae
259 1945 485 1996 reserat
512 1956 759 1994 sumens
791 1943 962 1993 Jesus
992 1941 1065 1993 de
1091 1939 1320 2007 Virgine
1349 1954 1593 1993 carnem
1629 1957 1641 2004 ;
1856 1947 1982 1998 Non
2012 1945 2218 2016 recipit
2243 1945 2443 2014 digne,
2473 1945 2658 2014 digno
2689 1960 2796 1998 nec
2829 1946 3039 1998 tractat
3060 1943 3307 2006 honore,

76 2031 260 2086 Menti
280 2031 525 2085 infunde
558 2046 707 2084 meae
729 2029 960 2083 donum
993 2028 1227 2083 caeleste
1253 2028 1570 2097 benignuso,
1860 2032 1975 2088 Sed
1995 2033 2190 2102 magis
2222 2049 2256 2088 a
2287 2033 2542 2106 propriis
2570 2033 2748 2104 coepit
2777 2031 3071 2103 depellere
3103 2030 3294 2084 metis.

76 2121 287 2191 Osque
311 2119 470 2190 reple
497 2119 696 2188 laude,
728 2123 792 2173 ut
821 2118 1048 2190 possim
1080 2122 1319 2172 cantare
1369 2117 1646 2172 decenter
1858 2122 2124 2185 Quorum
2155 2122 2412 2177 crudelis
2446 2127 2724 2177 sanctum
2759 2119 3030 2175 violentia
3061 2118 3248 2173 movit

79 2212 234 2274 Quae
267 2224 372 2280 per
405 2207 743 2263 Richarium
775 2207 1007 2276 gessisti
1039 2206 1192 2262 mira
1221 2206 1484 2262 beatum.
1858 2209 2226 2280 Richarium,
2253 2214 2309 2265 et
2334 2211 2526 2280 justos
2547 2210 2788 2282 rapiens
2814 2226 2849 2264 a
2878 2208 3051 2280 plebe
3083 2206 3262 2261 feroci

83 2299 252 2353 Sicut
277 2297 434 2351 enim
459 2312 722 2351 errorem
745 2295 1012 2367 sequitur
1042 2295 1138 2349 cui
1168 2300 1228 2350 tu
1250 2296 1346 2350 via
1386 2311 1508 2350 non
1566 2311 1629 2350 es
1663 2313 1676 2360 ;
1856 2299 2188 2370 Hospitium
2218 2300 2440 2366 tribuit,
2470 2299 2674 2367 tenuit,
2707 2299 2969 2369 fovitque
3020 2295 3301 2364 benigne,

86 2387 184 2442 Sic
215 2387 541 2457 quisquam
565 2385 689 2438 sine
717 2390 766 2438 te
798 2383 1011 2454 poterit
1038 2383 1121 2438 nil
1152 2383 1346 2438 dicere
1377 2384 1450 2438 de
1481 2388 1554 2438 te.
1853 2387 2215 2459 Disponente
2245 2391 2383 2450 Deo,
2412 2405 2536 2460 quo
2563 2388 2934 2443 salvarentur
2965 2385 3218 2455 utrique.

83 2479 242 2530 Voce
266 2475 514 2546 quidem
547 2475 687 2528 novi
713 2478 764 2528 te
792 2474 1237 2528 commonuisse
1263 2473 1570 2545 prOphetae
1859 2479 2309 2549 Succensusque
2339 2478 2442 2532 diu
2469 2477 2674 2531 divino
2703 2476 2928 2530 lumine
2957 2474 3214 2544 lychnus

84 2565 372 2620 Dilatetur
402 2568 466 2618 ut
493 2580 583 2632 os,
610 2563 754 2634 quia
785 2563 862 2617 sis
885 2563 1130 2634 implere
1163 2569 1424 2634 paratus.
1854 2570 1968 2621 Nec
2000 2566 2199 2621 claudi
2227 2566 2431 2635 valuit,
2459 2566 2661 2621 radios
2686 2565 2790 2618 sed
2819 2564 2880 2618 in
2913 2562 3117 2633 ampla
3175 2558 3439 2615 tetendit.

82 2651 179 2704 Ad
207 2651 705 2706 succlamandum
729 2657 1098 2724 quapropter
1130 2667 1402 2723 praeparo
1425 2650 1698 2719 linguam
1732 2667 1743 2704 :
1855 2657 2123 2725 Namque
2149 2654 2494 2725 peregrinos
2522 2658 2845 2725 postquam
2873 2649 3135 2720 suscepit
3178 2647 3238 2702 in
3294 2646 3508 2711 aedem,

83 2743 176 2795 Da
201 2747 437 2809 gustare
458 2741 604 2796 mihi
630 2757 815 2813 quam
851 2741 933 2796 sis
966 2741 1164 2796 bonus
1194 2747 1370 2812 atque
1423 2740 1638 2806 suavis,
1856 2743 2002 2814 Ipsis
2034 2759 2352 2814 corporeos
2380 2747 2654 2815 sumptus
2685 2741 2932 2810 largitur
2965 2740 3042 2794 ab
3061 2737 3208 2809 ipsis

87 2833 162 2885 Ut
193 2830 427 2886 valeam
448 2836 657 2902 pastus
690 2836 853 2886 tanta
884 2830 1200 2886 dulcedine
1223 2830 1477 2884 verbum
1859 2830 2151 2888 Sollicitus
2181 2832 2312 2886 vitae
2335 2832 2577 2904 capiens
2603 2829 2962 2901 compendia
2983 2832 3221 2883 sanctae.

86 2923 367 2974 Eructare
395 2919 650 2989 bonum,
679 2937 892 2975 canere
933 2926 988 2975 et
1007 2919 1315 2988 magnalia
1347 2919 1502 2988 regis
1856 2925 1969 2976 Nec
2003 2921 2172 2976 tellus
2205 2921 2413 2976 sterilis
2434 2920 2699 2993 percepit
2729 2919 2958 2974 semina
2986 2916 3151 2972 verbi
3176 2935 3188 2971 :

88 3012 315 3064 Cuncta
340 3009 752 3077 gubernantis,
783 3009 886 3080 qui
913 3025 1024 3064 nos
1054 3010 1128 3064 de
1159 3009 1329 3064 fauce
1355 3008 1545 3064 leonis
1859 3010 1973 3066 Sed
2003 3011 2186 3065 menti
2207 3010 2472 3080 inseruit,
2504 3009 2699 3066 carnis
2731 3007 2896 3080 quod
2927 3007 3181 3078 sumpsit
3205 3005 3283 3060 ab
3343 3018 3506 3069 aure,

91 3098 313 3169 Eripuit
339 3099 488 3167 tetri,
522 3099 695 3168 cujus
728 3099 944 3170 pietate
979 3098 1157 3153 soluti
1857 3099 2227 3170 Quamplura
2256 3103 2313 3153 et
2334 3098 2542 3155 Christi
2568 3097 2829 3170 portavit
2857 3096 2934 3152 ad
2954 3096 3170 3150 horrea
3202 3107 3410 3163 grana.

89 3190 140 3240 A
160 3187 368 3241 vinclis
397 3188 626 3252 mortis,
658 3188 788 3242 coeli
811 3204 994 3259 super
1023 3193 1180 3242 astra
1200 3187 1491 3242 levamur.
1781 3211 1824 3264 ο
1995 3189 2086 3242 lIl.
2123 3187 2394 3254 Qualiter
2423 3193 2649 3243 exactae
2681 3175 2915 3255 deﬂevit
2941 3184 3196 3239 crimina
3224 3183 3378 3237 vitae.

91 3279 246 3330 Nutu
271 3291 533 3347 namque
567 3282 666 3330 tuo
698 3277 915 3331 ccelum
937 3276 1258 3331 volvuntur
1309 3282 1366 3332 et
1385 3282 1570 3342 astra,
1865 3276 1955 3330 Sic
1981 3291 2224 3347 quoque
2244 3275 2705 3347 magniloquum
2734 3279 2941 3328 sancta
2968 3272 3196 3327 ratione
3252 3270 3515 3324 virorum

90 3364 295 3419 Tendit
325 3363 403 3419 ad
433 3364 552 3419 alta
581 3364 755 3432 ignis,
783 3369 1070 3419 terrarum
1095 3364 1336 3436 pondus
1368 3365 1444 3420 ad
1499 3365 1642 3437 ima,
1864 3364 2214 3436 leestique
2239 3365 2417 3419 simul
2449 3370 2636 3420 tactus
2667 3362 2991 3436 spiramine
3025 3365 3292 3428 sanctus,

91 3455 153 3506 ln
185 3467 352 3506 mare
383 3458 734 3508 cunctarum
768 3469 980 3507 cursus
1025 3452 1262 3508 festinat
1293 3469 1594 3524 aquarum
1629 3473 1640 3508 :
1860 3455 2044 3509 Mente
2074 3453 2174 3525 pia
2205 3454 2460 3524 propriae
2483 3453 2692 3524 pandit
2722 3450 3071 3522 peccamina
3102 3451 3234 3502 vitae
3261 3465 3274 3513 ;

91 3541 304 3596 Omnia
330 3541 556 3596 claudit
584 3542 796 3608 hiems,
825 3541 1138 3597 solvuntur
1163 3547 1220 3596 et
1250 3542 1456 3597 omnia
1485 3558 1640 3609 vere,
1858 3545 2047 3612 Atque
2067 3541 2366 3611 juventuti
2397 3540 2442 3594 si
2467 3540 2612 3611 quid
2640 3539 2852 3594 vitiosa
2880 3537 3156 3608 voluptas

92 3629 331 3684 {Estatis
365 3629 557 3684 fervor
588 3636 881 3685 terrarum
911 3630 1140 3685 semina
1170 3630 1374 3696 siccat,
1858 3628 2177 3684 Contulerit
2203 3629 2416 3700 culpae,
2443 3627 2849 3699 lacrymarum
2877 3623 3124 3679 ﬂumine
3147 3621 3333 3691 tersit,

95 3718 316 3772 Decutit
342 3717 572 3772 arboris
611 3718 838 3773 fructus
871 3723 1198 3773 autumnus
1227 3719 1518 3772 honorem
1557 3735 1568 3772 :
1857 3717 2311 3790 Hospitiumque
2335 3720 2451 3772 Deo
2473 3715 2615 3788 quia
2641 3715 2752 3770 sub
2781 3713 2973 3786 specie
3006 3709 3370 3766 famulorum

90 3807 358 3860 Noscitur
388 3811 569 3877 atque
595 3807 741 3861 Ilth
775 3812 1003 3861 naturae
1028 3808 1088 3861 in
1116 3807 1296 3861 rebus
1337 3807 1566 3873 haberi,
1858 3807 2139 3874 Praestitit,
2173 3807 2358 3879 ipsius
2389 3807 2496 3861 fuit
2525 3823 2560 3862 a
2590 3806 2804 3878 pietate
2834 3806 3126 3873 receptus.

92 3896 258 3960 Quod
290 3900 727 3968 praceptorum
759 3900 1106 3952 contemnat
1129 3897 1300 3966 jussa
1345 3902 1602 3951 tuorum.
1931 3899 2158 3951 Extunc
2188 3896 2441 3968 sumpsit
2461 3895 2620 3950 enim
2648 3893 2978 3967 primordia
3024 3888 3366 3959 relligionis,

89 3987 328 4038 Errores
360 3990 606 4039 cunctos
637 3984 717 4039 da
753 4001 848 4040 me
877 3984 1062 4039 vitare
1085 3985 1354 4053 nocivos,
1859 3989 2010 4043 More
2041 3991 2097 4041 et
2128 3986 2454 4058 apostolico
2482 3990 2852 4058 postponens
2875 3981 3208 4055 posteriora

166 4075 231 4127 Ut
255 4079 472 4144 pateat,
505 4074 657 4129 duce
687 4079 758 4140 te,
797 4089 1036 4145 semper
1067 4074 1211 4129 mihi
1241 4075 1452 4130 semita
1484 4073 1638 4129 vitae.
1858 4075 2182 4130 Prudenter
2209 4091 2336 4130 sese
2362 4074 2634 4147 rapiebat
2662 4073 2723 4128 in
2745 4073 3043 4128 anteriora
3073 4087 3084 4124 :

193 4165 229 4216 l.
265 4163 432 4230 Quod
460 4169 732 4218 sanctum
755 4169 959 4232 patres
998 4169 1336 4232 genuerunt
1364 4164 1646 4233 religiosi.
1859 4163 2267 4236 Versiculique
2293 4180 2527 4220 memor
2554 4162 2880 4218 Psalmistie
2901 4158 3299 4224 vaticinantis,

89 4251 144 4304 Si
179 4250 311 4320 quis
345 4252 709 4305 Francorum
743 4251 1004 4305 studiose
1035 4255 1200 4320 gesta
1230 4251 1498 4322 priorum
1857 4253 1965 4318 Qui
1989 4253 2238 4308 transire
2271 4252 2445 4306 refert
2473 4267 2509 4305 a
2538 4252 2747 4304 virtute
2775 4250 2853 4304 ad
2879 4249 3155 4303 virtutem

91 4342 397 4396 Scrutatus
423 4342 614 4405 fuerit,
650 4341 838 4396 discet
859 4341 1142 4396 bellando
1193 4341 1532 4413 frequenter
1857 4341 2105 4408 Electos,
2133 4339 2454 4395 Dominum
2487 4343 2546 4393 ut
2571 4337 2859 4410 quivisset
2888 4335 3050 4391 adire
3080 4333 3352 4389 deorum.

88 4429 316 4483 Primos
341 4428 687 4484 barbaricas
716 4446 886 4497 reges
913 4445 1225 4501 superasse
1255 4435 1524 4485 catervas
1555 4447 1567 4496 ;
1859 4434 1944 4486 1V.
1968 4431 2135 4497 Quod
2163 4430 2394 4498 pollens
2413 4429 2608 4482 multa
2631 4433 2713 4482 est
2742 4428 2942 4495 factus
2976 4426 3196 4479 virtute
3213 4422 3507 4478 sacerdos.

91 4517 301 4588 Sicque
355 4518 722 4586 Dagobertus
766 4535 1021 4588 regnum
1055 4519 1314 4574 tenuisse
1341 4520 1561 4591 quiete,
1786 4561 1831 4614 Β
1857 4523 1991 4575 Post
2015 4536 2076 4574 se
2107 4517 2330 4573 carnali
2355 4521 2588 4573 tantum
2616 4515 2869 4571 frenavit
2899 4514 2977 4568 ab
3014 4528 3188 4612 .esca,

91 4607 212 4661 Dici
243 4611 305 4662 ut
331 4607 616 4678 paciﬁcus
645 4614 846 4680 posset
877 4609 1280 4681 Salomonque
1314 4608 1634 4663 secundus.
1787 4602 1829 4614 “’
1860 4612 1928 4665 Ut
1957 4625 2173 4680 corpus
2199 4607 2399 4679 potius
2429 4605 2677 4660 nutriret
2701 4620 2888 4684 quam
2920 4602 3156 4657 satiaret

92 4699 219 4766 Ipse
247 4711 434 4750 manu
464 4696 630 4765 larga
651 4697 892 4768 populis
923 4697 1238 4768 popularia
1266 4697 1426 4752 dona
1855 4702 2166 4754 Lassatum
2197 4696 2391 4765 longis
2418 4693 2640 4765 jejunis
2665 4693 2879 4749 robore
2909 4690 3084 4764 panis

89 4784 363 4849 Prmbuit,
393 4790 450 4839 et
479 4785 732 4853 dignum
755 4785 963 4841 Christi
995 4786 1180 4841 servis
1223 4786 1600 4841 famulatum.
1857 4786 2168 4858 Conjuncti
2200 4785 2401 4855 cineri,
2434 4783 2718 4856 lacrymis
2754 4786 2928 4838 aucto
2963 4795 3206 4853 quoque
3232 4783 3399 4850 potu.

88 4869 359 4925 Pluribus
391 4871 571 4944 inque
597 4872 744 4927 locis
771 4878 938 4928 terra:
967 4890 1200 4946 coepere
1231 4873 1426 4929 coloni
1856 4880 2095 4948 Hocque
2127 4876 2260 4930 cibo
2293 4879 2505 4939 tentus,
2538 4888 2778 4928 carnem
2804 4871 3018 4926 servire
3049 4869 3240 4937 coegit

88 4962 249 5014 Tunc
269 4960 426 5014 aedes
449 4961 699 5016 fundare
731 4978 952 5027 sacras,
987 4968 1043 5017 et
1066 4962 1401 5030 relligiosus
1857 4965 2118 5037 Spiritui,
2150 4979 2432 5037 pugnans
2463 4962 2614 5018 aeris
2642 4977 2752 5017 nec
2783 4959 3031 5033 perculit
3059 4972 3256 5033 auras,

87 5049 350 5103 Accrevit
381 5050 630 5104 Domino
663 5051 941 5122 populus.
972 5053 1100 5116 Quo
1123 5058 1388 5123 tempore
1442 5052 1673 5121 fulgens
1855 5054 1969 5109 Sed
1990 5071 2208 5126 corpus
2235 5052 2424 5121 fregit,
2459 5051 2570 5106 sub
2602 5050 3028 5120 servitiumque
3059 5045 3283 5114 redegit
3315 5064 3326 5099 :

92 5137 314 5192 Lucifer
344 5139 648 5193 astriferas
680 5139 830 5194 sicut
854 5139 1198 5210 resplendet
1227 5141 1285 5194 in
1317 5157 1513 5206 auras,
1856 5143 2146 5199 Doctrinm
2177 5141 2382 5198 Christi
2408 5141 2559 5196 lator
2589 5156 2663 5194 ne
2697 5139 2840 5193 forte
2877 5137 3128 5204 futurus,

87 5226 304 5283 Claruit
330 5227 389 5281 in
418 5227 552 5282 villa
579 5227 753 5283 claris
787 5243 816 5282 e
846 5229 1118 5300 patribus
1149 5235 1333 5295 ortus,
1857 5237 1901 5285 Α
1934 5248 2245 5304 quoquam
2273 5248 2344 5286 ex
2375 5231 2577 5301 aliquo
2608 5233 2811 5300 posset
2841 5225 3214 5299 reprobarier
3243 5227 3397 5278 actu.

87 5315 332 5371 Laribus
364 5333 398 5372 a
430 5322 670 5370 centum
703 5317 895 5372 fuerat
915 5335 1047 5389 quae
1081 5318 1324 5374 Centula
1347 5319 1526 5388 dicta,
1928 5321 2027 5374 His
2056 5319 2232 5390 igitur
2261 5319 2586 5389 muttisque
2616 5315 2747 5372 aliis
2779 5313 3143 5388 profectibus
3169 5317 3400 5379 auctus,

87 5403 343 5458 Charum
375 5404 682 5460 Richarius
711 5406 938 5460 cunctis
962 5411 1017 5460 et
1038 5405 1298 5460 amabile
1328 5408 1549 5479 pignus
1586 5426 1596 5462 :
1857 5412 2074 5466 Sancta
2104 5407 2428 5464 sacerdotis
2453 5407 2533 5461 sic
2563 5405 2640 5460 ad
2671 5405 2907 5474 fastigia
2936 5401 3095 5457 venit
3120 5419 3132 5457 :

86 5493 146 5546 In
173 5509 294 5564 quo
324 5493 607 5549 nobilitas
640 5495 872 5564 generis
897 5512 1004 5550 nec
1033 5495 1162 5550 sola
1208 5497 1452 5563 refulsit,
1855 5499 2148 5556 Christum
2173 5497 2364 5568 utqui
2395 5500 2708 5568 promptus
2738 5495 2930 5550 fuerat
2943 5509 3050 5565 per
3076 5491 3253 5565 plura
3270 5492 3507 5561 referre,

87 5671 264 5795 dit-9)
321 5670 444 5725 Hoc
492 5676 583 5727 est
627 5671 902 5727 nondum
957 5671 1302 5745 implevisse
1365 5680 1478 5730 tres
1526 5691 1828 5733 annorum
1873 5675 2312 5743 hebdomadas,
2348 5691 2455 5730 seu
2484 5689 2678 5731 annos
2706 5689 2898 5729 unum
2929 5677 2986 5729 et
3006 5673 3233 5744 viginti,
3277 5671 3324 5725 si
3353 5673 3506 5724 recte

127 5757 448 5795 ivmamus.

127 5757 427 5798 ivrnamus
437 5784 448 5795 .
