3980 6404
388 402 492 456 243

1695 405 1750 459 S.
1794 402 2076 460 HENRICI
2122 401 2194 456 ll!
2208 401 2601 457 PERATORIS

3803 407 3908 459 '2“:

388 540 501 597 que
552 528 717 595 parte
761 521 1018 578 ﬂuminis
1078 522 1324 578 Danubii
1391 524 1593 579 urbem
1668 524 2168 595 pracurrentis,A
2205 523 2483 592 tionibus,
2533 524 2719 595 aquis,
2780 539 3177 596 aquarumque
3228 525 3581 594 decursibus,
3639 526 3910 598 piscatio-

392 611 609 682 pariter
645 627 777 665 cum
807 610 1074 665 omnibus
1106 611 1446 665 utensilibus
1475 618 1533 666 et
1561 612 1915 682 appendiciis
1946 613 2097 666 loco-

394 715 524 753 rum
554 698 634 752 ibi
682 699 1120 769 pertinentium,
1180 715 1428 770 quorum
1460 700 1580 753 bac
1611 716 1713 769 pro
1770 706 1931 783 parte
1964 705 2098 753 sunt

396 787 667 841 nomina:
706 786 1079 856 Schirelinga,
1121 786 1443 850 Lirundorf,
1480 787 1848 859 Roggingun,
1897 789 2097 841 Biber-

397 876 560 943 bahe,
622 874 874 938 Linthat,
937 875 1452 929 lleroldeslintbart
1512 890 1643 928 cum
1691 876 1962 929 omnibus
2002 892 2093 946 ap-

400 963 670 1035 penditiis
715 964 970 1029 illorum,
1045 962 1419 1016 Hardkiricha
1480 979 1608 1017 cum
1694 964 1931 1018 decimis
1981 965 2098 1017 suis

402 1052 802 1122 undecumque
851 1053 1114 1105 villarum
1166 1051 1545 1115 conferendis,
1605 1052 1755 1105 Salla
1815 1068 1947 1107 cum
2003 1053 2102 1106 Fo-

402 1147 574 1208 resto,
630 1156 798 1211 aqua,
858 1140 1205 1194 molendinis
1248 1144 1307 1193 et
1353 1141 1573 1194 cateris
1615 1140 2000 1210 pertinentiis,
2041 1141 2102 1194 in

402 1229 717 1299 Sinziugun
742 1245 973 1282 omnem
1010 1228 1187 1289 illam,
1224 1245 1352 1298 qua
1384 1229 1464 1281 ibi
1513 1230 1851 1298 praescripto
1907 1244 2105 1282 mona-

402 1318 577 1371 sterio
608 1316 875 1385 pertinet,
910 1317 1240 1384 utilitatem,
1299 1317 1659 1386 Deggindort‘
1707 1332 1838 1369 cum
1868 1315 2105 1370 decimis

404 1411 461 1459 et
480 1406 677 1459 usibus
708 1404 842 1467 suis,
906 1406 1097 1474 Berge,
1161 1404 1319 1474 quod
1348 1405 1522 1458 situm
1555 1409 1638 1459 est
1694 1405 1857 1475 juxta
1888 1406 2106 1458 flumen

408 1494 636 1559 Philisa,
662 1498 718 1547 et
748 1493 1143 1547 Budelshuson
1192 1508 1325 1547 cum
1378 1492 1564 1563 aquis,
1620 1492 1950 1562 aquimolis,
1989 1508 2109 1545 mo-

409 1581 655 1635 leudinis
686 1587 743 1635 et
770 1581 916 1634 areis
971 1581 1033 1634 in
1090 1579 1280 1634 tlnviis
1328 1581 1481 1634 Isara
1519 1585 1577 1634 et
1625 1579 2110 1634 Walechenesbah

406 1686 537 1724 cum
568 1669 839 1740 pontibus
869 1669 985 1723 suis
1014 1669 1104 1722 vel
1155 1670 1291 1722 totis
1340 1684 1544 1722 eorum
1602 1668 1957 1738 adjacentiis.
2000 1670 2109 1723 Ha-

412 1759 584 1813 beant
611 1758 785 1811 etiam
839 1757 1133 1811 monacha
1186 1761 1531 1827 potestatem
1585 1757 1819 1810 liberam
1872 1771 1975 1826 per
2012 1756 2108 1809 de-

410 1844 691 1898 cessiones
728 1845 880 1898 inter
926 1860 986 1897 se
1042 1843 1292 1914 eligendi
1344 1843 1711 1909 abbatissam,
1753 1859 1928 1914 quam
1975 1859 2108 1912 pro-

413 1933 619 1987 babilis
645 1933 775 1986 vita
811 1936 867 1986 et
908 1947 1135 1986 morum
1175 1931 1376 2000 regula
1412 1933 1528 1985 Deo
1574 1931 1825 2001 propitio
1871 1946 2110 2001 compo-

414 2022 611 2087 suerit,
643 2020 904 2074 omuium
945 2022 1290 2090 potestatum
1340 2019 1428 2072 vel
1465 2034 1844 2089 personarum
1886 2026 2114 2073 contra-

413 2108 662 2162 dictione
706 2110 941 2161 remota.
1004 2107 1067 2161 Et
1117 2111 1178 2159 ut
1216 2106 1338 2160 hac
1367 2112 1562 2160 nostra
1606 2107 1858 2173 traditio,
1902 2108 2113 2161 conﬁr-

414 2195 590 2249 matio
637 2195 752 2249 sive
804 2194 1036 2248 libertas
1094 2193 1314 2248 stabilis
1363 2194 1701 2248 inconcussa
1756 2199 2111 2265 permaneat,

417 2283 562 2337 hanc
587 2281 770 2336 nostri
800 2281 1072 2352 pracepti
1112 2282 1386 2351 paginam
1442 2298 1615 2335 manu
1678 2282 1913 2353 propria
1938 2283 2117 2337 robo-

413 2375 606 2424 rantes
637 2370 825 2440 sigillo
857 2374 1051 2423 nostro
1075 2369 1334 2439 imprimi
1360 2370 1659 2439 jussimus.

483 2460 717 2525 Signum
758 2459 944 2512 damni
989 2458 1266 2525 Heinrici,
1299 2460 1444 2524 regis
1495 2460 1866 2513 invictissimi.
1921 2460 2120 2529 (Mono-

414 2546 718 2616 gramma.)

490 2635 813 2706 Egilbertus
871 2634 1245 2688 cancellarius
1272 2634 1392 2687 vice
1446 2634 1709 2705 Willigisi
1766 2635 2121 2705 archicapel-

422 2722 541 2775 lani
567 2721 925 2792 recognovit.

496 2809 637 2863 Data
665 2824 746 2863 xu
815 2808 1046 2862 Kalend.
1104 2809 1450 2876 Decembris,
1510 2826 1661 2864 anno
1710 2810 2125 2864 incarnationis

428 2896 739 2951 Dominica
773 2899 927 2965 1002,
970 2897 1282 2951 indictione
1316 2914 1350 2963 ι,
1379 2913 1531 2951 anno
1565 2914 1699 2952 vero
1738 2899 1937 2952 domui
1960 2899 2127 2953 Hein-

425 2984 528 3039 rici
556 2985 849 3055 regnantis
879 3002 915 3038 1.
958 2987 1163 3038 Actum
1192 2984 1253 3038 in
1309 2985 1433 3054 ipsa
1474 2986 1616 3039 urbe
1672 2986 2121 3056 Radesponensi.

853 3074 993 3126 Cum
1022 3074 1205 3139 sigillo
1225 3073 1499 3141 majestal.
1530 3074 1718 3128 illaesa.

1227 3160 1340 3213 νυ.

429 3249 543 3300 Rea:
591 3249 848 3301 Henricus
888 3247 1057 3301 donat
1102 3247 1396 3314 collegiala:
1437 3248 1511 3300 ad
1573 3250 1805 3303 Veterem
1860 3249 2125 3318 capellam

502 3334 819 3388 Ratisbona
873 3335 1063 3388 villam
1132 3334 1419 3389 Walchina
1500 3336 1558 3387 in
1609 3350 1754 3403 pago
1830 3336 2129 3402 Nordgowe

503 3422 668 3474 sitam
680 3462 692 3474 .

954 3512 1139 3572 (Anno
1174 3510 1333 3577 l003,
1373 3510 1442 3562 20
1490 3508 1668 3578 Nov.)

897 3596 1085 3669 [Ried,
1120 3597 1214 3651 ubi
1234 3612 1424 3666 supra,
1456 3613 1521 3667 p.
1556 3598 1705 3668 120]

504 3685 571 3739 In
603 3684 834 3739 nonime
876 3690 1085 3739 sancta
1143 3690 1201 3739 et
1265 3684 1575 3739 individua
1632 3685 1949 3752 Trinitatis,
1983 3687 2132 3741 llas-

434 3788 587 3827 mcus
607 3772 798 3827 divina
825 3773 1050 3827 favente
1081 3773 1385 3828 clementia
1414 3789 1534 3828 rex.
1646 3764 1649 3769 ’

505 3861 562 3916 Si
608 3860 856 3931 collapsa
914 3864 1190 3915 vetustate
1261 3868 1362 3915 aut
1401 3860 1754 3931 negligentia
1804 3866 2135 3915 sanctorum

437 3949 558 4001 loca
587 3964 943 4018 reparamus,
977 3954 1034 4004 et
1062 3949 1142 4003 ibi
1189 3949 1383 4003 divino
1431 3949 1612 4003 cultui
1660 3950 1998 4021 mancipatis
2027 3950 2136 4003 ali-

438 4052 552 4106 qua
580 4035 810 4090 vivendi
858 4036 1060 4090 solatia
1112 4037 1297 4090 devoti
1351 4037 1722 4105 conferimus,
1768 4043 1823 4091 et
1860 4038 1919 4092 in
1949 4038 2053 4091 hac
2083 4042 2139 4092 et

438 4123 498 4177 in
519 4128 733 4177 aterna
777 4124 892 4176 vita
937 4123 1102 4178 nobis
1155 4124 1264 4177 hoc
1312 4124 1679 4195 profuturum
1733 4141 1853 4179 esse
1898 4125 2136 4179 minime

438 4210 784 4265 dubitamus.
820 4211 1064 4264 Proinde
1086 4216 1289 4265 notum
1328 4211 1402 4265 sit
1437 4211 1704 4265 omnibus
1764 4213 1867 4283 Xpi
1899 4213 2138 4267 nostris-

440 4315 551 4369 que
601 4298 887 4364 ﬁdelibus,
938 4299 1315 4369 prasentibus
1368 4298 1581 4353 scilicet
1627 4305 1685 4355 et
1744 4301 1971 4364 futuris,
2005 4317 2141 4371 qua-

440 4390 570 4442 liter
599 4404 704 4442 uos
733 4404 849 4441 una
880 4404 1011 4441 cum
1039 4387 1245 4441 dilecta
1274 4387 1518 4458 conjuge
1547 4393 1759 4455 nostra,
1797 4389 2138 4458 Cuniguuda

440 4476 706 4530 videlicet
731 4476 945 4545 regina,
966 4475 1120 4529 intus
1150 4476 1209 4528 in
1239 4476 1380 4530 urbe
1418 4477 1854 4546 Batespouensi,
1894 4478 1952 4529 in
1981 4482 2139 4531 curte

441 4565 702 4619 videlicet
729 4565 909 4634 regia,
946 4565 1235 4635 quandam
1274 4565 1569 4634 capellam,
1623 4580 1798 4635 quam
1854 4564 1989 4617 olim
2036 4566 2138 4617 Ve-

441 4659 621 4706 terem
670 4653 966 4716 vocabant,
1044 4653 1105 4706 in
1175 4651 1392 4706 honore
1451 4657 1661 4705 sancta
1712 4652 1812 4706 Dei
1851 4652 2141 4722 genitricis

441 4740 692 4793 Mariaa
748 4740 1139 4794 fundamentis
1203 4741 1264 4794 in
1312 4745 1554 4794 matrem
1613 4740 1910 4793 ecclesiam
1964 4740 2142 4794 erexi-

443 4843 592 4890 mus,
651 4828 895 4898 dataque
952 4829 1005 4882 ei
1057 4845 1159 4899 per
1220 4835 1568 4900 praeceptum
1622 4829 1801 4898 regali
1857 4829 2137 4894 libertate,

442 4914 721 4968 instituta
749 4914 830 4968 ibi
857 4915 917 4968 in
951 4917 1051 4969 Dei
1103 4917 1332 4970 servitio
1390 4916 1801 4969 cauouicorum
1831 4933 2141 4986 congrega-

440 5002 585 5056 tioni
614 5002 719 5056 sub
758 5003 962 5056 abbate
1017 5005 1102 5057 vel
1141 5003 1448 5074 praeposito
1500 5003 1733 5057 nomine
1779 5004 2001 5075 Tagini,
2034 5021 2137 5074 pro

443 5088 741 5159 stipendiis
782 5089 933 5143 inter
974 5096 1179 5144 catera
1237 5092 1390 5144 dona
1418 5092 1766 5146 contulimus
1797 5096 1853 5145 et
1892 5108 1995 5161 per
2033 5094 2138 5146 hoc

440 5178 616 5248 regia
647 5178 958 5247 majestatis
989 5178 1214 5247 insigne
1235 5178 1703 5233 conﬁrmavimus
1730 5196 1905 5233 unam
1957 5180 2136 5233 nostri

433 5268 581 5337 juris
641 5266 834 5319 villam
896 5266 1250 5334 Walehinga,
1303 5267 1367 5320 in
1440 5283 1588 5337 pago
1663 5268 1995 5337 Nordgowe,
2078 5269 2138 5321 in

436 5354 708 5407 comitatu
774 5352 1021 5408 Heinrici
1075 5353 1265 5421 sitam,
1341 5370 1472 5409 cum
1555 5354 1823 5408 omnibus
1879 5355 2136 5423 ejusdem

434 5442 710 5512 legalibus
770 5441 1155 5512 pertinentiis,
1235 5442 1543 5497 mobilibus
1606 5449 1662 5496 et
1716 5443 2132 5509 immobilibus,

431 5530 606 5583 servis
654 5538 710 5583 et
769 5530 1011 5597 ancillis,
1068 5530 1236 5596 areis,
1297 5530 1574 5597 adiﬁciis,
1624 5531 1792 5584 terris
1850 5530 2017 5584 cultis
2078 5536 2136 5586 et

427 5616 675 5683 incultis,
711 5618 909 5686 pratis,
942 5618 1165 5689 pascuis
1195 5617 1312 5672 sive
1344 5618 1699 5689 conpascuis,
1753 5618 1930 5687 silvis,
1961 5634 2131 5673 vena-

2203 612 2392 680 nibus,
2433 612 2805 678 molendinis,
2838 612 2944 666 viis
2993 618 3051 667 et
3081 613 3269 679 inviis,
3318 614 3561 670 exitibus
3614 623 3670 670 et
3710 618 3910 671 rediti-

2204 700 2333 765 bus,
2359 700 2622 771 quaesitis
2647 701 3101 771 etinquirendis,
3136 702 3456 770 accateris,
3488 720 3618 774 qua
3649 706 3916 775 quolibet

2207 787 2381 841 modo
2404 788 2509 841 rite
2540 788 2724 841 vocari
2764 796 3018 854 possunt,
3056 790 3398 843 utensilibus
3449 799 3507 845 et
3532 793 3916 862 appendiciis,

2207 890 2274 927 eo
2305 879 2503 928 tenore
2530 876 2795 945 quatinus
2853 877 3072 944 praefati
3101 877 3210 931 loci
3259 881 3627 948 congregatio
3670 881 3916 934 liberam

2206 963 2277 1017 de
2297 963 2496 1017 eodem
2523 964 2737 1034 pradio
2781 965 3049 1036 deinceps
3079 966 3287 1020 habeat
3337 973 3698 1037 potestatem,
3734 970 3920 1039 quid-
3946 992 3973 1017 πη

2210 1050 2349 1121 quid
2376 1051 2485 1104 sibi
2517 1052 2810 1106 communi
2839 1053 3065 1107 decreto
3088 1070 3190 1123 pro
3235 1055 3353 1108 suis
3385 1060 3440 1108 et
3469 1057 3757 1124 pradicta
3789 1074 3915 1112 ma—

2209 1138 2311 1193 tris
2343 1140 2593 1193 ecclesia
2624 1136 3544 1209 necessitatibuslibeat,faciendi.
3582 1146 3648 1199 Et
3678 1151 3743 1199 ut
3792 1147 3920 1201 hac

2210 1231 2406 1280 nostra
2452 1227 2685 1281 traditio
2738 1229 2954 1281 stabilis
3011 1235 3067 1282 et
3138 1231 3469 1284 inconvulsa
3549 1241 3919 1302 permaneat,

2212 1314 2360 1367 hanc
2380 1314 2557 1368 nostri
2606 1316 2877 1386 pracepti
2926 1317 3196 1385 paginam
3247 1334 3421 1372 manu
3477 1321 3710 1390 propria
3740 1322 3925 1376 robo-
3971 1374 3973 1397 1

2215 1409 2426 1467 rantes,
2460 1403 2649 1472 sigillo
2679 1409 2872 1457 nostro
2904 1403 3159 1475 imprimi
3186 1406 3484 1475 jussimus.
3969 1450 3974 1473 ,

2289 1491 2514 1556 Signum
2574 1491 2758 1545 damni
2800 1493 3047 1547 Heiurici
3092 1499 3235 1560 regis
3296 1497 3660 1551 invictissimi“
3710 1498 3974 1565 {Manu-.1

2213 1580 2523 1649 gramma.)
3958 1587 3974 1597 ‘

2291 1666 2614 1735 Egilbertus
2661 1668 3033 1723 cancellarius
3096 1670 3211 1724 vice
3270 1669 3530 1743 Willigisi
3584 1672 3935 1744 archicapel-

2221 1752 2339 1807 lani
2368 1754 2726 1823 recognovit.

2295 1842 2524 1896 Dataxu
2555 1843 2676 1897 Kal.
2737 1845 3087 1913 Decembris,
3156 1862 3306 1901 anno
3359 1847 3774 1903 incarnationis
3820 1851 3932 1904 Do-

2223 1930 2447 1984 minica
2472 1933 2627 1998 1002,
2658 1932 2968 1988 indictione
3000 1952 3035 2001 ι,
3072 1950 3220 1987 anno
3267 1951 3398 1988 vero
3439 1937 3639 1991 domui
3673 1938 3935 1992 Heinrici

2223 2032 2383 2087 rego.
2409 2034 2447 2072 ι.
2471 2022 2676 2074 Actum
2696 2019 2755 2074 in
2786 2022 2911 2092 ipsa
2940 2024 3081 2076 urbe
3114 2023 3563 2091 Radesponensi.

2284 2107 2542 2174 Sigillum
2572 2109 2786 2177 majesl.
2836 2113 2983 2165 intus
3031 2114 3352 2179 impressum
3401 2115 3671 2179 integrum
3721 2120 3931 2168 easint.

2990 2217 3130 2271 VlII.

2225 2318 2339 2371 Rea:
2396 2320 2676 2374 Heinricus
2726 2322 2782 2375 ΙΙ
2851 2321 3018 2375 donat
3072 2324 3318 2391 episcopo
3371 2325 3690 2379 Briminensi
3737 2327 3936 2379 villam

2751 2410 2916 2476 Tcign
2934 2424 3102 2478 prope
3131 2411 3501 2465 Ratisbonam.

2789 2503 2973 2573 (Anno
3007 2507 3162 2570 1002,
3196 2506 3264 2558 24
3295 2507 3449 2577 nov.)

2233 2586 2423 2658 [Ried,
2473 2604 2602 2659 pag.
2666 2593 2785 2657 121,
2833 2607 2900 2645 cx
2965 2592 3188 2646 Rescbii
3236 2596 3443 2649 Annal.
3518 2597 3771 2651 Ecclesia
3834 2600 3951 2652 Sa-

2896 2698 3019 2750 bion
3048 2699 3139 2763 IlI,
3175 2698 3325 2771 704.]

2306 2797 2371 2850 In
2400 2797 2653 2866 [nomine
2703 2806 2913 2856 sancta
2961 2808 3017 2856 et
3073 2803 3385 2858 individua
3434 2805 3746 2873 Trinitatis,
3778 2800 3973 2861 llam?

2236 2900 2389 2938 arcus
2421 2885 2609 2939 divina
2636 2887 2859 2942 favente
2889 2890 3191 2944 clementia
3224 2908 3342 2945 rex.

2308 2974 2515 3027 Notum
2551 2977 2624 3029 sit
2652 2977 2919 3031 omnibus
2968 2978 3178 3032 nostris
3216 2980 3499 3046 ﬁdelibus,
3556 2983 3953 3051 prasentibus

2165 3079 2206 3133 α
2239 3061 2452 3114 scilicet
2481 3069 2536 3116 et
2567 3063 2790 3131 futuris,
2833 3067 3079 3135 qualiter
3128 3083 3252 3134 nos,
3302 3084 3405 3138 per
3433 3070 3820 3124 interventum
3856 3074 3955 3125 di-

2239 3150 2396 3202 lecta
2415 3150 2678 3221 conjugis
2705 3160 2939 3221 nostra,
2974 3155 3375 3225 Chunigunda
3401 3156 3664 3211 videlicet
3694 3160 3947 3228 regina,

2238 3235 2394 3291 ﬁdeli
2423 3244 2618 3292 nostro
2654 3239 2935 3295 Albuvino
2977 3242 3330 3296 Sabiniensis
3359 3244 3619 3298 Ecclesia
3668 3245 3953 3317 episcopo

2240 3324 2533 3394 quoddam
2579 3327 2761 3381 nostri
2802 3328 2950 3398 juris
3002 3331 3307 3401 pradium,
3358 3331 3414 3385 id
3452 3337 3537 3385 est
3566 3333 3852 3403 quidquid
3890 3336 3974 3400 in,

2240 3412 2376 3466 villa
2406 3414 2647 3485 Tiginga
2680 3432 2785 3485 pro
2815 3423 3012 3471 nostra
3066 3424 3229 3487 parte
3278 3420 3549 3473 hactenus
3581 3421 3688 3474 visi
3740 3406 3973 3476 sumus

2241 3501 2553 3570 possidere,
2586 3520 2716 3557 cum
2747 3506 3015 3559 omnibus
3048 3507 3122 3560 ad
3175 3507 3234 3561 id
3275 3508 3540 3577 legaliter
3594 3510 3956 3578 pertinenti-

2245 3589 2370 3652 bus,
2421 3590 2727 3645 mobilibus
2785 3599 2841 3647 et
2879 3593 3294 3660 immobilibus,
3351 3597 3526 3649 servis
3582 3602 3640 3650 et
3692 3598 3954 3653 ancillis.

2243 3678 2499 3738 ecclesia,
2535 3680 2784 3744 decimis,
2832 3683 2998 3749 areis,
3057 3684 3336 3747 adiﬁciis,
3373 3683 3540 3738 terris
3568 3685 3737 3738 cultis
3769 3691 3830 3740 et
3859 3687 3957 3741 in-

2245 3765 2430 3832 cultis,
2460 3767 2662 3835 pratis,
2691 3770 2916 3838 pascuis
2964 3771 3078 3825 sive
3142 3774 3497 3841 conpascuis,
3535 3773 3709 3833 silvis.
3783 3776 3961 3845 aquis

2245 3869 2596 3922 aquarumve
2627 3857 2981 3924 decursibus,
3014 3860 3118 3913 viis
3150 3866 3207 3913 et
3228 3860 3417 3929 inviis,
3480 3860 3727 3915 exitibus
3766 3868 3828 3916 et
3856 3880 3963 3917 re-

2247 3940 2479 4005 ditibus,
2522 3945 2775 4012 quasitis
2828 3952 2884 4000 et
2950 3947 3332 4017 inquirendis,
3387 3954 3464 4013 et,
3497 3965 3626 4019 qua
3681 3950 3965 4018 quolibet

2247 4030 2418 4083 modo
2450 4030 2556 4084 rite
2582 4033 2775 4086 vocari
2802 4040 3063 4105 possunt,
3119 4036 3475 4107 appendiciis
3500 4041 3557 4089 et
3601 4037 3959 4092 utensilibus

2248 4115 2607 4181 tradidimus,
2643 4134 2711 4171 eo
2742 4125 2940 4174 tenore
2971 4126 3252 4191 quatenus
3283 4123 3555 4191 praefatus
3596 4125 3973 4178 venerabili;

2248 4204 2548 4274 episcopus
2587 4207 2906 4262 Albuvinus
2953 4210 3154 4280 suique
3204 4226 3555 4264 successores
3606 4212 3955 4280 pradiclum

2250 4293 2529 4359 pradium
2553 4295 2821 4365 deinceps
2853 4295 3034 4350 libera
3081 4302 3356 4366 potestate
3388 4302 3623 4351 teneant
3669 4308 3848 4369 atque
3898 4303 3951 4354 in

2251 4383 2562 4447 perpetuos
2604 4381 2859 4436 Ecclesia
2891 4400 3007 4437 sua
3038 4401 3173 4438 usus
3217 4385 3435 4455 absque
3465 4386 3726 4439 omnium
3748 4403 3955 4456 perso-

2252 4480 2458 4518 narum
2519 4467 2634 4522 sive
2706 4477 3058 4538 potestatum
3111 4473 3565 4528 contradictione
3614 4482 3965 4530 convertant

2249 4557 2420 4621 atque
2458 4556 2806 4623 possideant,
2854 4559 3131 4613 habentes
3176 4560 3311 4613 inde
3360 4560 3648 4615 licentiam
3681 4578 3965 4617 commu—

2250 4640 2429 4705 tandi,
2490 4648 2547 4696 et
2589 4645 2870 4715 quidquid
2921 4647 3030 4699 sibi
3084 4648 3262 4701 libeat
3311 4648 3576 4702 faciendi.
3628 4651 3695 4702 Et
3741 4652 3965 4707 uthaec

2250 4736 2442 4782 nostra
2510 4733 2741 4787 traditio
2813 4736 3033 4789 stabilis
3088 4741 3145 4788 et
3196 4736 3533 4789 iuconvulsa
3589 4750 3957 4808 permaneat,

2249 4814 2394 4868 hanc
2414 4821 2683 4888 pracepti
2740 4824 2921 4876 nostri
2955 4823 3226 4892 paginam
3287 4840 3460 4877 manu
3518 4825 3757 4894 propria
3788 4830 3959 4883 robo.

2251 4909 2439 4958 rantes
2469 4907 2711 4977 sigillari
2746 4911 3141 4981 pracepimus.

2320 4992 2547 5060 Signum
2603 4997 2788 5052 damni
2822 5002 3068 5054 Heinrici
3120 5002 3264 5067 regis
3315 5001 3683 5054 invictissimi.
3743 5002 3956 5069 {Mono-

2246 5086 2541 5150 gramma.)

2322 5175 2639 5243 Egilbertus
2690 5175 3075 5236 cancellarius,
3106 5176 3223 5228 vice
3282 5174 3545 5245 Willigisi
3592 5176 3959 5247 archicapel-

2249 5265 2365 5318 lani
2395 5265 2748 5334 recognovit.

2319 5356 2459 5408 Data
2524 5369 2621 5407 vui
2672 5352 2957 5407 Kalendas
3017 5352 3364 5417 Decembris,
3429 5368 3578 5406 anno
3634 5353 3955 5409 Dominica

2245 5441 2657 5497 incarnationis
2708 5443 2862 5507 1002,
2925 5441 3236 5495 indictione
3292 5459 3332 5508 ι,
3372 5457 3525 5494 anno
3582 5457 3715 5494 vero
3752 5442 3956 5497 domui

2247 5529 2495 5585 Heinrici
2525 5529 2817 5599 regnantis
2838 5546 2875 5583 ι.
2902 5533 3100 5584 Actum
3132 5529 3510 5598 Radaspona.

2521 5620 2663 5670 Cum
2691 5604 2872 5684 sigillo
2895 5618 3177 5686 majestat.
3202 5618 3348 5671 intus
3376 5619 3654 5685 impresso.
