  <div class='ocr_page' id='page_1' title='image "/cluster/home/n/w/nwhite01/storage/ocr_20150623/140-141/uc1.31175018559917/1290.png"; bbox 0 0 3836 6404; ppageno 0'>
   <div class='ocr_carea' id='block_1_1' title="bbox 44 289 184 340">
    <p class='ocr_par' dir='ltr' id='par_1_1' title="bbox 44 289 184 340">
     <span class='ocr_line' id='line_1_1' title="bbox 44 289 184 340; baseline 0.014 -2"><span class='ocrx_word' id='word_1_1' title='bbox 44 289 61 338; x_wconf 83' lang='grc'><strong>1</strong></span> <span class='ocrx_word' id='word_1_2' title='bbox 78 289 184 340; x_wconf 58' lang='grc'>429</span> 
     </span>
    </p>
   </div>
   <div class='ocr_carea' id='block_1_2' title="bbox 43 407 1284 479">
    <p class='ocr_par' dir='ltr' id='par_1_2' title="bbox 43 407 1284 479">
     <span class='ocr_line' id='line_1_2' title="bbox 43 407 1284 479; baseline 0.001 -18"><span class='ocrx_word' id='word_1_3' title='bbox 43 409 323 464; x_wconf 86' lang='lat' dir='ltr'>lndoctos</span> <span class='ocrx_word' id='word_1_4' title='bbox 354 407 572 464; x_wconf 90' lang='lat' dir='ltr'>etenim</span> <span class='ocrx_word' id='word_1_5' title='bbox 604 408 824 463; x_wconf 70' lang='lat' dir='ltr'>caelesti</span> <span class='ocrx_word' id='word_1_6' title='bbox 856 423 1104 479; x_wconf 88' lang='lat' dir='ltr'>pascare</span> <span class='ocrx_word' id='word_1_7' title='bbox 1131 423 1284 478; x_wconf 90' lang='lat' dir='ltr'>pane</span> 
     </span>
    </p>
   </div>
   <div class='ocr_carea' id='block_1_3' title="bbox 43 493 1701 568">
    <p class='ocr_par' dir='ltr' id='par_1_3' title="bbox 43 493 1701 568">
     <span class='ocr_line' id='line_1_3' title="bbox 43 493 1701 568; baseline -0.001 -18"><span class='ocrx_word' id='word_1_8' title='bbox 43 501 113 551; x_wconf 57' lang='lat' dir='ltr'>Ve</span> <span class='ocrx_word' id='word_1_9' title='bbox 147 497 476 568; x_wconf 79' lang='lat' dir='ltr'>quisquam</span> <span class='ocrx_word' id='word_1_10' title='bbox 502 497 751 564; x_wconf 78' lang='lat' dir='ltr'>dubitet,</span> <span class='ocrx_word' id='word_1_11' title='bbox 785 499 956 566; x_wconf 87' lang='lat' dir='ltr'>signo</span> <span class='ocrx_word' id='word_1_12' title='bbox 1005 497 1170 568; x_wconf 85' lang='lat' dir='ltr'>quod</span> <span class='ocrx_word' id='word_1_13' title='bbox 1202 496 1488 567; x_wconf 68' lang='lat' dir='ltr'>praevalet</span> <span class='ocrx_word' id='word_1_14' title='bbox 1517 493 1701 550; x_wconf 90' lang='lat' dir='ltr'>omni.</span> 
     </span>
    </p>
   </div>
   <div class='ocr_carea' id='block_1_4' title="bbox 41 585 1704 658">
    <p class='ocr_par' dir='ltr' id='par_1_4' title="bbox 41 585 1704 658">
     <span class='ocr_line' id='line_1_4' title="bbox 41 585 1704 658; baseline -0.001 -20"><span class='ocrx_word' id='word_1_15' title='bbox 41 585 330 649; x_wconf 76' lang='lat' dir='ltr'>Quamvis</span> <span class='ocrx_word' id='word_1_16' title='bbox 359 586 506 641; x_wconf 89' lang='lat' dir='ltr'>dum</span> <span class='ocrx_word' id='word_1_17' title='bbox 541 592 794 658; x_wconf 79' lang='lat' dir='ltr'>tempus,</span> <span class='ocrx_word' id='word_1_18' title='bbox 846 586 991 641; x_wconf 90' lang='lat' dir='ltr'>dum</span> <span class='ocrx_word' id='word_1_19' title='bbox 1043 586 1459 641; x_wconf 74' lang='lat' dir='ltr'>convenientia</span> <span class='ocrx_word' id='word_1_20' title='bbox 1507 600 1704 639; x_wconf 91' lang='lat' dir='ltr'>rerum</span> 
     </span>
    </p>
   </div>
   <div class='ocr_carea' id='block_1_5' title="bbox 41 674 1504 754">
    <p class='ocr_par' dir='ltr' id='par_1_5' title="bbox 41 674 1504 754">
     <span class='ocr_line' id='line_1_5' title="bbox 41 674 1504 754; baseline 0 -27"><span class='ocrx_word' id='word_1_21' title='bbox 41 678 296 728; x_wconf 74' lang='lat' dir='ltr'>l-‘oscunt</span> <span class='ocrx_word' id='word_1_22' title='bbox 321 674 567 730; x_wconf 78' lang='lat' dir='ltr'>etl&#39;ectus</span> <span class='ocrx_word' id='word_1_23' title='bbox 600 691 721 729; x_wconf 92' lang='lat' dir='ltr'>non</span> <span class='ocrx_word' id='word_1_24' title='bbox 749 675 981 729; x_wconf 84' lang='lat' dir='ltr'>deesset</span> <span class='ocrx_word' id='word_1_25' title='bbox 1013 675 1163 730; x_wconf 89' lang='lat' dir='ltr'>mira</span> <span class='ocrx_word' id='word_1_26' title='bbox 1185 674 1504 754; x_wconf 86' lang='lat' dir='ltr'>_operandi,</span> 
     </span>
    </p>
   </div>
   <div class='ocr_carea' id='block_1_6' title="bbox 41 764 1522 836">
    <p class='ocr_par' dir='ltr' id='par_1_6' title="bbox 41 764 1522 836">
     <span class='ocr_line' id='line_1_6' title="bbox 41 764 1522 836; baseline 0.001 -21"><span class='ocrx_word' id='word_1_27' title='bbox 41 766 133 818; x_wconf 69' lang='lat' dir='ltr'>Vir</span> <span class='ocrx_word' id='word_1_28' title='bbox 157 771 401 820; x_wconf 85' lang='lat' dir='ltr'>sanctus</span> <span class='ocrx_word' id='word_1_29' title='bbox 437 765 688 820; x_wconf 92' lang='lat' dir='ltr'>Domino</span> <span class='ocrx_word' id='word_1_30' title='bbox 712 781 849 835; x_wconf 60' lang='lat' dir='ltr'>quae</span> <span class='ocrx_word' id='word_1_31' title='bbox 890 765 1252 820; x_wconf 73' lang='lat' dir='ltr'>concedente</span> <span class='ocrx_word' id='word_1_32' title='bbox 1279 764 1522 836; x_wconf 80' lang='lat' dir='ltr'>peregit.</span> 
     </span>
    </p>
   </div>
   <div class='ocr_carea' id='block_1_7' title="bbox 41 908 1700 977">
    <p class='ocr_par' dir='ltr' id='par_1_7' title="bbox 41 908 1700 977">
     <span class='ocr_line' id='line_1_7' title="bbox 41 908 1700 977; baseline -0.001 -17"><span class='ocrx_word' id='word_1_33' title='bbox 41 911 96 960; x_wconf 74' lang='grc' dir='ltr'>Χ.</span> <span class='ocrx_word' id='word_1_34' title='bbox 133 910 328 962; x_wconf 77' lang='lat' dir='ltr'>Omns</span> <span class='ocrx_word' id='word_1_35' title='bbox 358 913 680 962; x_wconf 72' lang='lat' dir='ltr'>tentanlem</span> <span class='ocrx_word' id='word_1_36' title='bbox 722 924 781 961; x_wconf 81' lang='lat' dir='ltr'>se</span> <span class='ocrx_word' id='word_1_37' title='bbox 825 908 982 977; x_wconf 81' lang='lat' dir='ltr'>quod</span> <span class='ocrx_word' id='word_1_38' title='bbox 1012 909 1410 976; x_wconf 62' lang='lat' dir='ltr'>prostrauerit</span> <span class='ocrx_word' id='word_1_39' title='bbox 1460 908 1700 960; x_wconf 76' lang='lat' dir='ltr'>hostem.</span> 
     </span>
    </p>
   </div>
   <div class='ocr_carea' id='block_1_8' title="bbox 40 1031 1522 1102">
    <p class='ocr_par' dir='ltr' id='par_1_8' title="bbox 40 1031 1522 1102">
     <span class='ocr_line' id='line_1_8' title="bbox 40 1031 1522 1102; baseline 0 -18"><span class='ocrx_word' id='word_1_40' title='bbox 40 1032 308 1102; x_wconf 83' lang='lat' dir='ltr'>Denique</span> <span class='ocrx_word' id='word_1_41' title='bbox 341 1031 620 1086; x_wconf 86' lang='lat' dir='ltr'>sustinuit</span> <span class='ocrx_word' id='word_1_42' title='bbox 653 1036 910 1086; x_wconf 88' lang='lat' dir='ltr'>tentatus</span> <span class='ocrx_word' id='word_1_43' title='bbox 941 1032 1022 1087; x_wconf 89' lang='lat' dir='ltr'>ab</span> <span class='ocrx_word' id='word_1_44' title='bbox 1061 1036 1186 1086; x_wconf 89' lang='lat' dir='ltr'>oste</span> <span class='ocrx_word' id='word_1_45' title='bbox 1220 1031 1522 1097; x_wconf 76' lang='lat' dir='ltr'>ruborem,</span> 
     </span>
    </p>
   </div>
   <div class='ocr_carea' id='block_1_9' title="bbox 39 1121 1558 1193">
    <p class='ocr_par' dir='ltr' id='par_1_9' title="bbox 39 1121 1558 1193">
     <span class='ocr_line' id='line_1_9' title="bbox 39 1121 1558 1193; baseline -0.001 -19"><span class='ocrx_word' id='word_1_46' title='bbox 39 1124 232 1184; x_wconf 82' lang='lat' dir='ltr'>Quem</span> <span class='ocrx_word' id='word_1_47' title='bbox 268 1121 496 1176; x_wconf 87' lang='lat' dir='ltr'>Domini</span> <span class='ocrx_word' id='word_1_48' title='bbox 529 1121 716 1193; x_wconf 89' lang='lat' dir='ltr'>pietas</span> <span class='ocrx_word' id='word_1_49' title='bbox 747 1138 808 1176; x_wconf 84' lang='lat' dir='ltr'>Ill</span> <span class='ocrx_word' id='word_1_50' title='bbox 834 1121 1028 1176; x_wconf 81' lang='lat' dir='ltr'>laudis</span> <span class='ocrx_word' id='word_1_51' title='bbox 1056 1123 1224 1175; x_wconf 80' lang='lat' dir='ltr'>vertit</span> <span class='ocrx_word' id='word_1_52' title='bbox 1247 1122 1558 1175; x_wconf 83' lang='lat' dir='ltr'>honorem.</span> 
     </span>
    </p>
   </div>
   <div class='ocr_carea' id='block_1_10' title="bbox 40 1210 1474 1282">
    <p class='ocr_par' dir='ltr' id='par_1_10' title="bbox 40 1210 1474 1282">
     <span class='ocr_line' id='line_1_10' title="bbox 40 1210 1474 1282; baseline -0.001 -19"><span class='ocrx_word' id='word_1_53' title='bbox 40 1211 246 1265; x_wconf 78' lang='lat' dir='ltr'>Visens</span> <span class='ocrx_word' id='word_1_54' title='bbox 278 1211 551 1266; x_wconf 87' lang='lat' dir='ltr'>subsidio</span> <span class='ocrx_word' id='word_1_55' title='bbox 581 1211 914 1282; x_wconf 84' lang='lat' dir='ltr'>quamdam</span> <span class='ocrx_word' id='word_1_56' title='bbox 947 1211 1222 1265; x_wconf 81' lang='lat' dir='ltr'>sutl&#39;ultus</span> <span class='ocrx_word' id='word_1_57' title='bbox 1254 1210 1474 1281; x_wconf 86' lang='lat' dir='ltr'>equino</span> 
     </span>
    </p>
   </div>
   <div class='ocr_carea' id='block_1_11' title="bbox 38 1301 1452 1373">
    <p class='ocr_par' dir='ltr' id='par_1_11' title="bbox 38 1301 1452 1373">
     <span class='ocr_line' id='line_1_11' title="bbox 38 1301 1452 1373; baseline 0 -19"><span class='ocrx_word' id='word_1_58' title='bbox 38 1304 388 1369; x_wconf 74' lang='lat' dir='ltr'>Matronam,</span> <span class='ocrx_word' id='word_1_59' title='bbox 418 1307 625 1356; x_wconf 90' lang='lat' dir='ltr'>sancta</span> <span class='ocrx_word' id='word_1_60' title='bbox 658 1302 771 1356; x_wconf 90' lang='lat' dir='ltr'>sub</span> <span class='ocrx_word' id='word_1_61' title='bbox 809 1301 1112 1370; x_wconf 88' lang='lat' dir='ltr'>relligionc</span> <span class='ocrx_word' id='word_1_62' title='bbox 1147 1301 1452 1373; x_wconf 89' lang='lat' dir='ltr'>pudicam,</span> 
     </span>
    </p>
   </div>
   <div class='ocr_carea' id='block_1_12' title="bbox 38 1391 1480 1462">
    <p class='ocr_par' dir='ltr' id='par_1_12' title="bbox 38 1391 1480 1462">
     <span class='ocr_line' id='line_1_12' title="bbox 38 1391 1480 1462; baseline 0 -20"><span class='ocrx_word' id='word_1_63' title='bbox 38 1394 101 1443; x_wconf 91' lang='lat' dir='ltr'>In</span> <span class='ocrx_word' id='word_1_64' title='bbox 134 1391 307 1459; x_wconf 81' lang='lat' dir='ltr'>cujus</span> <span class='ocrx_word' id='word_1_65' title='bbox 341 1392 474 1445; x_wconf 72' lang='lat' dir='ltr'>vitae</span> <span class='ocrx_word' id='word_1_66' title='bbox 504 1391 607 1460; x_wconf 86' lang='lat' dir='ltr'>qui</span> <span class='ocrx_word' id='word_1_67' title='bbox 637 1396 960 1462; x_wconf 86' lang='lat' dir='ltr'>postquam</span> <span class='ocrx_word' id='word_1_68' title='bbox 991 1397 1232 1462; x_wconf 76' lang='lat' dir='ltr'>pectora</span> <span class='ocrx_word' id='word_1_69' title='bbox 1263 1393 1480 1444; x_wconf 68' lang='lat' dir='ltr'>sanctae</span> 
     </span>
    </p>
   </div>
   <div class='ocr_carea' id='block_1_13' title="bbox 38 1477 1442 1549">
    <p class='ocr_par' dir='ltr' id='par_1_13' title="bbox 38 1477 1442 1549">
     <span class='ocr_line' id='line_1_13' title="bbox 38 1477 1442 1549; baseline -0.001 -18"><span class='ocrx_word' id='word_1_70' title='bbox 38 1481 334 1543; x_wconf 81' lang='lat' dir='ltr'>Dogmata</span> <span class='ocrx_word' id='word_1_71' title='bbox 364 1477 706 1540; x_wconf 84' lang='lat' dir='ltr'>transt&#39;udit,</span> <span class='ocrx_word' id='word_1_72' title='bbox 738 1478 1003 1549; x_wconf 85' lang='lat' dir='ltr'>disponit</span> <span class='ocrx_word' id='word_1_73' title='bbox 1032 1479 1181 1532; x_wconf 85' lang='lat' dir='ltr'>forte</span> <span class='ocrx_word' id='word_1_74' title='bbox 1214 1477 1442 1531; x_wconf 79' lang='lat' dir='ltr'>reverti.</span> 
     </span>
    </p>
   </div>
   <div class='ocr_carea' id='block_1_14' title="bbox 37 1567 1391 1638">
    <p class='ocr_par' dir='ltr' id='par_1_14' title="bbox 37 1567 1391 1638">
     <span class='ocr_line' id='line_1_14' title="bbox 37 1567 1391 1638; baseline 0.001 -19"><span class='ocrx_word' id='word_1_75' title='bbox 37 1573 106 1620; x_wconf 76' lang='lat' dir='ltr'>At</span> <span class='ocrx_word' id='word_1_76' title='bbox 139 1567 352 1622; x_wconf 86' lang='lat' dir='ltr'>mulier</span> <span class='ocrx_word' id='word_1_77' title='bbox 378 1568 502 1622; x_wconf 88' lang='lat' dir='ltr'>nati</span> <span class='ocrx_word' id='word_1_78' title='bbox 531 1567 856 1638; x_wconf 82' lang='lat' dir='ltr'>deportans</span> <span class='ocrx_word' id='word_1_79' title='bbox 889 1568 1161 1622; x_wconf 87' lang='lat' dir='ltr'>membra</span> <span class='ocrx_word' id='word_1_80' title='bbox 1193 1567 1391 1638; x_wconf 87' lang='lat' dir='ltr'>pusilli</span> 
     </span>
    </p>
   </div>
   <div class='ocr_carea' id='block_1_15' title="bbox 37 1656 1698 1728">
    <p class='ocr_par' dir='ltr' id='par_1_15' title="bbox 37 1656 1698 1728">
     <span class='ocr_line' id='line_1_15' title="bbox 37 1656 1698 1728; baseline 0.001 -20"><span class='ocrx_word' id='word_1_81' title='bbox 37 1657 377 1726; x_wconf 87' lang='lat' dir='ltr'>Insequitur</span> <span class='ocrx_word' id='word_1_82' title='bbox 417 1663 712 1723; x_wconf 86' lang='lat' dir='ltr'>sanctum,</span> <span class='ocrx_word' id='word_1_83' title='bbox 763 1662 1060 1728; x_wconf 80' lang='lat' dir='ltr'>quatenus</span> <span class='ocrx_word' id='word_1_84' title='bbox 1109 1657 1486 1711; x_wconf 82' lang='lat' dir='ltr'>benediceret</span> <span class='ocrx_word' id='word_1_85' title='bbox 1510 1656 1698 1722; x_wconf 89' lang='lat' dir='ltr'>illum,</span> 
     </span>
    </p>
   </div>
   <div class='ocr_carea' id='block_1_16' title="bbox 36 1745 1466 1818">
    <p class='ocr_par' dir='ltr' id='par_1_16' title="bbox 36 1745 1466 1818">
     <span class='ocr_line' id='line_1_16' title="bbox 36 1745 1466 1818; baseline 0 -20"><span class='ocrx_word' id='word_1_86' title='bbox 36 1748 116 1798; x_wconf 87' lang='lat' dir='ltr'>De</span> <span class='ocrx_word' id='word_1_87' title='bbox 151 1746 325 1800; x_wconf 89' lang='lat' dir='ltr'>fontis</span> <span class='ocrx_word' id='word_1_88' title='bbox 354 1763 524 1801; x_wconf 90' lang='lat' dir='ltr'>sacra</span> <span class='ocrx_word' id='word_1_89' title='bbox 545 1763 726 1817; x_wconf 87' lang='lat' dir='ltr'>quem</span> <span class='ocrx_word' id='word_1_90' title='bbox 755 1747 882 1815; x_wconf 89' lang='lat' dir='ltr'>jam</span> <span class='ocrx_word' id='word_1_91' title='bbox 910 1751 1255 1818; x_wconf 83' lang='lat' dir='ltr'>susceperat</span> <span class='ocrx_word' id='word_1_92' title='bbox 1285 1745 1466 1800; x_wconf 88' lang='lat' dir='ltr'>unda.</span> 
     </span>
    </p>
   </div>
   <div class='ocr_carea' id='block_1_17' title="bbox 36 1837 1397 1908">
    <p class='ocr_par' dir='ltr' id='par_1_17' title="bbox 36 1837 1397 1908">
     <span class='ocr_line' id='line_1_17' title="bbox 36 1837 1397 1908; baseline 0.003 -22"><span class='ocrx_word' id='word_1_93' title='bbox 36 1839 83 1887; x_wconf 76' lang='grc' dir='ltr'><strong>Α</strong></span> <span class='ocrx_word' id='word_1_94' title='bbox 120 1843 447 1907; x_wconf 90' lang='lat' dir='ltr'>sanctoque</span> <span class='ocrx_word' id='word_1_95' title='bbox 477 1837 575 1891; x_wconf 90' lang='lat' dir='ltr'>Dei</span> <span class='ocrx_word' id='word_1_96' title='bbox 601 1837 730 1906; x_wconf 88' lang='lat' dir='ltr'>jam</span> <span class='ocrx_word' id='word_1_97' title='bbox 761 1837 860 1890; x_wconf 82' lang='lat' dir='ltr'>vix</span> <span class='ocrx_word' id='word_1_98' title='bbox 880 1837 1104 1892; x_wconf 81' lang='lat' dir='ltr'>infante</span> <span class='ocrx_word' id='word_1_99' title='bbox 1139 1841 1397 1908; x_wconf 90' lang='lat' dir='ltr'>recepto,</span> 
     </span>
    </p>
   </div>
   <div class='ocr_carea' id='block_1_18' title="bbox 35 1925 1428 1995">
    <p class='ocr_par' dir='ltr' id='par_1_18' title="bbox 35 1925 1428 1995">
     <span class='ocr_line' id='line_1_18' title="bbox 35 1925 1428 1995; baseline 0 -18"><span class='ocrx_word' id='word_1_100' title='bbox 35 1925 295 1995; x_wconf 69' lang='lat' dir='ltr'>Antiquo</span> <span class='ocrx_word' id='word_1_101' title='bbox 325 1925 572 1980; x_wconf 81' lang='lat' dir='ltr'>insidias</span> <span class='ocrx_word' id='word_1_102' title='bbox 604 1927 773 1980; x_wconf 89' lang='lat' dir='ltr'>hoste</span> <span class='ocrx_word' id='word_1_103' title='bbox 800 1931 1107 1981; x_wconf 82' lang='lat' dir='ltr'>exercente</span> <span class='ocrx_word' id='word_1_104' title='bbox 1141 1930 1428 1990; x_wconf 89' lang='lat' dir='ltr'>vetustas,</span> 
     </span>
    </p>
   </div>
   <div class='ocr_carea' id='block_1_19' title="bbox 36 2013 1603 2088">
    <p class='ocr_par' dir='ltr' id='par_1_19' title="bbox 36 2013 1603 2088">
     <span class='ocr_line' id='line_1_19' title="bbox 36 2013 1603 2088; baseline -0.001 -20"><span class='ocrx_word' id='word_1_105' title='bbox 36 2014 322 2068; x_wconf 85' lang='lat' dir='ltr'>Dentibus</span> <span class='ocrx_word' id='word_1_106' title='bbox 350 2015 654 2070; x_wconf 87' lang='lat' dir='ltr'>infremuit</span> <span class='ocrx_word' id='word_1_107' title='bbox 685 2016 945 2088; x_wconf 85' lang='lat' dir='ltr'>sonipes,</span> <span class='ocrx_word' id='word_1_108' title='bbox 974 2015 1356 2088; x_wconf 86' lang='lat' dir='ltr'>pedibusque</span> <span class='ocrx_word' id='word_1_109' title='bbox 1388 2013 1603 2068; x_wconf 85' lang='lat' dir='ltr'>relaxis</span> 
     </span>
    </p>
   </div>
   <div class='ocr_carea' id='block_1_20' title="bbox 34 2104 1624 2175">
    <p class='ocr_par' dir='ltr' id='par_1_20' title="bbox 34 2104 1624 2175">
     <span class='ocr_line' id='line_1_20' title="bbox 34 2104 1624 2175; baseline 0.001 -20"><span class='ocrx_word' id='word_1_110' title='bbox 34 2106 285 2158; x_wconf 86' lang='lat' dir='ltr'>Vertitur</span> <span class='ocrx_word' id='word_1_111' title='bbox 324 2104 382 2158; x_wconf 93' lang='lat' dir='ltr'>in</span> <span class='ocrx_word' id='word_1_112' title='bbox 411 2104 660 2170; x_wconf 83' lang='lat' dir='ltr'>rabiem,</span> <span class='ocrx_word' id='word_1_113' title='bbox 689 2105 1009 2175; x_wconf 90' lang='lat' dir='ltr'>curritque,</span> <span class='ocrx_word' id='word_1_114' title='bbox 1044 2105 1299 2175; x_wconf 85' lang='lat' dir='ltr'>salitque</span> <span class='ocrx_word' id='word_1_115' title='bbox 1327 2109 1624 2174; x_wconf 86' lang='lat' dir='ltr'>meatque.</span> 
     </span>
    </p>
   </div>
   <div class='ocr_carea' id='block_1_21' title="bbox 33 2192 1584 2266">
    <p class='ocr_par' dir='ltr' id='par_1_21' title="bbox 33 2192 1584 2266">
     <span class='ocr_line' id='line_1_21' title="bbox 33 2192 1584 2266; baseline 0 -20"><span class='ocrx_word' id='word_1_116' title='bbox 33 2193 206 2256; x_wconf 86' lang='lat' dir='ltr'>Quod</span> <span class='ocrx_word' id='word_1_117' title='bbox 241 2209 511 2263; x_wconf 88' lang='lat' dir='ltr'>cernens,</span> <span class='ocrx_word' id='word_1_118' title='bbox 545 2195 796 2266; x_wconf 87' lang='lat' dir='ltr'>cupidos</span> <span class='ocrx_word' id='word_1_119' title='bbox 828 2194 1079 2262; x_wconf 83' lang='lat' dir='ltr'>genitrix</span> <span class='ocrx_word' id='word_1_120' title='bbox 1111 2193 1321 2247; x_wconf 87' lang='lat' dir='ltr'>avertit</span> <span class='ocrx_word' id='word_1_121' title='bbox 1345 2192 1584 2254; x_wconf 90' lang='lat' dir='ltr'>ocellos,</span> 
     </span>
    </p>
   </div>
   <div class='ocr_carea' id='block_1_22' title="bbox 34 2281 1336 2354">
    <p class='ocr_par' dir='ltr' id='par_1_22' title="bbox 34 2281 1336 2354">
     <span class='ocr_line' id='line_1_22' title="bbox 34 2281 1336 2354; baseline 0.002 -20"><span class='ocrx_word' id='word_1_122' title='bbox 34 2281 343 2336; x_wconf 91' lang='lat' dir='ltr'>lnteritum</span> <span class='ocrx_word' id='word_1_123' title='bbox 374 2283 543 2354; x_wconf 90' lang='lat' dir='ltr'>pueri</span> <span class='ocrx_word' id='word_1_124' title='bbox 576 2283 772 2338; x_wconf 88' lang='lat' dir='ltr'>videat</span> <span class='ocrx_word' id='word_1_125' title='bbox 802 2298 876 2337; x_wconf 91' lang='lat' dir='ltr'>ne</span> <span class='ocrx_word' id='word_1_126' title='bbox 907 2283 1052 2337; x_wconf 86' lang='lat' dir='ltr'>forte</span> <span class='ocrx_word' id='word_1_127' title='bbox 1091 2282 1336 2336; x_wconf 89' lang='lat' dir='ltr'>ruentis.</span> 
     </span>
    </p>
   </div>
   <div class='ocr_carea' id='block_1_23' title="bbox 34 2370 1694 2441">
    <p class='ocr_par' dir='ltr' id='par_1_23' title="bbox 34 2370 1694 2441">
     <span class='ocr_line' id='line_1_23' title="bbox 34 2370 1694 2441; baseline 0.001 -19"><span class='ocrx_word' id='word_1_128' title='bbox 34 2375 138 2422; x_wconf 73' lang='lat' dir='ltr'>Ast</span> <span class='ocrx_word' id='word_1_129' title='bbox 167 2370 470 2441; x_wconf 89' lang='lat' dir='ltr'>utriusque</span> <span class='ocrx_word' id='word_1_130' title='bbox 503 2371 718 2426; x_wconf 92' lang='lat' dir='ltr'>timens</span> <span class='ocrx_word' id='word_1_131' title='bbox 748 2372 1041 2427; x_wconf 87' lang='lat' dir='ltr'>damnum</span> <span class='ocrx_word' id='word_1_132' title='bbox 1067 2371 1278 2438; x_wconf 84' lang='lat' dir='ltr'>vulgus</span> <span class='ocrx_word' id='word_1_133' title='bbox 1310 2370 1694 2438; x_wconf 89' lang='lat' dir='ltr'>famulorum,</span> 
     </span>
    </p>
   </div>
   <div class='ocr_carea' id='block_1_24' title="bbox 32 2458 1457 2530">
    <p class='ocr_par' dir='ltr' id='par_1_24' title="bbox 32 2458 1457 2530">
     <span class='ocr_line' id='line_1_24' title="bbox 32 2458 1457 2530; baseline 0.001 -19"><span class='ocrx_word' id='word_1_134' title='bbox 32 2461 163 2512; x_wconf 78' lang='lat' dir='ltr'>Non</span> <span class='ocrx_word' id='word_1_135' title='bbox 195 2458 383 2526; x_wconf 84' lang='lat' dir='ltr'>ﬂetus,</span> <span class='ocrx_word' id='word_1_136' title='bbox 412 2459 704 2530; x_wconf 89' lang='lat' dir='ltr'>planctus,</span> <span class='ocrx_word' id='word_1_137' title='bbox 739 2460 932 2514; x_wconf 89' lang='lat' dir='ltr'>luctus</span> <span class='ocrx_word' id='word_1_138' title='bbox 956 2461 1219 2514; x_wconf 86' lang='lat' dir='ltr'>omittere</span> <span class='ocrx_word' id='word_1_139' title='bbox 1244 2463 1457 2513; x_wconf 83' lang='lat' dir='ltr'>cessat.</span> 
     </span>
    </p>
   </div>
   <div class='ocr_carea' id='block_1_25' title="bbox 32 2547 1585 2620">
    <p class='ocr_par' dir='ltr' id='par_1_25' title="bbox 32 2547 1585 2620">
     <span class='ocr_line' id='line_1_25' title="bbox 32 2547 1585 2620; baseline 0 -21"><span class='ocrx_word' id='word_1_140' title='bbox 32 2550 268 2601; x_wconf 84' lang='lat' dir='ltr'>Petrum</span> <span class='ocrx_word' id='word_1_141' title='bbox 300 2553 679 2603; x_wconf 87' lang='lat' dir='ltr'>cunctantem</span> <span class='ocrx_word' id='word_1_142' title='bbox 711 2549 813 2603; x_wconf 89' lang='lat' dir='ltr'>sed</span> <span class='ocrx_word' id='word_1_143' title='bbox 841 2565 977 2620; x_wconf 69' lang='lat' dir='ltr'>quae</span> <span class='ocrx_word' id='word_1_144' title='bbox 1007 2548 1268 2619; x_wconf 90' lang='lat' dir='ltr'>suscepit</span> <span class='ocrx_word' id='word_1_145' title='bbox 1299 2548 1357 2601; x_wconf 93' lang='lat' dir='ltr'>in</span> <span class='ocrx_word' id='word_1_146' title='bbox 1391 2547 1585 2611; x_wconf 90' lang='lat' dir='ltr'>undis,</span> 
     </span>
    </p>
   </div>
   <div class='ocr_carea' id='block_1_26' title="bbox 35 2636 1584 2708">
    <p class='ocr_par' dir='ltr' id='par_1_26' title="bbox 35 2636 1584 2708">
     <span class='ocr_line' id='line_1_26' title="bbox 35 2636 1584 2708; baseline 0.002 -22"><span class='ocrx_word' id='word_1_147' title='bbox 35 2638 189 2690; x_wconf 92' lang='lat' dir='ltr'>Dum</span> <span class='ocrx_word' id='word_1_148' title='bbox 217 2637 426 2691; x_wconf 89' lang='lat' dir='ltr'>cecidit</span> <span class='ocrx_word' id='word_1_149' title='bbox 452 2653 708 2708; x_wconf 89' lang='lat' dir='ltr'>puerum</span> <span class='ocrx_word' id='word_1_150' title='bbox 741 2643 1056 2692; x_wconf 89' lang='lat' dir='ltr'>conservat</span> <span class='ocrx_word' id='word_1_151' title='bbox 1081 2638 1325 2692; x_wconf 86' lang='lat' dir='ltr'>dextera</span> <span class='ocrx_word' id='word_1_152' title='bbox 1357 2636 1584 2691; x_wconf 82' lang='lat' dir='ltr'>Christi.</span> 
     </span>
    </p>
   </div>
   <div class='ocr_carea' id='block_1_27' title="bbox 32 2725 1697 2800">
    <p class='ocr_par' dir='ltr' id='par_1_27' title="bbox 32 2725 1697 2800">
     <span class='ocr_line' id='line_1_27' title="bbox 32 2725 1697 2800; baseline 0 -21"><span class='ocrx_word' id='word_1_153' title='bbox 32 2729 270 2780; x_wconf 77' lang='lat' dir='ltr'>Munera</span> <span class='ocrx_word' id='word_1_154' title='bbox 285 2742 547 2798; x_wconf 88' lang='lat' dir='ltr'>namque</span> <span class='ocrx_word' id='word_1_155' title='bbox 567 2743 810 2798; x_wconf 90' lang='lat' dir='ltr'>precum</span> <span class='ocrx_word' id='word_1_156' title='bbox 824 2733 1146 2800; x_wconf 88' lang='lat' dir='ltr'>postquam</span> <span class='ocrx_word' id='word_1_157' title='bbox 1163 2726 1423 2798; x_wconf 87' lang='lat' dir='ltr'>porrexit</span> <span class='ocrx_word' id='word_1_158' title='bbox 1436 2726 1495 2780; x_wconf 91' lang='lat' dir='ltr'>in</span> <span class='ocrx_word' id='word_1_159' title='bbox 1509 2725 1697 2780; x_wconf 89' lang='lat' dir='ltr'>altum</span> 
     </span>
    </p>
   </div>
   <div class='ocr_carea' id='block_1_28' title="bbox 36 2815 1554 2888">
    <p class='ocr_par' dir='ltr' id='par_1_28' title="bbox 36 2815 1554 2888">
     <span class='ocr_line' id='line_1_28' title="bbox 36 2815 1554 2888; baseline 0.001 -21"><span class='ocrx_word' id='word_1_160' title='bbox 36 2816 128 2869; x_wconf 83' lang='lat' dir='ltr'>Vir</span> <span class='ocrx_word' id='word_1_161' title='bbox 154 2815 406 2883; x_wconf 89' lang='lat' dir='ltr'>Domini,</span> <span class='ocrx_word' id='word_1_162' title='bbox 434 2815 652 2871; x_wconf 79' lang='lat' dir='ltr'>illaesus</span> <span class='ocrx_word' id='word_1_163' title='bbox 681 2833 829 2888; x_wconf 90' lang='lat' dir='ltr'>puer</span> <span class='ocrx_word' id='word_1_164' title='bbox 855 2816 1288 2888; x_wconf 87' lang='lat' dir='ltr'>incolumisque</span> <span class='ocrx_word' id='word_1_165' title='bbox 1314 2819 1554 2886; x_wconf 85' lang='lat' dir='ltr'>repente</span> 
     </span>
    </p>
   </div>
   <div class='ocr_carea' id='block_1_29' title="bbox 30 2904 1464 2976">
    <p class='ocr_par' dir='ltr' id='par_1_29' title="bbox 30 2904 1464 2976">
     <span class='ocr_line' id='line_1_29' title="bbox 30 2904 1464 2976; baseline -0.001 -18"><span class='ocrx_word' id='word_1_166' title='bbox 30 2905 121 2958; x_wconf 73' lang='lat' dir='ltr'>Ad</span> <span class='ocrx_word' id='word_1_167' title='bbox 154 2910 370 2960; x_wconf 89' lang='lat' dir='ltr'>terram</span> <span class='ocrx_word' id='word_1_168' title='bbox 403 2906 579 2970; x_wconf 88' lang='lat' dir='ltr'>venit,</span> <span class='ocrx_word' id='word_1_169' title='bbox 615 2911 815 2961; x_wconf 89' lang='lat' dir='ltr'>vector</span> <span class='ocrx_word' id='word_1_170' title='bbox 843 2905 1020 2960; x_wconf 90' lang='lat' dir='ltr'>datur</span> <span class='ocrx_word' id='word_1_171' title='bbox 1049 2911 1227 2976; x_wconf 89' lang='lat' dir='ltr'>atque</span> <span class='ocrx_word' id='word_1_172' title='bbox 1260 2904 1464 2976; x_wconf 90' lang='lat' dir='ltr'>quieti,</span> 
     </span>
    </p>
   </div>
   <div class='ocr_carea' id='block_1_30' title="bbox 35 2993 1467 3067">
    <p class='ocr_par' dir='ltr' id='par_1_30' title="bbox 35 2993 1467 3067">
     <span class='ocr_line' id='line_1_30' title="bbox 35 2993 1467 3067; baseline -0.001 -19"><span class='ocrx_word' id='word_1_173' title='bbox 35 2998 100 3048; x_wconf 80' lang='lat' dir='ltr'>Et</span> <span class='ocrx_word' id='word_1_174' title='bbox 134 2998 322 3048; x_wconf 86' lang='lat' dir='ltr'>mater</span> <span class='ocrx_word' id='word_1_175' title='bbox 347 2993 492 3049; x_wconf 61' lang='lat' dir='ltr'>laetis</span> <span class='ocrx_word' id='word_1_176' title='bbox 521 2995 751 3067; x_wconf 89' lang='lat' dir='ltr'>prolem</span> <span class='ocrx_word' id='word_1_177' title='bbox 784 2995 1160 3067; x_wconf 76' lang='lat' dir='ltr'>amplexatur</span> <span class='ocrx_word' id='word_1_178' title='bbox 1190 2993 1247 3048; x_wconf 91' lang='lat' dir='ltr'>in</span> <span class='ocrx_word' id='word_1_179' title='bbox 1277 2993 1430 3047; x_wconf 87' lang='lat' dir='ltr'>ulnis</span> <span class='ocrx_word' id='word_1_180' title='bbox 1456 3010 1467 3046; x_wconf 87' lang='lat'><strong>:</strong></span> 
     </span>
    </p>
   </div>
   <div class='ocr_carea' id='block_1_31' title="bbox 30 3080 1600 3139">
    <p class='ocr_par' dir='ltr' id='par_1_31' title="bbox 30 3080 1600 3139">
     <span class='ocr_line' id='line_1_31' title="bbox 30 3080 1600 3139; baseline -0.001 -3"><span class='ocrx_word' id='word_1_181' title='bbox 30 3083 120 3136; x_wconf 74' lang='lat' dir='ltr'>Ad</span> <span class='ocrx_word' id='word_1_182' title='bbox 149 3083 332 3137; x_wconf 90' lang='lat' dir='ltr'>decus</span> <span class='ocrx_word' id='word_1_183' title='bbox 362 3087 418 3139; x_wconf 91' lang='lat' dir='ltr'>et</span> <span class='ocrx_word' id='word_1_184' title='bbox 445 3083 653 3138; x_wconf 89' lang='lat' dir='ltr'>famuli</span> <span class='ocrx_word' id='word_1_185' title='bbox 689 3083 973 3138; x_wconf 90' lang='lat' dir='ltr'>Dominus</span> <span class='ocrx_word' id='word_1_186' title='bbox 1001 3085 1080 3137; x_wconf 85' lang='lat' dir='ltr'>sic</span> <span class='ocrx_word' id='word_1_187' title='bbox 1112 3080 1383 3137; x_wconf 90' lang='lat' dir='ltr'>transulit</span> <span class='ocrx_word' id='word_1_188' title='bbox 1413 3081 1600 3136; x_wconf 89' lang='lat' dir='ltr'>hostis</span> 
     </span>
    </p>
   </div>
   <div class='ocr_carea' id='block_1_32' title="bbox 37 3171 1482 3244">
    <p class='ocr_par' dir='ltr' id='par_1_32' title="bbox 37 3171 1482 3244">
     <span class='ocr_line' id='line_1_32' title="bbox 37 3171 1482 3244; baseline 0 -19"><span class='ocrx_word' id='word_1_189' title='bbox 37 3172 320 3235; x_wconf 78' lang='lat' dir='ltr'>Fraudes,</span> <span class='ocrx_word' id='word_1_190' title='bbox 351 3189 418 3226; x_wconf 90' lang='lat' dir='ltr'>ac</span> <span class='ocrx_word' id='word_1_191' title='bbox 443 3172 654 3227; x_wconf 91' lang='lat' dir='ltr'>humili</span> <span class='ocrx_word' id='word_1_192' title='bbox 682 3172 908 3228; x_wconf 80' lang='lat' dir='ltr'>doctrix</span> <span class='ocrx_word' id='word_1_193' title='bbox 942 3172 1049 3226; x_wconf 89' lang='lat' dir='ltr'>fuit</span> <span class='ocrx_word' id='word_1_194' title='bbox 1079 3171 1172 3227; x_wconf 90' lang='lat' dir='ltr'>ala</span> <span class='ocrx_word' id='word_1_195' title='bbox 1204 3171 1482 3244; x_wconf 84' lang='lat' dir='ltr'>superba.</span> 
     </span>
    </p>
   </div>
   <div class='ocr_carea' id='block_1_33' title="bbox 28 3261 1485 3333">
    <p class='ocr_par' dir='ltr' id='par_1_33' title="bbox 28 3261 1485 3333">
     <span class='ocr_line' id='line_1_33' title="bbox 28 3261 1485 3333; baseline 0 -18"><span class='ocrx_word' id='word_1_196' title='bbox 28 3262 294 3333; x_wconf 90' lang='lat' dir='ltr'>Denique</span> <span class='ocrx_word' id='word_1_197' title='bbox 325 3261 544 3316; x_wconf 91' lang='lat' dir='ltr'>nullius</span> <span class='ocrx_word' id='word_1_198' title='bbox 576 3262 761 3317; x_wconf 91' lang='lat' dir='ltr'>voluit</span> <span class='ocrx_word' id='word_1_199' title='bbox 789 3261 1191 3316; x_wconf 86' lang='lat' dir='ltr'>conscendere</span> <span class='ocrx_word' id='word_1_200' title='bbox 1223 3261 1485 3332; x_wconf 68' lang='lat' dir='ltr'>posthaec</span> 
     </span>
    </p>
   </div>
   <div class='ocr_carea' id='block_1_34' title="bbox 33 3350 1422 3426">
    <p class='ocr_par' dir='ltr' id='par_1_34' title="bbox 33 3350 1422 3426">
     <span class='ocr_line' id='line_1_34' title="bbox 33 3350 1422 3426; baseline -0.001 -21"><span class='ocrx_word' id='word_1_201' title='bbox 33 3355 219 3406; x_wconf 89' lang='lat' dir='ltr'>Dorsa</span> <span class='ocrx_word' id='word_1_202' title='bbox 250 3352 458 3406; x_wconf 85' lang='lat' dir='ltr'>ferocis</span> <span class='ocrx_word' id='word_1_203' title='bbox 485 3352 642 3426; x_wconf 91' lang='lat' dir='ltr'>equi,</span> <span class='ocrx_word' id='word_1_204' title='bbox 668 3353 866 3426; x_wconf 87' lang='lat' dir='ltr'>potius</span> <span class='ocrx_word' id='word_1_205' title='bbox 899 3353 1001 3406; x_wconf 89' lang='lat' dir='ltr'>sed</span> <span class='ocrx_word' id='word_1_206' title='bbox 1036 3351 1192 3406; x_wconf 92' lang='lat' dir='ltr'>mitis</span> <span class='ocrx_word' id='word_1_207' title='bbox 1223 3350 1383 3405; x_wconf 90' lang='lat' dir='ltr'>aselli</span> <span class='ocrx_word' id='word_1_208' title='bbox 1411 3368 1422 3404; x_wconf 89' lang='lat'>:</span> 
     </span>
    </p>
   </div>
   <div class='ocr_carea' id='block_1_35' title="bbox 31 3438 1690 3512">
    <p class='ocr_par' dir='ltr' id='par_1_35' title="bbox 31 3438 1690 3512">
     <span class='ocr_line' id='line_1_35' title="bbox 31 3438 1690 3512; baseline -0.001 -17"><span class='ocrx_word' id='word_1_209' title='bbox 31 3445 253 3511; x_wconf 78' lang='lat' dir='ltr'>Nempe</span> <span class='ocrx_word' id='word_1_210' title='bbox 285 3445 512 3509; x_wconf 81' lang='lat' dir='ltr'>tenens,</span> <span class='ocrx_word' id='word_1_211' title='bbox 529 3445 781 3495; x_wconf 91' lang='lat' dir='ltr'>mortem</span> <span class='ocrx_word' id='word_1_212' title='bbox 801 3444 1095 3512; x_wconf 88' lang='lat' dir='ltr'>pauperat</span> <span class='ocrx_word' id='word_1_213' title='bbox 1121 3438 1267 3494; x_wconf 87' lang='lat' dir='ltr'>dum</span> <span class='ocrx_word' id='word_1_214' title='bbox 1288 3453 1522 3493; x_wconf 90' lang='lat' dir='ltr'>sumere</span> <span class='ocrx_word' id='word_1_215' title='bbox 1544 3439 1690 3508; x_wconf 91' lang='lat' dir='ltr'>Vita,</span> 
     </span>
    </p>
   </div>
   <div class='ocr_carea' id='block_1_36' title="bbox 33 3527 1257 3598">
    <p class='ocr_par' dir='ltr' id='par_1_36' title="bbox 33 3527 1257 3598">
     <span class='ocr_line' id='line_1_36' title="bbox 33 3527 1257 3598; baseline 0.001 -17"><span class='ocrx_word' id='word_1_216' title='bbox 33 3532 144 3581; x_wconf 90' lang='lat' dir='ltr'>Isto</span> <span class='ocrx_word' id='word_1_217' title='bbox 175 3528 338 3598; x_wconf 90' lang='lat' dir='ltr'>quod</span> <span class='ocrx_word' id='word_1_218' title='bbox 370 3527 466 3582; x_wconf 88' lang='lat' dir='ltr'>vili</span> <span class='ocrx_word' id='word_1_219' title='bbox 497 3528 670 3583; x_wconf 82' lang='lat' dir='ltr'>fuerit</span> <span class='ocrx_word' id='word_1_220' title='bbox 701 3528 1031 3593; x_wconf 80' lang='lat' dir='ltr'>gestamine</span> <span class='ocrx_word' id='word_1_221' title='bbox 1071 3529 1257 3582; x_wconf 87' lang='lat' dir='ltr'>vecta.</span> 
     </span>
    </p>
   </div>
   <div class='ocr_carea' id='block_1_37' title="bbox 29 3616 1508 3688">
    <p class='ocr_par' dir='ltr' id='par_1_37' title="bbox 29 3616 1508 3688">
     <span class='ocr_line' id='line_1_37' title="bbox 29 3616 1508 3688; baseline 0.001 -19"><span class='ocrx_word' id='word_1_222' title='bbox 29 3621 224 3671; x_wconf 82' lang='lat' dir='ltr'>Causa</span> <span class='ocrx_word' id='word_1_223' title='bbox 253 3616 531 3672; x_wconf 79' lang='lat' dir='ltr'>doctrinae</span> <span class='ocrx_word' id='word_1_224' title='bbox 564 3617 644 3672; x_wconf 86' lang='lat' dir='ltr'>sic</span> <span class='ocrx_word' id='word_1_225' title='bbox 674 3617 822 3673; x_wconf 90' lang='lat' dir='ltr'>dum</span> <span class='ocrx_word' id='word_1_226' title='bbox 847 3616 978 3673; x_wconf 87' lang='lat' dir='ltr'>loca</span> <span class='ocrx_word' id='word_1_227' title='bbox 1010 3617 1183 3688; x_wconf 90' lang='lat' dir='ltr'>plura</span> <span class='ocrx_word' id='word_1_228' title='bbox 1212 3621 1508 3687; x_wconf 73' lang='lat' dir='ltr'>peragrat,</span> 
     </span>
    </p>
   </div>
   <div class='ocr_carea' id='block_1_38' title="bbox 30 3705 1371 3762">
    <p class='ocr_par' dir='ltr' id='par_1_38' title="bbox 30 3705 1371 3762">
     <span class='ocr_line' id='line_1_38' title="bbox 30 3705 1371 3762; baseline 0 -3"><span class='ocrx_word' id='word_1_229' title='bbox 30 3705 280 3760; x_wconf 83' lang='lat' dir='ltr'>Sedulus</span> <span class='ocrx_word' id='word_1_230' title='bbox 302 3707 438 3761; x_wconf 92' lang='lat' dir='ltr'>huic</span> <span class='ocrx_word' id='word_1_231' title='bbox 461 3711 668 3762; x_wconf 87' lang='lat' dir='ltr'>sancto</span> <span class='ocrx_word' id='word_1_232' title='bbox 695 3706 847 3762; x_wconf 87' lang='lat' dir='ltr'>lator</span> <span class='ocrx_word' id='word_1_233' title='bbox 874 3706 1104 3761; x_wconf 81' lang='lat' dir='ltr'>suffecit</span> <span class='ocrx_word' id='word_1_234' title='bbox 1135 3706 1371 3760; x_wconf 90' lang='lat' dir='ltr'>asellus.</span> 
     </span>
    </p>
   </div>
   <div class='ocr_carea' id='block_1_39' title="bbox 29 3795 1366 3865">
    <p class='ocr_par' dir='ltr' id='par_1_39' title="bbox 29 3795 1366 3865">
     <span class='ocr_line' id='line_1_39' title="bbox 29 3795 1366 3865; baseline 0.001 -19"><span class='ocrx_word' id='word_1_235' title='bbox 29 3797 93 3847; x_wconf 68' lang='lat' dir='ltr'>Iit</span> <span class='ocrx_word' id='word_1_236' title='bbox 119 3809 480 3865; x_wconf 89' lang='lat' dir='ltr'>quocunque</span> <span class='ocrx_word' id='word_1_237' title='bbox 512 3795 604 3849; x_wconf 87' lang='lat' dir='ltr'>sui</span> <span class='ocrx_word' id='word_1_238' title='bbox 632 3811 874 3863; x_wconf 80' lang='lat' dir='ltr'>gressus</span> <span class='ocrx_word' id='word_1_239' title='bbox 905 3795 1156 3862; x_wconf 84' lang='lat' dir='ltr'>vestigia</span> <span class='ocrx_word' id='word_1_240' title='bbox 1188 3795 1366 3861; x_wconf 82' lang='lat' dir='ltr'>ﬂexit,</span> 
     </span>
    </p>
   </div>
   <div class='ocr_carea' id='block_1_40' title="bbox 27 3883 1686 3954">
    <p class='ocr_par' dir='ltr' id='par_1_40' title="bbox 27 3883 1686 3954">
     <span class='ocr_line' id='line_1_40' title="bbox 27 3883 1686 3954; baseline 0.001 -18"><span class='ocrx_word' id='word_1_241' title='bbox 27 3887 140 3936; x_wconf 71' lang='lat' dir='ltr'>.‘tut</span> <span class='ocrx_word' id='word_1_242' title='bbox 168 3888 406 3942; x_wconf 86' lang='lat' dir='ltr'>resonat</span> <span class='ocrx_word' id='word_1_243' title='bbox 438 3884 666 3939; x_wconf 83' lang='lat' dir='ltr'>Christo</span> <span class='ocrx_word' id='word_1_244' title='bbox 697 3889 903 3939; x_wconf 89' lang='lat' dir='ltr'>sancto</span> <span class='ocrx_word' id='word_1_245' title='bbox 935 3883 1346 3939; x_wconf 90' lang='lat' dir='ltr'>modulamine</span> <span class='ocrx_word' id='word_1_246' title='bbox 1393 3883 1686 3954; x_wconf 87' lang='lat' dir='ltr'>psalmos,</span> 
     </span>
    </p>
   </div>
   <div class='ocr_carea' id='block_1_41' title="bbox 27 3971 1433 4044">
    <p class='ocr_par' dir='ltr' id='par_1_41' title="bbox 27 3971 1433 4044">
     <span class='ocr_line' id='line_1_41' title="bbox 27 3971 1433 4044; baseline 0.001 -18"><span class='ocrx_word' id='word_1_247' title='bbox 27 3971 184 4026; x_wconf 89' lang='lat' dir='ltr'>Illius</span> <span class='ocrx_word' id='word_1_248' title='bbox 216 3977 318 4044; x_wconf 85' lang='lat' dir='ltr'>aut</span> <span class='ocrx_word' id='word_1_249' title='bbox 343 3972 592 4028; x_wconf 86' lang='lat' dir='ltr'>verbum</span> <span class='ocrx_word' id='word_1_250' title='bbox 622 3973 906 4028; x_wconf 67' lang='lat' dir='ltr'>doctrinae</span> <span class='ocrx_word' id='word_1_251' title='bbox 938 3973 1179 4028; x_wconf 90' lang='lat' dir='ltr'>auditur</span> <span class='ocrx_word' id='word_1_252' title='bbox 1208 3971 1286 4027; x_wconf 88' lang='lat' dir='ltr'>ab</span> <span class='ocrx_word' id='word_1_253' title='bbox 1313 3989 1433 4028; x_wconf 91' lang='lat' dir='ltr'>ore.</span> 
     </span>
    </p>
   </div>
   <div class='ocr_carea' id='block_1_42' title="bbox 27 4060 1528 4134">
    <p class='ocr_par' dir='ltr' id='par_1_42' title="bbox 27 4060 1528 4134">
     <span class='ocr_line' id='line_1_42' title="bbox 27 4060 1528 4134; baseline 0.002 -20"><span class='ocrx_word' id='word_1_254' title='bbox 27 4064 140 4114; x_wconf 68' lang='lat' dir='ltr'>Nec</span> <span class='ocrx_word' id='word_1_255' title='bbox 173 4061 390 4116; x_wconf 90' lang='lat' dir='ltr'>mirum</span> <span class='ocrx_word' id='word_1_256' title='bbox 420 4060 627 4132; x_wconf 82' lang='lat' dir='ltr'>lingua</span> <span class='ocrx_word' id='word_1_257' title='bbox 660 4062 959 4118; x_wconf 87' lang='lat' dir='ltr'>Christum</span> <span class='ocrx_word' id='word_1_258' title='bbox 992 4063 1037 4116; x_wconf 91' lang='lat' dir='ltr'>si</span> <span class='ocrx_word' id='word_1_259' title='bbox 1069 4061 1355 4134; x_wconf 65' lang='lat' dir='ltr'>prtedieat</span> <span class='ocrx_word' id='word_1_260' title='bbox 1382 4061 1528 4133; x_wconf 88' lang='lat' dir='ltr'>ipse,</span> 
     </span>
    </p>
   </div>
   <div class='ocr_carea' id='block_1_43' title="bbox 28 4150 1517 4219">
    <p class='ocr_par' dir='ltr' id='par_1_43' title="bbox 28 4150 1517 4219">
     <span class='ocr_line' id='line_1_43' title="bbox 28 4150 1517 4219; baseline 0.003 -17"><span class='ocrx_word' id='word_1_261' title='bbox 28 4152 72 4202; x_wconf 84' lang='lat' dir='ltr'><strong>A</strong></span> <span class='ocrx_word' id='word_1_262' title='bbox 105 4150 276 4219; x_wconf 87' lang='lat' dir='ltr'>cujus</span> <span class='ocrx_word' id='word_1_263' title='bbox 310 4150 510 4205; x_wconf 91' lang='lat' dir='ltr'>sobria</span> <span class='ocrx_word' id='word_1_264' title='bbox 540 4150 847 4205; x_wconf 89' lang='lat' dir='ltr'>modicum</span> <span class='ocrx_word' id='word_1_265' title='bbox 877 4166 985 4205; x_wconf 92' lang='lat' dir='ltr'>nec</span> <span class='ocrx_word' id='word_1_266' title='bbox 1017 4156 1215 4206; x_wconf 88' lang='lat' dir='ltr'>mente</span> <span class='ocrx_word' id='word_1_267' title='bbox 1243 4151 1517 4206; x_wconf 87' lang='lat' dir='ltr'>recessit:</span> 
     </span>
    </p>
   </div>
   <div class='ocr_carea' id='block_1_44' title="bbox 27 4237 1594 4312">
    <p class='ocr_par' dir='ltr' id='par_1_44' title="bbox 27 4237 1594 4312">
     <span class='ocr_line' id='line_1_44' title="bbox 27 4237 1594 4312; baseline 0.001 -20"><span class='ocrx_word' id='word_1_268' title='bbox 27 4243 127 4294; x_wconf 92' lang='lat' dir='ltr'>Per</span> <span class='ocrx_word' id='word_1_269' title='bbox 158 4253 338 4310; x_wconf 90' lang='lat' dir='ltr'>quem</span> <span class='ocrx_word' id='word_1_270' title='bbox 367 4237 664 4295; x_wconf 85' lang='lat' dir='ltr'>consuluit</span> <span class='ocrx_word' id='word_1_271' title='bbox 696 4239 951 4306; x_wconf 87' lang='lat' dir='ltr'>miseris,</span> <span class='ocrx_word' id='word_1_272' title='bbox 980 4240 1288 4312; x_wconf 89' lang='lat' dir='ltr'>durusque</span> <span class='ocrx_word' id='word_1_273' title='bbox 1321 4241 1594 4312; x_wconf 86' lang='lat' dir='ltr'>superbis</span> 
     </span>
    </p>
   </div>
   <div class='ocr_carea' id='block_1_45' title="bbox 27 4328 1448 4397">
    <p class='ocr_par' dir='ltr' id='par_1_45' title="bbox 27 4328 1448 4397">
     <span class='ocr_line' id='line_1_45' title="bbox 27 4328 1448 4397; baseline 0.001 -14"><span class='ocrx_word' id='word_1_274' title='bbox 27 4329 269 4395; x_wconf 82' lang='lat' dir='ltr'>Exstitit,</span> <span class='ocrx_word' id='word_1_275' title='bbox 300 4345 589 4397; x_wconf 83' lang='lat' dir='ltr'>angorem</span> <span class='ocrx_word' id='word_1_276' title='bbox 619 4329 822 4384; x_wconf 87' lang='lat' dir='ltr'>solans</span> <span class='ocrx_word' id='word_1_277' title='bbox 852 4328 1172 4384; x_wconf 88' lang='lat' dir='ltr'>clementer</span> <span class='ocrx_word' id='word_1_278' title='bbox 1201 4345 1409 4384; x_wconf 90' lang='lat' dir='ltr'>eorum</span> <span class='ocrx_word' id='word_1_279' title='bbox 1438 4349 1448 4392; x_wconf 89' lang='lat'><strong>;</strong></span> 
     </span>
    </p>
   </div>
   <div class='ocr_carea' id='block_1_46' title="bbox 27 4418 1755 4511">
    <p class='ocr_par' dir='ltr' id='par_1_46' title="bbox 27 4418 1755 4511">
     <span class='ocr_line' id='line_1_46' title="bbox 27 4418 1755 4511; baseline 0.002 -40"><span class='ocrx_word' id='word_1_280' title='bbox 27 4422 208 4489; x_wconf 88' lang='lat' dir='ltr'>Inque</span> <span class='ocrx_word' id='word_1_281' title='bbox 240 4433 490 4489; x_wconf 89' lang='lat' dir='ltr'>crepans</span> <span class='ocrx_word' id='word_1_282' title='bbox 522 4418 706 4487; x_wconf 83' lang='lat' dir='ltr'>rigide</span> <span class='ocrx_word' id='word_1_283' title='bbox 737 4433 934 4473; x_wconf 90' lang='lat' dir='ltr'>mores</span> <span class='ocrx_word' id='word_1_284' title='bbox 972 4424 1411 4490; x_wconf 90' lang='lat' dir='ltr'>compresserat</span> <span class='ocrx_word' id='word_1_285' title='bbox 1439 4418 1677 4475; x_wconf 90' lang='lat' dir='ltr'>horum.</span> <span class='ocrx_word' id='word_1_286' title='bbox 1709 4457 1755 4511; x_wconf 66' lang='grc' dir='ltr'><strong>Β</strong></span> 
     </span>
    </p>
   </div>
   <div class='ocr_carea' id='block_1_47' title="bbox 27 4561 1675 4632">
    <p class='ocr_par' dir='ltr' id='par_1_47' title="bbox 27 4561 1675 4632">
     <span class='ocr_line' id='line_1_47' title="bbox 27 4561 1675 4632; baseline 0.001 -17"><span class='ocrx_word' id='word_1_287' title='bbox 27 4561 116 4615; x_wconf 69' lang='lat' dir='ltr'>Kl.</span> <span class='ocrx_word' id='word_1_288' title='bbox 153 4561 317 4627; x_wconf 83' lang='lat' dir='ltr'>Quod</span> <span class='ocrx_word' id='word_1_289' title='bbox 338 4562 508 4630; x_wconf 81' lang='lat' dir='ltr'>fama</span> <span class='ocrx_word' id='word_1_290' title='bbox 555 4568 748 4618; x_wconf 78' lang='lat' dir='ltr'>motus</span> <span class='ocrx_word' id='word_1_291' title='bbox 779 4563 940 4618; x_wconf 82' lang='lat' dir='ltr'>hunc</span> <span class='ocrx_word' id='word_1_292' title='bbox 971 4563 1102 4617; x_wconf 85' lang='lat' dir='ltr'>visit</span> <span class='ocrx_word' id='word_1_293' title='bbox 1150 4577 1258 4618; x_wconf 71' lang='lat' dir='ltr'>rem</span> <span class='ocrx_word' id='word_1_294' title='bbox 1284 4563 1675 4632; x_wconf 81' lang='lat' dir='ltr'>Dagoberlus.</span> 
     </span>
    </p>
   </div>
   <div class='ocr_carea' id='block_1_48' title="bbox 28 4685 1538 4759">
    <p class='ocr_par' dir='ltr' id='par_1_48' title="bbox 28 4685 1538 4759">
     <span class='ocr_line' id='line_1_48' title="bbox 28 4685 1538 4759; baseline 0.003 -19"><span class='ocrx_word' id='word_1_295' title='bbox 28 4690 309 4758; x_wconf 88' lang='lat' dir='ltr'>I‘empore</span> <span class='ocrx_word' id='word_1_296' title='bbox 338 4701 483 4742; x_wconf 90' lang='lat' dir='ltr'>nam</span> <span class='ocrx_word' id='word_1_297' title='bbox 515 4685 785 4759; x_wconf 89' lang='lat' dir='ltr'>quodam</span> <span class='ocrx_word' id='word_1_298' title='bbox 811 4687 1000 4743; x_wconf 88' lang='lat' dir='ltr'>sancti</span> <span class='ocrx_word' id='word_1_299' title='bbox 1030 4701 1268 4744; x_wconf 90' lang='lat' dir='ltr'>rumore</span> <span class='ocrx_word' id='word_1_300' title='bbox 1296 4693 1538 4744; x_wconf 87' lang='lat' dir='ltr'>coactus</span> 
     </span>
    </p>
   </div>
   <div class='ocr_carea' id='block_1_49' title="bbox 27 4774 1250 4847">
    <p class='ocr_par' dir='ltr' id='par_1_49' title="bbox 27 4774 1250 4847">
     <span class='ocr_line' id='line_1_49' title="bbox 27 4774 1250 4847; baseline 0.002 -18"><span class='ocrx_word' id='word_1_301' title='bbox 27 4774 206 4829; x_wconf 75' lang='lat' dir='ltr'>\Iilitis</span> <span class='ocrx_word' id='word_1_302' title='bbox 233 4779 411 4847; x_wconf 89' lang='lat' dir='ltr'>atque</span> <span class='ocrx_word' id='word_1_303' title='bbox 440 4775 530 4830; x_wconf 91' lang='lat' dir='ltr'>sui</span> <span class='ocrx_word' id='word_1_304' title='bbox 557 4776 877 4845; x_wconf 89' lang='lat' dir='ltr'>cujusdam</span> <span class='ocrx_word' id='word_1_305' title='bbox 908 4775 1250 4832; x_wconf 86' lang='lat' dir='ltr'>Giselemari</span> 
     </span>
    </p>
   </div>
   <div class='ocr_carea' id='block_1_50' title="bbox 27 4865 1323 4938">
    <p class='ocr_par' dir='ltr' id='par_1_50' title="bbox 27 4865 1323 4938">
     <span class='ocr_line' id='line_1_50' title="bbox 27 4865 1323 4938; baseline 0.002 -18"><span class='ocrx_word' id='word_1_306' title='bbox 27 4867 337 4934; x_wconf 71' lang='lat' dir='ltr'>Suggesm,</span> <span class='ocrx_word' id='word_1_307' title='bbox 366 4870 564 4937; x_wconf 90' lang='lat' dir='ltr'>partes</span> <span class='ocrx_word' id='word_1_308' title='bbox 591 4867 874 4938; x_wconf 68' lang='lat' dir='ltr'>praefatus</span> <span class='ocrx_word' id='word_1_309' title='bbox 913 4868 1074 4921; x_wconf 87' lang='lat' dir='ltr'>venit</span> <span class='ocrx_word' id='word_1_310' title='bbox 1103 4867 1163 4921; x_wconf 93' lang='lat' dir='ltr'>in</span> <span class='ocrx_word' id='word_1_311' title='bbox 1194 4865 1323 4922; x_wconf 85' lang='lat' dir='ltr'>illas</span> 
     </span>
    </p>
   </div>
   <div class='ocr_carea' id='block_1_51' title="bbox 27 4953 1526 5029">
    <p class='ocr_par' dir='ltr' id='par_1_51' title="bbox 27 4953 1526 5029">
     <span class='ocr_line' id='line_1_51' title="bbox 27 4953 1526 5029; baseline 0.003 -21"><span class='ocrx_word' id='word_1_312' title='bbox 27 4958 139 5008; x_wconf 81' lang='lat' dir='ltr'>Rex</span> <span class='ocrx_word' id='word_1_313' title='bbox 169 4955 556 5023; x_wconf 69' lang='lat' dir='ltr'>Dag2bertus,</span> <span class='ocrx_word' id='word_1_314' title='bbox 590 4953 886 5012; x_wconf 87' lang='lat' dir='ltr'>famulum</span> <span class='ocrx_word' id='word_1_315' title='bbox 921 4955 1272 5029; x_wconf 90' lang='lat' dir='ltr'>Dominique</span> <span class='ocrx_word' id='word_1_316' title='bbox 1305 4955 1526 5026; x_wconf 86' lang='lat' dir='ltr'>revisit,</span> 
     </span>
    </p>
   </div>
   <div class='ocr_carea' id='block_1_52' title="bbox 27 5044 1544 5117">
    <p class='ocr_par' dir='ltr' id='par_1_52' title="bbox 27 5044 1544 5117">
     <span class='ocr_line' id='line_1_52' title="bbox 27 5044 1544 5117; baseline 0.003 -17"><span class='ocrx_word' id='word_1_317' title='bbox 27 5049 90 5100; x_wconf 67' lang='lat' dir='ltr'>Se</span> <span class='ocrx_word' id='word_1_318' title='bbox 121 5044 366 5115; x_wconf 90' lang='lat' dir='ltr'>cupiens</span> <span class='ocrx_word' id='word_1_319' title='bbox 395 5045 650 5100; x_wconf 75' lang='lat' dir='ltr'>&#39;iominis</span> <span class='ocrx_word' id='word_1_320' title='bbox 679 5047 956 5117; x_wconf 88' lang='lat' dir='ltr'>precibus</span> <span class='ocrx_word' id='word_1_321' title='bbox 984 5048 1351 5103; x_wconf 89' lang='lat' dir='ltr'>committere</span> <span class='ocrx_word' id='word_1_322' title='bbox 1379 5049 1544 5104; x_wconf 91' lang='lat' dir='ltr'>tanti.</span> 
     </span>
    </p>
   </div>
   <div class='ocr_carea' id='block_1_53' title="bbox 28 5138 1588 5205">
    <p class='ocr_par' dir='ltr' id='par_1_53' title="bbox 28 5138 1588 5205">
     <span class='ocr_line' id='line_1_53' title="bbox 28 5138 1588 5205; baseline 0.003 -17"><span class='ocrx_word' id='word_1_323' title='bbox 28 5138 208 5200; x_wconf 57' lang='lat' dir='ltr'>Quem</span> <span class='ocrx_word' id='word_1_324' title='bbox 242 5149 408 5190; x_wconf 90' lang='lat' dir='ltr'>sacer</span> <span class='ocrx_word' id='word_1_325' title='bbox 432 5138 707 5204; x_wconf 80' lang='lat' dir='ltr'>egregius</span> <span class='ocrx_word' id='word_1_326' title='bbox 741 5138 980 5205; x_wconf 88' lang='lat' dir='ltr'>gemino</span> <span class='ocrx_word' id='word_1_327' title='bbox 1013 5139 1294 5203; x_wconf 78' lang='lat' dir='ltr'>dignatur</span> <span class='ocrx_word' id='word_1_328' title='bbox 1324 5139 1549 5194; x_wconf 90' lang='lat' dir='ltr'>honore</span> <span class='ocrx_word' id='word_1_329' title='bbox 1577 5157 1588 5192; x_wconf 88' lang='lat'>:</span> 
     </span>
    </p>
   </div>
   <div class='ocr_carea' id='block_1_54' title="bbox 28 5224 1572 5293">
    <p class='ocr_par' dir='ltr' id='par_1_54' title="bbox 28 5224 1572 5293">
     <span class='ocr_line' id='line_1_54' title="bbox 28 5224 1572 5293; baseline 0.002 -14"><span class='ocrx_word' id='word_1_330' title='bbox 28 5224 276 5280; x_wconf 70' lang='lat' dir='ltr'>Roborat</span> <span class='ocrx_word' id='word_1_331' title='bbox 306 5226 464 5281; x_wconf 87' lang='lat' dir='ltr'>hunc</span> <span class='ocrx_word' id='word_1_332' title='bbox 498 5235 717 5283; x_wconf 71' lang='lat' dir='ltr'>sanctas.</span> <span class='ocrx_word' id='word_1_333' title='bbox 751 5235 958 5284; x_wconf 88' lang='lat' dir='ltr'>sancto</span> <span class='ocrx_word' id='word_1_334' title='bbox 987 5229 1322 5293; x_wconf 82' lang='lat' dir='ltr'>signamine</span> <span class='ocrx_word' id='word_1_335' title='bbox 1354 5229 1572 5284; x_wconf 77' lang='lat' dir='ltr'>dextrae</span> 
     </span>
    </p>
   </div>
   <div class='ocr_carea' id='block_1_55' title="bbox 29 5316 1391 5390">
    <p class='ocr_par' dir='ltr' id='par_1_55' title="bbox 29 5316 1391 5390">
     <span class='ocr_line' id='line_1_55' title="bbox 29 5316 1391 5390; baseline 0.001 -18"><span class='ocrx_word' id='word_1_336' title='bbox 29 5316 264 5385; x_wconf 68' lang='lat' dir='ltr'>Jorrigit</span> <span class='ocrx_word' id='word_1_337' title='bbox 292 5316 576 5373; x_wconf 88' lang='lat' dir='ltr'>audacter</span> <span class='ocrx_word' id='word_1_338' title='bbox 601 5336 817 5390; x_wconf 88' lang='lat' dir='ltr'>passus</span> <span class='ocrx_word' id='word_1_339' title='bbox 846 5320 1072 5374; x_wconf 88' lang='lat' dir='ltr'>nescire</span> <span class='ocrx_word' id='word_1_340' title='bbox 1103 5323 1391 5388; x_wconf 90' lang='lat' dir='ltr'>verenter,</span> 
     </span>
    </p>
   </div>
   <div class='ocr_carea' id='block_1_56' title="bbox 27 5406 1676 5482">
    <p class='ocr_par' dir='ltr' id='par_1_56' title="bbox 27 5406 1676 5482">
     <span class='ocr_line' id='line_1_56' title="bbox 27 5406 1676 5482; baseline 0.001 -20"><span class='ocrx_word' id='word_1_341' title='bbox 27 5406 288 5462; x_wconf 78' lang='lat' dir='ltr'>Suadens</span> <span class='ocrx_word' id='word_1_342' title='bbox 311 5407 686 5462; x_wconf 88' lang='lat' dir='ltr'>mundanam</span> <span class='ocrx_word' id='word_1_343' title='bbox 710 5409 946 5479; x_wconf 89' lang='lat' dir='ltr'>penitus</span> <span class='ocrx_word' id='word_1_344' title='bbox 964 5414 1341 5464; x_wconf 88' lang='lat' dir='ltr'>contemnere</span> <span class='ocrx_word' id='word_1_345' title='bbox 1365 5425 1676 5482; x_wconf 90' lang='lat' dir='ltr'>pompam,</span> 
     </span>
    </p>
   </div>
   <div class='ocr_carea' id='block_1_57' title="bbox 31 5496 1478 5562">
    <p class='ocr_par' dir='ltr' id='par_1_57' title="bbox 31 5496 1478 5562">
     <span class='ocr_line' id='line_1_57' title="bbox 31 5496 1478 5562; baseline 0.005 -16"><span class='ocrx_word' id='word_1_346' title='bbox 31 5496 305 5551; x_wconf 64' lang='lat' dir='ltr'>‘JreduIUs</span> <span class='ocrx_word' id='word_1_347' title='bbox 333 5513 400 5552; x_wconf 91' lang='lat' dir='ltr'>ac</span> <span class='ocrx_word' id='word_1_348' title='bbox 433 5497 651 5562; x_wconf 85' lang='lat' dir='ltr'>linguis</span> <span class='ocrx_word' id='word_1_349' title='bbox 681 5498 871 5552; x_wconf 88' lang='lat' dir='ltr'>discat</span> <span class='ocrx_word' id='word_1_350' title='bbox 899 5514 1018 5552; x_wconf 90' lang='lat' dir='ltr'>non</span> <span class='ocrx_word' id='word_1_351' title='bbox 1053 5515 1179 5552; x_wconf 90' lang='lat' dir='ltr'>esse</span> <span class='ocrx_word' id='word_1_352' title='bbox 1217 5499 1440 5553; x_wconf 87' lang='lat' dir='ltr'>dolosis</span> <span class='ocrx_word' id='word_1_353' title='bbox 1466 5515 1478 5552; x_wconf 90' lang='lat'>:</span> 
     </span>
    </p>
   </div>
   <div class='ocr_carea' id='block_1_58' title="bbox 27 5585 1672 5660">
    <p class='ocr_par' dir='ltr' id='par_1_58' title="bbox 27 5585 1672 5660">
     <span class='ocr_line' id='line_1_58' title="bbox 27 5585 1672 5660; baseline 0.003 -22"><span class='ocrx_word' id='word_1_354' title='bbox 27 5591 264 5657; x_wconf 75' lang='lat' dir='ltr'>\‘onque</span> <span class='ocrx_word' id='word_1_355' title='bbox 295 5585 664 5642; x_wconf 80' lang='lat' dir='ltr'>(:aducorum</span> <span class='ocrx_word' id='word_1_356' title='bbox 709 5588 994 5656; x_wconf 86' lang='lat' dir='ltr'>gradibus</span> <span class='ocrx_word' id='word_1_357' title='bbox 1027 5588 1313 5656; x_wconf 78' lang='lat' dir='ltr'>gauderet</span> <span class='ocrx_word' id='word_1_358' title='bbox 1349 5589 1672 5660; x_wconf 90' lang='lat' dir='ltr'>honorum,</span> 
     </span>
    </p>
   </div>
   <div class='ocr_carea' id='block_1_59' title="bbox 27 5675 1406 5748">
    <p class='ocr_par' dir='ltr' id='par_1_59' title="bbox 27 5675 1406 5748">
     <span class='ocr_line' id='line_1_59' title="bbox 27 5675 1406 5748; baseline 0 -17"><span class='ocrx_word' id='word_1_359' title='bbox 27 5675 130 5731; x_wconf 78' lang='lat' dir='ltr'>Sed</span> <span class='ocrx_word' id='word_1_360' title='bbox 163 5675 355 5743; x_wconf 85' lang='lat' dir='ltr'>magis</span> <span class='ocrx_word' id='word_1_361' title='bbox 378 5676 592 5732; x_wconf 63' lang='grc' dir='ltr'>[Εἰθνοὶ</span> <span class='ocrx_word' id='word_1_362' title='bbox 623 5677 902 5731; x_wconf 82' lang='lat' dir='ltr'>formidet</span> <span class='ocrx_word' id='word_1_363' title='bbox 924 5693 1098 5747; x_wconf 90' lang='lat' dir='ltr'>posse</span> <span class='ocrx_word' id='word_1_364' title='bbox 1130 5677 1406 5748; x_wconf 87' lang='lat' dir='ltr'>potentis,</span> 
     </span>
    </p>
   </div>
   <div class='ocr_carea' id='block_1_60' title="bbox 28 5763 1471 5836">
    <p class='ocr_par' dir='ltr' id='par_1_60' title="bbox 28 5763 1471 5836">
     <span class='ocr_line' id='line_1_60' title="bbox 28 5763 1471 5836; baseline -0.001 -17"><span class='ocrx_word' id='word_1_365' title='bbox 28 5763 173 5820; x_wconf 85' lang='lat' dir='ltr'>llius</span> <span class='ocrx_word' id='word_1_366' title='bbox 202 5768 382 5836; x_wconf 87' lang='lat' dir='ltr'>atque</span> <span class='ocrx_word' id='word_1_367' title='bbox 413 5779 522 5821; x_wconf 83' lang='lat' dir='ltr'>suo</span> <span class='ocrx_word' id='word_1_368' title='bbox 546 5769 792 5822; x_wconf 79' lang='lat' dir='ltr'>maneat</span> <span class='ocrx_word' id='word_1_369' title='bbox 817 5763 951 5821; x_wconf 89' lang='lat' dir='ltr'>laus</span> <span class='ocrx_word' id='word_1_370' title='bbox 982 5780 1218 5836; x_wconf 85' lang='lat' dir='ltr'>semper</span> <span class='ocrx_word' id='word_1_371' title='bbox 1245 5765 1306 5820; x_wconf 90' lang='lat' dir='ltr'>in</span> <span class='ocrx_word' id='word_1_372' title='bbox 1334 5781 1471 5820; x_wconf 87' lang='lat' dir='ltr'>ore:</span> 
     </span>
    </p>
   </div>
   <div class='ocr_carea' id='block_1_61' title="bbox 1441 277 2055 336">
    <p class='ocr_par' dir='ltr' id='par_1_61' title="bbox 1441 277 2055 336">
     <span class='ocr_line' id='line_1_61' title="bbox 1441 277 2055 336; baseline -0.005 -3"><span class='ocrx_word' id='word_1_373' title='bbox 1441 284 1596 336; x_wconf 75' lang='lat' dir='ltr'>VITA</span> <span class='ocrx_word' id='word_1_374' title='bbox 1636 281 1689 332; x_wconf 81' lang='lat' dir='ltr'>S.</span> <span class='ocrx_word' id='word_1_375' title='bbox 1725 277 2055 332; x_wconf 78' lang='lat' dir='ltr'>RICHARII.</span> 
     </span>
    </p>
   </div>
   <div class='ocr_carea' id='block_1_62' title="bbox 1735 402 3472 476">
    <p class='ocr_par' dir='ltr' id='par_1_62' title="bbox 1735 402 3472 476">
     <span class='ocr_line' id='line_1_62' title="bbox 1735 402 3472 476; baseline 0.003 -20"><span class='ocrx_word' id='word_1_376' title='bbox 1735 408 1779 456; x_wconf 82' lang='grc' dir='ltr'><strong>Α</strong></span> <span class='ocrx_word' id='word_1_377' title='bbox 1823 402 2071 457; x_wconf 87' lang='lat' dir='ltr'>Sedulus</span> <span class='ocrx_word' id='word_1_378' title='bbox 2105 421 2172 458; x_wconf 89' lang='lat' dir='ltr'>ac</span> <span class='ocrx_word' id='word_1_379' title='bbox 2208 410 2418 471; x_wconf 82' lang='lat' dir='ltr'>teneat,</span> <span class='ocrx_word' id='word_1_380' title='bbox 2449 407 2591 476; x_wconf 87' lang='lat' dir='ltr'>quia</span> <span class='ocrx_word' id='word_1_381' title='bbox 2635 404 2797 459; x_wconf 88' lang='lat' dir='ltr'>nulla</span> <span class='ocrx_word' id='word_1_382' title='bbox 2822 404 3085 475; x_wconf 82' lang='lat' dir='ltr'>potentia</span> <span class='ocrx_word' id='word_1_383' title='bbox 3129 406 3334 460; x_wconf 90' lang='lat' dir='ltr'>mundi</span> <span class='ocrx_word' id='word_1_384' title='bbox 3367 412 3472 472; x_wconf 89' lang='lat' dir='ltr'>est,</span> 
     </span>
    </p>
   </div>
   <div class='ocr_carea' id='block_1_63' title="bbox 3342 284 3476 336">
    <p class='ocr_par' dir='ltr' id='par_1_63' title="bbox 3342 284 3476 336">
     <span class='ocr_line' id='line_1_63' title="bbox 3342 284 3476 336; baseline -0.007 -2"><span class='ocrx_word' id='word_1_385' title='bbox 3342 286 3355 334; x_wconf 86' lang='lat' dir='ltr'>l</span> <span class='ocrx_word' id='word_1_386' title='bbox 3369 284 3476 336; x_wconf 73' lang='grc'>430</span> 
     </span>
    </p>
   </div>
   <div class='ocr_carea' id='block_1_64' title="bbox 1819 492 3470 558">
    <p class='ocr_par' dir='ltr' id='par_1_64' title="bbox 1819 492 3470 558">
     <span class='ocr_line' id='line_1_64' title="bbox 1819 492 3470 558; baseline 0.004 -16"><span class='ocrx_word' id='word_1_387' title='bbox 1819 494 1956 555; x_wconf 77' lang='lat' dir='ltr'>Quae</span> <span class='ocrx_word' id='word_1_388' title='bbox 1972 492 2124 547; x_wconf 89' lang='lat' dir='ltr'>dum</span> <span class='ocrx_word' id='word_1_389' title='bbox 2157 509 2378 557; x_wconf 76' lang='lat' dir='ltr'>magna</span> <span class='ocrx_word' id='word_1_390' title='bbox 2410 496 2586 558; x_wconf 81' lang='lat' dir='ltr'>viget,</span> <span class='ocrx_word' id='word_1_391' title='bbox 2607 493 2789 548; x_wconf 87' lang='lat' dir='ltr'>tenuit</span> <span class='ocrx_word' id='word_1_392' title='bbox 2819 500 3110 549; x_wconf 87' lang='lat' dir='ltr'>vacuatur</span> <span class='ocrx_word' id='word_1_393' title='bbox 3143 499 3204 548; x_wconf 92' lang='lat' dir='ltr'>ut</span> <span class='ocrx_word' id='word_1_394' title='bbox 3235 495 3470 552; x_wconf 86' lang='lat' dir='ltr'>umbra:</span> 
     </span>
    </p>
   </div>
   <div class='ocr_carea' id='block_1_65' title="bbox 1821 582 3387 654">
    <p class='ocr_par' dir='ltr' id='par_1_65' title="bbox 1821 582 3387 654">
     <span class='ocr_line' id='line_1_65' title="bbox 1821 582 3387 654; baseline 0.003 -20"><span class='ocrx_word' id='word_1_395' title='bbox 1821 585 2005 635; x_wconf 85' lang='lat' dir='ltr'>Instar</span> <span class='ocrx_word' id='word_1_396' title='bbox 2033 587 2086 635; x_wconf 85' lang='lat' dir='ltr'>et</span> <span class='ocrx_word' id='word_1_397' title='bbox 2113 582 2340 648; x_wconf 69' lang='lat' dir='ltr'>exiguae</span> <span class='ocrx_word' id='word_1_398' title='bbox 2374 584 2624 647; x_wconf 81' lang='lat' dir='ltr'>gignunt</span> <span class='ocrx_word' id='word_1_399' title='bbox 2654 600 2838 654; x_wconf 87' lang='lat' dir='ltr'>quam</span> <span class='ocrx_word' id='word_1_400' title='bbox 2870 583 3121 637; x_wconf 83' lang='lat' dir='ltr'>ﬂumina</span> <span class='ocrx_word' id='word_1_401' title='bbox 3156 599 3387 654; x_wconf 60' lang='lat' dir='ltr'>spumis</span> 
     </span>
    </p>
   </div>
   <div class='ocr_carea' id='block_1_66' title="bbox 1820 670 3234 737">
    <p class='ocr_par' dir='ltr' id='par_1_66' title="bbox 1820 670 3234 737">
     <span class='ocr_line' id='line_1_66' title="bbox 1820 670 3234 737; baseline 0.003 -15"><span class='ocrx_word' id='word_1_402' title='bbox 1820 670 2075 737; x_wconf 83' lang='lat' dir='ltr'>Labitur,</span> <span class='ocrx_word' id='word_1_403' title='bbox 2109 672 2182 725; x_wconf 84' lang='lat' dir='ltr'>ad</span> <span class='ocrx_word' id='word_1_404' title='bbox 2218 673 2519 726; x_wconf 79' lang='lat' dir='ltr'>modicum</span> <span class='ocrx_word' id='word_1_405' title='bbox 2556 673 2627 726; x_wconf 88' lang='lat' dir='ltr'>sit</span> <span class='ocrx_word' id='word_1_406' title='bbox 2657 674 2759 727; x_wconf 87' lang='lat' dir='ltr'>Ilat</span> <span class='ocrx_word' id='word_1_407' title='bbox 2787 672 3028 727; x_wconf 88' lang='lat' dir='ltr'>tentatio</span> <span class='ocrx_word' id='word_1_408' title='bbox 3059 673 3234 726; x_wconf 88' lang='lat' dir='ltr'>venti.</span> 
     </span>
    </p>
   </div>
   <div class='ocr_carea' id='block_1_67' title="bbox 1819 760 3318 832">
    <p class='ocr_par' dir='ltr' id='par_1_67' title="bbox 1819 760 3318 832">
     <span class='ocr_line' id='line_1_67' title="bbox 1819 760 3318 832; baseline 0.002 -20"><span class='ocrx_word' id='word_1_409' title='bbox 1819 763 2008 812; x_wconf 86' lang='lat' dir='ltr'>Immo</span> <span class='ocrx_word' id='word_1_410' title='bbox 2040 760 2158 830; x_wconf 81' lang='lat' dir='ltr'>pati</span> <span class='ocrx_word' id='word_1_411' title='bbox 2194 766 2396 815; x_wconf 79' lang='lat' dir='ltr'>tractet</span> <span class='ocrx_word' id='word_1_412' title='bbox 2427 778 2679 824; x_wconf 75' lang='lat' dir='ltr'>magnos</span> <span class='ocrx_word' id='word_1_413' title='bbox 2708 766 2998 816; x_wconf 89' lang='lat' dir='ltr'>tormenta</span> <span class='ocrx_word' id='word_1_414' title='bbox 3029 767 3318 832; x_wconf 90' lang='lat' dir='ltr'>potenter,</span> 
     </span>
    </p>
   </div>
   <div class='ocr_carea' id='block_1_68' title="bbox 1819 848 3405 922">
    <p class='ocr_par' dir='ltr' id='par_1_68' title="bbox 1819 848 3405 922">
     <span class='ocr_line' id='line_1_68' title="bbox 1819 848 3405 922; baseline 0.005 -24"><span class='ocrx_word' id='word_1_415' title='bbox 1819 848 2044 918; x_wconf 86' lang='lat' dir='ltr'>Cuique</span> <span class='ocrx_word' id='word_1_416' title='bbox 2075 849 2251 904; x_wconf 86' lang='lat' dir='ltr'>datur</span> <span class='ocrx_word' id='word_1_417' title='bbox 2276 851 2551 920; x_wconf 88' lang='lat' dir='ltr'>multum,</span> <span class='ocrx_word' id='word_1_418' title='bbox 2587 851 2840 906; x_wconf 89' lang='lat' dir='ltr'>multum</span> <span class='ocrx_word' id='word_1_419' title='bbox 2879 857 3176 922; x_wconf 72' lang='lat' dir='ltr'>quaeretur</span> <span class='ocrx_word' id='word_1_420' title='bbox 3202 851 3280 906; x_wconf 89' lang='lat' dir='ltr'>ab</span> <span class='ocrx_word' id='word_1_421' title='bbox 3308 852 3405 906; x_wconf 91' lang='lat' dir='ltr'>illo</span> 
     </span>
    </p>
   </div>
   <div class='ocr_carea' id='block_1_69' title="bbox 1819 937 3244 1012">
    <p class='ocr_par' dir='ltr' id='par_1_69' title="bbox 1819 937 3244 1012">
     <span class='ocr_line' id='line_1_69' title="bbox 1819 937 3244 1012; baseline 0.004 -24"><span class='ocrx_word' id='word_1_422' title='bbox 1819 937 1928 1001; x_wconf 76' lang='lat' dir='ltr'>Qui</span> <span class='ocrx_word' id='word_1_423' title='bbox 1960 938 2057 992; x_wconf 89' lang='lat' dir='ltr'>vix</span> <span class='ocrx_word' id='word_1_424' title='bbox 2088 945 2265 1010; x_wconf 83' lang='lat' dir='ltr'>atque</span> <span class='ocrx_word' id='word_1_425' title='bbox 2301 943 2417 995; x_wconf 88' lang='lat' dir='ltr'>Deo</span> <span class='ocrx_word' id='word_1_426' title='bbox 2448 941 2740 995; x_wconf 89' lang='lat' dir='ltr'>rationem</span> <span class='ocrx_word' id='word_1_427' title='bbox 2766 941 3014 995; x_wconf 86' lang='lat' dir='ltr'>reddere</span> <span class='ocrx_word' id='word_1_428' title='bbox 3042 956 3151 1012; x_wconf 88' lang='lat' dir='ltr'>pro</span> <span class='ocrx_word' id='word_1_429' title='bbox 3184 957 3244 994; x_wconf 91' lang='lat' dir='ltr'>se</span> 
     </span>
    </p>
   </div>
   <div class='ocr_carea' id='block_1_70' title="bbox 1820 1019 3227 1100">
    <p class='ocr_par' dir='ltr' id='par_1_70' title="bbox 1820 1019 3227 1100">
     <span class='ocr_line' id='line_1_70' title="bbox 1820 1019 3227 1100; baseline 0.002 -21"><span class='ocrx_word' id='word_1_430' title='bbox 1820 1023 2062 1093; x_wconf 80' lang='lat' dir='ltr'>Sufﬁcit,</span> <span class='ocrx_word' id='word_1_431' title='bbox 2097 1019 2395 1082; x_wconf 55' lang='lat' dir='ltr'>ex&#39;multis</span> <span class='ocrx_word' id='word_1_432' title='bbox 2427 1045 2548 1099; x_wconf 86' lang='lat' dir='ltr'>quo</span> <span class='ocrx_word' id='word_1_433' title='bbox 2580 1034 2756 1100; x_wconf 89' lang='lat' dir='ltr'>pacto</span> <span class='ocrx_word' id='word_1_434' title='bbox 2787 1030 2936 1084; x_wconf 84' lang='lat' dir='ltr'>ferre</span> <span class='ocrx_word' id='word_1_435' title='bbox 2969 1027 3227 1083; x_wconf 76' lang='lat' dir='ltr'>valebit?</span> 
     </span>
    </p>
   </div>
   <div class='ocr_carea' id='block_1_71' title="bbox 1819 1115 3250 1190">
    <p class='ocr_par' dir='ltr' id='par_1_71' title="bbox 1819 1115 3250 1190">
     <span class='ocr_line' id='line_1_71' title="bbox 1819 1115 3250 1190; baseline 0.004 -24"><span class='ocrx_word' id='word_1_436' title='bbox 1819 1116 1884 1166; x_wconf 80' lang='lat' dir='ltr'>Ut</span> <span class='ocrx_word' id='word_1_437' title='bbox 1912 1115 2107 1184; x_wconf 66' lang='lat' dir='ltr'>preesit</span> <span class='ocrx_word' id='word_1_438' title='bbox 2138 1118 2334 1186; x_wconf 87' lang='lat' dir='ltr'>potius</span> <span class='ocrx_word' id='word_1_439' title='bbox 2363 1135 2548 1188; x_wconf 90' lang='lat' dir='ltr'>quam</span> <span class='ocrx_word' id='word_1_440' title='bbox 2579 1119 2757 1173; x_wconf 89' lang='lat' dir='ltr'>subdi</span> <span class='ocrx_word' id='word_1_441' title='bbox 2785 1119 3040 1190; x_wconf 90' lang='lat' dir='ltr'>quisque</span> <span class='ocrx_word' id='word_1_442' title='bbox 3066 1119 3250 1172; x_wconf 90' lang='lat' dir='ltr'>vereri</span> 
     </span>
    </p>
   </div>
   <div class='ocr_carea' id='block_1_72' title="bbox 1819 1203 3211 1278">
    <p class='ocr_par' dir='ltr' id='par_1_72' title="bbox 1819 1203 3211 1278">
     <span class='ocr_line' id='line_1_72' title="bbox 1819 1203 3211 1278; baseline 0.005 -23"><span class='ocrx_word' id='word_1_443' title='bbox 1819 1203 2038 1257; x_wconf 81' lang='lat' dir='ltr'>Idcirco</span> <span class='ocrx_word' id='word_1_444' title='bbox 2069 1205 2264 1261; x_wconf 82' lang='lat' dir='ltr'>debet.</span> <span class='ocrx_word' id='word_1_445' title='bbox 2302 1211 2444 1260; x_wconf 74' lang='lat' dir='ltr'>Nam</span> <span class='ocrx_word' id='word_1_446' title='bbox 2479 1208 2581 1278; x_wconf 87' lang='lat' dir='ltr'>qui</span> <span class='ocrx_word' id='word_1_447' title='bbox 2623 1208 2926 1278; x_wconf 88' lang='lat' dir='ltr'>subjectus</span> <span class='ocrx_word' id='word_1_448' title='bbox 2959 1208 3211 1263; x_wconf 87' lang='lat' dir='ltr'>habetur</span> 
     </span>
    </p>
   </div>
   <div class='ocr_carea' id='block_1_73' title="bbox 1816 1295 3032 1368">
    <p class='ocr_par' dir='ltr' id='par_1_73' title="bbox 1816 1295 3032 1368">
     <span class='ocr_line' id='line_1_73' title="bbox 1816 1295 3032 1368; baseline 0.005 -22"><span class='ocrx_word' id='word_1_449' title='bbox 1816 1295 1920 1346; x_wconf 89' lang='lat' dir='ltr'>Pro</span> <span class='ocrx_word' id='word_1_450' title='bbox 1953 1309 2013 1347; x_wconf 90' lang='lat' dir='ltr'>se</span> <span class='ocrx_word' id='word_1_451' title='bbox 2045 1295 2305 1364; x_wconf 87' lang='lat' dir='ltr'>portabit</span> <span class='ocrx_word' id='word_1_452' title='bbox 2334 1297 2460 1351; x_wconf 90' lang='lat' dir='ltr'>solo</span> <span class='ocrx_word' id='word_1_453' title='bbox 2493 1299 2729 1368; x_wconf 89' lang='lat' dir='ltr'>pondus</span> <span class='ocrx_word' id='word_1_454' title='bbox 2757 1298 3032 1353; x_wconf 86' lang='lat' dir='ltr'>rationis:</span> 
     </span>
    </p>
   </div>
   <div class='ocr_carea' id='block_1_74' title="bbox 1815 1384 3113 1457">
    <p class='ocr_par' dir='ltr' id='par_1_74' title="bbox 1815 1384 3113 1457">
     <span class='ocr_line' id='line_1_74' title="bbox 1815 1384 3113 1457; baseline 0.005 -22"><span class='ocrx_word' id='word_1_455' title='bbox 1815 1384 1885 1437; x_wconf 84' lang='lat' dir='ltr'>At</span> <span class='ocrx_word' id='word_1_456' title='bbox 1915 1387 2119 1438; x_wconf 87' lang='lat' dir='ltr'>contra</span> <span class='ocrx_word' id='word_1_457' title='bbox 2153 1386 2319 1454; x_wconf 81' lang='lat' dir='ltr'>regni</span> <span class='ocrx_word' id='word_1_458' title='bbox 2349 1386 2450 1457; x_wconf 88' lang='lat' dir='ltr'>qui</span> <span class='ocrx_word' id='word_1_459' title='bbox 2483 1387 2837 1443; x_wconf 87' lang='lat' dir='ltr'>sublimatur</span> <span class='ocrx_word' id='word_1_460' title='bbox 2869 1389 3113 1451; x_wconf 82' lang='lat' dir='ltr'>honore,</span> 
     </span>
    </p>
   </div>
   <div class='ocr_carea' id='block_1_75' title="bbox 1813 1475 3466 1549">
    <p class='ocr_par' dir='ltr' id='par_1_75' title="bbox 1813 1475 3466 1549">
     <span class='ocr_line' id='line_1_75' title="bbox 1813 1475 3466 1549; baseline 0.004 -25"><span class='ocrx_word' id='word_1_461' title='bbox 1813 1475 1958 1524; x_wconf 87' lang='lat' dir='ltr'>Ante</span> <span class='ocrx_word' id='word_1_462' title='bbox 1987 1475 2172 1526; x_wconf 90' lang='lat' dir='ltr'>Deum</span> <span class='ocrx_word' id='word_1_463' title='bbox 2212 1475 2473 1545; x_wconf 89' lang='lat' dir='ltr'>proprio,</span> <span class='ocrx_word' id='word_1_464' title='bbox 2526 1476 2850 1531; x_wconf 90' lang='lat' dir='ltr'>multorum</span> <span class='ocrx_word' id='word_1_465' title='bbox 2882 1483 2938 1532; x_wconf 89' lang='lat' dir='ltr'>et</span> <span class='ocrx_word' id='word_1_466' title='bbox 2968 1479 3124 1533; x_wconf 85' lang='lat' dir='ltr'>fasce</span> <span class='ocrx_word' id='word_1_467' title='bbox 3146 1482 3466 1549; x_wconf 90' lang='lat' dir='ltr'>premetur.</span> 
     </span>
    </p>
   </div>
   <div class='ocr_carea' id='block_1_76' title="bbox 1884 1562 3430 1636">
    <p class='ocr_par' dir='ltr' id='par_1_76' title="bbox 1884 1562 3430 1636">
     <span class='ocr_line' id='line_1_76' title="bbox 1884 1562 3430 1636; baseline 0.005 -23"><span class='ocrx_word' id='word_1_468' title='bbox 1884 1562 2018 1615; x_wconf 63' lang='lat' dir='ltr'>Haec</span> <span class='ocrx_word' id='word_1_469' title='bbox 2050 1563 2316 1618; x_wconf 84' lang='lat' dir='ltr'>sobriam</span> <span class='ocrx_word' id='word_1_470' title='bbox 2350 1565 2503 1629; x_wconf 77' lang='lat' dir='ltr'>regis</span> <span class='ocrx_word' id='word_1_471' title='bbox 2536 1570 2803 1636; x_wconf 86' lang='lat' dir='ltr'>penetrat</span> <span class='ocrx_word' id='word_1_472' title='bbox 2831 1567 3116 1621; x_wconf 89' lang='lat' dir='ltr'>correctio</span> <span class='ocrx_word' id='word_1_473' title='bbox 3148 1571 3430 1630; x_wconf 90' lang='lat' dir='ltr'>mentem,</span> 
     </span>
    </p>
   </div>
   <div class='ocr_carea' id='block_1_77' title="bbox 1817 1653 3132 1724">
    <p class='ocr_par' dir='ltr' id='par_1_77' title="bbox 1817 1653 3132 1724">
     <span class='ocr_line' id='line_1_77' title="bbox 1817 1653 3132 1724; baseline 0.005 -20"><span class='ocrx_word' id='word_1_474' title='bbox 1817 1653 1999 1721; x_wconf 87' lang='lat' dir='ltr'>thue</span> <span class='ocrx_word' id='word_1_475' title='bbox 2032 1669 2174 1706; x_wconf 87' lang='lat' dir='ltr'>suus</span> <span class='ocrx_word' id='word_1_476' title='bbox 2201 1654 2306 1709; x_wconf 84' lang='lat' dir='ltr'>Iiat</span> <span class='ocrx_word' id='word_1_477' title='bbox 2331 1655 2525 1724; x_wconf 86' lang='lat' dir='ltr'>poscit</span> <span class='ocrx_word' id='word_1_478' title='bbox 2553 1655 2806 1710; x_wconf 88' lang='lat' dir='ltr'>conviva</span> <span class='ocrx_word' id='word_1_479' title='bbox 2835 1657 3132 1711; x_wconf 86' lang='lat' dir='ltr'>sacerdos.</span> 
     </span>
    </p>
   </div>
   <div class='ocr_carea' id='block_1_78' title="bbox 1729 1741 3156 1811">
    <p class='ocr_par' dir='ltr' id='par_1_78' title="bbox 1729 1741 3156 1811">
     <span class='ocr_line' id='line_1_78' title="bbox 1729 1741 3156 1811; baseline 0.005 -18"><span class='ocrx_word' id='word_1_480' title='bbox 1729 1755 1774 1808; x_wconf 78' lang='grc' dir='ltr'><strong>Β</strong></span> <span class='ocrx_word' id='word_1_481' title='bbox 1814 1743 2030 1795; x_wconf 71' lang='lat' dir='ltr'>Norma</span> <span class='ocrx_word' id='word_1_482' title='bbox 2061 1741 2162 1811; x_wconf 87' lang='lat' dir='ltr'>qui</span> <span class='ocrx_word' id='word_1_483' title='bbox 2191 1744 2400 1797; x_wconf 88' lang='lat' dir='ltr'>Christi</span> <span class='ocrx_word' id='word_1_484' title='bbox 2430 1746 2611 1799; x_wconf 85' lang='lat' dir='ltr'>fretus</span> <span class='ocrx_word' id='word_1_485' title='bbox 2642 1745 2916 1799; x_wconf 88' lang='lat' dir='ltr'>convivia</span> <span class='ocrx_word' id='word_1_486' title='bbox 2948 1746 3156 1800; x_wconf 91' lang='lat' dir='ltr'>mundi</span> 
     </span>
    </p>
   </div>
   <div class='ocr_carea' id='block_1_79' title="bbox 1815 1832 3152 1900">
    <p class='ocr_par' dir='ltr' id='par_1_79' title="bbox 1815 1832 3152 1900">
     <span class='ocr_line' id='line_1_79' title="bbox 1815 1832 3152 1900; baseline 0.006 -18"><span class='ocrx_word' id='word_1_487' title='bbox 1815 1832 1938 1882; x_wconf 74' lang='lat' dir='ltr'>Non</span> <span class='ocrx_word' id='word_1_488' title='bbox 1965 1833 2364 1900; x_wconf 88' lang='lat' dir='ltr'>aspernantis,</span> <span class='ocrx_word' id='word_1_489' title='bbox 2396 1833 2680 1888; x_wconf 71' lang='lat' dir='ltr'>doctrinae</span> <span class='ocrx_word' id='word_1_490' title='bbox 2709 1835 2947 1889; x_wconf 89' lang='lat' dir='ltr'>occasio</span> <span class='ocrx_word' id='word_1_491' title='bbox 2987 1836 3152 1890; x_wconf 89' lang='lat' dir='ltr'>nasci</span> 
     </span>
    </p>
   </div>
   <div class='ocr_carea' id='block_1_80' title="bbox 1815 1919 3224 1994">
    <p class='ocr_par' dir='ltr' id='par_1_80' title="bbox 1815 1919 3224 1994">
     <span class='ocr_line' id='line_1_80' title="bbox 1815 1919 3224 1994; baseline 0.006 -23"><span class='ocrx_word' id='word_1_492' title='bbox 1815 1921 1893 1971; x_wconf 89' lang='lat' dir='ltr'>Ex</span> <span class='ocrx_word' id='word_1_493' title='bbox 1925 1919 2036 1972; x_wconf 90' lang='lat' dir='ltr'>hoc</span> <span class='ocrx_word' id='word_1_494' title='bbox 2069 1925 2128 1974; x_wconf 89' lang='lat' dir='ltr'>ut</span> <span class='ocrx_word' id='word_1_495' title='bbox 2162 1927 2387 1991; x_wconf 87' lang='lat' dir='ltr'>posset,</span> <span class='ocrx_word' id='word_1_496' title='bbox 2413 1923 2676 1990; x_wconf 83' lang='lat' dir='ltr'>regalem</span> <span class='ocrx_word' id='word_1_497' title='bbox 2705 1924 2866 1978; x_wconf 82' lang='lat' dir='ltr'>venit</span> <span class='ocrx_word' id='word_1_498' title='bbox 2894 1924 2971 1979; x_wconf 85' lang='lat' dir='ltr'>ad</span> <span class='ocrx_word' id='word_1_499' title='bbox 3001 1925 3224 1994; x_wconf 88' lang='lat' dir='ltr'>aulam,</span> 
     </span>
    </p>
   </div>
   <div class='ocr_carea' id='block_1_81' title="bbox 1811 2009 3463 2086">
    <p class='ocr_par' dir='ltr' id='par_1_81' title="bbox 1811 2009 3463 2086">
     <span class='ocr_line' id='line_1_81' title="bbox 1811 2009 3463 2086; baseline 0.003 -24"><span class='ocrx_word' id='word_1_500' title='bbox 1811 2009 2071 2079; x_wconf 88' lang='lat' dir='ltr'>Occupat</span> <span class='ocrx_word' id='word_1_501' title='bbox 2103 2015 2280 2080; x_wconf 88' lang='lat' dir='ltr'>atque</span> <span class='ocrx_word' id='word_1_502' title='bbox 2313 2011 2473 2066; x_wconf 88' lang='lat' dir='ltr'>diem</span> <span class='ocrx_word' id='word_1_503' title='bbox 2532 2017 2718 2068; x_wconf 86' lang='lat' dir='ltr'>totam</span> <span class='ocrx_word' id='word_1_504' title='bbox 2758 2029 2898 2068; x_wconf 90' lang='lat' dir='ltr'>cum</span> <span class='ocrx_word' id='word_1_505' title='bbox 2929 2018 3102 2069; x_wconf 90' lang='lat' dir='ltr'>nocte</span> <span class='ocrx_word' id='word_1_506' title='bbox 3158 2018 3463 2086; x_wconf 89' lang='lat' dir='ltr'>sequente,</span> 
     </span>
    </p>
   </div>
   <div class='ocr_carea' id='block_1_82' title="bbox 1811 2095 3171 2173">
    <p class='ocr_par' dir='ltr' id='par_1_82' title="bbox 1811 2095 3171 2173">
     <span class='ocr_line' id='line_1_82' title="bbox 1811 2095 3171 2173; baseline 0.007 -25"><span class='ocrx_word' id='word_1_507' title='bbox 1811 2095 1949 2149; x_wconf 65' lang='lat' dir='ltr'>VltiB</span> <span class='ocrx_word' id='word_1_508' title='bbox 1980 2097 2235 2152; x_wconf 67' lang='lat' dir='ltr'>C(BlGStlS</span> <span class='ocrx_word' id='word_1_509' title='bbox 2271 2100 2541 2170; x_wconf 84' lang='lat' dir='ltr'>praebens</span> <span class='ocrx_word' id='word_1_510' title='bbox 2570 2101 2954 2173; x_wconf 88' lang='lat' dir='ltr'>epulantibus</span> <span class='ocrx_word' id='word_1_511' title='bbox 2983 2119 3171 2158; x_wconf 87' lang='lat' dir='ltr'>escas.</span> 
     </span>
    </p>
   </div>
   <div class='ocr_carea' id='block_1_83' title="bbox 1811 2185 3279 2260">
    <p class='ocr_par' dir='ltr' id='par_1_83' title="bbox 1811 2185 3279 2260">
     <span class='ocr_line' id='line_1_83' title="bbox 1811 2185 3279 2260; baseline 0.007 -24"><span class='ocrx_word' id='word_1_512' title='bbox 1811 2185 1991 2253; x_wconf 81' lang='lat' dir='ltr'>Cujus</span> <span class='ocrx_word' id='word_1_513' title='bbox 2018 2191 2073 2239; x_wconf 91' lang='lat' dir='ltr'>et</span> <span class='ocrx_word' id='word_1_514' title='bbox 2104 2187 2162 2240; x_wconf 93' lang='lat' dir='ltr'>in</span> <span class='ocrx_word' id='word_1_515' title='bbox 2197 2192 2427 2243; x_wconf 91' lang='lat' dir='ltr'>tantum</span> <span class='ocrx_word' id='word_1_516' title='bbox 2459 2190 2662 2244; x_wconf 88' lang='lat' dir='ltr'>mulsit</span> <span class='ocrx_word' id='word_1_517' title='bbox 2693 2194 3026 2246; x_wconf 86' lang='lat' dir='ltr'>constantia</span> <span class='ocrx_word' id='word_1_518' title='bbox 3055 2207 3279 2260; x_wconf 91' lang='lat' dir='ltr'>regem,</span> 
     </span>
    </p>
   </div>
   <div class='ocr_carea' id='block_1_84' title="bbox 1809 2275 3288 2348">
    <p class='ocr_par' dir='ltr' id='par_1_84' title="bbox 1809 2275 3288 2348">
     <span class='ocr_line' id='line_1_84' title="bbox 1809 2275 3288 2348; baseline 0.004 -20"><span class='ocrx_word' id='word_1_519' title='bbox 1809 2275 2097 2339; x_wconf 73' lang='lat' dir='ltr'>Quzedam</span> <span class='ocrx_word' id='word_1_520' title='bbox 2123 2275 2196 2330; x_wconf 89' lang='lat' dir='ltr'>de</span> <span class='ocrx_word' id='word_1_521' title='bbox 2223 2277 2466 2348; x_wconf 90' lang='lat' dir='ltr'>proprio</span> <span class='ocrx_word' id='word_1_522' title='bbox 2497 2295 2684 2332; x_wconf 89' lang='lat' dir='ltr'>censu</span> <span class='ocrx_word' id='word_1_523' title='bbox 2715 2284 2778 2332; x_wconf 89' lang='lat' dir='ltr'>ut</span> <span class='ocrx_word' id='word_1_524' title='bbox 2809 2280 3161 2334; x_wconf 90' lang='lat' dir='ltr'>concederet</span> <span class='ocrx_word' id='word_1_525' title='bbox 3187 2278 3288 2344; x_wconf 90' lang='lat' dir='ltr'>illi,</span> 
     </span>
    </p>
   </div>
   <div class='ocr_carea' id='block_1_85' title="bbox 1813 2364 3126 2438">
    <p class='ocr_par' dir='ltr' id='par_1_85' title="bbox 1813 2364 3126 2438">
     <span class='ocr_line' id='line_1_85' title="bbox 1813 2364 3126 2438; baseline 0.006 -22"><span class='ocrx_word' id='word_1_526' title='bbox 1813 2364 1973 2417; x_wconf 89' lang='lat' dir='ltr'>Unde</span> <span class='ocrx_word' id='word_1_527' title='bbox 2009 2365 2105 2419; x_wconf 90' lang='lat' dir='ltr'>Dei</span> <span class='ocrx_word' id='word_1_528' title='bbox 2138 2367 2360 2438; x_wconf 89' lang='lat' dir='ltr'>templo</span> <span class='ocrx_word' id='word_1_529' title='bbox 2392 2372 2593 2438; x_wconf 86' lang='lat' dir='ltr'>posset</span> <span class='ocrx_word' id='word_1_530' title='bbox 2621 2368 2818 2424; x_wconf 89' lang='lat' dir='ltr'>lucere</span> <span class='ocrx_word' id='word_1_531' title='bbox 2842 2369 3089 2424; x_wconf 91' lang='lat' dir='ltr'>lucerna</span> <span class='ocrx_word' id='word_1_532' title='bbox 3115 2387 3126 2424; x_wconf 93' lang='lat'><strong>:</strong></span> 
     </span>
    </p>
   </div>
   <div class='ocr_carea' id='block_1_86' title="bbox 1808 2453 3161 2528">
    <p class='ocr_par' dir='ltr' id='par_1_86' title="bbox 1808 2453 3161 2528">
     <span class='ocr_line' id='line_1_86' title="bbox 1808 2453 3161 2528; baseline 0.006 -22"><span class='ocrx_word' id='word_1_533' title='bbox 1808 2453 2064 2508; x_wconf 87' lang='lat' dir='ltr'>Omnino</span> <span class='ocrx_word' id='word_1_534' title='bbox 2089 2455 2321 2524; x_wconf 88' lang='lat' dir='ltr'>justum</span> <span class='ocrx_word' id='word_1_535' title='bbox 2350 2463 2656 2528; x_wconf 89' lang='lat' dir='ltr'>reputans,</span> <span class='ocrx_word' id='word_1_536' title='bbox 2680 2464 2744 2513; x_wconf 92' lang='lat' dir='ltr'>ut</span> <span class='ocrx_word' id='word_1_537' title='bbox 2773 2459 2926 2513; x_wconf 85' lang='lat' dir='ltr'>sicut</span> <span class='ocrx_word' id='word_1_538' title='bbox 2954 2459 3032 2514; x_wconf 87' lang='lat' dir='ltr'>ab</span> <span class='ocrx_word' id='word_1_539' title='bbox 3063 2457 3161 2514; x_wconf 87' lang='lat' dir='ltr'>illo</span> 
     </span>
    </p>
   </div>
   <div class='ocr_carea' id='block_1_87' title="bbox 1807 2541 3111 2619">
    <p class='ocr_par' dir='ltr' id='par_1_87' title="bbox 1807 2541 3111 2619">
     <span class='ocr_line' id='line_1_87' title="bbox 1807 2541 3111 2619; baseline 0.007 -26"><span class='ocrx_word' id='word_1_540' title='bbox 1807 2541 2135 2597; x_wconf 89' lang='lat' dir='ltr'>Illustratus</span> <span class='ocrx_word' id='word_1_541' title='bbox 2162 2550 2286 2599; x_wconf 91' lang='lat' dir='ltr'>erat</span> <span class='ocrx_word' id='word_1_542' title='bbox 2312 2545 2511 2599; x_wconf 89' lang='lat' dir='ltr'>divino</span> <span class='ocrx_word' id='word_1_543' title='bbox 2540 2546 2786 2615; x_wconf 90' lang='lat' dir='ltr'>lumine,</span> <span class='ocrx_word' id='word_1_544' title='bbox 2819 2547 3111 2619; x_wconf 89' lang='lat' dir='ltr'>templum</span> 
     </span>
    </p>
   </div>
   <div class='ocr_carea' id='block_1_88' title="bbox 1806 2633 3153 2709">
    <p class='ocr_par' dir='ltr' id='par_1_88' title="bbox 1806 2633 3153 2709">
     <span class='ocr_line' id='line_1_88' title="bbox 1806 2633 3153 2709; baseline 0.005 -23"><span class='ocrx_word' id='word_1_545' title='bbox 1806 2634 2037 2686; x_wconf 88' lang='lat' dir='ltr'>Munere</span> <span class='ocrx_word' id='word_1_546' title='bbox 2068 2633 2282 2688; x_wconf 89' lang='lat' dir='ltr'>visibili</span> <span class='ocrx_word' id='word_1_547' title='bbox 2317 2636 2548 2690; x_wconf 89' lang='lat' dir='ltr'>Domini</span> <span class='ocrx_word' id='word_1_548' title='bbox 2575 2636 2891 2692; x_wconf 86' lang='lat' dir='ltr'>illustraret</span> <span class='ocrx_word' id='word_1_549' title='bbox 2921 2642 2977 2692; x_wconf 91' lang='lat' dir='ltr'>et</span> <span class='ocrx_word' id='word_1_550' title='bbox 3007 2637 3153 2709; x_wconf 85' lang='lat' dir='ltr'>ipse.</span> 
     </span>
    </p>
   </div>
   <div class='ocr_carea' id='block_1_89' title="bbox 1840 2758 3427 2833">
    <p class='ocr_par' dir='ltr' id='par_1_89' title="bbox 1840 2758 3427 2833">
     <span class='ocr_line' id='line_1_89' title="bbox 1840 2758 3427 2833; baseline 0.006 -23"><span class='ocrx_word' id='word_1_551' title='bbox 1840 2760 1947 2811; x_wconf 84' lang='lat' dir='ltr'>XII.</span> <span class='ocrx_word' id='word_1_552' title='bbox 1984 2758 2152 2824; x_wconf 82' lang='lat' dir='ltr'>Quod</span> <span class='ocrx_word' id='word_1_553' title='bbox 2179 2761 2367 2815; x_wconf 79' lang='lat' dir='ltr'>vitare</span> <span class='ocrx_word' id='word_1_554' title='bbox 2408 2763 2604 2816; x_wconf 82' lang='lat' dir='ltr'>volens</span> <span class='ocrx_word' id='word_1_555' title='bbox 2633 2761 2893 2818; x_wconf 80' lang='lat' dir='ltr'>homines</span> <span class='ocrx_word' id='word_1_556' title='bbox 2924 2763 3155 2818; x_wconf 80' lang='lat' dir='ltr'>deserta</span> <span class='ocrx_word' id='word_1_557' title='bbox 3192 2763 3427 2833; x_wconf 77' lang='lat' dir='ltr'>petivit.</span> 
     </span>
    </p>
   </div>
   <div class='ocr_carea' id='block_1_90' title="bbox 1807 2865 3327 2942">
    <p class='ocr_par' dir='ltr' id='par_1_90' title="bbox 1807 2865 3327 2942">
     <span class='ocr_line' id='line_1_90' title="bbox 1807 2865 3327 2942; baseline 0.007 -24"><span class='ocrx_word' id='word_1_558' title='bbox 1807 2865 2078 2920; x_wconf 86' lang='lat' dir='ltr'>Pluribus</span> <span class='ocrx_word' id='word_1_559' title='bbox 2111 2883 2146 2922; x_wconf 92' lang='lat' dir='ltr'>a</span> <span class='ocrx_word' id='word_1_560' title='bbox 2177 2868 2414 2941; x_wconf 87' lang='lat' dir='ltr'>populis</span> <span class='ocrx_word' id='word_1_561' title='bbox 2444 2870 2588 2942; x_wconf 89' lang='lat' dir='ltr'>quia</span> <span class='ocrx_word' id='word_1_562' title='bbox 2619 2870 2706 2925; x_wconf 89' lang='lat' dir='ltr'>vir</span> <span class='ocrx_word' id='word_1_563' title='bbox 2729 2871 2962 2927; x_wconf 90' lang='lat' dir='ltr'>Domini</span> <span class='ocrx_word' id='word_1_564' title='bbox 2994 2877 3327 2940; x_wconf 89' lang='lat' dir='ltr'>veneratur,</span> 
     </span>
    </p>
   </div>
   <div class='ocr_carea' id='block_1_91' title="bbox 1806 2955 3210 3026">
    <p class='ocr_par' dir='ltr' id='par_1_91' title="bbox 1806 2955 3210 3026">
     <span class='ocr_line' id='line_1_91' title="bbox 1806 2955 3210 3026; baseline 0.006 -18"><span class='ocrx_word' id='word_1_565' title='bbox 1806 2957 2096 3026; x_wconf 77' lang='lat' dir='ltr'>Aspectus</span> <span class='ocrx_word' id='word_1_566' title='bbox 2123 2955 2436 3014; x_wconf 87' lang='lat' dir='ltr'>hominum</span> <span class='ocrx_word' id='word_1_567' title='bbox 2470 2959 2653 3016; x_wconf 86' lang='lat' dir='ltr'>vitare</span> <span class='ocrx_word' id='word_1_568' title='bbox 2686 2961 2899 3016; x_wconf 78' lang='lat' dir='ltr'>exinde</span> <span class='ocrx_word' id='word_1_569' title='bbox 2932 2961 3170 3018; x_wconf 89' lang='lat' dir='ltr'>volebat</span> <span class='ocrx_word' id='word_1_570' title='bbox 3199 2982 3210 3016; x_wconf 91' lang='lat'>:</span> 
     </span>
    </p>
   </div>
   <div class='ocr_carea' id='block_1_92' title="bbox 1809 3044 3140 3120">
    <p class='ocr_par' dir='ltr' id='par_1_92' title="bbox 1809 3044 3140 3120">
     <span class='ocr_line' id='line_1_92' title="bbox 1809 3044 3140 3120; baseline 0.006 -22"><span class='ocrx_word' id='word_1_571' title='bbox 1809 3047 1875 3099; x_wconf 91' lang='lat' dir='ltr'>Ut</span> <span class='ocrx_word' id='word_1_572' title='bbox 1905 3044 2051 3098; x_wconf 88' lang='lat' dir='ltr'>dum</span> <span class='ocrx_word' id='word_1_573' title='bbox 2078 3050 2342 3102; x_wconf 86' lang='lat' dir='ltr'>terrenos</span> <span class='ocrx_word' id='word_1_574' title='bbox 2373 3055 2583 3104; x_wconf 90' lang='lat' dir='ltr'>cautus</span> <span class='ocrx_word' id='word_1_575' title='bbox 2615 3050 2836 3106; x_wconf 85' lang='lat' dir='ltr'>devitat</span> <span class='ocrx_word' id='word_1_576' title='bbox 2861 3051 3140 3120; x_wconf 89' lang='lat' dir='ltr'>honores,</span> 
     </span>
    </p>
   </div>
   <div class='ocr_carea' id='block_1_93' title="bbox 1807 3133 3118 3207">
    <p class='ocr_par' dir='ltr' id='par_1_93' title="bbox 1807 3133 3118 3207">
     <span class='ocr_line' id='line_1_93' title="bbox 1807 3133 3118 3207; baseline 0.005 -20"><span class='ocrx_word' id='word_1_577' title='bbox 1807 3133 2320 3207; x_wconf 87' lang='lat' dir='ltr'>Contemplaretur</span> <span class='ocrx_word' id='word_1_578' title='bbox 2351 3154 2556 3192; x_wconf 88' lang='lat' dir='ltr'>secum</span> <span class='ocrx_word' id='word_1_579' title='bbox 2579 3138 2839 3194; x_wconf 78' lang='lat' dir='ltr'>coelestia</span> <span class='ocrx_word' id='word_1_580' title='bbox 2865 3145 3118 3196; x_wconf 88' lang='lat' dir='ltr'>tantum.</span> 
     </span>
    </p>
   </div>
   <div class='ocr_carea' id='block_1_94' title="bbox 1805 3223 3400 3302">
    <p class='ocr_par' dir='ltr' id='par_1_94' title="bbox 1805 3223 3400 3302">
     <span class='ocr_line' id='line_1_94' title="bbox 1805 3223 3400 3302; baseline 0.005 -24"><span class='ocrx_word' id='word_1_581' title='bbox 1805 3223 2090 3278; x_wconf 84' lang='lat' dir='ltr'>Mundum</span> <span class='ocrx_word' id='word_1_582' title='bbox 2117 3224 2379 3280; x_wconf 87' lang='lat' dir='ltr'>deseruit</span> <span class='ocrx_word' id='word_1_583' title='bbox 2407 3228 2693 3294; x_wconf 90' lang='lat' dir='ltr'>mundus,</span> <span class='ocrx_word' id='word_1_584' title='bbox 2735 3245 3127 3301; x_wconf 91' lang='lat' dir='ltr'>eremumque</span> <span class='ocrx_word' id='word_1_585' title='bbox 3153 3229 3400 3302; x_wconf 89' lang='lat' dir='ltr'>cupivit,</span> 
     </span>
    </p>
   </div>
   <div class='ocr_carea' id='block_1_95' title="bbox 1805 3311 3224 3390">
    <p class='ocr_par' dir='ltr' id='par_1_95' title="bbox 1805 3311 3224 3390">
     <span class='ocr_line' id='line_1_95' title="bbox 1805 3311 3224 3390; baseline 0.007 -26"><span class='ocrx_word' id='word_1_586' title='bbox 1805 3311 1893 3365; x_wconf 84' lang='lat' dir='ltr'>Ad</span> <span class='ocrx_word' id='word_1_587' title='bbox 1921 3311 2145 3368; x_wconf 90' lang='lat' dir='ltr'>cultum</span> <span class='ocrx_word' id='word_1_588' title='bbox 2175 3315 2404 3369; x_wconf 90' lang='lat' dir='ltr'>Domini</span> <span class='ocrx_word' id='word_1_589' title='bbox 2437 3332 2559 3388; x_wconf 90' lang='lat' dir='ltr'>quo</span> <span class='ocrx_word' id='word_1_590' title='bbox 2590 3322 2792 3390; x_wconf 90' lang='lat' dir='ltr'>posset</span> <span class='ocrx_word' id='word_1_591' title='bbox 2820 3317 2969 3372; x_wconf 88' lang='lat' dir='ltr'>liber</span> <span class='ocrx_word' id='word_1_592' title='bbox 2993 3319 3224 3386; x_wconf 86' lang='lat' dir='ltr'>haberi,</span> 
     </span>
    </p>
   </div>
   <div class='ocr_carea' id='block_1_96' title="bbox 1805 3402 3171 3480">
    <p class='ocr_par' dir='ltr' id='par_1_96' title="bbox 1805 3402 3171 3480">
     <span class='ocr_line' id='line_1_96' title="bbox 1805 3402 3171 3480; baseline 0.004 -24"><span class='ocrx_word' id='word_1_593' title='bbox 1805 3402 2308 3474; x_wconf 86' lang='lat' dir='ltr'>Contemplativos</span> <span class='ocrx_word' id='word_1_594' title='bbox 2337 3410 2391 3460; x_wconf 91' lang='lat' dir='ltr'>et</span> <span class='ocrx_word' id='word_1_595' title='bbox 2421 3421 2543 3476; x_wconf 86' lang='lat' dir='ltr'>quo</span> <span class='ocrx_word' id='word_1_596' title='bbox 2575 3407 2891 3480; x_wconf 89' lang='lat' dir='ltr'>decerpere</span> <span class='ocrx_word' id='word_1_597' title='bbox 2922 3407 3171 3472; x_wconf 85' lang='lat' dir='ltr'>fructus,</span> 
     </span>
    </p>
   </div>
   <div class='ocr_carea' id='block_1_97' title="bbox 1804 3492 3356 3565">
    <p class='ocr_par' dir='ltr' id='par_1_97' title="bbox 1804 3492 3356 3565">
     <span class='ocr_line' id='line_1_97' title="bbox 1804 3492 3356 3565; baseline 0.006 -22"><span class='ocrx_word' id='word_1_598' title='bbox 1804 3492 1954 3544; x_wconf 91' lang='lat' dir='ltr'>Dum</span> <span class='ocrx_word' id='word_1_599' title='bbox 1984 3495 2137 3545; x_wconf 87' lang='lat' dir='ltr'>tenet</span> <span class='ocrx_word' id='word_1_600' title='bbox 2163 3493 2390 3548; x_wconf 88' lang='lat' dir='ltr'>activos</span> <span class='ocrx_word' id='word_1_601' title='bbox 2421 3493 2497 3548; x_wconf 89' lang='lat' dir='ltr'>ad</span> <span class='ocrx_word' id='word_1_602' title='bbox 2528 3510 2682 3565; x_wconf 88' lang='lat' dir='ltr'>quos</span> <span class='ocrx_word' id='word_1_603' title='bbox 2713 3511 2835 3550; x_wconf 91' lang='lat' dir='ltr'>non</span> <span class='ocrx_word' id='word_1_604' title='bbox 2862 3497 3061 3565; x_wconf 83' lang='lat' dir='ltr'>segnis</span> <span class='ocrx_word' id='word_1_605' title='bbox 3095 3496 3356 3563; x_wconf 87' lang='lat' dir='ltr'>anhelat,</span> 
     </span>
    </p>
   </div>
   <div class='ocr_carea' id='block_1_98' title="bbox 1802 3581 3321 3656">
    <p class='ocr_par' dir='ltr' id='par_1_98' title="bbox 1802 3581 3321 3656">
     <span class='ocr_line' id='line_1_98' title="bbox 1802 3581 3321 3656; baseline 0.008 -24"><span class='ocrx_word' id='word_1_606' title='bbox 1802 3581 2167 3634; x_wconf 84' lang='lat' dir='ltr'>Pcrtractans</span> <span class='ocrx_word' id='word_1_607' title='bbox 2197 3581 2515 3637; x_wconf 86' lang='lat' dir='ltr'>Dominum</span> <span class='ocrx_word' id='word_1_608' title='bbox 2542 3588 2773 3656; x_wconf 81' lang='lat' dir='ltr'>partem</span> <span class='ocrx_word' id='word_1_609' title='bbox 2802 3584 3080 3642; x_wconf 83' lang='lat' dir='ltr'>laudasse</span> <span class='ocrx_word' id='word_1_610' title='bbox 3108 3587 3321 3656; x_wconf 65' lang='lat' dir='ltr'>Mariae,</span> 
     </span>
    </p>
   </div>
   <div class='ocr_carea' id='block_1_99' title="bbox 1801 3668 3367 3745">
    <p class='ocr_par' dir='ltr' id='par_1_99' title="bbox 1801 3668 3367 3745">
     <span class='ocr_line' id='line_1_99' title="bbox 1801 3668 3367 3745; baseline 0.006 -24"><span class='ocrx_word' id='word_1_611' title='bbox 1801 3668 2037 3738; x_wconf 89' lang='lat' dir='ltr'>Optima</span> <span class='ocrx_word' id='word_1_612' title='bbox 2063 3668 2226 3740; x_wconf 91' lang='lat' dir='ltr'>quod</span> <span class='ocrx_word' id='word_1_613' title='bbox 2257 3668 2450 3741; x_wconf 86' lang='lat' dir='ltr'>fuerit,</span> <span class='ocrx_word' id='word_1_614' title='bbox 2473 3672 2639 3743; x_wconf 91' lang='lat' dir='ltr'>quod</span> <span class='ocrx_word' id='word_1_615' title='bbox 2671 3687 2791 3728; x_wconf 91' lang='lat' dir='ltr'>non</span> <span class='ocrx_word' id='word_1_616' title='bbox 2817 3679 3126 3745; x_wconf 84' lang='lat' dir='ltr'>raperetur</span> <span class='ocrx_word' id='word_1_617' title='bbox 3149 3675 3228 3731; x_wconf 86' lang='lat' dir='ltr'>ab</span> <span class='ocrx_word' id='word_1_618' title='bbox 3249 3675 3367 3731; x_wconf 88' lang='lat' dir='ltr'>illa.</span> 
     </span>
    </p>
   </div>
   <div class='ocr_carea' id='block_1_100' title="bbox 1872 3760 3460 3834">
    <p class='ocr_par' dir='ltr' id='par_1_100' title="bbox 1872 3760 3460 3834">
     <span class='ocr_line' id='line_1_100' title="bbox 1872 3760 3460 3834; baseline 0.006 -23"><span class='ocrx_word' id='word_1_619' title='bbox 1872 3761 1988 3811; x_wconf 91' lang='lat' dir='ltr'>Hoc</span> <span class='ocrx_word' id='word_1_620' title='bbox 2021 3760 2586 3828; x_wconf 88' lang='lat' dir='ltr'>memorans,vitam</span> <span class='ocrx_word' id='word_1_621' title='bbox 2617 3762 2921 3818; x_wconf 90' lang='lat' dir='ltr'>contendit</span> <span class='ocrx_word' id='word_1_622' title='bbox 2949 3764 3115 3819; x_wconf 89' lang='lat' dir='ltr'>adire</span> <span class='ocrx_word' id='word_1_623' title='bbox 3141 3769 3460 3834; x_wconf 88' lang='lat' dir='ltr'>remotam,</span> 
     </span>
    </p>
   </div>
   <div class='ocr_carea' id='block_1_101' title="bbox 1799 3848 3100 3924">
    <p class='ocr_par' dir='ltr' id='par_1_101' title="bbox 1799 3848 3100 3924">
     <span class='ocr_line' id='line_1_101' title="bbox 1799 3848 3100 3924; baseline 0.004 -22"><span class='ocrx_word' id='word_1_624' title='bbox 1799 3852 1925 3912; x_wconf 88' lang='lat' dir='ltr'>Quo</span> <span class='ocrx_word' id='word_1_625' title='bbox 1951 3848 2266 3904; x_wconf 88' lang='lat' dir='ltr'>rimaretur</span> <span class='ocrx_word' id='word_1_626' title='bbox 2296 3849 2557 3906; x_wconf 69' lang='lat' dir='ltr'>ccclestia</span> <span class='ocrx_word' id='word_1_627' title='bbox 2589 3850 2715 3906; x_wconf 90' lang='lat' dir='ltr'>sola</span> <span class='ocrx_word' id='word_1_628' title='bbox 2744 3850 3100 3924; x_wconf 85' lang='lat' dir='ltr'>frequenter.</span> 
     </span>
    </p>
   </div>
   <div class='ocr_carea' id='block_1_102' title="bbox 1797 3937 3318 4014">
    <p class='ocr_par' dir='ltr' id='par_1_102' title="bbox 1797 3937 3318 4014">
     <span class='ocr_line' id='line_1_102' title="bbox 1797 3937 3318 4014; baseline 0.005 -23"><span class='ocrx_word' id='word_1_629' title='bbox 1797 3937 2056 3992; x_wconf 89' lang='lat' dir='ltr'>Tradidit</span> <span class='ocrx_word' id='word_1_630' title='bbox 2088 3939 2409 3994; x_wconf 86' lang='lat' dir='ltr'>Ecclesiam</span> <span class='ocrx_word' id='word_1_631' title='bbox 2436 3957 2543 3995; x_wconf 90' lang='lat' dir='ltr'>nec</span> <span class='ocrx_word' id='word_1_632' title='bbox 2577 3957 2698 3996; x_wconf 89' lang='lat' dir='ltr'>non</span> <span class='ocrx_word' id='word_1_633' title='bbox 2723 3957 2908 4014; x_wconf 89' lang='lat' dir='ltr'>quam</span> <span class='ocrx_word' id='word_1_634' title='bbox 2940 3942 3158 3999; x_wconf 84' lang='lat' dir='ltr'>fecerat</span> <span class='ocrx_word' id='word_1_635' title='bbox 3189 3943 3318 4014; x_wconf 89' lang='lat' dir='ltr'>ipse</span> 
     </span>
    </p>
   </div>
   <div class='ocr_carea' id='block_1_103' title="bbox 1801 4028 3196 4103">
    <p class='ocr_par' dir='ltr' id='par_1_103' title="bbox 1801 4028 3196 4103">
     <span class='ocr_line' id='line_1_103' title="bbox 1801 4028 3196 4103; baseline 0.006 -21"><span class='ocrx_word' id='word_1_636' title='bbox 1801 4028 1921 4083; x_wconf 88' lang='lat' dir='ltr'>Sub</span> <span class='ocrx_word' id='word_1_637' title='bbox 1952 4045 2095 4084; x_wconf 89' lang='lat' dir='ltr'>cura</span> <span class='ocrx_word' id='word_1_638' title='bbox 2125 4028 2364 4084; x_wconf 89' lang='lat' dir='ltr'>alterius</span> <span class='ocrx_word' id='word_1_639' title='bbox 2395 4032 2798 4103; x_wconf 79' lang='lat' dir='ltr'>procuratoris</span> <span class='ocrx_word' id='word_1_640' title='bbox 2829 4033 3196 4090; x_wconf 86' lang='lat' dir='ltr'>habendam.</span> 
     </span>
    </p>
   </div>
   <div class='ocr_carea' id='block_1_104' title="bbox 1798 4117 2949 4191">
    <p class='ocr_par' dir='ltr' id='par_1_104' title="bbox 1798 4117 2949 4191">
     <span class='ocr_line' id='line_1_104' title="bbox 1798 4117 2949 4191; baseline 0.008 -22"><span class='ocrx_word' id='word_1_641' title='bbox 1798 4117 1903 4172; x_wconf 92' lang='lat' dir='ltr'>Cui</span> <span class='ocrx_word' id='word_1_642' title='bbox 1931 4117 2292 4173; x_wconf 90' lang='lat' dir='ltr'>Giselmarus</span> <span class='ocrx_word' id='word_1_643' title='bbox 2323 4119 2541 4178; x_wconf 67' lang='lat' dir='ltr'>divinae</span> <span class='ocrx_word' id='word_1_644' title='bbox 2567 4120 2714 4191; x_wconf 88' lang='lat' dir='ltr'>legis</span> <span class='ocrx_word' id='word_1_645' title='bbox 2745 4126 2949 4178; x_wconf 88' lang='lat' dir='ltr'>amato</span> 
     </span>
    </p>
   </div>
   <div class='ocr_carea' id='block_1_105' title="bbox 1798 4207 3216 4282">
    <p class='ocr_par' dir='ltr' id='par_1_105' title="bbox 1798 4207 3216 4282">
     <span class='ocr_line' id='line_1_105' title="bbox 1798 4207 3216 4282; baseline 0.003 -21"><span class='ocrx_word' id='word_1_646' title='bbox 1798 4207 1998 4262; x_wconf 89' lang='lat' dir='ltr'>Editus</span> <span class='ocrx_word' id='word_1_647' title='bbox 2028 4212 2083 4262; x_wconf 91' lang='lat' dir='ltr'>et</span> <span class='ocrx_word' id='word_1_648' title='bbox 2108 4207 2268 4264; x_wconf 87' lang='lat' dir='ltr'>clara</span> <span class='ocrx_word' id='word_1_649' title='bbox 2295 4211 2637 4265; x_wconf 84' lang='lat' dir='ltr'>Maurontus</span> <span class='ocrx_word' id='word_1_650' title='bbox 2669 4210 2846 4282; x_wconf 80' lang='lat' dir='ltr'>stirpe</span> <span class='ocrx_word' id='word_1_651' title='bbox 2878 4215 3216 4282; x_wconf 84' lang='lat' dir='ltr'>parentum,</span> 
     </span>
    </p>
   </div>
   <div class='ocr_carea' id='block_1_106' title="bbox 1796 4296 3020 4370">
    <p class='ocr_par' dir='ltr' id='par_1_106' title="bbox 1796 4296 3020 4370">
     <span class='ocr_line' id='line_1_106' title="bbox 1796 4296 3020 4370; baseline 0.002 -20"><span class='ocrx_word' id='word_1_652' title='bbox 1796 4299 2000 4352; x_wconf 89' lang='lat' dir='ltr'>Terras</span> <span class='ocrx_word' id='word_1_653' title='bbox 2031 4302 2086 4352; x_wconf 92' lang='lat' dir='ltr'>et</span> <span class='ocrx_word' id='word_1_654' title='bbox 2117 4296 2296 4352; x_wconf 89' lang='lat' dir='ltr'>silvas</span> <span class='ocrx_word' id='word_1_655' title='bbox 2327 4297 2483 4365; x_wconf 85' lang='lat' dir='ltr'>regis</span> <span class='ocrx_word' id='word_1_656' title='bbox 2517 4297 2730 4353; x_wconf 88' lang='lat' dir='ltr'>collata</span> <span class='ocrx_word' id='word_1_657' title='bbox 2757 4303 3020 4370; x_wconf 82' lang='lat' dir='ltr'>potestas</span> 
     </span>
    </p>
   </div>
   <div class='ocr_carea' id='block_1_107' title="bbox 1796 4387 3218 4455">
    <p class='ocr_par' dir='ltr' id='par_1_107' title="bbox 1796 4387 3218 4455">
     <span class='ocr_line' id='line_1_107' title="bbox 1796 4387 3218 4455; baseline 0.001 -13"><span class='ocrx_word' id='word_1_658' title='bbox 1796 4387 1899 4442; x_wconf 89' lang='lat' dir='ltr'>Cui</span> <span class='ocrx_word' id='word_1_659' title='bbox 1931 4392 2068 4442; x_wconf 91' lang='lat' dir='ltr'>tunc</span> <span class='ocrx_word' id='word_1_660' title='bbox 2097 4387 2374 4442; x_wconf 89' lang='lat' dir='ltr'>servandi</span> <span class='ocrx_word' id='word_1_661' title='bbox 2403 4387 2614 4455; x_wconf 86' lang='lat' dir='ltr'>fuerat,</span> <span class='ocrx_word' id='word_1_662' title='bbox 2649 4387 2907 4444; x_wconf 89' lang='lat' dir='ltr'>tribuere</span> <span class='ocrx_word' id='word_1_663' title='bbox 2933 4388 3218 4445; x_wconf 88' lang='lat' dir='ltr'>manendi</span> 
     </span>
    </p>
   </div>
   <div class='ocr_carea' id='block_1_108' title="bbox 1797 4474 3040 4534">
    <p class='ocr_par' dir='ltr' id='par_1_108' title="bbox 1797 4474 3040 4534">
     <span class='ocr_line' id='line_1_108' title="bbox 1797 4474 3040 4534; baseline 0.002 -4"><span class='ocrx_word' id='word_1_664' title='bbox 1797 4480 1857 4530; x_wconf 92' lang='lat' dir='ltr'>In</span> <span class='ocrx_word' id='word_1_665' title='bbox 1886 4477 2030 4531; x_wconf 82' lang='lat' dir='ltr'>silva</span> <span class='ocrx_word' id='word_1_666' title='bbox 2059 4474 2323 4531; x_wconf 91' lang='lat' dir='ltr'>loculum</span> <span class='ocrx_word' id='word_1_667' title='bbox 2354 4476 2548 4533; x_wconf 89' lang='lat' dir='ltr'>devoti</span> <span class='ocrx_word' id='word_1_668' title='bbox 2579 4477 3040 4534; x_wconf 86' lang='lat' dir='ltr'>Chrisciacense.</span> 
     </span>
    </p>
   </div>
   <div class='ocr_carea' id='block_1_109' title="bbox 1794 4566 3166 4638">
    <p class='ocr_par' dir='ltr' id='par_1_109' title="bbox 1794 4566 3166 4638">
     <span class='ocr_line' id='line_1_109' title="bbox 1794 4566 3166 4638; baseline 0.001 -16"><span class='ocrx_word' id='word_1_669' title='bbox 1794 4566 1904 4633; x_wconf 88' lang='lat' dir='ltr'>Qui</span> <span class='ocrx_word' id='word_1_670' title='bbox 1934 4571 2073 4638; x_wconf 91' lang='lat' dir='ltr'>post</span> <span class='ocrx_word' id='word_1_671' title='bbox 2101 4569 2440 4622; x_wconf 81' lang='lat' dir='ltr'>Maurontus</span> <span class='ocrx_word' id='word_1_672' title='bbox 2466 4567 2669 4623; x_wconf 88' lang='lat' dir='ltr'>divino</span> <span class='ocrx_word' id='word_1_673' title='bbox 2695 4567 2911 4623; x_wconf 87' lang='lat' dir='ltr'>ductus</span> <span class='ocrx_word' id='word_1_674' title='bbox 2941 4583 3166 4637; x_wconf 90' lang='lat' dir='ltr'>amore,</span> 
     </span>
    </p>
   </div>
   <div class='ocr_carea' id='block_1_110' title="bbox 1795 4655 3357 4729">
    <p class='ocr_par' dir='ltr' id='par_1_110' title="bbox 1795 4655 3357 4729">
     <span class='ocr_line' id='line_1_110' title="bbox 1795 4655 3357 4729; baseline 0.004 -21"><span class='ocrx_word' id='word_1_675' title='bbox 1795 4656 1990 4711; x_wconf 81' lang='lat' dir='ltr'>Armis</span> <span class='ocrx_word' id='word_1_676' title='bbox 2019 4655 2308 4728; x_wconf 90' lang='lat' dir='ltr'>depositis</span> <span class='ocrx_word' id='word_1_677' title='bbox 2340 4656 2613 4712; x_wconf 88' lang='lat' dir='ltr'>habitum</span> <span class='ocrx_word' id='word_1_678' title='bbox 2646 4657 2908 4729; x_wconf 89' lang='lat' dir='ltr'>sumpsit</span> <span class='ocrx_word' id='word_1_679' title='bbox 2936 4657 3357 4715; x_wconf 84' lang='lat' dir='ltr'>monachilem.</span> 
     </span>
    </p>
   </div>
   <div class='ocr_carea' id='block_1_111' title="bbox 1917 4783 3333 4852">
    <p class='ocr_par' dir='ltr' id='par_1_111' title="bbox 1917 4783 3333 4852">
     <span class='ocr_line' id='line_1_111' title="bbox 1917 4783 3333 4852; baseline 0.001 -14"><span class='ocrx_word' id='word_1_680' title='bbox 1917 4786 2052 4838; x_wconf 81' lang='lat' dir='ltr'>XIII.</span> <span class='ocrx_word' id='word_1_681' title='bbox 2090 4783 2258 4849; x_wconf 82' lang='lat' dir='ltr'>Quod</span> <span class='ocrx_word' id='word_1_682' title='bbox 2283 4785 2568 4852; x_wconf 82' lang='lat' dir='ltr'>templum</span> <span class='ocrx_word' id='word_1_683' title='bbox 2599 4787 2661 4838; x_wconf 80' lang='lat' dir='ltr'>in</span> <span class='ocrx_word' id='word_1_684' title='bbox 2695 4785 2891 4839; x_wconf 83' lang='lat' dir='ltr'>loculo</span> <span class='ocrx_word' id='word_1_685' title='bbox 2924 4783 3037 4839; x_wconf 80' lang='lat' dir='ltr'>sibi</span> <span class='ocrx_word' id='word_1_686' title='bbox 3064 4799 3333 4840; x_wconf 76' lang='lat' dir='ltr'>concesso</span> 
     </span>
    </p>
   </div>
   <div class='ocr_carea' id='block_1_112' title="bbox 2451 4856 2788 4923">
    <p class='ocr_par' dir='ltr' id='par_1_112' title="bbox 2451 4856 2788 4923">
     <span class='ocr_line' id='line_1_112' title="bbox 2451 4856 2788 4923; baseline -0.003 -11"><span class='ocrx_word' id='word_1_687' title='bbox 2451 4856 2788 4923; x_wconf 74' lang='lat' dir='ltr'>wdiﬁcavit.</span> 
     </span>
    </p>
   </div>
   <div class='ocr_carea' id='block_1_113' title="bbox 1791 4960 3236 5034">
    <p class='ocr_par' dir='ltr' id='par_1_113' title="bbox 1791 4960 3236 5034">
     <span class='ocr_line' id='line_1_113' title="bbox 1791 4960 3236 5034; baseline 0.001 -19"><span class='ocrx_word' id='word_1_688' title='bbox 1791 4964 1920 5027; x_wconf 85' lang='lat' dir='ltr'>Quo</span> <span class='ocrx_word' id='word_1_689' title='bbox 1950 4976 2092 5016; x_wconf 90' lang='lat' dir='ltr'>vero</span> <span class='ocrx_word' id='word_1_690' title='bbox 2123 4961 2182 5015; x_wconf 91' lang='lat' dir='ltr'>in</span> <span class='ocrx_word' id='word_1_691' title='bbox 2214 4960 2410 5017; x_wconf 89' lang='lat' dir='ltr'>loculo</span> <span class='ocrx_word' id='word_1_692' title='bbox 2442 4967 2651 5018; x_wconf 85' lang='lat' dir='ltr'>sancto</span> <span class='ocrx_word' id='word_1_693' title='bbox 2677 4962 2913 5032; x_wconf 87' lang='lat' dir='ltr'>magale</span> <span class='ocrx_word' id='word_1_694' title='bbox 2943 4965 3236 5034; x_wconf 89' lang='lat' dir='ltr'>pararunt</span> 
     </span>
    </p>
   </div>
   <div class='ocr_carea' id='block_1_114' title="bbox 1791 5049 3082 5123">
    <p class='ocr_par' dir='ltr' id='par_1_114' title="bbox 1791 5049 3082 5123">
     <span class='ocr_line' id='line_1_114' title="bbox 1791 5049 3082 5123; baseline 0.001 -19"><span class='ocrx_word' id='word_1_695' title='bbox 1791 5049 2017 5104; x_wconf 62' lang='lat' dir='ltr'>Praafati</span> <span class='ocrx_word' id='word_1_696' title='bbox 2051 5051 2299 5117; x_wconf 69' lang='lat' dir='ltr'>htBI‘OGS,</span> <span class='ocrx_word' id='word_1_697' title='bbox 2330 5051 2467 5121; x_wconf 82' lang='lat' dir='ltr'>jecit</span> <span class='ocrx_word' id='word_1_698' title='bbox 2494 5051 2851 5107; x_wconf 87' lang='lat' dir='ltr'>fundamina</span> <span class='ocrx_word' id='word_1_699' title='bbox 2879 5050 3082 5123; x_wconf 90' lang='lat' dir='ltr'>templi</span> 
     </span>
    </p>
   </div>
   <div class='ocr_carea' id='block_1_115' title="bbox 1793 5139 3442 5206">
    <p class='ocr_par' dir='ltr' id='par_1_115' title="bbox 1793 5139 3442 5206">
     <span class='ocr_line' id='line_1_115' title="bbox 1793 5139 3442 5206; baseline 0 -11"><span class='ocrx_word' id='word_1_700' title='bbox 1793 5142 2064 5204; x_wconf 89' lang='lat' dir='ltr'>Sanctus,</span> <span class='ocrx_word' id='word_1_701' title='bbox 2094 5143 2149 5194; x_wconf 91' lang='lat' dir='ltr'>et</span> <span class='ocrx_word' id='word_1_702' title='bbox 2178 5140 2352 5204; x_wconf 88' lang='lat' dir='ltr'>hanc,</span> <span class='ocrx_word' id='word_1_703' title='bbox 2389 5156 2508 5194; x_wconf 92' lang='lat' dir='ltr'>uno</span> <span class='ocrx_word' id='word_1_704' title='bbox 2542 5145 2773 5196; x_wconf 88' lang='lat' dir='ltr'>tantum</span> <span class='ocrx_word' id='word_1_705' title='bbox 2804 5140 3121 5196; x_wconf 90' lang='lat' dir='ltr'>comitante</span> <span class='ocrx_word' id='word_1_706' title='bbox 3151 5139 3442 5206; x_wconf 90' lang='lat' dir='ltr'>ministro,</span> 
     </span>
    </p>
   </div>
   <div class='ocr_carea' id='block_1_116' title="bbox 1791 5225 3229 5296">
    <p class='ocr_par' dir='ltr' id='par_1_116' title="bbox 1791 5225 3229 5296">
     <span class='ocr_line' id='line_1_116' title="bbox 1791 5225 3229 5296; baseline 0.001 -14"><span class='ocrx_word' id='word_1_707' title='bbox 1791 5227 2121 5295; x_wconf 86' lang='lat' dir='ltr'>Ingreditur</span> <span class='ocrx_word' id='word_1_708' title='bbox 2151 5225 2360 5284; x_wconf 89' lang='lat' dir='ltr'>cellam</span> <span class='ocrx_word' id='word_1_709' title='bbox 2391 5229 2488 5284; x_wconf 89' lang='lat' dir='ltr'>vili</span> <span class='ocrx_word' id='word_1_710' title='bbox 2515 5229 2764 5284; x_wconf 90' lang='lat' dir='ltr'>nimium</span> <span class='ocrx_word' id='word_1_711' title='bbox 2800 5235 2956 5284; x_wconf 90' lang='lat' dir='ltr'>strue</span> <span class='ocrx_word' id='word_1_712' title='bbox 2988 5228 3229 5296; x_wconf 85' lang='lat' dir='ltr'>factam,</span> 
     </span>
    </p>
   </div>
   <div class='ocr_carea' id='block_1_117' title="bbox 1790 5319 3172 5390">
    <p class='ocr_par' dir='ltr' id='par_1_117' title="bbox 1790 5319 3172 5390">
     <span class='ocr_line' id='line_1_117' title="bbox 1790 5319 3172 5390; baseline -0.001 -16"><span class='ocrx_word' id='word_1_713' title='bbox 1790 5322 2061 5385; x_wconf 78' lang='lat' dir='ltr'>Congrue</span> <span class='ocrx_word' id='word_1_714' title='bbox 2091 5335 2212 5390; x_wconf 89' lang='lat' dir='ltr'>quo</span> <span class='ocrx_word' id='word_1_715' title='bbox 2242 5320 2373 5374; x_wconf 79' lang='lat' dir='ltr'>vitae</span> <span class='ocrx_word' id='word_1_716' title='bbox 2403 5321 2567 5375; x_wconf 87' lang='lat' dir='ltr'>ﬁeret</span> <span class='ocrx_word' id='word_1_717' title='bbox 2595 5319 2882 5376; x_wconf 87' lang='lat' dir='ltr'>habitatio</span> <span class='ocrx_word' id='word_1_718' title='bbox 2912 5324 3133 5375; x_wconf 75' lang='lat' dir='ltr'>sanctae</span> <span class='ocrx_word' id='word_1_719' title='bbox 3160 5338 3172 5374; x_wconf 92' lang='lat'>:</span> 
     </span>
    </p>
   </div>
   <div class='ocr_carea' id='block_1_118' title="bbox 1788 5408 3350 5484">
    <p class='ocr_par' dir='ltr' id='par_1_118' title="bbox 1788 5408 3350 5484">
     <span class='ocr_line' id='line_1_118' title="bbox 1788 5408 3350 5484; baseline 0.004 -22"><span class='ocrx_word' id='word_1_720' title='bbox 1788 5408 1896 5473; x_wconf 81' lang='lat' dir='ltr'>Qui</span> <span class='ocrx_word' id='word_1_721' title='bbox 1919 5409 2124 5463; x_wconf 89' lang='lat' dir='ltr'>temnit</span> <span class='ocrx_word' id='word_1_722' title='bbox 2155 5409 2449 5464; x_wconf 88' lang='lat' dir='ltr'>mundum</span> <span class='ocrx_word' id='word_1_723' title='bbox 2484 5410 2831 5479; x_wconf 90' lang='lat' dir='ltr'>decernens,</span> <span class='ocrx_word' id='word_1_724' title='bbox 2865 5426 2992 5466; x_wconf 87' lang='lat' dir='ltr'>esse</span> <span class='ocrx_word' id='word_1_725' title='bbox 3020 5411 3350 5484; x_wconf 90' lang='lat' dir='ltr'>superbum</span> 
     </span>
    </p>
   </div>
   <div class='ocr_carea' id='block_1_119' title="bbox 1789 5498 3044 5571">
    <p class='ocr_par' dir='ltr' id='par_1_119' title="bbox 1789 5498 3044 5571">
     <span class='ocr_line' id='line_1_119' title="bbox 1789 5498 3044 5571; baseline 0.003 -20"><span class='ocrx_word' id='word_1_726' title='bbox 1789 5498 2034 5552; x_wconf 89' lang='lat' dir='ltr'>Delicias</span> <span class='ocrx_word' id='word_1_727' title='bbox 2063 5499 2271 5554; x_wconf 87' lang='lat' dir='ltr'>mundi</span> <span class='ocrx_word' id='word_1_728' title='bbox 2301 5499 2346 5553; x_wconf 91' lang='lat' dir='ltr'>si</span> <span class='ocrx_word' id='word_1_729' title='bbox 2373 5499 2774 5571; x_wconf 87' lang='lat' dir='ltr'>conspiciatur</span> <span class='ocrx_word' id='word_1_730' title='bbox 2803 5500 3044 5556; x_wconf 85' lang='lat' dir='ltr'>habere.</span> 
     </span>
    </p>
   </div>
   <div class='ocr_carea' id='block_1_120' title="bbox 1791 5586 3076 5645">
    <p class='ocr_par' dir='ltr' id='par_1_120' title="bbox 1791 5586 3076 5645">
     <span class='ocr_line' id='line_1_120' title="bbox 1791 5586 3076 5645; baseline 0.003 -4"><span class='ocrx_word' id='word_1_731' title='bbox 1791 5586 2013 5641; x_wconf 90' lang='lat' dir='ltr'>Duriter</span> <span class='ocrx_word' id='word_1_732' title='bbox 2034 5604 2102 5642; x_wconf 91' lang='lat' dir='ltr'>ac</span> <span class='ocrx_word' id='word_1_733' title='bbox 2135 5603 2260 5641; x_wconf 85' lang='lat' dir='ltr'>sese</span> <span class='ocrx_word' id='word_1_734' title='bbox 2293 5592 2414 5642; x_wconf 89' lang='lat' dir='ltr'>tam</span> <span class='ocrx_word' id='word_1_735' title='bbox 2447 5589 2826 5644; x_wconf 81' lang='lat' dir='ltr'>mortiﬁcavit</span> <span class='ocrx_word' id='word_1_736' title='bbox 2853 5588 3076 5645; x_wconf 91' lang='lat' dir='ltr'>ibidem</span> 
     </span>
    </p>
   </div>
   <div class='ocr_carea' id='block_1_121' title="bbox 1787 5677 3442 5753">
    <p class='ocr_par' dir='ltr' id='par_1_121' title="bbox 1787 5677 3442 5753">
     <span class='ocr_line' id='line_1_121' title="bbox 1787 5677 3442 5753; baseline 0.002 -22"><span class='ocrx_word' id='word_1_737' title='bbox 1787 5680 1974 5731; x_wconf 89' lang='lat' dir='ltr'>()rans</span> <span class='ocrx_word' id='word_1_738' title='bbox 2003 5681 2060 5732; x_wconf 90' lang='lat' dir='ltr'>et</span> <span class='ocrx_word' id='word_1_739' title='bbox 2085 5677 2357 5748; x_wconf 85' lang='lat' dir='ltr'>vigilans,</span> <span class='ocrx_word' id='word_1_740' title='bbox 2407 5678 2635 5748; x_wconf 90' lang='lat' dir='ltr'>jejunia</span> <span class='ocrx_word' id='word_1_741' title='bbox 2664 5679 2996 5753; x_wconf 88' lang='lat' dir='ltr'>crebraque</span> <span class='ocrx_word' id='word_1_742' title='bbox 3026 5680 3262 5737; x_wconf 87' lang='lat' dir='ltr'>solvens</span> <span class='ocrx_word' id='word_1_743' title='bbox 3296 5682 3442 5752; x_wconf 89' lang='lat' dir='ltr'>(per-</span> 
     </span>
    </p>
   </div>
   <div class='ocr_carea' id='block_1_122' title="bbox 3132 5769 3443 5837">
    <p class='ocr_par' dir='ltr' id='par_1_122' title="bbox 3132 5769 3443 5837">
     <span class='ocr_line' id='line_1_122' title="bbox 3132 5769 3443 5837; baseline 0.016 -14"><span class='ocrx_word' id='word_1_744' title='bbox 3132 5769 3443 5837; x_wconf 73' lang='lat' dir='ltr'>Isolvehs.)</span> 
     </span>
    </p>
   </div>
  </div>
