3950 6396
168 299 302 352 1433

166 422 248 474 En
278 434 513 491 pauper
537 420 765 483 Christi,
793 421 1043 479 fratrum
1071 424 1373 496 perpende
1405 430 1658 491 caterva,

164 508 353 581 Ipsius
383 524 632 563 consors
662 515 752 565 est
773 510 963 566 factus
994 512 1336 568 divitiarum
1370 528 1381 567 :

162 597 270 659 Qui
296 602 436 652 ante
463 598 673 652 oculos
712 600 1027 655 hominum
1078 600 1393 673 despectus
1444 608 1499 657 et
1544 619 1672 658 esse
1716 620 1818 659 cu-

1630 689 1817 762 [pivit,

160 778 490 848 Anglorum
516 778 920 849 [Angelorum]
944 780 1135 835 socias
1162 796 1321 836 nunc
1354 782 1573 850 gaudet
1604 780 1819 835 habere

1498 870 1770 925 cohortes
1804 886 1815 923 :

161 956 393 1027 Quique
420 957 481 1011 in
508 958 783 1028 praesenti
814 959 1043 1014 mundo
1070 960 1272 1015 vitavit
1299 961 1578 1029 honores,

160 1047 436 1111 Laetatur,
471 1045 691 1100 caelum
722 1047 936 1102 meruit
963 1048 1067 1119 qui
1093 1049 1225 1117 jure
1252 1049 1517 1120 perenni.

230 1136 598 1189 Cunctorum
626 1134 847 1204 dignus
874 1142 1243 1209 quapropter
1271 1138 1496 1192 honore
1530 1137 1780 1203 videtur,

159 1225 524 1279 Cunctorum
558 1222 810 1278 Domino
841 1224 999 1278 mitis
1028 1225 1129 1295 qui
1163 1241 1399 1296 semper
1428 1224 1695 1279 adhaesit.

158 1310 407 1383 Expedit
437 1316 495 1366 et
521 1310 696 1365 nobis
728 1328 851 1382 prie
883 1312 1111 1366 cunctis
1142 1313 1299 1367 hunc
1330 1313 1620 1377 venerari,

157 1399 315 1455 Illius
342 1400 634 1455 membris
663 1401 767 1471 qui
799 1402 1099 1456 cernimur
1127 1418 1253 1456 esse
1284 1402 1609 1473 propinqui
1638 1419 1650 1456 :

158 1489 226 1542 Ut
252 1503 412 1558 quos
444 1488 688 1543 nutrivit
711 1487 897 1542 divini
928 1489 1155 1543 semine
1187 1489 1377 1555 Verbi,

157 1577 389 1631 Noverit
418 1577 689 1631 haeredes
718 1577 955 1633 sibimet
986 1578 1301 1632 succedere
1331 1578 1565 1645 dignos.

158 1663 238 1717 Illi
268 1678 378 1719 nec
403 1668 641 1719 tantum
673 1669 880 1719 sancto
906 1665 1171 1720 laudatio
1202 1672 1423 1729 nostra,

160 1751 314 1805 Illius
344 1756 644 1814 quantum
676 1752 903 1807 confert
926 1752 1174 1807 imitatio
1201 1752 1393 1807 nobis.

159 1840 421 1913 Denique
448 1840 585 1911 plus
614 1841 834 1908 gaudet
864 1842 908 1895 si
937 1841 1074 1912 quis
1114 1841 1311 1896 bonus
1338 1842 1506 1897 illum
1534 1841 1814 1909 imitatur,

159 1930 348 1993 Quam
374 1929 422 1983 si
450 1928 718 1984 clamoso
752 1944 980 1985 vacuus
1009 1930 1144 2001 quis
1177 1930 1462 2001 praedicat
1490 1946 1611 1984 ore.

1564 302 1721 357 VlTA
1763 302 1819 357 S.
1860 302 2194 359 RICHARII.

1856 433 1901 482 A
2004 428 2167 482 Unde
2207 430 2401 482 Patres
2434 425 2623 482 sancti
2654 426 2985 497 fratresque
3013 424 3349 496 cohorsque
3375 423 3589 492 ﬁdelis,

3453 303 3592 358 1434

1933 518 2167 571 Festum
2197 514 2395 571 devoti
2426 517 2529 588 qui
2561 517 2705 571 tanti
2736 513 2919 569 Patris
2946 512 3177 582 adistis,

1932 607 1999 659 Ut
2030 604 2154 659 sitis
2178 604 2343 673 digni
2376 604 2640 660 studium
2667 618 2937 658 exercere
2968 602 3215 670 laboris,

1930 693 2119 764 Ipsius
2149 693 2425 765 precibus
2456 691 2627 747 vestri
2657 706 2779 763 quo
2817 695 2956 745 vota
2985 694 3233 758 rogatus
3310 698 3313 703 ‘

1930 781 2346 836 Conscendant
2376 780 2597 835 summi
2628 779 2757 834 solii
2785 778 3020 847 fastigia
3044 778 3199 847 regis
3235 796 3247 841 ;

1932 870 2231 942 Spirituali
2262 887 2370 925 vos
2401 870 2562 941 ipsos
2590 873 2795 925 ornate
2826 868 3063 938 decore,

1929 963 1994 1013 In
2027 958 2195 1013 vobis
2220 958 2441 1029 duplex
2472 959 2667 1025 vigeat
2695 957 2929 1012 dilectio
2963 972 3221 1029 semper,

1848 1112 1850 1115 λ
1930 1046 2181 1100 Assidue
2212 1061 2280 1101 ac
2313 1051 2555 1101 maneat
2581 1046 2708 1117 spei
2739 1045 3000 1118 ﬁdeique
3027 1044 3292 1099 lucerna.

1930 1136 2243 1206 Quamque
2276 1138 2472 1190 Patres
2502 1135 2688 1189 sancti
2721 1151 2998 1190 normam
3032 1133 3288 1189 docuere
3311 1133 3515 1202 secuti,

1931 1226 2075 1294 Ipsis
2104 1224 2164 1277 in
2196 1223 2347 1278 cwlo
2380 1228 2442 1279 ut
2470 1223 2709 1295 possitis
2736 1223 3086 1278 consociari.

1930 1315 2116 1383 thue
2142 1312 2314 1381 jubet
2345 1312 2559 1368 Paulus
2591 1312 2801 1367 mundi
2832 1313 3104 1367 nocitura
3134 1315 3443 1379 negantes,

1929 1401 2196 1455 Contenti
2222 1402 2404 1470 justo,
2439 1401 2617 1456 saeclo
2647 1402 2852 1456 vivatis
2881 1401 2942 1455 in
2974 1401 3107 1467 isto,

1925 1489 2263 1544 Adventum
2298 1490 2531 1544 Domini
2562 1494 2895 1561 spectantes
2927 1505 3215 1561 spemque
3242 1488 3501 1553 beatam,

1928 1578 2038 1642 Qui
2060 1594 2171 1632 nos
2198 1594 2234 1633 a
2264 1578 2468 1633 vinclis
2497 1578 2703 1633 mortis
2735 1577 3049 1633 moriendo
3075 1576 3344 1643 redemit,

1926 1668 2145 1720 Exutos
2174 1666 2352 1737 culpa
2383 1666 2677 1738 populum
2706 1671 2768 1721 ut
2798 1667 3014 1721 faceret
3044 1665 3156 1721 sibi
3183 1669 3441 1734 gratum,

1855 1771 1898 1823 Β
1928 1754 2123 1810 Gloria
2154 1755 2246 1809 cui
2274 1771 2382 1825 par
2411 1760 2501 1809 est
2531 1772 2668 1809 cum
2700 1759 2863 1810 Patre
2894 1761 2951 1810 et
2981 1755 3240 1810 I‘lamine
3268 1759 3494 1809 sancto.

2001 1844 2081 1898 Sit
2112 1844 2254 1898 satis
2284 1844 2411 1898 huic.
2442 1845 2631 1899 sancti
2661 1844 2736 1898 de
2763 1844 2882 1899 vita
2913 1860 3108 1915 pauca
3139 1842 3360 1908 tulisse,

1925 1934 2055 1987 lam
2086 1932 2257 1988 labor
2281 1933 2548 2006 expOscit
2576 1932 2839 2003 primum
2866 1932 3036 1988 ﬁnire
3066 1931 3353 1987 libellum.

1333 2086 1642 2173 LIBRI
1708 2090 1783 2174 II
1847 2092 2410 2180 CAPITULA.

795 2270 1181 2331 PROLOGUS.

160 2359 226 2413 In
258 2375 322 2414 eo
354 2361 512 2416 nihil
537 2363 850 2431 singulare
878 2365 1258 2419 continetur:
1287 2364 1360 2418 de
1387 2366 1679 2431 scriptore
1707 2361 1809 2417 mi'

561 2451 907 2505 raculorum
937 2452 1059 2506 haec
1090 2452 1407 2507 habentur.

160 2537 299 2600 Quae
328 2537 474 2607 quia
505 2537 874 2592 rhethoricus
904 2540 1155 2611 scriptor
1181 2556 1502 2595 numerosa
1550 2540 1807 2605 videbat,

160 2624 311 2680 Cura
342 2626 451 2681 fuit
482 2627 755 2691 geminos
788 2627 865 2683 illi
898 2628 1090 2683 facere
1122 2630 1258 2684 inde
1285 2629 1532 2684 libellos.

160 2715 290 2767 CAP.
327 2718 363 2768 Ι.
398 2714 556 2768 Villze
590 2714 856 2770 Sidrudis
878 2716 1158 2787 quaedam
1190 2719 1451 2773 narratio
1480 2720 1650 2773 mira.

154 2800 216 2854 ll.
252 2804 329 2856 De
359 2803 628 2873 quadam
656 2804 777 2859 tilia
802 2806 859 2859 in
892 2806 1030 2859 villa
1060 2806 1204 2877 quid
1230 2808 1472 2875 contigit
1497 2808 1646 2879 ipsa.

157 2892 241 2944 III.
286 2892 487 2962 Erupit
514 2892 702 2947 sancti
729 2894 950 2948 meritis
971 2895 1135 2965 quod
1164 2894 1297 2949 fons
1323 2895 1381 2949 in
1411 2895 1640 2950 eadem.

155 2980 236 3033 IV.
272 2981 526 3035 Sanatur
559 2982 747 3035 sancti
773 2982 988 3037 mulier
1019 2984 1359 3051 Burgundio
1388 2984 1546 3039 vino.

154 3067 212 3121 V.
246 3068 622 3123 Contrahitur
647 3070 930 3140 quaedam
962 3072 1258 3141 meretrix,
1301 3078 1550 3127 sanatur
1575 3078 1630 3127 et
1656 3073 1804 3143 ipsa.

153 3155 235 3209 Vl.
270 3157 531 3211 Pessima
556 3157 876 3227 cujusdam
908 3159 1107 3214 miseri
1138 3160 1387 3231 piscatio
1420 3160 1581 3216 furis.

151 3242 258 3298 VII.
298 3244 538 3300 Femina
568 3247 884 3301 contractis
908 3248 1189 3303 manibus
1231 3254 1477 3304 sanatur
1517 3250 1804 3319 utrisque.

152 3332 280 3387 VIII.
315 3333 424 3398 Qui
456 3332 550 3388 fur
579 3349 702 3389 non
733 3334 922 3391 fuerat
947 3336 1197 3408 quidam
1227 3354 1337 3409 pro
1378 3339 1503 3393 fure
1557 3343 1803 3393 tenetur.

1927 2271 2066 2325 (Hic
2098 2272 2263 2339 apud
2287 2274 2667 2327 Anonumum
2697 2274 2983 2328 inseritur
3003 2275 3327 2326 contracta?
3344 2269 3585 2337 femine

2619 2364 2895 2429 curatio).

1920 2451 2003 2506 IX.
2048 2454 2129 2505 Ex
2160 2455 2325 2505 utero
2356 2452 2562 2507 matris
2588 2456 2834 2506 sanatur
2860 2467 3018 2506 caeca
3048 2448 3266 2522 puella.

1921 2545 1978 2597 X.
2010 2544 2239 2596 Fratres
2273 2544 2573 2596 Danorum
2603 2541 2813 2596 tollunt
2842 2540 3158 2595 formidine
3190 2542 3486 2593 sanctum.

1919 2634 2004 2686 XI.
2029 2634 2177 2684 Dum
2201 2630 2461 2684 referunt
2484 2633 3038 2695 sanctum,sanatur
3053 2625 3375 2696 languidus
3399 2639 3577 2693 unus,

1920 2722 2027 2774 XII.
2064 2722 2175 2773 Nec
2203 2733 2325 2773 non
2354 2717 2723 2789 hydropicus
2754 2716 2947 2771 reditu
2969 2714 3239 2769 salvatur
3263 2720 3321 2768 et
3351 2712 3505 2782 ejus.

1919 2807 2053 2862 Xlll.
2091 2806 2270 2861 Unius
2300 2804 2467 2877 pueri
2492 2805 2793 2859 refovetur
2820 2803 3015 2858 debile
3048 2817 3290 2873 corpus.

1920 2898 2049 2950 XIV.
2085 2898 2161 2949 De
2193 2893 2461 2966 quodam
2489 2909 2647 2947 caeco
2676 2897 2980 2947 contracto
3002 2897 3058 2945 et
3082 2904 3331 2961 corpore
3364 2893 3511 2944 toto.

1916 2985 2023 3038 XV.
2068 2985 2329 3037 Donatur
2364 2980 2493 3034 visu
2520 2979 2803 3051 quaedam
2836 2977 3188 3033 muliercula
3215 2991 3397 3031 caeca.

1918 3075 2048 3128 XVI.
2085 3070 2410 3141 Cujusdam
2442 3069 2621 3124 vincti
2652 3073 3013 3141 rumpuntur
3042 3066 3284 3122 vincula
3315 3065 3476 3121 ferri.

1917 3160 2073 3214 XVII.
2107 3158 2348 3214 Luditur
2373 3158 2578 3213 illusor
2600 3157 2851 3229 quidam
2875 3156 3023 3211 dum
3045 3154 3315 3227 pervenit
3345 3153 3425 3208 ad
3446 3168 3584 3207 nos.

1919 3249 2096 3302 XVIII.
2135 3247 2385 3317 Erigitur
2416 3246 2605 3301 sancti
2632 3245 2693 3300 in
2723 3245 2871 3299 festo
2898 3247 3204 3299 contracta
3234 3241 3459 3314 puella.

1917 3340 2045 3393 XIX.
2080 3338 2276 3393 Altera
2305 3341 2473 3409 peste
2496 3351 2625 3408 pari
2650 3334 2935 3406 quaedam
2959 3334 3025 3388 ﬁt
3049 3347 3198 3388 sana
3218 3330 3443 3403 puella.

1281 3497 1485 3581 CAR
1506 3496 1815 3579 ITULA
1890 3494 2203 3580 LIBRI
2272 3493 2432 3578 III.

778 3681 1164 3735 PROLOGUS.

497 3768 690 3835 (Nihil
716 3768 891 3823 habet
921 3774 1134 3823 notata
1162 3768 1455 3837 dignum).

157 3855 284 3910 CAP.
322 3860 358 3910 I.
396 3857 457 3910 In
490 3856 621 3911 visu
650 3857 794 3911 vidit
824 3856 1036 3911 mulier
1069 3856 1436 3929 paupercula
1475 3863 1769 3913 sanctum.

157 3945 218 3997 Il.
263 3946 512 4000 Sanctus
570 3946 866 4002 furantem
925 3946 1256 4018 quemdam
1308 3947 1573 4018 increpat
1632 3952 1810 4018 atque

1504 4034 1806 4105 iﬂagellat.

155 4122 238 4174 Ill.
275 4125 331 4176 In
364 4122 552 4177 sancti
584 4121 731 4176 festo
763 4122 1013 4177 moritur
1038 4122 1387 4178 muliercula
1421 4129 1641 4177 texens.

154 4208 233 4260 IV.
266 4210 516 4275 Erigitur
544 4209 827 4280 quaedam
858 4210 1071 4264 misere
1102 4215 1407 4265 contracta
1446 4210 1664 4280 puella.

151 4295 209 4348 V.
243 4294 327 4350 Ad
360 4301 637 4352 sanctum
664 4297 881 4352 ductus
912 4297 1172 4353 donatur
1200 4299 1425 4354 lumine
1453 4315 1671 4352 caecus.

152 4384 236 4437 VI.
270 4385 524 4447 Quidam
556 4390 896 4441 contractus
923 4391 1046 4441 toto
1072 4387 1136 4442 fit
1166 4403 1414 4458 corpore
1442 4403 1644 4441 sanus.

155 4471 262 4526 VII.
297 4473 574 4528 Salvatur
598 4473 849 4544 quidam
876 4490 911 4529 a
940 4474 1156 4529 misero
1188 4476 1451 4529 cruciatu
1473 4474 1805 4529 oculorum.

1852 3678 1891 3732 C
1923 3675 2057 3728 VIII.
2096 3672 2347 3728 Solvitur
2380 3671 2555 3726 unius
2587 3669 2850 3725 hominis
2881 3667 3211 3723 contractio
3234 3665 3388 3720 dira.

1920 3767 1982 3819 IX
2048 3762 2304 3827 Quidam
2337 3765 2583 3815 sanatur
2614 3763 2860 3813 cunctos
2890 3773 2996 3829 per
3025 3753 3295 3826 corporis
3324 3758 3513 3809 artus.

1919 3856 1978 3907 X.
2018 3852 2099 3906 Fit
2129 3867 2312 3904 sanus
2342 3850 2433 3903 cui
2462 3849 2782 3904 damnarat
2808 3844 3132 3921 contractio
3160 3843 3394 3899 laevam.

1919 3945 2004 3995 XI.
2039 3938 2367 4009 Cujusdam
2395 3937 2642 4007 erigitur
2680 3939 2984 3991 contracta
3012 3934 3252 3987 sinistra
3278 3930 3512 4003 puellae.

1920 4034 2026 4085 XII.
2066 4032 2316 4084 Laetatur
2348 4028 2631 4099 quaedam
2664 4025 2831 4081 salva
2860 4022 3210 4079 muliercula
3239 4021 3467 4076 dextra.

1918 4120 2051 4173 XIII.
2090 4117 2387 4173 Contracti
2420 4116 2586 4188 pueri
2620 4120 2866 4170 sanatur
2894 4112 3089 4167 debile
3121 4127 3359 4182 corpus.

1918 4207 2050 4262 XIV.
2088 4206 2403 4274 Eloquium
2428 4203 2634 4275 recipit
2665 4204 2954 4274 primaevo
2983 4217 3019 4255 a
3051 4205 3319 4269 tempore
3364 4201 3585 4251 mutus.

1917 4298 2025 4350 XV.
2059 4298 2407 4351 Contractus
2438 4307 2586 4363 puer
2617 4291 2675 4344 in
2708 4290 2877 4343 cunis
2911 4288 3174 4342 salvatur
3202 4292 3258 4339 et
3286 4302 3461 4339 unus.

1919 4386 2049 4439 XVI.
2076 4386 2276 4437 Danus
2298 4382 2611 4448 corrigitur
2639 4378 2844 4433 divino
2878 4379 3011 4447 jure
3036 4374 3352 4446 superbus.

222 4579 522 4634 Miracula
550 4581 956 4648 superioribus
979 4581 1246 4635 indicata
1279 4583 1580 4648 capitulis.
1612 4582 1687 4635 ab
1721 4581 2101 4649 Ingelramno
2133 4578 2453 4645 chr-ripta,
2487 4576 2584 4630 hic
2608 4572 3147 4649 praterinittimus,
3198 4584 3330 4649 cup}
3359 4570 3593 4649 Praeter

156 4651 328 4703 metri
342 4636 783 4722 fomnam'ninil
814 4652 1072 4705 habeant
1099 4636 1397 4708 diversuin
1426 4653 1499 4705 (rb
1531 4636 1603 4705 iis
1633 4666 1769 4722 quae
1791 4636 2015 4705 narrat
2048 4656 2261 4704 auctor
2285 4636 2623 4722 primarius
2632 4649 2665 4722 _(
2671 4643 2833 4722 apud
2852 4645 3231 4722 Manassae.
3346 4636 3590 4722 Benjle2

158 4733 290 4788 pag.
324 4705 469 4775 2522].
504 4721 754 4775 Addidit
788 4705 1456 4792 [ngelramnuslibrum
1490 4705 1773 4793 qum-Itum
1808 4722 1880 4777 de
1911 4726 2202 4776 relatione
2222 4705 2493 4793 carparis
2523 4720 2584 4772 S.
2618 4705 2893 4771 Richarii
2922 4719 2975 4769 et
3015 4710 3329 4766 miraculis
3377 4705 3594 4762 exinde

157 4795 499 4859 consecutis,
541 4808 708 4861 quem
736 4790 955 4848 librum
989 4809 1062 4849 ea:
1091 4797 1310 4849 saeculo
1354 4796 1399 4847 V
1422 4790 1809 4849 Benedictino
1835 4796 2035 4848 statim
2068 4790 2455 4857 exhibemus).

176 4906 3579 4936 ________________________________________._.___

1387 5031 1737 5117 LIBER
1806 4977 1945 5133 0'1:
1963 5040 2015 5115 Α
2036 5028 2347 5115 nTI's.

1811 5210 1955 5258 SIVE

627 5332 885 5400 Relatio
917 5335 988 5399 S.
1035 5330 1342 5401 Richarii
1369 5329 1635 5395 abbatis
1666 5352 1747 5394 8.1.“
1776 5327 2108 5396 Silhiensi
2135 5336 2546 5390 monasterio
2581 5324 2657 5385 in
2692 5315 3109 5384 Centulense

1072 5477 1178 5539 (Ex
1207 5490 1320 5528 ms.
1345 5472 1549 5528 codice
1578 5469 1914 5528 Centulensi
1944 5472 2001 5523 et
2028 5465 2207 5538 Aprili
2240 5461 2670 5529 Bollandiano).

271 5600 307 5651 I.
338 5598 585 5653 Metrice
612 5599 887 5654 Richarii
914 5599 1215 5667 descripta
1244 5598 1456 5652 relatio
1488 5596 1700 5650 sancti.

160 5683 453 5740 Hactenus
486 5688 714 5759 antiqui
746 5688 954 5743 retinet
983 5705 1115 5759 quae
1148 5688 1369 5758 pagina
1400 5686 1528 5739 libri

160 5775 433 5832 Carmine
459 5781 637 5850 prout
663 5777 823 5837 valui
848 5778 1033 5832 cecini
1063 5775 1349 5832 miracula
1384 5775 1574 5835 sancti

1856 5599 1894 5650 υ
1933 5593 2071 5647 Hinc
2103 5606 2173 5644 ea
2199 5586 2563 5657 complectar
2589 5584 2867 5656 pl‘OpI‘I'IS
2898 5597 3034 5653 quae.
3067 5580 3212 5635 vidit
3241 5578 3481 5635 ocellus.

1928 5681 2170 5749 Ingenio
2200 5676 2451 5743 validus,
2488 5673 2723 5739 mannis
2754 5671 2973 5745 Opilius
3000 5686 3245 5743 quoque
3271 5668 3448 5722 fultus

1926 5770 2209 5833 Arnulfus
2238 5767 2491 5843 patriam
2525 5763 2791 5839 possedit
2820 5761 3091 5819 marchio
3121 5763 3409 5816 nostram.
