3836 6484
404 313 541 369 1435

3568 78 3615 123 ‘1

1122 308 1567 364 ANGELRANNI
1605 304 1894 361 ABBATIS
1932 300 2409 362 camusrs
2437 307 2597 362 VITA
2638 306 2695 363 s.
2735 304 3062 361 RICHARII.
3550 327 3615 385 η,

401 434 565 489 Hanc
592 430 774 489 etiam
794 429 1001 487 fraude
1028 434 1095 487 ut
1119 445 1225 502 per
1252 430 1426 503 plura
1452 429 1681 486 solebat
1705 428 1978 500 adeptus,
2073 428 2120 479 A
2152 427 2263 482 Sed
2290 428 2418 498 jam
2442 428 2645 485 divina
2670 428 2821 501 quid
2844 428 2919 485 sit
2943 427 3149 486 virtute
3174 438 3441 503 peractum

400 519 720 576 Transtulit
750 519 887 574 hinc
926 519 1037 588 (20)
1081 521 1372 588 sanctum,
1421 518 1667 589 cupiens
1690 521 1810 573 tam
1839 513 2037 571 nobile

1783 605 2040 675 [lucrum

407 702 553 755 Cum
580 696 857 767 quisdam
888 694 1106 749 sanctis
1132 695 1386 767 proprias
1417 694 1673 763 regionis
1701 693 1940 750 habere.

406 786 505 841 Hic
528 786 655 855 jam
674 784 980 851 longaevus
1006 782 1314 855 deponens
1344 783 1609 851 tegmina
1632 782 1848 850 carnis,

410 873 578 929 Filius
612 875 674 925 ut
701 870 823 925 nati
846 870 1025 939 jussit
1052 870 1177 924 ﬁeri
1208 887 1350 925 suus
1376 871 1587 939 haeres,

406 959 799 1016 Praesentabat
825 975 1009 1015 avum
1037 959 1279 1031 proprio
1308 960 1411 1032 qui
1438 958 1682 1015 nomine
1706 962 1958 1013 tantum.

406 1052 537 1103 Post
564 1063 767 1117 regem
792 1046 1020 1119 primus
1049 1047 1216 1117 regni
1240 1052 1378 1103 tunc
1399 1048 1539 1117 jura
1576 1047 1831 1102 tenebat.

406 1137 499 1191 Vir
524 1135 764 1191 humilis
795 1135 1040 1203 cunctis,
1070 1136 1295 1192 cunctis
1324 1135 1457 1209 pius
1505 1141 1681 1207 atque
1728 1134 2041 1204 benignus,

407 1224 582 1279 Filius
614 1223 869 1291 Hugonis
896 1223 1106 1293 Magni,
1137 1223 1260 1278 dux
1289 1223 1542 1294 inclytus
1577 1227 1739 1293 Hugo
1769 1239 1782 1278 :

408 1315 612 1367 Postea
632 1310 813 1380 regali
837 1310 940 1382 qui
972 1310 1323 1366 sublimatus
1353 1311 1579 1365 honore

409 1399 572 1454 Rexit
602 1402 958 1453 Francorum
988 1398 1139 1453 miro
1167 1398 1573 1454 moderamine
1603 1414 1876 1467 regnum.

412 1487 507 1541 Hic
536 1485 787 1556 graviter
816 1484 1069 1539 tolerans
1097 1484 1366 1541 fraudem
1403 1501 1586 1557 supra
1633 1489 2043 1555 memoratam,

410 1575 667 1630 Restituit
695 1574 900 1647 patriae
931 1590 1305 1648 quaecunque
1333 1580 1534 1647 erepta
1565 1575 1746 1631 fuere.

413 1667 594 1735 thue
624 1663 814 1732 magis
844 1662 1091 1718 celebris
1122 1663 1289 1718 fieret
1315 1663 1602 1733 regressio
1635 1664 1741 1732 (21)
1767 1662 1974 1728 sancti,

410 1751 671 1822 Praecipit
690 1751 1045 1807 immensam
1076 1751 1283 1823 populi
1313 1751 1641 1820 glomerare
1672 1756 1991 1807 catervam.
2078 1774 2118 1828 Β

410 1844 522 1894 Nec
553 1839 745 1895 solum
770 1844 989 1894 nostrae
1017 1840 1291 1895 convenit
1323 1840 1529 1896 concio
1561 1846 1721 1894 terrae
1750 1858 1763 1896 :

374 1974 381 1983 ,
413 1929 562 1994 Quin
594 1930 770 1984 etiam
800 1945 870 1983 ex
900 1928 1099 1983 multis
1120 1928 1274 1984 facta
1294 1933 1380 1983 est
1405 1930 1667 1984 collectio
1688 1929 1929 1984 Francis
1961 1946 1973 1985 :

411 2016 730 2088 Relliquias
766 2016 950 2070 sancti
976 2017 1238 2086 posthaec
1267 2017 1515 2071 mandat
1544 2017 1653 2071 sibi
1682 2017 1867 2071 reddi.

411 2105 716 2176 Accipiens
747 2105 915 2173 cujus
940 2110 1236 2175 praecepta
1265 2120 1413 2176 puer
1443 2108 1553 2174 (22)
1596 2108 1961 2161 memoratus

412 2192 669 2246 Efﬁcitur
698 2197 943 2246 maestus
974 2196 1134 2248 tanto
1164 2193 1349 2262 pretio
1379 2192 1685 2247 cariturus.

416 2280 527 2336 Sed
552 2284 833 2350 reputans
859 2281 913 2336 si
939 2280 1226 2351 despiciat
1252 2296 1374 2335 non
1393 2296 1523 2336 esse
1549 2281 1783 2337 salubre

414 2366 684 2422 Reddidit
711 2367 949 2435 invitus,
976 2368 1190 2422 veritus
1218 2383 1291 2422 ne
1321 2368 1465 2422 forte
1497 2374 1756 2423 coactus.

411 2458 541 2510 Jam
573 2455 813 2511 tandem
842 2455 1128 2527 praeclara
1151 2456 1276 2510 dies
1302 2455 1573 2511 illuxerat
1599 2457 1748 2524 orbi,

413 2546 538 2607 Qua
566 2543 741 2600 debet
769 2542 892 2599 ﬁeri
920 2549 1041 2599 tam
1071 2548 1240 2613 grata
1268 2544 1527 2615 receptio
1559 2545 1764 2603 sancti.

410 2631 741 2687 Procedunt
767 2638 989 2703 partes,
1022 2632 1345 2700 gaudentes
1374 2638 1432 2689 et
1458 2633 1880 2704 lacrymantes.

414 2725 679 2793 Namque
723 2722 807 2779 illi
852 2722 1096 2779 tradunt
1136 2722 1304 2793 quod
1351 2738 1586 2794 semper
1630 2723 1853 2780 habere
1890 2723 2051 2780 vole-

1861 2811 2049 2878 [bant,

413 2898 513 2953 Isti
542 2897 870 2969 suscipiunt
898 2898 1024 2954 sine
1053 2914 1176 2970 quo
1212 2915 1322 2956 nec
1350 2899 1546 2955 vivere
1575 2905 1803 2957 curant.

414 2990 618 3041 Postea
645 2987 935 3059 primores
964 2987 1171 3060 populi
1196 2988 1399 3058 jurare
1428 2993 1732 3056 rogantur,

2147 516 2477 586 Perpendat
2506 517 2707 573 lector.
2743 517 2941 573 Sancti
2960 517 3176 575 meritis
3198 521 3401 579 sociatis

2148 602 2281 658 Haec
2307 620 2492 676 quam
2520 605 2769 678 praedixi
2798 604 2956 661 facta
2983 609 3071 659 est
3096 609 3359 675 regressis
3382 616 3523 670 ειηοῆ
3628 662 3629 681 η

2146 694 2431 764 Tempore
2460 710 2581 765 quo
2611 693 2802 766 plenis
2833 709 3084 766 campus
3111 694 3348 752 ﬂavescit
3368 701 3530 757 aristis.

2148 780 2261 834 Sed
2288 784 2370 835 tot
2401 782 2685 837 militibus
2714 798 2851 854 quas
2881 779 3209 838 sufﬁcerent
3232 785 3359 855 quia
3383 790 3499 844 tecta

2149 870 2275 923 Non
2305 868 2556 937 fuerant,
2589 870 2777 925 cultos
2811 886 2938 925 sese
2969 886 3228 941 sparsere
3255 888 3348 943 per
3371 890 3520 944 agros.

2152 955 2348 1009 Dicere
2376 956 2513 1028 quis
2544 958 2757 1029 poterit
2784 957 2961 1013 fuerit
2986 973 3167 1029 quam
3194 959 3367 1017 diruta
3389 966 3545 1019 messis

2151 1045 2300 1097 Pene
2330 1044 2543 1111 omnis,
2577 1046 2834 1118 pedibus
2861 1046 3010 1101 dum
3040 1046 3388 1105 conculcatur
3407 1066 3605 1122 equorum

2150 1133 2289 1186 Pars
2321 1132 2623 1203 quaedam,
2646 1134 2930 1206 quaedam
2955 1134 3103 1191 dum
3128 1151 3259 1207 pars
3281 1136 3547 1209 depascitur
3557 1148 3631 1198 ore!

2153 1222 2288 1274 Usta
2315 1226 2404 1276 est
2428 1237 2570 1293 pars
2601 1223 2782 1279 etiam
2809 1221 3068 1279 stabilita
3094 1223 3319 1281 ardente
3345 1226 3503 1283 culina

2151 1307 2418 1362 Partibus
2447 1309 2509 1365 in
2530 1310 2754 1381 multis,
2784 1316 2953 1366 cocta
2972 1310 3245 1367 radicitus
3264 1312 3437 1369 herba.

2152 1395 2413 1451 Tandem
2442 1397 2778 1469 discedunt,
2810 1399 2977 1457 nulla
3008 1398 3205 1454 tellure
3232 1399 3423 1458 relicta.

2151 1484 2298 1538 Mira
2321 1484 2535 1556 loquar
2567 1504 2579 1540 :
2612 1487 2821 1559 paucis
2846 1487 3160 1543 transactis
3188 1486 3299 1543 fere
3322 1487 3510 1556 diebus,

2154 1575 2297 1626 Ecce
2324 1571 2684 1628 incredibilis
2716 1574 2894 1645 coepit
2925 1590 3286 1631 succrescere
3312 1576 3485 1631 messis

2158 1661 2489 1728 Fructifera,
2523 1678 2593 1717 ac
2635 1661 2885 1721 demum
2914 1679 3057 1718 cum
3087 1667 3307 1734 tempus
3344 1669 3393 1719 et
3434 1664 3544 1720 hora
3578 1681 3641 1719 ms-

3540 1751 3642 1819 {tend

2157 1841 2419 1907 lnstaret,
2451 1841 2606 1894 totos
2634 1837 2841 1895 videas
2870 1839 3191 1895 ﬂavescere
3220 1854 3450 1910 campos,

2155 1929 2233 1978 Ac
2266 1925 2313 1978 si
2345 1925 2427 1980 nil
2454 1925 2663 1981 damni
2690 1926 2855 1995 regio
2881 1942 3171 1998 perpessa
3191 1925 3389 1982 fuisset.

2158 2015 2286 2067 Haec
2317 2029 2563 2068 cernens
2594 2018 2815 2069 meritis
2841 2019 3080 2085 patrata
3107 2013 3279 2068 fuisse
3306 2013 3508 2078 Richari,

2155 2098 2247 2154 Ad
2270 2098 2478 2154 laudes
2502 2100 2733 2155 Domini
2765 2101 3029 2172 populus
3060 2116 3120 2155 se
3151 2099 3375 2155 contulit
3397 2100 3559 2155 omnis.

2157 2191 2221 2241 ll.
2258 2187 2424 2252 Quod
2456 2189 2612 2257 lapsi
2638 2190 2700 2243 in
2722 2195 2971 2257 puteum
3002 2190 3273 2244 vixerunt
3306 2190 3387 2242 vir
3421 2189 3644 2255 mulierque.

2158 2279 2219 2330 In
2244 2276 2431 2331 sancti
2457 2277 2675 2332 mirum
2705 2277 2813 2333 fuit
2840 2284 2898 2334 et
2924 2277 3235 2335 virtutibus
3262 2276 3406 2343 illud,

2158 2363 2347 2434 Ipsius
2376 2362 2589 2423 festum
2619 2365 2763 2435 quia
2790 2364 2962 2436 plebs
2989 2365 3139 2423 dum
3167 2364 3342 2421 multa
3362 2363 3559 2426 adiisset.

2158 2453 2326 2505 Forte
2365 2468 2533 2506 secus
2566 2452 2769 2524 templi
2791 2453 3104 2511 introitum
3130 2457 3331 2524 puteus
3358 2451 3462 2518 fuit,
3485 2465 3625 2520 exquo

2156 2538 2518 2595 iamdudum
2543 2539 2731 2596 laticis
2761 2541 2999 2612 penitus
3022 2534 3307 2598 defecerat
3324 2539 3476 2607 unde,

2159 2629 2235 2681 Os
2268 2629 2437 2697 cujus
2469 2628 2646 2685 veteri
2675 2629 2868 2686 fuerat
2891 2629 2966 2685 de
2999 2629 3213 2687 vimine
3240 2628 3493 2685 clausum.

2159 2715 2351 2783 Ignari
2382 2730 2561 2786 super
2587 2716 2749 2772 hunc
2773 2717 2925 2773 dum
2944 2717 3178 2775 vadunt
3197 2716 3284 2772 vir
3305 2715 3577 2785 mulierque.

2157 2802 2345 2873 lpsius
2366 2803 2427 2859 in
2459 2818 2746 2873 magnum
2775 2804 2930 2876 lapsi
2958 2805 3224 2861 cecidere
3254 2802 3564 2875 profuidum.

2161 2893 2300 2956 Quis
2326 2892 2621 2950 dubitaret
2645 2910 2747 2951 eos
2770 2894 2981 2951 mortis
3008 2894 3321 2952 discrimen
3342 2891 3533 2949 obisse?

2162 2982 2491 3036 Cernuntur
2521 2985 2721 3038 tamen
2753 2998 2790 3038 a
2819 2983 2983 3054 putei
3014 2981 3278 3039 convalle
3300 2978 3501 3045 reducti,

418 3075 755 3147 Quidquam
780 3080 989 3132 utnon
1013 3077 1168 3132 desit
1199 3077 1434 3149 penitus
1460 3078 1533 3132 de
1563 3093 1809 3149 corpore
1840 3078 2051 3135 sancti.
2083 3111 2124 3166 ρ
2164 3073 2289 3166 ξλξρη
2302 3068 2517 3166 ΑδοΙιξω
2543 3070 2679 3136 νίνί,
2712 3072 2964 3166 ῐοῐοξθά
2995 3086 3245 3166 θοιίρᾳνθ
3274 3069 3409 3166 Selii-

418 3164 546 3227 Quo
575 3163 749 3227 facto,
778 3165 963 3220 nostri
991 3165 1339 3220 festinavere
1371 3166 1602 3223 reverti.

418 3250 461 3303 Ο
492 3249 886 3305 memoranda
912 3249 1059 3317 dies,
1086 3266 1123 3305 ο
1149 3251 1255 3306 lux
1279 3252 1473 3306 votive
1503 3252 1770 3319 colenda,

419 3337 583 3391 Fines
611 3337 891 3405 dignatur
921 3340 1029 3409 (23)
1057 3340 1237 3411 patris
1266 3356 1390 3410 qua
1419 3340 1605 3395 visere
1632 3345 1870 3396 sanctus
1899 3343 1912 3396 !

418 3426 601 3494 Hujus
628 3424 887 3481 laetitiam
917 3426 1016 3480 vix
1042 3442 1318 3482 enarrare
1344 3428 1458 3482 diei

420 3512 673 3569 Sufﬁciet
701 3515 1042 3585 quisquam,
1075 3516 1395 3587 quisquam
1427 3516 1522 3570 vix
1553 3516 1772 3585 gaudia
1798 3521 1983 3584 tanta,

415 3601 715 3658 Adventus
736 3603 921 3657 sancti
958 3620 1093 3675 quae
1134 3604 1510 3659 concutiebat
1530 3604 1769 3676 ubique.

415 3690 501 3744 Ad
538 3705 922 3762 quascunque
953 3692 1169 3747 etenim
1192 3693 1353 3747 venit
1377 3694 1676 3764 processio
1704 3694 1894 3760 villas,

416 3777 601 3833 Obvia
626 3783 976 3835 cunctorum
1007 3780 1271 3851 procedit
1298 3781 1475 3836 turba
1496 3781 1796 3850 colonum,

415 3870 493 3920 Ac
519 3882 641 3937 prae
666 3866 862 3922 latitia
883 3867 1134 3936 gemitus
1160 3869 1237 3923 ad
1263 3870 1456 3924 sidera
1476 3870 1720 3939 jactant.

415 3958 560 4009 Ante
585 3954 689 4009 sed
711 3954 789 4010 ad
820 3956 1129 4027 templum,
1160 3962 1452 4028 quantum
1474 3962 1562 4013 est
1592 3959 1848 4030 spatium
1868 3975 2055 4032 prope

1822 4048 2053 4120 [leugaa,

418 4131 608 4195 Quam
640 4131 1059 4201 pervenissent,
1090 4132 1212 4188 dux
1238 4134 1367 4204 jam
1395 4134 1675 4206 praefatus
1705 4138 1923 4209 equino

417 4218 789 4274 Descendens
818 4219 1018 4287 dorso,
1049 4220 1226 4276 nudis
1254 4220 1525 4277 incedere
1556 4222 1774 4294 plantis

418 4305 637 4378 Incipit,
665 4311 719 4361 et
739 4308 994 4379 propriis
1024 4308 1281 4380 scapulis
1310 4314 1547 4381 portare
1577 4310 1876 4373 feretrum,

418 4396 481 4449 Et
510 4411 712 4451 secum
741 4395 930 4468 plebis
958 4398 1062 4469 qui
1087 4397 1194 4453 visi
1217 4398 1557 4455 nobiliores.
1838 4466 1839 4473 η

415 4482 562 4538 Illud
592 4488 832 4557 tamque
861 4486 964 4541 diu
992 4491 1187 4558 portat
1213 4487 1493 4560 lacrymis
1522 4488 1910 4559 madefactus,

415 4572 593 4629 Altari
615 4574 807 4631 donec
836 4576 1103 4645 gaudens
1130 4577 1372 4650 proprio
1402 4578 1803 4650 imposuisset.

484 4895 592 4965 (20)
632 4893 720 4949 Ad
746 4909 913 4967 oram
944 4895 1213 4951 Chronici
1260 4896 1623 4953 Centulensis
1654 4915 1764 4954 ms.
1798 4898 2008 4967 legitur
2036 4917 2051 4955 :

413 4965 589 5020 Anno
616 4966 856 5020 Domini
883 4969 985 5021 952
1008 4967 1272 5023 ablatum
1301 4984 1533 5036 corpus,
1579 4975 1634 5025 et
1681 4985 1739 5023 Iv
1778 4965 1916 5025 Kal.
1951 4973 2053 5026 Se-

406 5036 627 5112 ptemb.
659 5037 814 5112 beati
842 5039 1076 5112 Berlin;
1112 5040 1370 5112 cqenobio
1394 5042 1653 5112 illatum,
1677 5056 1892 5112 nempe
1916 5045 2056 5098 Cen-

415 5106 627 5161 tulensi
658 5107 873 5164 abbate
910 5108 1264 5174 Fulcherico,
1307 5116 1362 5165 et
1391 5110 1613 5165 clericis
1661 5106 1884 5166 ibidem
1933 5113 2053 5167 exi-

417 5177 723 5300 st2entibus,
774 5183 840 5234 ut
879 5180 1043 5252 apud
1094 5180 1418 5236 Hariulfum
1475 5181 1535 5236 in
1590 5181 1692 5236 lib.
1753 5199 1850 5253 iu,
1919 5200 2053 5255 cap.

490 5316 600 5385 (21)
638 5319 796 5373 Hanc
855 5320 1280 5377 restitutionem
1335 5322 1667 5379 instaurato
1722 5324 2055 5380 Centulensi

419 5389 776 5467 monasterio
805 5392 1206 5467 restitutisque
1239 5394 1547 5467 monachis
1586 5394 1804 5449 factam
1853 5395 2053 5467 fuisse,

422 5454 537 5536 sub
590 5458 892 5522 lngelardo
940 5454 1530 5536 abbate_7Fulcherici
1573 5472 1706 5536 post
1750 5454 2055 5533 Hugonem

418 5526 637 5581 ducem
667 5542 1021 5598 successore,
1054 5534 1465 5590 traditibidem
1496 5526 1807 5592 Ha‘riulfus.
1836 5526 2054 5593 Eodem

417 5597 644 5680 abbate
668 5598 909 5680 contigit
935 5597 1235 5680 translatio
1266 5607 1451 5661 sancti
1498 5607 1719 5673 Vigoris
1770 5606 2051 5680 episcopi,

419 5665 860 5794 etOMadelgisili
912 5670 1309 5746 confessoris,
1388 5665 1632 5733 testante
1687 5665 1901 5732 eodem
1952 5665 2055 5733 a‘u;

422 5752 454 5790 c
517 5752 601 5793 re.

422 5752 580 5793 οισι-θ
588 5778 601 5791 .

2162 3157 2253 3212 llI.
2289 3158 2455 3224 Quod
2482 3173 2712 3215 vescens
2737 3160 2986 3230 quidam
3031 3162 3215 3229 piscis
3254 3158 3462 3229 glutivit
3490 3153 3655 3208 mittam

2165 3246 2485 3303 Exercebat
2514 3262 2698 3304 ovans
2728 3264 2799 3304 ex
2826 3248 3262 3306 consuetudine
3290 3248 3387 3316 (2i)
3417 3242 3585 3300 Palmas

2164 3335 2335 3390 Plebs
2363 3335 2877 3407 Domini,quidam
2905 3353 3154 3394 sumens
3182 3353 3315 3392 cum
3338 3332 3660 3390 clericutescam

2166 3426 2311 3479 Cum
2340 3424 2671 3491 monachis,
2699 3429 2863 3479 ortus
2891 3441 3019 3480 non
3045 3425 3148 3479 vili
3173 3425 3340 3496 stirpe
3360 3423 3605 3494 parentum,

2165 3512 2346 3569 Unius
2372 3515 2645 3569 incautus
2675 3512 2855 3583 plSClS
2887 3512 3124 3580 glutivit
3150 3512 3398 3568 aristam.

2163 3605 2460 3669 Angorem
2487 3601 2657 3670 cujus
2679 3601 3008 3656 sentiscens
3040 3616 3285 3673 vespere
3313 3599 3448 3655 facto

2162 3692 2365 3745 Tentat
2392 3690 2631 3759 rejicere
2661 3689 2817 3743 hanc
2845 3687 3044 3744 valeat
3076 3688 3125 3744 si
3150 3689 3291 3744 forte
3316 3682 3566 3741 vomenda.

2167 3779 2278 3834 Sed
2308 3778 2449 3849 quia
2476 3793 2598 3833 non
2628 3778 2835 3849 potuit,
2865 3779 3111 3846 gravior
3138 3779 3202 3834 fit
3228 3778 3350 3833 luce
3373 3768 3591 3846 sequenti.

2163 3869 2351 3922 Tertia
2379 3882 2643 3939 namque
2668 3867 2795 3923 dies
2822 3870 3142 3940 praetendit
3169 3867 3451 3930 deteriora,

2164 3960 2242 4010 Ac
2268 3956 2405 4011 dem
2422 3972 2515 4010 im
2544 3956 2605 4010 in
2629 3961 2844 4027 quarta
2874 3961 3091 4013 tractat
3127 3957 3201 4012 de
3226 3959 3401 4011 morte
3422 3952 3585 4012 fatim.

2166 4044 2493 4115 Disponens
2521 4044 2700 4100 etiam
2730 4044 2966 4101 fuerant
2989 4063 3129 4118 quae
3159 4059 3407 4115 congrua
3433 4040 3547 4095 visa.

2162 4132 2363 4188 Abbas
2393 4138 2449 4187 et
2475 4132 2683 4188 fratres
2711 4133 2953 4190 veniant
2985 4151 3048 4189 se
3069 4136 3259 4191 visere
3287 4128 3535 4188 mandat:

2164 4223 2304 4287 Quis
2334 4221 2410 4277 ad
2442 4238 2503 4277 se
2527 4223 2811 4291 ingressis
2844 4228 3079 4280 tantum
3110 4225 3186 4279 de
3212 4226 3388 4279 morte
3412 4219 3604 4279 locutus,

2164 4310 2353 4365 Poscit
2380 4327 2516 4365 cum
2547 4311 2857 4367 monachis
2887 4313 3126 4384 sepeliri
3155 4327 3277 4385 quo
3306 4310 3566 4365 mereatur.

2165 4404 2272 4455 Pro
2302 4400 2534 4455 Domini
2565 4404 2763 4462 Coena.
2795 4402 3006 4472 quinta
3032 4402 3141 4457 sed
3169 4401 3298 4457 luce
3322 4393 3539 4455 verenda

2168 4493 2331 4544 Hunc
2388 4489 2573 4544 sancti
2630 4490 2706 4545 ad
2764 4490 3059 4562 templum
3108 4489 3345 4546 deducit
3384 4481 3531 4541 turba
3558 4486 3684 4635 pag:

2258 4900 2348 4967 22)
2388 4898 2667 4953 Arnulfus
2695 4899 2914 4969 junior.
2986 4969 2990 4970 7
3126 4969 3131 4970 7
3433 4968 3438 4970 _
3486 4966 3491 4970 ,
3534 4958 3563 4970 ,,
3599 4954 3687 4970 ,ω

2256 4954 2344 5027 23)
2388 4973 2447 5024 In
2481 4954 2769 5024 Chronico
2797 4969 3138 5025 (Ientulensi
3168 4986 3284 5024 ms.
3329 4966 3497 5021 exstat
3519 4954 3687 5027 diplomé

2165 5032 2417 5096 Lo'tharii
2442 5041 2615 5108 regis,
2642 5046 2888 5112 rogante
2918 5042 3171 5108 Hugone
3210 5040 3356 5112 duce
3396 5032 3574 5112 abbate
3612 5034 3688 5112 €911“

2164 5128 2423 5177 cessum,
2453 5107 2576 5182 quo
2603 5111 2756 5165 villae
2803 5111 3119 5167 monachis
3180 5111 3259 5166 al)
3312 5107 3502 5163 eodem
3537 5107 3685 5182 inihi?“

2172 5168 2874 5257 Tai'goneu‘siassignatte
2906 5183 3360 5257 confirmantur,
3391 5168 3685 5257 nempeﬁf‘ﬂ;

2166 5238 2316 5307 tiuni
2342 5259 2399 5329 e_t
2426 5238 3136 5329 Rolleni-curtis._A_ctum
3169 5238 3683 5329 CorripendiQ-P071‘}'7‘i

2164 5340 2322 5381 anno
2342 5324 2626 5397 Lol/tarii
2654 5341 2772 5379 xxi.
2805 5324 3112 5381 Adalbcro
3144 5308 3566 5397 regis'uotmjili_8
3582 5308 3683 5397 4477’?

2165 5410 2284 5451 cem
2313 5395 2706 5449 Adalberonis
2731 5397 3046 5450 Remorum
3078 5390 3497 5462 arcliiepiscopi
3512 5390 3552 5442 et
3571 5392 3685 5435 summ

2164 5466 2518 5539 cancellarii'
2544 5468 2903 5539 rec-agnovit.
2974 5538 2979 5539 7
3090 5538 3109 5539 7
3184 5538 3195 5539 7
3636 5513 3687 5539 ΜΓ

2237 5540 2339 5612 (2t)
2376 5536 2666 5612 Hariulfus
2728 5538 3050 5612 ﬂaminica
3075 5538 3457 5612 Palmaruﬂl,_
3473 5539 3611 5612 (Ιῖξᾳξι

2164 5596 2271 5676 gus
2302 5596 2531 5661 Pascha
2559 5607 2839 5673 ﬂoridum
2874 5608 3114 5667 vom‘tat.
3145 5621 3223 5662 ex
3262 5596 3607 5677 ecclesia-stiva
3634 5596 3684 5677 οῖ’

2167 5664 2388 5734 "(titione
2408 5664 2731 5747 colebatur,
2747 5695 2876 5733 cum
2903 5679 3031 5746 ipsa
3050 5664 3149 5733 die
3164 5678 3403 5749 quidam
3424 5664 3685 5729 διαίρων
