  <div class='ocr_page' id='page_1' title='image "/cluster/home/n/w/nwhite01/storage/ocr_20150623/140-141/uc1.31175018559917/1294.png"; bbox 0 0 3836 6418; ppageno 0'>
   <div class='ocr_carea' id='block_1_1' title="bbox 32 287 1547 358">
    <p class='ocr_par' dir='ltr' id='par_1_1' title="bbox 32 291 1547 352">
     <span class='ocr_line' id='line_1_1' title="bbox 32 291 1547 352; baseline -0.004 -2"><span class='ocrx_word' id='word_1_1' title='bbox 32 298 49 350; x_wconf 95' lang='lat' dir='ltr'>l</span> <span class='ocrx_word' id='word_1_2' title='bbox 70 301 176 352; x_wconf 62' lang='grc'>437</span> <span class='ocrx_word' id='word_1_3' title='bbox 1126 291 1381 348; x_wconf 78' lang='lat' dir='ltr'>PAPIAS</span> <span class='ocrx_word' id='word_1_4' title='bbox 1419 291 1547 345; x_wconf 68' lang='grc' dir='ltr'>ΕΒΑ</span> 
     </span>
    </p>
   </div>
   <div class='ocr_carea' id='block_1_2' title="bbox 1954 287 3469 358">
    <p class='ocr_par' dir='ltr' id='par_1_2' title="bbox 1979 290 3469 358">
     <span class='ocr_line' id='line_1_2' title="bbox 1979 290 3469 358; baseline 0.007 -13"><span class='ocrx_word' id='word_1_5' title='bbox 1979 317 2045 329; x_wconf 91' lang='grc'><strong><em>--</em></strong></span> <span class='ocrx_word' id='word_1_6' title='bbox 2077 290 2379 348; x_wconf 73' lang='grc' dir='ltr'>ΝΟΤΙΤΙΔ.</span> <span class='ocrx_word' id='word_1_7' title='bbox 3333 299 3469 358; x_wconf 72' lang='grc'>1638</span> 
     </span>
    </p>
   </div>
   <div class='ocr_carea' id='block_1_3' title="bbox 24 413 3290 493">
    <p class='ocr_par' dir='ltr' id='par_1_3' title="bbox 24 413 3290 493">
     <span class='ocr_line' id='line_1_3' title="bbox 24 413 3290 493; baseline 0.001 -17"><span class='ocrx_word' id='word_1_8' title='bbox 24 426 314 493; x_wconf 88' lang='lat' dir='ltr'>Tempore</span> <span class='ocrx_word' id='word_1_9' title='bbox 339 434 464 492; x_wconf 85' lang='lat' dir='ltr'>quo</span> <span class='ocrx_word' id='word_1_10' title='bbox 493 418 702 475; x_wconf 81' lang='lat' dir='ltr'><strong>fratres</strong></span> <span class='ocrx_word' id='word_1_11' title='bbox 725 416 1030 474; x_wconf 79' lang='lat' dir='ltr'>celebrant</span> <span class='ocrx_word' id='word_1_12' title='bbox 1062 417 1357 472; x_wconf 86' lang='lat' dir='ltr'>solemnia</span> <span class='ocrx_word' id='word_1_13' title='bbox 1380 417 1608 472; x_wconf 67' lang='lat' dir='ltr'>missas:</span> <span class='ocrx_word' id='word_1_14' title='bbox 1726 416 1775 468; x_wconf 78' lang='grc' dir='ltr'><strong>Α</strong></span> <span class='ocrx_word' id='word_1_15' title='bbox 1804 413 1906 469; x_wconf 86' lang='lat' dir='ltr'>Cui</span> <span class='ocrx_word' id='word_1_16' title='bbox 1936 413 2191 472; x_wconf 91' lang='lat' dir='ltr'>dubium</span> <span class='ocrx_word' id='word_1_17' title='bbox 2222 420 2310 473; x_wconf 88' lang='lat' dir='ltr'>est</span> <span class='ocrx_word' id='word_1_18' title='bbox 2329 415 2495 473; x_wconf 82' lang='lat' dir='ltr'>illam</span> <span class='ocrx_word' id='word_1_19' title='bbox 2528 417 2737 474; x_wconf 91' lang='lat' dir='ltr'>mortis</span> <span class='ocrx_word' id='word_1_20' title='bbox 2767 417 3023 474; x_wconf 79' lang='lat' dir='ltr'>subiisse</span> <span class='ocrx_word' id='word_1_21' title='bbox 3051 419 3290 480; x_wconf 81' lang='lat' dir='ltr'>ruinam</span> 
     </span>
    </p>
   </div>
   <div class='ocr_carea' id='block_1_4' title="bbox 29 504 3294 581">
    <p class='ocr_par' dir='ltr' id='par_1_4' title="bbox 29 504 3294 581">
     <span class='ocr_line' id='line_1_4' title="bbox 29 504 3294 581; baseline -0 -15"><span class='ocrx_word' id='word_1_22' title='bbox 29 510 432 581; x_wconf 82' lang='lat' dir='ltr'>Suﬂultusque</span> <span class='ocrx_word' id='word_1_23' title='bbox 463 509 604 564; x_wconf 82' lang='lat' dir='ltr'>viris</span> <span class='ocrx_word' id='word_1_24' title='bbox 634 507 842 563; x_wconf 83' lang='lat' dir='ltr'>dextra</span> <span class='ocrx_word' id='word_1_25' title='bbox 874 507 1143 578; x_wconf 64' lang='lat' dir='ltr'>ltevaque</span> <span class='ocrx_word' id='word_1_26' title='bbox 1175 507 1437 573; x_wconf 90' lang='lat' dir='ltr'>duobus,</span> <span class='ocrx_word' id='word_1_27' title='bbox 1801 504 1973 568; x_wconf 83' lang='lat' dir='ltr'>Quod</span> <span class='ocrx_word' id='word_1_28' title='bbox 2006 509 2125 560; x_wconf 89' lang='lat' dir='ltr'>tam</span> <span class='ocrx_word' id='word_1_29' title='bbox 2156 511 2211 559; x_wconf 92' lang='lat' dir='ltr'>et</span> <span class='ocrx_word' id='word_1_30' title='bbox 2239 506 2389 572; x_wconf 88' lang='lat' dir='ltr'>fecit,</span> <span class='ocrx_word' id='word_1_31' title='bbox 2425 507 2631 562; x_wconf 87' lang='lat' dir='ltr'>martis</span> <span class='ocrx_word' id='word_1_32' title='bbox 2664 523 2773 564; x_wconf 89' lang='lat' dir='ltr'>nec</span> <span class='ocrx_word' id='word_1_33' title='bbox 2803 508 3032 565; x_wconf 88' lang='lat' dir='ltr'>damna</span> <span class='ocrx_word' id='word_1_34' title='bbox 3059 509 3294 567; x_wconf 75' lang='lat' dir='ltr'>subivit.</span> 
     </span>
    </p>
   </div>
   <div class='ocr_carea' id='block_1_5' title="bbox 25 593 3359 672">
    <p class='ocr_par' dir='ltr' id='par_1_5' title="bbox 25 593 3359 672">
     <span class='ocr_line' id='line_1_5' title="bbox 25 593 3359 672; baseline 0.001 -18"><span class='ocrx_word' id='word_1_35' title='bbox 25 604 153 654; x_wconf 88' lang='lat' dir='ltr'>Jam</span> <span class='ocrx_word' id='word_1_36' title='bbox 180 599 364 654; x_wconf 86' lang='lat' dir='ltr'>ferme</span> <span class='ocrx_word' id='word_1_37' title='bbox 393 599 706 670; x_wconf 81' lang='lat' dir='ltr'>exspirans</span> <span class='ocrx_word' id='word_1_38' title='bbox 729 603 1000 653; x_wconf 87' lang='lat' dir='ltr'>sanctam</span> <span class='ocrx_word' id='word_1_39' title='bbox 1023 596 1373 651; x_wconf 75' lang='lat' dir='ltr'>conscendit</span> <span class='ocrx_word' id='word_1_40' title='bbox 1397 596 1474 651; x_wconf 86' lang='lat' dir='ltr'>ad</span> <span class='ocrx_word' id='word_1_41' title='bbox 1495 611 1684 652; x_wconf 87' lang='lat' dir='ltr'>aram.</span> <span class='ocrx_word' id='word_1_42' title='bbox 1801 593 1953 657; x_wconf 85' lang='lat' dir='ltr'>Quin</span> <span class='ocrx_word' id='word_1_43' title='bbox 1989 594 2168 650; x_wconf 90' lang='lat' dir='ltr'>etiam</span> <span class='ocrx_word' id='word_1_44' title='bbox 2197 595 2425 651; x_wconf 79' lang='lat' dir='ltr'>vadens</span> <span class='ocrx_word' id='word_1_45' title='bbox 2457 613 2526 650; x_wconf 90' lang='lat' dir='ltr'>ac</span> <span class='ocrx_word' id='word_1_46' title='bbox 2557 597 2952 654; x_wconf 82' lang='lat' dir='ltr'>discurrendo</span> <span class='ocrx_word' id='word_1_47' title='bbox 2987 614 3359 672; x_wconf 86' lang='lat' dir='ltr'>perrerrans,</span> 
     </span>
    </p>
   </div>
   <div class='ocr_carea' id='block_1_6' title="bbox 25 682 3394 762">
    <p class='ocr_par' dir='ltr' id='par_1_6' title="bbox 25 682 3394 762">
     <span class='ocr_line' id='line_1_6' title="bbox 25 682 3394 762; baseline 0.001 -20"><span class='ocrx_word' id='word_1_48' title='bbox 25 688 130 744; x_wconf 89' lang='lat' dir='ltr'>Cui</span> <span class='ocrx_word' id='word_1_49' title='bbox 160 695 482 761; x_wconf 76' lang='lat' dir='ltr'>postquam</span> <span class='ocrx_word' id='word_1_50' title='bbox 514 689 804 761; x_wconf 84' lang='lat' dir='ltr'>imposuit</span> <span class='ocrx_word' id='word_1_51' title='bbox 844 687 1146 759; x_wconf 88' lang='lat' dir='ltr'>quosdam</span> <span class='ocrx_word' id='word_1_52' title='bbox 1203 703 1313 758; x_wconf 89' lang='lat' dir='ltr'>pro</span> <span class='ocrx_word' id='word_1_53' title='bbox 1342 701 1589 743; x_wconf 89' lang='lat' dir='ltr'>munere</span> <span class='ocrx_word' id='word_1_54' title='bbox 1620 686 1688 741; x_wconf 89' lang='lat' dir='ltr'>li-</span> <span class='ocrx_word' id='word_1_55' title='bbox 1801 682 1968 740; x_wconf 87' lang='lat' dir='ltr'>Venit</span> <span class='ocrx_word' id='word_1_56' title='bbox 1993 684 2072 740; x_wconf 85' lang='lat' dir='ltr'>ad</span> <span class='ocrx_word' id='word_1_57' title='bbox 2095 684 2400 741; x_wconf 84' lang='lat' dir='ltr'>introitum</span> <span class='ocrx_word' id='word_1_58' title='bbox 2430 685 2687 742; x_wconf 72' lang='lat' dir='ltr'>cochleas</span> <span class='ocrx_word' id='word_1_59' title='bbox 2717 703 2840 759; x_wconf 89' lang='lat' dir='ltr'>qua</span> <span class='ocrx_word' id='word_1_60' title='bbox 2865 687 3132 745; x_wconf 88' lang='lat' dir='ltr'>culmina</span> <span class='ocrx_word' id='word_1_61' title='bbox 3160 691 3394 762; x_wconf 86' lang='lat' dir='ltr'>templi,</span> 
     </span>
    </p>
   </div>
   <div class='ocr_carea' id='block_1_7' title="bbox 1429 773 3460 851">
    <p class='ocr_par' dir='ltr' id='par_1_7' title="bbox 1429 773 3460 851">
     <span class='ocr_line' id='line_1_7' title="bbox 1429 773 3460 851; baseline 0.003 -19"><span class='ocrx_word' id='word_1_62' title='bbox 1429 775 1616 846; x_wconf 86' lang='lat' dir='ltr'>[bros,</span> <span class='ocrx_word' id='word_1_63' title='bbox 1803 773 1934 830; x_wconf 85' lang='lat' dir='ltr'>Alta</span> <span class='ocrx_word' id='word_1_64' title='bbox 1963 773 2340 845; x_wconf 80' lang='lat' dir='ltr'>petebantur,</span> <span class='ocrx_word' id='word_1_65' title='bbox 2367 791 2552 848; x_wconf 88' lang='lat' dir='ltr'>quam</span> <span class='ocrx_word' id='word_1_66' title='bbox 2575 775 2759 846; x_wconf 86' lang='lat' dir='ltr'>longa</span> <span class='ocrx_word' id='word_1_67' title='bbox 2788 782 2874 833; x_wconf 89' lang='lat' dir='ltr'>est</span> <span class='ocrx_word' id='word_1_68' title='bbox 2897 777 3133 834; x_wconf 85' lang='lat' dir='ltr'>scandit</span> <span class='ocrx_word' id='word_1_69' title='bbox 3153 782 3210 834; x_wconf 90' lang='lat' dir='ltr'>et</span> <span class='ocrx_word' id='word_1_70' title='bbox 3238 779 3460 851; x_wconf 80' lang='lat' dir='ltr'>ipsam.</span> 
     </span>
    </p>
   </div>
   <div class='ocr_carea' id='block_1_8' title="bbox 25 864 3302 937">
    <p class='ocr_par' dir='ltr' id='par_1_8' title="bbox 25 864 3302 937">
     <span class='ocr_line' id='line_1_8' title="bbox 25 864 3302 937; baseline 0.001 -15"><span class='ocrx_word' id='word_1_71' title='bbox 25 868 231 923; x_wconf 76' lang='lat' dir='ltr'>Nititur</span> <span class='ocrx_word' id='word_1_72' title='bbox 260 871 322 922; x_wconf 91' lang='lat' dir='ltr'>ut</span> <span class='ocrx_word' id='word_1_73' title='bbox 346 867 534 922; x_wconf 80' lang='lat' dir='ltr'>valuit</span> <span class='ocrx_word' id='word_1_74' title='bbox 562 870 719 921; x_wconf 88' lang='lat' dir='ltr'>retro</span> <span class='ocrx_word' id='word_1_75' title='bbox 749 864 1065 920; x_wconf 84' lang='lat' dir='ltr'>deflectere</span> <span class='ocrx_word' id='word_1_76' title='bbox 1093 880 1389 933; x_wconf 77' lang='lat' dir='ltr'>gressum.</span> <span class='ocrx_word' id='word_1_77' title='bbox 1800 866 1937 919; x_wconf 83' lang='lat' dir='ltr'>Post</span> <span class='ocrx_word' id='word_1_78' title='bbox 1961 864 2084 919; x_wconf 79' lang='lat' dir='ltr'>haec</span> <span class='ocrx_word' id='word_1_79' title='bbox 2111 865 2255 935; x_wconf 89' lang='lat' dir='ltr'>quid</span> <span class='ocrx_word' id='word_1_80' title='bbox 2283 865 2439 936; x_wconf 85' lang='lat' dir='ltr'>fecit,</span> <span class='ocrx_word' id='word_1_81' title='bbox 2473 866 2837 937; x_wconf 85' lang='lat' dir='ltr'>cujusquam</span> <span class='ocrx_word' id='word_1_82' title='bbox 2865 866 3061 924; x_wconf 81' lang='lat' dir='ltr'>dicere</span> <span class='ocrx_word' id='word_1_83' title='bbox 3090 867 3302 937; x_wconf 79' lang='lat' dir='ltr'>lingua.</span> 
     </span>
    </p>
   </div>
   <div class='ocr_carea' id='block_1_9' title="bbox 24 952 3249 1028">
    <p class='ocr_par' dir='ltr' id='par_1_9' title="bbox 24 952 3249 1028">
     <span class='ocr_line' id='line_1_9' title="bbox 24 952 3249 1028; baseline -0 -15"><span class='ocrx_word' id='word_1_84' title='bbox 24 958 135 1013; x_wconf 89' lang='lat' dir='ltr'>Sed</span> <span class='ocrx_word' id='word_1_85' title='bbox 166 958 264 1012; x_wconf 83' lang='lat' dir='ltr'>vix</span> <span class='ocrx_word' id='word_1_86' title='bbox 296 972 623 1012; x_wconf 85' lang='lat' dir='ltr'>conversus</span> <span class='ocrx_word' id='word_1_87' title='bbox 654 960 803 1010; x_wconf 91' lang='lat' dir='ltr'>nutu</span> <span class='ocrx_word' id='word_1_88' title='bbox 836 959 1114 1022; x_wconf 79' lang='lat' dir='ltr'>tangente</span> <span class='ocrx_word' id='word_1_89' title='bbox 1147 971 1414 1026; x_wconf 86' lang='lat' dir='ltr'>superno</span> <span class='ocrx_word' id='word_1_90' title='bbox 1800 953 1902 1008; x_wconf 79' lang='lat' dir='ltr'>Vix</span> <span class='ocrx_word' id='word_1_91' title='bbox 1933 952 2081 1008; x_wconf 90' lang='lat' dir='ltr'>dum</span> <span class='ocrx_word' id='word_1_92' title='bbox 2113 953 2379 1010; x_wconf 77' lang='lat' dir='ltr'>sufﬁciet.</span> <span class='ocrx_word' id='word_1_93' title='bbox 2417 958 2542 1011; x_wconf 82' lang='lat' dir='ltr'>Non</span> <span class='ocrx_word' id='word_1_94' title='bbox 2569 959 2761 1011; x_wconf 88' lang='lat' dir='ltr'>cessat</span> <span class='ocrx_word' id='word_1_95' title='bbox 2790 955 3050 1028; x_wconf 86' lang='lat' dir='ltr'>denique</span> <span class='ocrx_word' id='word_1_96' title='bbox 3073 972 3249 1013; x_wconf 88' lang='lat' dir='ltr'>voces</span> 
     </span>
    </p>
   </div>
   <div class='ocr_carea' id='block_1_10' title="bbox 24 1041 3308 1117">
    <p class='ocr_par' dir='ltr' id='par_1_10' title="bbox 24 1041 3308 1117">
     <span class='ocr_line' id='line_1_10' title="bbox 24 1041 3308 1117; baseline 0.002 -18"><span class='ocrx_word' id='word_1_97' title='bbox 24 1047 214 1101; x_wconf 82' lang='lat' dir='ltr'>Sensit</span> <span class='ocrx_word' id='word_1_98' title='bbox 242 1061 405 1116; x_wconf 88' lang='lat' dir='ltr'>aqua</span> <span class='ocrx_word' id='word_1_99' title='bbox 431 1044 633 1116; x_wconf 90' lang='lat' dir='ltr'>tepida</span> <span class='ocrx_word' id='word_1_100' title='bbox 662 1043 941 1116; x_wconf 82' lang='lat' dir='ltr'>perfundi</span> <span class='ocrx_word' id='word_1_101' title='bbox 968 1059 1217 1115; x_wconf 90' lang='lat' dir='ltr'>corpore</span> <span class='ocrx_word' id='word_1_102' title='bbox 1251 1049 1371 1099; x_wconf 88' lang='lat' dir='ltr'>toto</span> <span class='ocrx_word' id='word_1_103' title='bbox 1802 1041 1984 1096; x_wconf 86' lang='lat' dir='ltr'>Edere</span> <span class='ocrx_word' id='word_1_104' title='bbox 2007 1043 2312 1108; x_wconf 81' lang='lat' dir='ltr'>terriﬁcas,</span> <span class='ocrx_word' id='word_1_105' title='bbox 2348 1060 2456 1115; x_wconf 90' lang='lat' dir='ltr'>per</span> <span class='ocrx_word' id='word_1_106' title='bbox 2486 1060 2704 1116; x_wconf 83' lang='lat' dir='ltr'>gyrum</span> <span class='ocrx_word' id='word_1_107' title='bbox 2735 1049 2792 1100; x_wconf 91' lang='lat' dir='ltr'>et</span> <span class='ocrx_word' id='word_1_108' title='bbox 2821 1059 3055 1101; x_wconf 89' lang='lat' dir='ltr'>currere</span> <span class='ocrx_word' id='word_1_109' title='bbox 3083 1045 3308 1117; x_wconf 86' lang='lat' dir='ltr'>templi.</span> 
     </span>
    </p>
   </div>
   <div class='ocr_carea' id='block_1_11' title="bbox 24 1131 3144 1206">
    <p class='ocr_par' dir='ltr' id='par_1_11' title="bbox 24 1131 3144 1206">
     <span class='ocr_line' id='line_1_11' title="bbox 24 1131 3144 1206; baseline 0 -17"><span class='ocrx_word' id='word_1_110' title='bbox 24 1138 239 1200; x_wconf 85' lang='lat' dir='ltr'>Semet,</span> <span class='ocrx_word' id='word_1_111' title='bbox 271 1139 326 1188; x_wconf 90' lang='lat' dir='ltr'>et</span> <span class='ocrx_word' id='word_1_112' title='bbox 353 1133 649 1188; x_wconf 84' lang='lat' dir='ltr'>exclamat</span> <span class='ocrx_word' id='word_1_113' title='bbox 675 1133 820 1204; x_wconf 89' lang='lat' dir='ltr'>quia</span> <span class='ocrx_word' id='word_1_114' title='bbox 850 1131 931 1186; x_wconf 91' lang='lat' dir='ltr'>nil</span> <span class='ocrx_word' id='word_1_115' title='bbox 959 1134 1201 1201; x_wconf 77' lang='lat' dir='ltr'>angoris</span> <span class='ocrx_word' id='word_1_116' title='bbox 1234 1132 1514 1189; x_wconf 82' lang='lat' dir='ltr'>habebat.</span> <span class='ocrx_word' id='word_1_117' title='bbox 1801 1131 2004 1188; x_wconf 75' lang='lat' dir='ltr'>Nullus</span> <span class='ocrx_word' id='word_1_118' title='bbox 2035 1138 2091 1188; x_wconf 92' lang='lat' dir='ltr'>et</span> <span class='ocrx_word' id='word_1_119' title='bbox 2119 1149 2154 1187; x_wconf 87' lang='lat' dir='ltr'>a</span> <span class='ocrx_word' id='word_1_120' title='bbox 2187 1139 2414 1204; x_wconf 88' lang='lat' dir='ltr'>quanto</span> <span class='ocrx_word' id='word_1_121' title='bbox 2443 1135 2611 1190; x_wconf 90' lang='lat' dir='ltr'>fuerit</span> <span class='ocrx_word' id='word_1_122' title='bbox 2643 1139 2874 1191; x_wconf 83' lang='lat' dir='ltr'>servata</span> <span class='ocrx_word' id='word_1_123' title='bbox 2904 1135 3144 1206; x_wconf 90' lang='lat' dir='ltr'>periclo.</span> 
     </span>
    </p>
   </div>
   <div class='ocr_carea' id='block_1_12' title="bbox 25 1221 3282 1297">
    <p class='ocr_par' dir='ltr' id='par_1_12' title="bbox 25 1221 3282 1297">
     <span class='ocr_line' id='line_1_12' title="bbox 25 1221 3282 1297; baseline 0.001 -19"><span class='ocrx_word' id='word_1_124' title='bbox 25 1229 98 1278; x_wconf 63' lang='lat' dir='ltr'>lix</span> <span class='ocrx_word' id='word_1_125' title='bbox 126 1225 241 1278; x_wconf 91' lang='lat' dir='ltr'>hoc</span> <span class='ocrx_word' id='word_1_126' title='bbox 272 1239 382 1278; x_wconf 91' lang='lat' dir='ltr'>nos</span> <span class='ocrx_word' id='word_1_127' title='bbox 411 1223 591 1278; x_wconf 90' lang='lat' dir='ltr'>etiam</span> <span class='ocrx_word' id='word_1_128' title='bbox 621 1227 912 1293; x_wconf 89' lang='lat' dir='ltr'>tanquam</span> <span class='ocrx_word' id='word_1_129' title='bbox 942 1221 1016 1277; x_wconf 91' lang='lat' dir='ltr'>de</span> <span class='ocrx_word' id='word_1_130' title='bbox 1042 1227 1230 1277; x_wconf 89' lang='lat' dir='ltr'>morte</span> <span class='ocrx_word' id='word_1_131' title='bbox 1262 1222 1507 1278; x_wconf 89' lang='lat' dir='ltr'>reducto</span> <span class='ocrx_word' id='word_1_132' title='bbox 1800 1222 2133 1290; x_wconf 81' lang='lat' dir='ltr'>Cognoscet</span> <span class='ocrx_word' id='word_1_133' title='bbox 2163 1223 2419 1294; x_wconf 88' lang='lat' dir='ltr'>penitus,</span> <span class='ocrx_word' id='word_1_134' title='bbox 2453 1225 2563 1279; x_wconf 87' lang='lat' dir='ltr'>nisi</span> <span class='ocrx_word' id='word_1_135' title='bbox 2594 1225 2698 1296; x_wconf 88' lang='lat' dir='ltr'>qui</span> <span class='ocrx_word' id='word_1_136' title='bbox 2728 1225 2860 1282; x_wconf 90' lang='lat' dir='ltr'>loca</span> <span class='ocrx_word' id='word_1_137' title='bbox 2891 1225 3101 1281; x_wconf 85' lang='lat' dir='ltr'>viderit</span> <span class='ocrx_word' id='word_1_138' title='bbox 3130 1225 3282 1297; x_wconf 86' lang='lat' dir='ltr'>ipsa.</span> 
     </span>
    </p>
   </div>
   <div class='ocr_carea' id='block_1_13' title="bbox 25 1310 3111 1384">
    <p class='ocr_par' dir='ltr' id='par_1_13' title="bbox 25 1310 3111 1384">
     <span class='ocr_line' id='line_1_13' title="bbox 25 1310 3111 1384; baseline 0.002 -19"><span class='ocrx_word' id='word_1_139' title='bbox 25 1316 338 1374; x_wconf 65' lang='lat' dir='ltr'>Laetamur,</span> <span class='ocrx_word' id='word_1_140' title='bbox 369 1311 623 1366; x_wconf 86' lang='lat' dir='ltr'>Domino</span> <span class='ocrx_word' id='word_1_141' title='bbox 654 1310 941 1382; x_wconf 85' lang='lat' dir='ltr'>porrectis</span> <span class='ocrx_word' id='word_1_142' title='bbox 965 1310 1249 1364; x_wconf 79' lang='lat' dir='ltr'>laudibus</span> <span class='ocrx_word' id='word_1_143' title='bbox 1284 1310 1422 1364; x_wconf 87' lang='lat' dir='ltr'>alto.</span> <span class='ocrx_word' id='word_1_144' title='bbox 1800 1314 1915 1366; x_wconf 79' lang='lat' dir='ltr'>Nos</span> <span class='ocrx_word' id='word_1_145' title='bbox 1947 1328 2086 1366; x_wconf 90' lang='lat' dir='ltr'>vero</span> <span class='ocrx_word' id='word_1_146' title='bbox 2119 1313 2340 1384; x_wconf 87' lang='lat' dir='ltr'>stupidi</span> <span class='ocrx_word' id='word_1_147' title='bbox 2370 1320 2426 1368; x_wconf 90' lang='lat' dir='ltr'>et</span> <span class='ocrx_word' id='word_1_148' title='bbox 2456 1314 2771 1371; x_wconf 80' lang='lat' dir='ltr'>formidine</span> <span class='ocrx_word' id='word_1_149' title='bbox 2802 1314 3111 1371; x_wconf 84' lang='lat' dir='ltr'>sollicitati.</span> 
     </span>
    </p>
   </div>
   <div class='ocr_carea' id='block_1_14' title="bbox 163 1386 2997 1475">
    <p class='ocr_par' dir='ltr' id='par_1_14' title="bbox 163 1386 2997 1475">
     <span class='ocr_line' id='line_1_14' title="bbox 163 1386 2997 1475; baseline 0 -17"><span class='ocrx_word' id='word_1_150' title='bbox 163 1405 252 1458; x_wconf 91' lang='lat' dir='ltr'>IV.</span> <span class='ocrx_word' id='word_1_151' title='bbox 285 1404 370 1455; x_wconf 77' lang='lat' dir='ltr'>De</span> <span class='ocrx_word' id='word_1_152' title='bbox 399 1401 576 1469; x_wconf 81' lang='lat' dir='ltr'>fabro</span> <span class='ocrx_word' id='word_1_153' title='bbox 605 1401 811 1469; x_wconf 78' lang='lat' dir='ltr'>templi</span> <span class='ocrx_word' id='word_1_154' title='bbox 821 1386 987 1454; x_wconf 39' lang='lat' dir='ltr'>‘tecto</span> <span class='ocrx_word' id='word_1_155' title='bbox 1019 1401 1124 1470; x_wconf 78' lang='lat' dir='ltr'>qui</span> <span class='ocrx_word' id='word_1_156' title='bbox 1143 1401 1369 1456; x_wconf 79' lang='lat' dir='ltr'>corruit</span> <span class='ocrx_word' id='word_1_157' title='bbox 1398 1401 1542 1456; x_wconf 84' lang='lat' dir='ltr'>alto.</span> <span class='ocrx_word' id='word_1_158' title='bbox 1801 1400 1990 1470; x_wconf 87' lang='lat' dir='ltr'>Ipsius</span> <span class='ocrx_word' id='word_1_159' title='bbox 2023 1417 2164 1455; x_wconf 90' lang='lat' dir='ltr'>casu</span> <span class='ocrx_word' id='word_1_160' title='bbox 2193 1418 2264 1456; x_wconf 89' lang='lat' dir='ltr'>ne</span> <span class='ocrx_word' id='word_1_161' title='bbox 2301 1402 2590 1474; x_wconf 89' lang='lat' dir='ltr'>templum</span> <span class='ocrx_word' id='word_1_162' title='bbox 2615 1403 2997 1475; x_wconf 87' lang='lat' dir='ltr'>pollueretur.</span> 
     </span>
    </p>
   </div>
   <div class='ocr_carea' id='block_1_15' title="bbox 24 1489 3464 1567">
    <p class='ocr_par' dir='ltr' id='par_1_15' title="bbox 24 1489 3464 1567">
     <span class='ocr_line' id='line_1_15' title="bbox 24 1489 3464 1567; baseline 0.001 -21"><span class='ocrx_word' id='word_1_163' title='bbox 24 1491 358 1557; x_wconf 74' lang='lat' dir='ltr'>Ingelvinus</span> <span class='ocrx_word' id='word_1_164' title='bbox 384 1496 510 1544; x_wconf 87' lang='lat' dir='ltr'>erat</span> <span class='ocrx_word' id='word_1_165' title='bbox 538 1489 840 1557; x_wconf 78' lang='lat' dir='ltr'>lignorum</span> <span class='ocrx_word' id='word_1_166' title='bbox 872 1505 1064 1544; x_wconf 68' lang='lat' dir='ltr'>cwsor</span> <span class='ocrx_word' id='word_1_167' title='bbox 1091 1489 1254 1559; x_wconf 86' lang='lat' dir='ltr'>apud</span> <span class='ocrx_word' id='word_1_168' title='bbox 1287 1506 1418 1544; x_wconf 86' lang='lat' dir='ltr'>nos.</span> <span class='ocrx_word' id='word_1_169' title='bbox 1801 1489 1912 1543; x_wconf 86' lang='lat' dir='ltr'>Sed</span> <span class='ocrx_word' id='word_1_170' title='bbox 1940 1490 2215 1545; x_wconf 85' lang='lat' dir='ltr'>nundum</span> <span class='ocrx_word' id='word_1_171' title='bbox 2249 1491 2438 1546; x_wconf 88' lang='lat' dir='ltr'>fuerat</span> <span class='ocrx_word' id='word_1_172' title='bbox 2468 1493 2610 1564; x_wconf 89' lang='lat' dir='ltr'>quia</span> <span class='ocrx_word' id='word_1_173' title='bbox 2640 1498 2876 1565; x_wconf 89' lang='lat' dir='ltr'>tempus</span> <span class='ocrx_word' id='word_1_174' title='bbox 2916 1499 2971 1548; x_wconf 90' lang='lat' dir='ltr'>et</span> <span class='ocrx_word' id='word_1_175' title='bbox 2998 1495 3147 1551; x_wconf 90' lang='lat' dir='ltr'>hora</span> <span class='ocrx_word' id='word_1_176' title='bbox 3175 1494 3464 1567; x_wconf 88' lang='lat' dir='ltr'>loquendi</span> 
     </span>
    </p>
   </div>
   <div class='ocr_carea' id='block_1_16' title="bbox 23 1577 2912 1652">
    <p class='ocr_par' dir='ltr' id='par_1_16' title="bbox 23 1577 2912 1652">
     <span class='ocr_line' id='line_1_16' title="bbox 23 1577 2912 1652; baseline 0.001 -18"><span class='ocrx_word' id='word_1_177' title='bbox 23 1580 130 1644; x_wconf 86' lang='lat' dir='ltr'>Qui</span> <span class='ocrx_word' id='word_1_178' title='bbox 165 1579 368 1650; x_wconf 88' lang='lat' dir='ltr'>templi</span> <span class='ocrx_word' id='word_1_179' title='bbox 405 1578 612 1633; x_wconf 88' lang='lat' dir='ltr'>solitus</span> <span class='ocrx_word' id='word_1_180' title='bbox 644 1577 861 1633; x_wconf 89' lang='lat' dir='ltr'>sarcire</span> <span class='ocrx_word' id='word_1_181' title='bbox 891 1577 1125 1632; x_wconf 87' lang='lat' dir='ltr'>ruentia</span> <span class='ocrx_word' id='word_1_182' title='bbox 1159 1584 1330 1647; x_wconf 88' lang='lat' dir='ltr'>tecta,</span> <span class='ocrx_word' id='word_1_183' title='bbox 1800 1580 2026 1634; x_wconf 78' lang='lat' dir='ltr'>Astanti</span> <span class='ocrx_word' id='word_1_184' title='bbox 2059 1580 2246 1634; x_wconf 72' lang='lat' dir='ltr'>turbze</span> <span class='ocrx_word' id='word_1_185' title='bbox 2280 1582 2546 1637; x_wconf 85' lang='lat' dir='ltr'>certatim</span> <span class='ocrx_word' id='word_1_186' title='bbox 2577 1582 2912 1652; x_wconf 84' lang='lat' dir='ltr'>significare</span> 
     </span>
    </p>
   </div>
   <div class='ocr_carea' id='block_1_17' title="bbox 24 1667 3459 1746">
    <p class='ocr_par' dir='ltr' id='par_1_17' title="bbox 24 1667 3459 1746">
     <span class='ocr_line' id='line_1_17' title="bbox 24 1667 3459 1746; baseline 0.002 -24"><span class='ocrx_word' id='word_1_187' title='bbox 24 1670 227 1724; x_wconf 80' lang='lat' dir='ltr'>Ardua</span> <span class='ocrx_word' id='word_1_188' title='bbox 257 1684 630 1740; x_wconf 69' lang='lat' dir='ltr'>praesumens</span> <span class='ocrx_word' id='word_1_189' title='bbox 655 1668 835 1722; x_wconf 88' lang='lat' dir='ltr'>etiam</span> <span class='ocrx_word' id='word_1_190' title='bbox 868 1667 1271 1722; x_wconf 78' lang='lat' dir='ltr'>conscendere</span> <span class='ocrx_word' id='word_1_191' title='bbox 1307 1668 1497 1739; x_wconf 88' lang='lat' dir='ltr'>plura.</span> <span class='ocrx_word' id='word_1_192' title='bbox 1800 1670 2120 1740; x_wconf 60' lang='lat' dir='ltr'>(lthimus,</span> <span class='ocrx_word' id='word_1_193' title='bbox 2149 1671 2495 1732; x_wconf 85' lang='lat' dir='ltr'>ascendant,</span> <span class='ocrx_word' id='word_1_194' title='bbox 2528 1674 2783 1743; x_wconf 81' lang='lat' dir='ltr'>rapiant,</span> <span class='ocrx_word' id='word_1_195' title='bbox 2804 1689 3127 1746; x_wconf 88' lang='lat' dir='ltr'>secumque</span> <span class='ocrx_word' id='word_1_196' title='bbox 3149 1674 3459 1732; x_wconf 85' lang='lat' dir='ltr'>reducant.</span> 
     </span>
    </p>
   </div>
   <div class='ocr_carea' id='block_1_18' title="bbox 25 1756 3351 1834">
    <p class='ocr_par' dir='ltr' id='par_1_18' title="bbox 25 1756 3351 1834">
     <span class='ocr_line' id='line_1_18' title="bbox 25 1756 3351 1834; baseline 0.002 -22"><span class='ocrx_word' id='word_1_197' title='bbox 25 1759 120 1813; x_wconf 88' lang='lat' dir='ltr'>Hic</span> <span class='ocrx_word' id='word_1_198' title='bbox 149 1758 388 1812; x_wconf 79' lang='lat' dir='ltr'>Paschae</span> <span class='ocrx_word' id='word_1_199' title='bbox 417 1757 476 1811; x_wconf 94' lang='lat' dir='ltr'>in</span> <span class='ocrx_word' id='word_1_200' title='bbox 511 1756 665 1812; x_wconf 88' lang='lat' dir='ltr'>feriis</span> <span class='ocrx_word' id='word_1_201' title='bbox 700 1757 900 1828; x_wconf 88' lang='lat' dir='ltr'>templi</span> <span class='ocrx_word' id='word_1_202' title='bbox 932 1773 1265 1827; x_wconf 89' lang='lat' dir='ltr'>campanar</span> <span class='ocrx_word' id='word_1_203' title='bbox 1294 1757 1478 1813; x_wconf 79' lang='lat' dir='ltr'>adivit</span> <span class='ocrx_word' id='word_1_204' title='bbox 1723 1772 1766 1825; x_wconf 79' lang='grc' dir='ltr'><strong><em>Β</em></strong></span> <span class='ocrx_word' id='word_1_205' title='bbox 1798 1764 1981 1815; x_wconf 81' lang='lat' dir='ltr'>Nemo</span> <span class='ocrx_word' id='word_1_206' title='bbox 2014 1759 2119 1814; x_wconf 89' lang='lat' dir='ltr'>sed</span> <span class='ocrx_word' id='word_1_207' title='bbox 2146 1760 2421 1815; x_wconf 86' lang='lat' dir='ltr'>insanam</span> <span class='ocrx_word' id='word_1_208' title='bbox 2453 1761 2840 1834; x_wconf 65' lang='lat' dir='ltr'>praesumpsit</span> <span class='ocrx_word' id='word_1_209' title='bbox 2872 1766 3110 1833; x_wconf 80' lang='lat' dir='ltr'>tangere</span> <span class='ocrx_word' id='word_1_210' title='bbox 3143 1780 3351 1820; x_wconf 87' lang='lat' dir='ltr'>sanus.</span> 
     </span>
    </p>
   </div>
   <div class='ocr_carea' id='block_1_19' title="bbox 24 1847 3324 1924">
    <p class='ocr_par' dir='ltr' id='par_1_19' title="bbox 24 1847 3324 1924">
     <span class='ocr_line' id='line_1_19' title="bbox 24 1847 3324 1924; baseline 0.002 -21"><span class='ocrx_word' id='word_1_211' title='bbox 24 1848 183 1917; x_wconf 77' lang='lat' dir='ltr'>Signi</span> <span class='ocrx_word' id='word_1_212' title='bbox 209 1847 547 1918; x_wconf 86' lang='lat' dir='ltr'>disruptum</span> <span class='ocrx_word' id='word_1_213' title='bbox 579 1847 783 1900; x_wconf 85' lang='lat' dir='ltr'>funem</span> <span class='ocrx_word' id='word_1_214' title='bbox 815 1847 1062 1913; x_wconf 80' lang='lat' dir='ltr'>religare</span> <span class='ocrx_word' id='word_1_215' title='bbox 1096 1852 1340 1914; x_wconf 80' lang='lat' dir='ltr'>rogatus</span> <span class='ocrx_word' id='word_1_216' title='bbox 1797 1857 2015 1924; x_wconf 85' lang='lat' dir='ltr'>Sponte</span> <span class='ocrx_word' id='word_1_217' title='bbox 2041 1868 2150 1904; x_wconf 87' lang='lat' dir='ltr'>sua</span> <span class='ocrx_word' id='word_1_218' title='bbox 2174 1851 2416 1905; x_wconf 81' lang='lat' dir='ltr'>tandem</span> <span class='ocrx_word' id='word_1_219' title='bbox 2450 1867 2688 1920; x_wconf 81' lang='lat' dir='ltr'>gressus</span> <span class='ocrx_word' id='word_1_220' title='bbox 2718 1849 2890 1907; x_wconf 83' lang='lat' dir='ltr'>rediit</span> <span class='ocrx_word' id='word_1_221' title='bbox 2919 1867 3025 1924; x_wconf 89' lang='lat' dir='ltr'>per</span> <span class='ocrx_word' id='word_1_222' title='bbox 3055 1854 3324 1910; x_wconf 87' lang='lat' dir='ltr'>eosdem.</span> 
     </span>
    </p>
   </div>
   <div class='ocr_carea' id='block_1_20' title="bbox 24 1935 3458 2014">
    <p class='ocr_par' dir='ltr' id='par_1_20' title="bbox 24 1935 3458 2014">
     <span class='ocr_line' id='line_1_20' title="bbox 24 1935 3458 2014; baseline 0.002 -23"><span class='ocrx_word' id='word_1_223' title='bbox 24 1938 292 2005; x_wconf 76' lang='lat' dir='ltr'>Injuncto</span> <span class='ocrx_word' id='word_1_224' title='bbox 318 1935 514 1990; x_wconf 74' lang='lat' dir='ltr'>officio</span> <span class='ocrx_word' id='word_1_225' title='bbox 546 1935 780 1989; x_wconf 87' lang='lat' dir='ltr'>sibimet</span> <span class='ocrx_word' id='word_1_226' title='bbox 813 1935 917 1989; x_wconf 90' lang='lat' dir='ltr'>sed</span> <span class='ocrx_word' id='word_1_227' title='bbox 949 1936 1053 1990; x_wconf 86' lang='lat' dir='ltr'>rite</span> <span class='ocrx_word' id='word_1_228' title='bbox 1086 1941 1328 2006; x_wconf 87' lang='lat' dir='ltr'>peracto</span> <span class='ocrx_word' id='word_1_229' title='bbox 1796 1944 1880 1996; x_wconf 89' lang='lat' dir='ltr'>Vl.</span> <span class='ocrx_word' id='word_1_230' title='bbox 1913 1944 2000 1996; x_wconf 81' lang='lat' dir='ltr'>De</span> <span class='ocrx_word' id='word_1_231' title='bbox 2029 1941 2225 1995; x_wconf 74' lang='lat' dir='ltr'>sancti</span> <span class='ocrx_word' id='word_1_232' title='bbox 2247 1942 2500 2010; x_wconf 75' lang='lat' dir='ltr'>famulis</span> <span class='ocrx_word' id='word_1_233' title='bbox 2532 1957 2567 1997; x_wconf 90' lang='lat' dir='ltr'>a</span> <span class='ocrx_word' id='word_1_234' title='bbox 2613 1943 2827 1997; x_wconf 80' lang='lat' dir='ltr'>vinclis</span> <span class='ocrx_word' id='word_1_235' title='bbox 2856 1948 3064 2012; x_wconf 80' lang='lat' dir='ltr'>sponte</span> <span class='ocrx_word' id='word_1_236' title='bbox 3087 1944 3294 1998; x_wconf 81' lang='lat' dir='ltr'>solutis</span> <span class='ocrx_word' id='word_1_237' title='bbox 3330 1944 3458 2014; x_wconf 77' lang='lat'>(25).</span> 
     </span>
    </p>
   </div>
   <div class='ocr_carea' id='block_1_21' title="bbox 23 2025 3360 2103">
    <p class='ocr_par' dir='ltr' id='par_1_21' title="bbox 23 2025 3360 2103">
     <span class='ocr_line' id='line_1_21' title="bbox 23 2025 3360 2103; baseline 0.002 -23"><span class='ocrx_word' id='word_1_238' title='bbox 23 2030 281 2081; x_wconf 67' lang='lat' dir='ltr'>(tornatur</span> <span class='ocrx_word' id='word_1_239' title='bbox 307 2028 438 2080; x_wconf 89' lang='lat' dir='ltr'>tecti</span> <span class='ocrx_word' id='word_1_240' title='bbox 469 2025 781 2096; x_wconf 87' lang='lat' dir='ltr'>quoddam</span> <span class='ocrx_word' id='word_1_241' title='bbox 811 2025 1093 2080; x_wconf 82' lang='lat' dir='ltr'>obturare</span> <span class='ocrx_word' id='word_1_242' title='bbox 1125 2026 1418 2080; x_wconf 87' lang='lat' dir='ltr'>foramen.</span> <span class='ocrx_word' id='word_1_243' title='bbox 1893 2034 2004 2085; x_wconf 90' lang='lat' dir='ltr'>VII.</span> <span class='ocrx_word' id='word_1_244' title='bbox 2033 2031 2079 2084; x_wconf 87' lang='lat' dir='ltr'><strong><em>A</em></strong></span> <span class='ocrx_word' id='word_1_245' title='bbox 2116 2037 2321 2085; x_wconf 87' lang='lat' dir='ltr'>sancto</span> <span class='ocrx_word' id='word_1_246' title='bbox 2347 2031 2548 2099; x_wconf 78' lang='lat' dir='ltr'>frater</span> <span class='ocrx_word' id='word_1_247' title='bbox 2577 2039 2834 2086; x_wconf 83' lang='lat' dir='ltr'>sanatur</span> <span class='ocrx_word' id='word_1_248' title='bbox 2859 2034 3060 2101; x_wconf 80' lang='lat' dir='ltr'>fratre</span> <span class='ocrx_word' id='word_1_249' title='bbox 3091 2040 3360 2103; x_wconf 81' lang='lat' dir='ltr'>rogante.</span> 
     </span>
    </p>
   </div>
   <div class='ocr_carea' id='block_1_22' title="bbox 25 2115 3458 2188">
    <p class='ocr_par' dir='ltr' id='par_1_22' title="bbox 25 2115 3458 2188">
     <span class='ocr_line' id='line_1_22' title="bbox 25 2115 3458 2188; baseline 0.001 -16"><span class='ocrx_word' id='word_1_250' title='bbox 25 2117 134 2172; x_wconf 82' lang='lat' dir='ltr'>Sed</span> <span class='ocrx_word' id='word_1_251' title='bbox 166 2115 451 2188; x_wconf 89' lang='lat' dir='ltr'>deceptus</span> <span class='ocrx_word' id='word_1_252' title='bbox 482 2131 585 2187; x_wconf 89' lang='lat' dir='ltr'>spe</span> <span class='ocrx_word' id='word_1_253' title='bbox 609 2131 732 2186; x_wconf 89' lang='lat' dir='ltr'>qua</span> <span class='ocrx_word' id='word_1_254' title='bbox 763 2132 824 2170; x_wconf 91' lang='lat' dir='ltr'>se</span> <span class='ocrx_word' id='word_1_255' title='bbox 845 2115 998 2169; x_wconf 88' lang='lat' dir='ltr'>bene</span> <span class='ocrx_word' id='word_1_256' title='bbox 1027 2132 1207 2186; x_wconf 82' lang='lat' dir='ltr'>posse</span> <span class='ocrx_word' id='word_1_257' title='bbox 1238 2120 1433 2171; x_wconf 84' lang='lat' dir='ltr'>tenere</span> <span class='ocrx_word' id='word_1_258' title='bbox 1797 2121 1931 2175; x_wconf 85' lang='lat' dir='ltr'>VIII.</span> <span class='ocrx_word' id='word_1_259' title='bbox 1961 2120 2130 2186; x_wconf 84' lang='lat' dir='ltr'>Quod</span> <span class='ocrx_word' id='word_1_260' title='bbox 2171 2121 2368 2174; x_wconf 82' lang='lat' dir='ltr'>sancti</span> <span class='ocrx_word' id='word_1_261' title='bbox 2408 2121 2468 2175; x_wconf 81' lang='lat' dir='ltr'>in</span> <span class='ocrx_word' id='word_1_262' title='bbox 2501 2121 2654 2188; x_wconf 86' lang='lat' dir='ltr'>festo</span> <span class='ocrx_word' id='word_1_263' title='bbox 2680 2121 2909 2188; x_wconf 70' lang='lat' dir='ltr'>pluvia?</span> <span class='ocrx_word' id='word_1_264' title='bbox 2933 2124 3247 2176; x_wconf 76' lang='lat' dir='ltr'>cessaverit</span> <span class='ocrx_word' id='word_1_265' title='bbox 3277 2120 3458 2176; x_wconf 86' lang='lat' dir='ltr'>unda.</span> 
     </span>
    </p>
   </div>
   <div class='ocr_carea' id='block_1_23' title="bbox 24 2204 3460 2280">
    <p class='ocr_par' dir='ltr' id='par_1_23' title="bbox 24 2204 3460 2280">
     <span class='ocr_line' id='line_1_23' title="bbox 24 2204 3460 2280; baseline 0.002 -21"><span class='ocrx_word' id='word_1_266' title='bbox 24 2205 299 2271; x_wconf 69' lang='lat' dir='ltr'>Credidit,</span> <span class='ocrx_word' id='word_1_267' title='bbox 333 2219 369 2260; x_wconf 88' lang='lat' dir='ltr'>a</span> <span class='ocrx_word' id='word_1_268' title='bbox 395 2205 552 2259; x_wconf 86' lang='lat' dir='ltr'>celso</span> <span class='ocrx_word' id='word_1_269' title='bbox 577 2204 846 2276; x_wconf 85' lang='lat' dir='ltr'>dilapsus</span> <span class='ocrx_word' id='word_1_270' title='bbox 877 2205 1135 2260; x_wconf 88' lang='lat' dir='ltr'>culmine</span> <span class='ocrx_word' id='word_1_271' title='bbox 1164 2205 1366 2276; x_wconf 90' lang='lat' dir='ltr'>templi</span> <span class='ocrx_word' id='word_1_272' title='bbox 1797 2213 1877 2264; x_wconf 66' lang='lat' dir='ltr'>IX.</span> <span class='ocrx_word' id='word_1_273' title='bbox 1913 2210 2235 2264; x_wconf 71' lang='lat' dir='ltr'>Prmdones</span> <span class='ocrx_word' id='word_1_274' title='bbox 2266 2211 2462 2263; x_wconf 79' lang='lat' dir='ltr'>sancti</span> <span class='ocrx_word' id='word_1_275' title='bbox 2503 2215 2801 2279; x_wconf 79' lang='lat' dir='ltr'>nequeunt</span> <span class='ocrx_word' id='word_1_276' title='bbox 2844 2210 3167 2265; x_wconf 81' lang='lat' dir='ltr'>accendere</span> <span class='ocrx_word' id='word_1_277' title='bbox 3209 2211 3460 2280; x_wconf 81' lang='lat' dir='ltr'>tignum.</span> 
     </span>
    </p>
   </div>
   <div class='ocr_carea' id='block_1_24' title="bbox 25 2294 3180 2370">
    <p class='ocr_par' dir='ltr' id='par_1_24' title="bbox 25 2294 3180 2370">
     <span class='ocr_line' id='line_1_24' title="bbox 25 2294 3180 2370; baseline 0.001 -22"><span class='ocrx_word' id='word_1_278' title='bbox 25 2294 310 2363; x_wconf 66' lang='lat' dir='ltr'>Concidit,</span> <span class='ocrx_word' id='word_1_279' title='bbox 343 2310 410 2348; x_wconf 88' lang='lat' dir='ltr'>ac</span> <span class='ocrx_word' id='word_1_280' title='bbox 443 2294 678 2366; x_wconf 87' lang='lat' dir='ltr'>penitus</span> <span class='ocrx_word' id='word_1_281' title='bbox 707 2294 1070 2349; x_wconf 89' lang='lat' dir='ltr'>horrendam</span> <span class='ocrx_word' id='word_1_282' title='bbox 1115 2301 1366 2350; x_wconf 89' lang='lat' dir='ltr'>mortem</span> <span class='ocrx_word' id='word_1_283' title='bbox 1418 2296 1681 2365; x_wconf 86' lang='lat' dir='ltr'>obiisset,</span> <span class='ocrx_word' id='word_1_284' title='bbox 1799 2303 1892 2354; x_wconf 85' lang='lat' dir='ltr'>Est</span> <span class='ocrx_word' id='word_1_285' title='bbox 1920 2299 2188 2370; x_wconf 88' lang='lat' dir='ltr'>quodam</span> <span class='ocrx_word' id='word_1_286' title='bbox 2220 2298 2278 2352; x_wconf 92' lang='lat' dir='ltr'>in</span> <span class='ocrx_word' id='word_1_287' title='bbox 2311 2314 2471 2370; x_wconf 79' lang='lat' dir='ltr'>pago</span> <span class='ocrx_word' id='word_1_288' title='bbox 2504 2298 2907 2352; x_wconf 74' lang='lat' dir='ltr'>Ambianense</span> <span class='ocrx_word' id='word_1_289' title='bbox 2937 2304 3180 2354; x_wconf 82' lang='lat' dir='ltr'>vocatus</span> 
     </span>
    </p>
   </div>
   <div class='ocr_carea' id='block_1_25' title="bbox 27 2383 3266 2457">
    <p class='ocr_par' dir='ltr' id='par_1_25' title="bbox 27 2383 3266 2457">
     <span class='ocr_line' id='line_1_25' title="bbox 27 2383 3266 2457; baseline 0.001 -20"><span class='ocrx_word' id='word_1_290' title='bbox 27 2385 262 2440; x_wconf 86' lang='lat' dir='ltr'>Parietis</span> <span class='ocrx_word' id='word_1_291' title='bbox 292 2385 351 2437; x_wconf 92' lang='lat' dir='ltr'>in</span> <span class='ocrx_word' id='word_1_292' title='bbox 383 2389 614 2455; x_wconf 88' lang='lat' dir='ltr'>partem</span> <span class='ocrx_word' id='word_1_293' title='bbox 644 2383 759 2438; x_wconf 90' lang='lat' dir='ltr'>nisi</span> <span class='ocrx_word' id='word_1_294' title='bbox 785 2384 870 2438; x_wconf 84' lang='lat' dir='ltr'>vis</span> <span class='ocrx_word' id='word_1_295' title='bbox 900 2383 1104 2438; x_wconf 79' lang='lat' dir='ltr'>divina</span> <span class='ocrx_word' id='word_1_296' title='bbox 1131 2384 1357 2440; x_wconf 86' lang='lat' dir='ltr'>tulisset</span> <span class='ocrx_word' id='word_1_297' title='bbox 1382 2403 1394 2439; x_wconf 91' lang='lat'>:</span> <span class='ocrx_word' id='word_1_298' title='bbox 1794 2392 1956 2444; x_wconf 88' lang='lat' dir='ltr'>Mons</span> <span class='ocrx_word' id='word_1_299' title='bbox 1990 2386 2270 2441; x_wconf 87' lang='lat' dir='ltr'>Desiderii</span> <span class='ocrx_word' id='word_1_300' title='bbox 2298 2387 2430 2456; x_wconf 61' lang='lat' dir='ltr'>(2th,</span> <span class='ocrx_word' id='word_1_301' title='bbox 2463 2387 2628 2440; x_wconf 84' lang='lat' dir='ltr'>vicus</span> <span class='ocrx_word' id='word_1_302' title='bbox 2661 2387 2754 2440; x_wconf 91' lang='lat' dir='ltr'>cui</span> <span class='ocrx_word' id='word_1_303' title='bbox 2783 2387 3053 2457; x_wconf 89' lang='lat' dir='ltr'>subjacet</span> <span class='ocrx_word' id='word_1_304' title='bbox 3084 2402 3266 2453; x_wconf 86' lang='lat' dir='ltr'>unus,</span> 
     </span>
    </p>
   </div>
   <div class='ocr_carea' id='block_1_26' title="bbox 25 2472 3246 2545">
    <p class='ocr_par' dir='ltr' id='par_1_26' title="bbox 25 2472 3246 2545">
     <span class='ocr_line' id='line_1_26' title="bbox 25 2472 3246 2545; baseline 0.002 -22"><span class='ocrx_word' id='word_1_305' title='bbox 25 2474 203 2542; x_wconf 84' lang='lat' dir='ltr'>Cujus</span> <span class='ocrx_word' id='word_1_306' title='bbox 229 2473 482 2544; x_wconf 83' lang='lat' dir='ltr'>porrecti</span> <span class='ocrx_word' id='word_1_307' title='bbox 507 2472 737 2544; x_wconf 87' lang='lat' dir='ltr'>lapides</span> <span class='ocrx_word' id='word_1_308' title='bbox 767 2473 849 2527; x_wconf 91' lang='lat' dir='ltr'>sic</span> <span class='ocrx_word' id='word_1_309' title='bbox 882 2473 1028 2527; x_wconf 87' lang='lat' dir='ltr'>forte</span> <span class='ocrx_word' id='word_1_310' title='bbox 1061 2474 1242 2539; x_wconf 85' lang='lat' dir='ltr'>fuere,</span> <span class='ocrx_word' id='word_1_311' title='bbox 1796 2476 2055 2531; x_wconf 85' lang='lat' dir='ltr'>Ecclesia</span> <span class='ocrx_word' id='word_1_312' title='bbox 2087 2481 2173 2530; x_wconf 87' lang='lat' dir='ltr'>est</span> <span class='ocrx_word' id='word_1_313' title='bbox 2203 2476 2374 2545; x_wconf 89' lang='lat' dir='ltr'>cujus</span> <span class='ocrx_word' id='word_1_314' title='bbox 2407 2479 2593 2529; x_wconf 83' lang='lat' dir='ltr'>sancti</span> <span class='ocrx_word' id='word_1_315' title='bbox 2628 2474 2743 2529; x_wconf 92' lang='lat' dir='ltr'>sub</span> <span class='ocrx_word' id='word_1_316' title='bbox 2770 2475 2997 2530; x_wconf 88' lang='lat' dir='ltr'>honore</span> <span class='ocrx_word' id='word_1_317' title='bbox 3029 2475 3246 2531; x_wconf 88' lang='lat' dir='ltr'>dicata.</span> 
     </span>
    </p>
   </div>
   <div class='ocr_carea' id='block_1_27' title="bbox 29 2562 3408 2636">
    <p class='ocr_par' dir='ltr' id='par_1_27' title="bbox 29 2562 3408 2636">
     <span class='ocr_line' id='line_1_27' title="bbox 29 2562 3408 2636; baseline 0.001 -21"><span class='ocrx_word' id='word_1_318' title='bbox 29 2565 95 2618; x_wconf 87' lang='lat' dir='ltr'>Ut</span> <span class='ocrx_word' id='word_1_319' title='bbox 125 2578 234 2635; x_wconf 90' lang='lat' dir='ltr'>per</span> <span class='ocrx_word' id='word_1_320' title='bbox 258 2562 570 2618; x_wconf 88' lang='lat' dir='ltr'>circuitum</span> <span class='ocrx_word' id='word_1_321' title='bbox 601 2578 811 2634; x_wconf 90' lang='lat' dir='ltr'>posses</span> <span class='ocrx_word' id='word_1_322' title='bbox 834 2564 1110 2618; x_wconf 87' lang='lat' dir='ltr'>incedere</span> <span class='ocrx_word' id='word_1_323' title='bbox 1139 2564 1344 2636; x_wconf 89' lang='lat' dir='ltr'>templi</span> <span class='ocrx_word' id='word_1_324' title='bbox 1795 2569 2009 2622; x_wconf 83' lang='lat' dir='ltr'>Contra</span> <span class='ocrx_word' id='word_1_325' title='bbox 2041 2565 2152 2619; x_wconf 90' lang='lat' dir='ltr'>hoc</span> <span class='ocrx_word' id='word_1_326' title='bbox 2184 2564 2496 2618; x_wconf 85' lang='lat' dir='ltr'>castellum</span> <span class='ocrx_word' id='word_1_327' title='bbox 2527 2563 2751 2618; x_wconf 91' lang='lat' dir='ltr'>bellum</span> <span class='ocrx_word' id='word_1_328' title='bbox 2799 2580 3030 2636; x_wconf 69' lang='lat' dir='ltr'>coepere</span> <span class='ocrx_word' id='word_1_329' title='bbox 3058 2567 3360 2635; x_wconf 82' lang='lat' dir='ltr'>Royenses</span> <span class='ocrx_word' id='word_1_330' title='bbox 3397 2583 3408 2619; x_wconf 92' lang='lat'>:</span> 
     </span>
    </p>
   </div>
   <div class='ocr_carea' id='block_1_28' title="bbox 24 2651 3122 2725">
    <p class='ocr_par' dir='ltr' id='par_1_28' title="bbox 24 2651 3122 2725">
     <span class='ocr_line' id='line_1_28' title="bbox 24 2651 3122 2725; baseline -0 -18"><span class='ocrx_word' id='word_1_331' title='bbox 24 2653 223 2707; x_wconf 85' lang='lat' dir='ltr'>Tutius</span> <span class='ocrx_word' id='word_1_332' title='bbox 253 2658 436 2724; x_wconf 87' lang='lat' dir='ltr'>utque</span> <span class='ocrx_word' id='word_1_333' title='bbox 465 2667 572 2724; x_wconf 90' lang='lat' dir='ltr'>per</span> <span class='ocrx_word' id='word_1_334' title='bbox 600 2654 712 2707; x_wconf 89' lang='lat' dir='ltr'>hos</span> <span class='ocrx_word' id='word_1_335' title='bbox 736 2653 1021 2708; x_wconf 83' lang='lat' dir='ltr'>valuisset</span> <span class='ocrx_word' id='word_1_336' title='bbox 1049 2655 1232 2719; x_wconf 76' lang='lat' dir='ltr'>figere</span> <span class='ocrx_word' id='word_1_337' title='bbox 1261 2669 1518 2725; x_wconf 75' lang='lat' dir='ltr'>gressus,</span> <span class='ocrx_word' id='word_1_338' title='bbox 1793 2653 2064 2709; x_wconf 84' lang='lat' dir='ltr'>Pluribus</span> <span class='ocrx_word' id='word_1_339' title='bbox 2099 2658 2152 2706; x_wconf 92' lang='lat' dir='ltr'>et</span> <span class='ocrx_word' id='word_1_340' title='bbox 2178 2652 2326 2706; x_wconf 88' lang='lat' dir='ltr'>villis</span> <span class='ocrx_word' id='word_1_341' title='bbox 2357 2651 2680 2724; x_wconf 89' lang='lat' dir='ltr'>populatis,</span> <span class='ocrx_word' id='word_1_342' title='bbox 2710 2651 2876 2708; x_wconf 81' lang='lat' dir='ltr'>vicus</span> <span class='ocrx_word' id='word_1_343' title='bbox 2904 2652 3122 2722; x_wconf 87' lang='lat' dir='ltr'>aditur,</span> 
     </span>
    </p>
   </div>
   <div class='ocr_carea' id='block_1_29' title="bbox 27 2740 3148 2816">
    <p class='ocr_par' dir='ltr' id='par_1_29' title="bbox 27 2740 3148 2816">
     <span class='ocr_line' id='line_1_29' title="bbox 27 2740 3148 2816; baseline -0 -20"><span class='ocrx_word' id='word_1_344' title='bbox 27 2745 288 2814; x_wconf 89' lang='lat' dir='ltr'>Desuper</span> <span class='ocrx_word' id='word_1_345' title='bbox 312 2742 662 2811; x_wconf 84' lang='lat' dir='ltr'>adjunctum</span> <span class='ocrx_word' id='word_1_346' title='bbox 696 2743 1028 2798; x_wconf 90' lang='lat' dir='ltr'>munimem</span> <span class='ocrx_word' id='word_1_347' title='bbox 1047 2749 1171 2798; x_wconf 88' lang='lat' dir='ltr'>erat</span> <span class='ocrx_word' id='word_1_348' title='bbox 1196 2744 1538 2816; x_wconf 81' lang='lat' dir='ltr'>podiorum.</span> <span class='ocrx_word' id='word_1_349' title='bbox 1570 2752 1678 2803; x_wconf 88' lang='lat' dir='ltr'>etc.</span> <span class='ocrx_word' id='word_1_350' title='bbox 1795 2743 1916 2806; x_wconf 89' lang='lat' dir='ltr'>Cui,</span> <span class='ocrx_word' id='word_1_351' title='bbox 1949 2743 2097 2796; x_wconf 83' lang='lat' dir='ltr'>sicut</span> <span class='ocrx_word' id='word_1_352' title='bbox 2125 2740 2266 2806; x_wconf 81' lang='lat' dir='ltr'>dixi,</span> <span class='ocrx_word' id='word_1_353' title='bbox 2302 2740 2592 2814; x_wconf 87' lang='lat' dir='ltr'>templum</span> <span class='ocrx_word' id='word_1_354' title='bbox 2624 2740 2810 2795; x_wconf 89' lang='lat' dir='ltr'>sancti</span> <span class='ocrx_word' id='word_1_355' title='bbox 2840 2740 3148 2796; x_wconf 89' lang='lat' dir='ltr'>retinebat.</span> 
     </span>
    </p>
   </div>
   <div class='ocr_carea' id='block_1_30' title="bbox 27 2830 3227 2902">
    <p class='ocr_par' dir='ltr' id='par_1_30' title="bbox 27 2830 3227 2902">
     <span class='ocr_line' id='line_1_30' title="bbox 27 2830 3227 2902; baseline 0 -19"><span class='ocrx_word' id='word_1_356' title='bbox 27 2834 84 2884; x_wconf 85' lang='lat' dir='ltr'>V.</span> <span class='ocrx_word' id='word_1_357' title='bbox 120 2832 290 2897; x_wconf 82' lang='lat' dir='ltr'>Quod</span> <span class='ocrx_word' id='word_1_358' title='bbox 326 2833 479 2886; x_wconf 72' lang='lat' dir='ltr'>vixit</span> <span class='ocrx_word' id='word_1_359' title='bbox 529 2832 811 2899; x_wconf 79' lang='lat' dir='ltr'>templum</span> <span class='ocrx_word' id='word_1_360' title='bbox 859 2831 1151 2886; x_wconf 82' lang='lat' dir='ltr'>scandens</span> <span class='ocrx_word' id='word_1_361' title='bbox 1191 2833 1405 2886; x_wconf 77' lang='lat' dir='ltr'>insana</span> <span class='ocrx_word' id='word_1_362' title='bbox 1451 2834 1678 2900; x_wconf 85' lang='lat' dir='ltr'>puella.</span> <span class='ocrx_word' id='word_1_363' title='bbox 1797 2835 1957 2887; x_wconf 81' lang='lat' dir='ltr'>Hunc</span> <span class='ocrx_word' id='word_1_364' title='bbox 1987 2831 2138 2886; x_wconf 88' lang='lat' dir='ltr'>furia</span> <span class='ocrx_word' id='word_1_365' title='bbox 2168 2832 2401 2885; x_wconf 89' lang='lat' dir='ltr'>accensi</span> <span class='ocrx_word' id='word_1_366' title='bbox 2432 2830 2748 2902; x_wconf 71' lang='lat' dir='ltr'>praadones</span> <span class='ocrx_word' id='word_1_367' title='bbox 2777 2831 3227 2900; x_wconf 79' lang='lat' dir='ltr'>aggrediuntur,</span> 
     </span>
    </p>
   </div>
   <div class='ocr_carea' id='block_1_31' title="bbox 27 2919 3129 2992">
    <p class='ocr_par' dir='ltr' id='par_1_31' title="bbox 27 2919 3129 2992">
     <span class='ocr_line' id='line_1_31' title="bbox 27 2919 3129 2992; baseline 0 -20"><span class='ocrx_word' id='word_1_368' title='bbox 27 2919 205 2973; x_wconf 77' lang='lat' dir='ltr'>Unius</span> <span class='ocrx_word' id='word_1_369' title='bbox 231 2919 289 2973; x_wconf 92' lang='lat' dir='ltr'>in</span> <span class='ocrx_word' id='word_1_370' title='bbox 319 2919 547 2974; x_wconf 89' lang='lat' dir='ltr'>rabiem</span> <span class='ocrx_word' id='word_1_371' title='bbox 576 2919 766 2974; x_wconf 88' lang='lat' dir='ltr'>fuerat</span> <span class='ocrx_word' id='word_1_372' title='bbox 794 2936 964 2974; x_wconf 89' lang='lat' dir='ltr'>mens</span> <span class='ocrx_word' id='word_1_373' title='bbox 994 2935 1167 2974; x_wconf 83' lang='lat' dir='ltr'>versa</span> <span class='ocrx_word' id='word_1_374' title='bbox 1197 2921 1430 2991; x_wconf 74' lang='lat' dir='ltr'>puellas,</span> <span class='ocrx_word' id='word_1_375' title='bbox 1794 2926 1919 2977; x_wconf 70' lang='lat' dir='ltr'>Non</span> <span class='ocrx_word' id='word_1_376' title='bbox 1951 2919 2277 2977; x_wconf 86' lang='lat' dir='ltr'>dubitaturi</span> <span class='ocrx_word' id='word_1_377' title='bbox 2307 2919 2596 2991; x_wconf 89' lang='lat' dir='ltr'>templum</span> <span class='ocrx_word' id='word_1_378' title='bbox 2623 2919 2844 2975; x_wconf 85' lang='lat' dir='ltr'>violare</span> <span class='ocrx_word' id='word_1_379' title='bbox 2875 2919 3129 2992; x_wconf 88' lang='lat' dir='ltr'>profani.</span> 
     </span>
    </p>
   </div>
   <div class='ocr_carea' id='block_1_32' title="bbox 27 3007 3224 3082">
    <p class='ocr_par' dir='ltr' id='par_1_32' title="bbox 27 3007 3224 3082">
     <span class='ocr_line' id='line_1_32' title="bbox 27 3007 3224 3082; baseline -0.001 -19"><span class='ocrx_word' id='word_1_380' title='bbox 27 3011 165 3073; x_wconf 66' lang='lat' dir='ltr'>Quae</span> <span class='ocrx_word' id='word_1_381' title='bbox 196 3023 377 3063; x_wconf 87' lang='lat' dir='ltr'>sensu</span> <span class='ocrx_word' id='word_1_382' title='bbox 404 3024 593 3081; x_wconf 87' lang='lat' dir='ltr'>pravo</span> <span class='ocrx_word' id='word_1_383' title='bbox 625 3009 964 3064; x_wconf 88' lang='lat' dir='ltr'>stimulante</span> <span class='ocrx_word' id='word_1_384' title='bbox 991 3009 1229 3065; x_wconf 87' lang='lat' dir='ltr'>errabat</span> <span class='ocrx_word' id='word_1_385' title='bbox 1259 3011 1502 3082; x_wconf 88' lang='lat' dir='ltr'>ubique,</span> <span class='ocrx_word' id='word_1_386' title='bbox 1795 3014 1956 3065; x_wconf 78' lang='lat' dir='ltr'>Forte</span> <span class='ocrx_word' id='word_1_387' title='bbox 1985 3026 2156 3063; x_wconf 88' lang='lat' dir='ltr'>secus</span> <span class='ocrx_word' id='word_1_388' title='bbox 2189 3007 2391 3081; x_wconf 91' lang='lat' dir='ltr'>templi</span> <span class='ocrx_word' id='word_1_389' title='bbox 2416 3007 2518 3063; x_wconf 88' lang='lat' dir='ltr'>sed</span> <span class='ocrx_word' id='word_1_390' title='bbox 2552 3008 2750 3063; x_wconf 89' lang='lat' dir='ltr'>stabat</span> <span class='ocrx_word' id='word_1_391' title='bbox 2773 3024 2978 3064; x_wconf 90' lang='lat' dir='ltr'>cereus</span> <span class='ocrx_word' id='word_1_392' title='bbox 3005 3023 3174 3063; x_wconf 88' lang='lat' dir='ltr'>aram</span> <span class='ocrx_word' id='word_1_393' title='bbox 3210 3023 3224 3060; x_wconf 89' lang='lat'>:</span> 
     </span>
    </p>
   </div>
   <div class='ocr_carea' id='block_1_33' title="bbox 27 3097 3355 3179">
    <p class='ocr_par' dir='ltr' id='par_1_33' title="bbox 27 3097 3355 3179">
     <span class='ocr_line' id='line_1_33' title="bbox 27 3097 3355 3179; baseline 0 -29"><span class='ocrx_word' id='word_1_394' title='bbox 27 3098 154 3152; x_wconf 73' lang='lat' dir='ltr'>Haec</span> <span class='ocrx_word' id='word_1_395' title='bbox 185 3097 335 3152; x_wconf 78' lang='lat' dir='ltr'>villas</span> <span class='ocrx_word' id='word_1_396' title='bbox 362 3098 546 3153; x_wconf 78' lang='lat' dir='ltr'>triviis</span> <span class='ocrx_word' id='word_1_397' title='bbox 572 3100 900 3170; x_wconf 77' lang='lat' dir='ltr'>peragratis</span> <span class='ocrx_word' id='word_1_398' title='bbox 929 3105 1197 3170; x_wconf 90' lang='lat' dir='ltr'>tempore</span> <span class='ocrx_word' id='word_1_399' title='bbox 1228 3101 1437 3166; x_wconf 87' lang='lat' dir='ltr'>noctis,</span> <span class='ocrx_word' id='word_1_400' title='bbox 1721 3124 1760 3179; x_wconf 71' lang='grc' dir='ltr'><strong>ρ</strong></span> <span class='ocrx_word' id='word_1_401' title='bbox 1793 3101 1961 3154; x_wconf 88' lang='lat' dir='ltr'>Hunc</span> <span class='ocrx_word' id='word_1_402' title='bbox 1991 3104 2421 3172; x_wconf 76' lang='lat' dir='ltr'>praesumentes</span> <span class='ocrx_word' id='word_1_403' title='bbox 2453 3114 2682 3170; x_wconf 89' lang='lat' dir='ltr'>rapere,</span> <span class='ocrx_word' id='word_1_404' title='bbox 2713 3103 3021 3170; x_wconf 88' lang='lat' dir='ltr'>asportant</span> <span class='ocrx_word' id='word_1_405' title='bbox 3045 3097 3355 3153; x_wconf 89' lang='lat' dir='ltr'>abeuntes.</span> 
     </span>
    </p>
   </div>
   <div class='ocr_carea' id='block_1_34' title="bbox 28 3185 3383 3262">
    <p class='ocr_par' dir='ltr' id='par_1_34' title="bbox 28 3185 3383 3262">
     <span class='ocr_line' id='line_1_34' title="bbox 28 3185 3383 3262; baseline -0.001 -20"><span class='ocrx_word' id='word_1_406' title='bbox 28 3189 194 3254; x_wconf 88' lang='lat' dir='ltr'>Dum,</span> <span class='ocrx_word' id='word_1_407' title='bbox 226 3187 550 3243; x_wconf 85' lang='lat' dir='ltr'>matutinos</span> <span class='ocrx_word' id='word_1_408' title='bbox 575 3188 779 3258; x_wconf 79' lang='lat' dir='ltr'>vigiles</span> <span class='ocrx_word' id='word_1_409' title='bbox 811 3205 1077 3244; x_wconf 80' lang='lat' dir='ltr'>essemus</span> <span class='ocrx_word' id='word_1_410' title='bbox 1111 3189 1188 3243; x_wconf 87' lang='lat' dir='ltr'>ad</span> <span class='ocrx_word' id='word_1_411' title='bbox 1219 3189 1500 3260; x_wconf 84' lang='lat' dir='ltr'>hymnos,</span> <span class='ocrx_word' id='word_1_412' title='bbox 1796 3190 1906 3245; x_wconf 90' lang='lat' dir='ltr'>Sed</span> <span class='ocrx_word' id='word_1_413' title='bbox 1938 3193 2261 3262; x_wconf 87' lang='lat' dir='ltr'>postquam</span> <span class='ocrx_word' id='word_1_414' title='bbox 2289 3187 2363 3244; x_wconf 88' lang='lat' dir='ltr'>ad</span> <span class='ocrx_word' id='word_1_415' title='bbox 2396 3188 2670 3261; x_wconf 88' lang='lat' dir='ltr'>proprias</span> <span class='ocrx_word' id='word_1_416' title='bbox 2698 3187 2868 3243; x_wconf 89' lang='lat' dir='ltr'>sedes</span> <span class='ocrx_word' id='word_1_417' title='bbox 2884 3192 3130 3259; x_wconf 90' lang='lat' dir='ltr'>potuere</span> <span class='ocrx_word' id='word_1_418' title='bbox 3153 3185 3383 3253; x_wconf 88' lang='lat' dir='ltr'>reverti,</span> 
     </span>
    </p>
   </div>
   <div class='ocr_carea' id='block_1_35' title="bbox 29 3277 3382 3350">
    <p class='ocr_par' dir='ltr' id='par_1_35' title="bbox 29 3277 3382 3350">
     <span class='ocr_line' id='line_1_35' title="bbox 29 3277 3382 3350; baseline 0.001 -21"><span class='ocrx_word' id='word_1_419' title='bbox 29 3279 92 3330; x_wconf 87' lang='lat' dir='ltr'>Ut</span> <span class='ocrx_word' id='word_1_420' title='bbox 119 3291 250 3332; x_wconf 87' lang='lat' dir='ltr'>mos</span> <span class='ocrx_word' id='word_1_421' title='bbox 282 3281 387 3344; x_wconf 86' lang='lat' dir='ltr'>est,</span> <span class='ocrx_word' id='word_1_422' title='bbox 415 3283 618 3349; x_wconf 85' lang='lat' dir='ltr'>portas</span> <span class='ocrx_word' id='word_1_423' title='bbox 645 3278 849 3350; x_wconf 88' lang='lat' dir='ltr'>templi</span> <span class='ocrx_word' id='word_1_424' title='bbox 880 3278 1174 3350; x_wconf 89' lang='lat' dir='ltr'>aspiciens</span> <span class='ocrx_word' id='word_1_425' title='bbox 1201 3280 1546 3350; x_wconf 86' lang='lat' dir='ltr'>patefactas,</span> <span class='ocrx_word' id='word_1_426' title='bbox 1791 3284 1982 3345; x_wconf 88' lang='lat' dir='ltr'>Quam</span> <span class='ocrx_word' id='word_1_427' title='bbox 2015 3281 2217 3334; x_wconf 86' lang='lat' dir='ltr'>secum</span> <span class='ocrx_word' id='word_1_428' title='bbox 2247 3277 2502 3333; x_wconf 88' lang='lat' dir='ltr'>tulerant</span> <span class='ocrx_word' id='word_1_429' title='bbox 2532 3282 2761 3333; x_wconf 87' lang='lat' dir='ltr'>tentant</span> <span class='ocrx_word' id='word_1_430' title='bbox 2791 3277 3114 3333; x_wconf 88' lang='lat' dir='ltr'>accendere</span> <span class='ocrx_word' id='word_1_431' title='bbox 3137 3291 3337 3331; x_wconf 88' lang='lat' dir='ltr'>ceram</span> <span class='ocrx_word' id='word_1_432' title='bbox 3370 3293 3382 3330; x_wconf 91' lang='lat'><strong>:</strong></span> 
     </span>
    </p>
   </div>
   <div class='ocr_carea' id='block_1_36' title="bbox 30 3365 3346 3441">
    <p class='ocr_par' dir='ltr' id='par_1_36' title="bbox 30 3365 3346 3441">
     <span class='ocr_line' id='line_1_36' title="bbox 30 3365 3346 3441; baseline 0 -22"><span class='ocrx_word' id='word_1_433' title='bbox 30 3370 202 3423; x_wconf 86' lang='lat' dir='ltr'>Intrat</span> <span class='ocrx_word' id='word_1_434' title='bbox 229 3366 563 3422; x_wconf 82' lang='lat' dir='ltr'>vociferans</span> <span class='ocrx_word' id='word_1_435' title='bbox 593 3384 662 3423; x_wconf 86' lang='lat' dir='ltr'>ac</span> <span class='ocrx_word' id='word_1_436' title='bbox 683 3367 964 3423; x_wconf 82' lang='lat' dir='ltr'>frendens</span> <span class='ocrx_word' id='word_1_437' title='bbox 998 3368 1241 3424; x_wconf 87' lang='lat' dir='ltr'>horrida</span> <span class='ocrx_word' id='word_1_438' title='bbox 1271 3369 1457 3424; x_wconf 83' lang='lat' dir='ltr'>verba</span> <span class='ocrx_word' id='word_1_439' title='bbox 1789 3369 2143 3441; x_wconf 78' lang='lat' dir='ltr'>Appositum</span> <span class='ocrx_word' id='word_1_440' title='bbox 2176 3367 2284 3423; x_wconf 90' lang='lat' dir='ltr'>sibi</span> <span class='ocrx_word' id='word_1_441' title='bbox 2318 3368 2422 3422; x_wconf 90' lang='lat' dir='ltr'>sed</span> <span class='ocrx_word' id='word_1_442' title='bbox 2451 3383 2697 3438; x_wconf 90' lang='lat' dir='ltr'>prorsus</span> <span class='ocrx_word' id='word_1_443' title='bbox 2726 3366 2809 3421; x_wconf 91' lang='lat' dir='ltr'>sic</span> <span class='ocrx_word' id='word_1_444' title='bbox 2838 3366 3093 3438; x_wconf 87' lang='lat' dir='ltr'>reppulit</span> <span class='ocrx_word' id='word_1_445' title='bbox 3124 3365 3346 3434; x_wconf 81' lang='lat' dir='ltr'>ignem,</span> 
     </span>
    </p>
   </div>
   <div class='ocr_carea' id='block_1_37' title="bbox 27 3454 3248 3530">
    <p class='ocr_par' dir='ltr' id='par_1_37' title="bbox 27 3454 3248 3530">
     <span class='ocr_line' id='line_1_37' title="bbox 27 3454 3248 3530; baseline 0 -22"><span class='ocrx_word' id='word_1_446' title='bbox 27 3456 112 3510; x_wconf 81' lang='lat' dir='ltr'>Ad</span> <span class='ocrx_word' id='word_1_447' title='bbox 141 3456 430 3528; x_wconf 71' lang='lat' dir='ltr'>v0cisque</span> <span class='ocrx_word' id='word_1_448' title='bbox 459 3472 676 3512; x_wconf 84' lang='lat' dir='ltr'>sonum</span> <span class='ocrx_word' id='word_1_449' title='bbox 709 3463 994 3530; x_wconf 88' lang='lat' dir='ltr'>torquens</span> <span class='ocrx_word' id='word_1_450' title='bbox 1028 3459 1277 3527; x_wconf 84' lang='lat' dir='ltr'>vestigia</span> <span class='ocrx_word' id='word_1_451' title='bbox 1306 3465 1546 3522; x_wconf 67' lang='lat' dir='ltr'>nostris.</span> <span class='ocrx_word' id='word_1_452' title='bbox 1788 3462 1868 3512; x_wconf 79' lang='lat' dir='ltr'>Ac</span> <span class='ocrx_word' id='word_1_453' title='bbox 1898 3459 1947 3511; x_wconf 88' lang='lat' dir='ltr'>si</span> <span class='ocrx_word' id='word_1_454' title='bbox 1976 3458 2034 3510; x_wconf 92' lang='lat' dir='ltr'>in</span> <span class='ocrx_word' id='word_1_455' title='bbox 2069 3456 2381 3510; x_wconf 89' lang='lat' dir='ltr'>materiam</span> <span class='ocrx_word' id='word_1_456' title='bbox 2408 3454 2680 3527; x_wconf 91' lang='lat' dir='ltr'>lapidum</span> <span class='ocrx_word' id='word_1_457' title='bbox 2707 3470 3001 3509; x_wconf 84' lang='lat' dir='ltr'>conversa</span> <span class='ocrx_word' id='word_1_458' title='bbox 3028 3454 3248 3508; x_wconf 85' lang='lat' dir='ltr'>fuisset.</span> 
     </span>
    </p>
   </div>
   <div class='ocr_carea' id='block_1_38' title="bbox 29 3540 3455 3620">
    <p class='ocr_par' dir='ltr' id='par_1_38' title="bbox 29 3540 3455 3620">
     <span class='ocr_line' id='line_1_38' title="bbox 29 3540 3455 3620; baseline -0 -20"><span class='ocrx_word' id='word_1_459' title='bbox 29 3545 281 3602; x_wconf 78' lang='lat' dir='ltr'>Offendit</span> <span class='ocrx_word' id='word_1_460' title='bbox 307 3547 532 3603; x_wconf 86' lang='lat' dir='ltr'>scalam</span> <span class='ocrx_word' id='word_1_461' title='bbox 559 3561 694 3620; x_wconf 66' lang='lat' dir='ltr'>qua;</span> <span class='ocrx_word' id='word_1_462' title='bbox 729 3548 1164 3604; x_wconf 84' lang='lat' dir='ltr'>transmittebat</span> <span class='ocrx_word' id='word_1_463' title='bbox 1194 3549 1272 3603; x_wconf 86' lang='lat' dir='ltr'>ad</span> <span class='ocrx_word' id='word_1_464' title='bbox 1303 3549 1440 3604; x_wconf 78' lang='lat' dir='ltr'>alta.</span> <span class='ocrx_word' id='word_1_465' title='bbox 1790 3546 1961 3612; x_wconf 84' lang='lat' dir='ltr'>Quod</span> <span class='ocrx_word' id='word_1_466' title='bbox 1978 3562 2215 3600; x_wconf 90' lang='lat' dir='ltr'>rursum</span> <span class='ocrx_word' id='word_1_467' title='bbox 2244 3548 2493 3608; x_wconf 86' lang='lat' dir='ltr'>tentant,</span> <span class='ocrx_word' id='word_1_468' title='bbox 2522 3559 2884 3614; x_wconf 83' lang='lat' dir='ltr'>rursumque</span> <span class='ocrx_word' id='word_1_469' title='bbox 2908 3543 3128 3598; x_wconf 89' lang='lat' dir='ltr'>frustra</span> <span class='ocrx_word' id='word_1_470' title='bbox 3172 3540 3455 3599; x_wconf 84' lang='lat' dir='ltr'>laborant</span> 
     </span>
    </p>
   </div>
   <div class='ocr_carea' id='block_1_39' title="bbox 32 3632 3144 3710">
    <p class='ocr_par' dir='ltr' id='par_1_39' title="bbox 32 3632 3144 3710">
     <span class='ocr_line' id='line_1_39' title="bbox 32 3632 3144 3710; baseline -0 -22"><span class='ocrx_word' id='word_1_471' title='bbox 32 3636 160 3704; x_wconf 82' lang='lat' dir='ltr'>Ejus</span> <span class='ocrx_word' id='word_1_472' title='bbox 191 3649 300 3707; x_wconf 89' lang='lat' dir='ltr'>per</span> <span class='ocrx_word' id='word_1_473' title='bbox 329 3636 549 3705; x_wconf 83' lang='lat' dir='ltr'>gradus</span> <span class='ocrx_word' id='word_1_474' title='bbox 579 3638 980 3693; x_wconf 87' lang='lat' dir='ltr'>conscendere</span> <span class='ocrx_word' id='word_1_475' title='bbox 1012 3638 1213 3692; x_wconf 81' lang='lat' dir='ltr'>nescia</span> <span class='ocrx_word' id='word_1_476' title='bbox 1242 3639 1421 3710; x_wconf 73' lang='lat' dir='ltr'>erepit</span> <span class='ocrx_word' id='word_1_477' title='bbox 1450 3657 1463 3695; x_wconf 85' lang='lat'><strong>:</strong></span> <span class='ocrx_word' id='word_1_478' title='bbox 1789 3636 2033 3691; x_wconf 74' lang='lat' dir='ltr'>Pmnitet</span> <span class='ocrx_word' id='word_1_479' title='bbox 2060 3635 2173 3689; x_wconf 92' lang='lat' dir='ltr'>hoc</span> <span class='ocrx_word' id='word_1_480' title='bbox 2202 3638 2376 3706; x_wconf 89' lang='lat' dir='ltr'>pacto</span> <span class='ocrx_word' id='word_1_481' title='bbox 2408 3634 2594 3689; x_wconf 88' lang='lat' dir='ltr'>sancti</span> <span class='ocrx_word' id='word_1_482' title='bbox 2630 3632 2884 3688; x_wconf 88' lang='lat' dir='ltr'>violasse</span> <span class='ocrx_word' id='word_1_483' title='bbox 2915 3635 3144 3687; x_wconf 86' lang='lat' dir='ltr'>secreta</span> 
     </span>
    </p>
   </div>
   <div class='ocr_carea' id='block_1_40' title="bbox 28 3720 3167 3799">
    <p class='ocr_par' dir='ltr' id='par_1_40' title="bbox 28 3720 3167 3799">
     <span class='ocr_line' id='line_1_40' title="bbox 28 3720 3167 3799; baseline 0.001 -23"><span class='ocrx_word' id='word_1_484' title='bbox 28 3724 132 3777; x_wconf 82' lang='lat' dir='ltr'>Sed</span> <span class='ocrx_word' id='word_1_485' title='bbox 162 3729 484 3796; x_wconf 86' lang='lat' dir='ltr'>postquam</span> <span class='ocrx_word' id='word_1_486' title='bbox 517 3726 701 3797; x_wconf 81' lang='lat' dir='ltr'>ipsius</span> <span class='ocrx_word' id='word_1_487' title='bbox 731 3727 909 3799; x_wconf 73' lang='lat' dir='ltr'>coepit</span> <span class='ocrx_word' id='word_1_488' title='bbox 930 3727 1273 3792; x_wconf 70' lang='lat' dir='ltr'>contingere</span> <span class='ocrx_word' id='word_1_489' title='bbox 1301 3744 1608 3784; x_wconf 89' lang='lat' dir='ltr'>summum</span> <span class='ocrx_word' id='word_1_490' title='bbox 1792 3725 1944 3793; x_wconf 85' lang='lat' dir='ltr'>Illos,</span> <span class='ocrx_word' id='word_1_491' title='bbox 1975 3740 2044 3779; x_wconf 91' lang='lat' dir='ltr'>ac</span> <span class='ocrx_word' id='word_1_492' title='bbox 2077 3723 2294 3778; x_wconf 88' lang='lat' dir='ltr'>celeres</span> <span class='ocrx_word' id='word_1_493' title='bbox 2325 3722 2550 3793; x_wconf 90' lang='lat' dir='ltr'>templo</span> <span class='ocrx_word' id='word_1_494' title='bbox 2577 3721 2814 3777; x_wconf 84' lang='lat' dir='ltr'>sublata</span> <span class='ocrx_word' id='word_1_495' title='bbox 2839 3720 3167 3776; x_wconf 78' lang='lat' dir='ltr'>remittunt.</span> 
     </span>
    </p>
   </div>
   <div class='ocr_carea' id='block_1_41' title="bbox 27 3811 3240 3889">
    <p class='ocr_par' dir='ltr' id='par_1_41' title="bbox 27 3811 3240 3889">
     <span class='ocr_line' id='line_1_41' title="bbox 27 3811 3240 3889; baseline -0.001 -22"><span class='ocrx_word' id='word_1_496' title='bbox 27 3817 126 3868; x_wconf 89' lang='lat' dir='ltr'>Per</span> <span class='ocrx_word' id='word_1_497' title='bbox 151 3821 530 3887; x_wconf 87' lang='lat' dir='ltr'>porectarum</span> <span class='ocrx_word' id='word_1_498' title='bbox 564 3818 648 3872; x_wconf 88' lang='lat' dir='ltr'>sic</span> <span class='ocrx_word' id='word_1_499' title='bbox 677 3817 1072 3872; x_wconf 87' lang='lat' dir='ltr'>discurrendo</span> <span class='ocrx_word' id='word_1_500' title='bbox 1100 3823 1403 3889; x_wconf 90' lang='lat' dir='ltr'>petrarum</span> <span class='ocrx_word' id='word_1_501' title='bbox 1791 3817 1922 3869; x_wconf 67' lang='lat' dir='ltr'>Haec</span> <span class='ocrx_word' id='word_1_502' title='bbox 1953 3830 1988 3868; x_wconf 88' lang='lat' dir='ltr'>a</span> <span class='ocrx_word' id='word_1_503' title='bbox 2017 3812 2321 3868; x_wconf 90' lang='lat' dir='ltr'>nonnullis</span> <span class='ocrx_word' id='word_1_504' title='bbox 2353 3811 2435 3867; x_wconf 93' lang='lat' dir='ltr'>sic</span> <span class='ocrx_word' id='word_1_505' title='bbox 2462 3817 2628 3879; x_wconf 82' lang='lat' dir='ltr'>gesta</span> <span class='ocrx_word' id='word_1_506' title='bbox 2656 3811 2838 3867; x_wconf 87' lang='lat' dir='ltr'>fuisse</span> <span class='ocrx_word' id='word_1_507' title='bbox 2864 3811 3151 3877; x_wconf 86' lang='lat' dir='ltr'>feruntur,</span> <span class='ocrx_word' id='word_1_508' title='bbox 3237 3862 3240 3864; x_wconf 84' lang='lat'>.</span> 
     </span>
    </p>
   </div>
   <div class='ocr_carea' id='block_1_42' title="bbox 30 3898 3173 3975">
    <p class='ocr_par' dir='ltr' id='par_1_42' title="bbox 30 3898 3173 3975">
     <span class='ocr_line' id='line_1_42' title="bbox 30 3898 3173 3975; baseline -0.001 -18"><span class='ocrx_word' id='word_1_509' title='bbox 30 3907 351 3971; x_wconf 78' lang='lat' dir='ltr'>Fracturas,</span> <span class='ocrx_word' id='word_1_510' title='bbox 385 3906 536 3962; x_wconf 85' lang='lat' dir='ltr'>sicut.</span> <span class='ocrx_word' id='word_1_511' title='bbox 565 3921 700 3962; x_wconf 89' lang='lat' dir='ltr'>mos</span> <span class='ocrx_word' id='word_1_512' title='bbox 727 3912 837 3975; x_wconf 83' lang='lat' dir='ltr'>est,</span> <span class='ocrx_word' id='word_1_513' title='bbox 873 3906 1109 3962; x_wconf 88' lang='lat' dir='ltr'>incessit</span> <span class='ocrx_word' id='word_1_514' title='bbox 1133 3912 1465 3964; x_wconf 88' lang='lat' dir='ltr'>amentum.</span> <span class='ocrx_word' id='word_1_515' title='bbox 1792 3907 2078 3958; x_wconf 80' lang='lat' dir='ltr'>Externus</span> <span class='ocrx_word' id='word_1_516' title='bbox 2109 3901 2387 3973; x_wconf 84' lang='lat' dir='ltr'>quamvis</span> <span class='ocrx_word' id='word_1_517' title='bbox 2418 3901 2595 3956; x_wconf 89' lang='lat' dir='ltr'>nobis</span> <span class='ocrx_word' id='word_1_518' title='bbox 2626 3900 2793 3956; x_wconf 89' lang='lat' dir='ltr'>locus</span> <span class='ocrx_word' id='word_1_519' title='bbox 2823 3899 2916 3954; x_wconf 88' lang='lat' dir='ltr'>ille</span> <span class='ocrx_word' id='word_1_520' title='bbox 2949 3898 3173 3955; x_wconf 84' lang='lat' dir='ltr'>fuisset.</span> 
     </span>
    </p>
   </div>
   <div class='ocr_carea' id='block_1_43' title="bbox 95 4011 2364 4096">
    <p class='ocr_par' dir='ltr' id='par_1_43' title="bbox 95 4011 2364 4096">
     <span class='ocr_line' id='line_1_43' title="bbox 95 4011 2364 4096; baseline 0.001 -32"><span class='ocrx_word' id='word_1_521' title='bbox 95 4011 202 4096; x_wconf 57' lang='grc' dir='ltr'>(ἓξ)</span> <span class='ocrx_word' id='word_1_522' title='bbox 235 4011 370 4096; x_wconf 53' lang='lat' dir='ltr'>Haec</span> <span class='ocrx_word' id='word_1_523' title='bbox 401 4017 660 4096; x_wconf 77' lang='lat' dir='ltr'>quatuor</span> <span class='ocrx_word' id='word_1_524' title='bbox 681 4011 1334 4096; x_wconf 35' lang='lat' dir='ltr'>miraculanuze‘nih‘i‘l</span> <span class='ocrx_word' id='word_1_525' title='bbox 1382 4011 1680 4082; x_wconf 86' lang='lat' dir='ltr'>singulare</span> <span class='ocrx_word' id='word_1_526' title='bbox 1862 4014 1975 4080; x_wconf 77' lang='lat'>(&#39;26)</span> <span class='ocrx_word' id='word_1_527' title='bbox 2005 4012 2364 4067; x_wconf 82' lang='lat' dir='ltr'>Mondidier.</span> 
     </span>
    </p>
   </div>
   <div class='ocr_carea' id='block_1_44' title="bbox 26 4084 1466 4157">
    <p class='ocr_par' dir='ltr' id='par_1_44' title="bbox 26 4084 1466 4157">
     <span class='ocr_line' id='line_1_44' title="bbox 26 4084 1466 4157; baseline 0.006 -24"><span class='ocrx_word' id='word_1_528' title='bbox 26 4084 342 4148; x_wconf 88' lang='lat' dir='ltr'>continent,</span> <span class='ocrx_word' id='word_1_529' title='bbox 371 4084 571 4140; x_wconf 85' lang='lat' dir='ltr'>videre</span> <span class='ocrx_word' id='word_1_530' title='bbox 601 4084 735 4140; x_wconf 91' lang='lat' dir='ltr'>licet</span> <span class='ocrx_word' id='word_1_531' title='bbox 757 4085 818 4140; x_wconf 91' lang='lat' dir='ltr'>in</span> <span class='ocrx_word' id='word_1_532' title='bbox 848 4085 1029 4157; x_wconf 84' lang='lat' dir='ltr'>Aprili</span> <span class='ocrx_word' id='word_1_533' title='bbox 1045 4084 1466 4141; x_wconf 32' lang='lat' dir='ltr'>’Bollandiano.</span> 
     </span>
    </p>
   </div>
   <div class='ocr_carea' id='block_1_45' title="bbox 1379 4357 1744 4366">
    <p class='ocr_par' dir='ltr' id='par_1_45' title="bbox 1379 4357 1744 4366">
     <span class='ocr_line' id='line_1_45' title="bbox 1379 4357 1744 4366; baseline -0.005 0"><span class='ocrx_word' id='word_1_534' title='bbox 1379 4357 1744 4366; x_wconf 64' lang='lat'>____.———..——~</span> 
     </span>
    </p>
   </div>
   <div class='ocr_carea' id='block_1_46' title="bbox 1377 4509 2089 4550">
    <p class='ocr_par' dir='ltr' id='par_1_46' title="bbox 1377 4509 2089 4550">
     <span class='ocr_line' id='line_1_46' title="bbox 1377 4509 2089 4550; baseline 0 -2"><span class='ocrx_word' id='word_1_535' title='bbox 1377 4511 1532 4550; x_wconf 70' lang='lat' dir='ltr'>(ZIRCA</span> <span class='ocrx_word' id='word_1_536' title='bbox 1576 4509 1782 4549; x_wconf 71' lang='lat' dir='ltr'>MEDIUM</span> <span class='ocrx_word' id='word_1_537' title='bbox 1823 4509 2089 4550; x_wconf 63' lang='lat' dir='ltr'>SECULUM.</span> 
     </span>
    </p>
   </div>
   <div class='ocr_carea' id='block_1_47' title="bbox 457 4680 3009 4872">
    <p class='ocr_par' dir='ltr' id='par_1_47' title="bbox 457 4680 3009 4872">
     <span class='ocr_line' id='line_1_47' title="bbox 457 4680 3009 4872; baseline -0.004 -3"><span class='ocrx_word' id='word_1_538' title='bbox 457 4686 1234 4872; x_wconf 78' lang='lat' dir='ltr'>PAPIAS</span> <span class='ocrx_word' id='word_1_539' title='bbox 1364 4680 3009 4871; x_wconf 80' lang='lat' dir='ltr'>GBAMMATICUS.</span> 
     </span>
    </p>
   </div>
   <div class='ocr_carea' id='block_1_48' title="bbox 1299 5151 2164 5276">
    <p class='ocr_par' dir='ltr' id='par_1_48' title="bbox 1299 5151 2164 5276">
     <span class='ocr_line' id='line_1_48' title="bbox 1299 5151 2164 5276; baseline -0.009 -2"><span class='ocrx_word' id='word_1_540' title='bbox 1299 5151 2164 5276; x_wconf 59' lang='grc' dir='ltr'>ΝΟΤΙἙΓΙΑ.</span> 
     </span>
    </p>
   </div>
   <div class='ocr_carea' id='block_1_49' title="bbox 776 5381 2684 5482">
    <p class='ocr_par' dir='ltr' id='par_1_49' title="bbox 776 5381 2684 5482">
     <span class='ocr_line' id='line_1_49' title="bbox 776 5381 2684 5482; baseline -0.006 -13"><span class='ocrx_word' id='word_1_541' title='bbox 776 5415 993 5482; x_wconf 77' lang='lat' dir='ltr'>(Ouum,</span> <span class='ocrx_word' id='word_1_542' title='bbox 1027 5414 1352 5480; x_wconf 84' lang='lat' dir='ltr'>Comment,</span> <span class='ocrx_word' id='word_1_543' title='bbox 1381 5413 1455 5469; x_wconf 86' lang='lat' dir='ltr'>de</span> <span class='ocrx_word' id='word_1_544' title='bbox 1483 5411 1874 5481; x_wconf 78' lang='lat' dir='ltr'>scriptoribus</span> <span class='ocrx_word' id='word_1_545' title='bbox 1903 5416 1958 5465; x_wconf 85' lang='lat' dir='ltr'>et</span> <span class='ocrx_word' id='word_1_546' title='bbox 1989 5381 2196 5476; x_wconf 56' lang='lat' dir='ltr'>script.</span> <span class='ocrx_word' id='word_1_547' title='bbox 2225 5407 2428 5461; x_wconf 81' lang='lat' dir='ltr'>eccles.</span> <span class='ocrx_word' id='word_1_548' title='bbox 2463 5405 2507 5461; x_wconf 92' lang='lat' dir='ltr'>Il</span> <span class='ocrx_word' id='word_1_549' title='bbox 2535 5404 2684 5468; x_wconf 80' lang='lat'>621.)</span> 
     </span>
    </p>
   </div>
   <div class='ocr_carea' id='block_1_50' title="bbox 83 5660 3444 5738">
    <p class='ocr_par' dir='ltr' id='par_1_50' title="bbox 83 5660 3444 5738">
     <span class='ocr_line' id='line_1_50' title="bbox 83 5660 3444 5738; baseline -0.001 -17"><span class='ocrx_word' id='word_1_550' title='bbox 83 5667 303 5738; x_wconf 86' lang='lat' dir='ltr'>Papias</span> <span class='ocrx_word' id='word_1_551' title='bbox 321 5669 748 5737; x_wconf 81' lang='lat' dir='ltr'>grammaticus</span> <span class='ocrx_word' id='word_1_552' title='bbox 775 5671 930 5726; x_wconf 90' lang='lat' dir='ltr'>circa</span> <span class='ocrx_word' id='word_1_553' title='bbox 953 5687 1183 5728; x_wconf 88' lang='lat' dir='ltr'>annum</span> <span class='ocrx_word' id='word_1_554' title='bbox 1209 5675 1344 5728; x_wconf 78' lang='lat' dir='ltr'>I050</span> <span class='ocrx_word' id='word_1_555' title='bbox 1367 5669 1582 5738; x_wconf 86' lang='lat' dir='ltr'>ﬂoruit,</span> <span class='ocrx_word' id='word_1_556' title='bbox 1611 5674 1676 5726; x_wconf 91' lang='lat' dir='ltr'>ut</span> <span class='ocrx_word' id='word_1_557' title='bbox 1714 5671 1758 5722; x_wconf 85' lang='grc' dir='ltr'>Ι)</span> <span class='ocrx_word' id='word_1_558' title='bbox 1786 5673 1850 5724; x_wconf 87' lang='lat' dir='ltr'>ut</span> <span class='ocrx_word' id='word_1_559' title='bbox 1879 5667 2034 5722; x_wconf 88' lang='lat' dir='ltr'>male</span> <span class='ocrx_word' id='word_1_560' title='bbox 2060 5663 2455 5722; x_wconf 86' lang='lat' dir='ltr'>Thrithemius</span> <span class='ocrx_word' id='word_1_561' title='bbox 2479 5664 2538 5720; x_wconf 88' lang='lat' dir='ltr'>in</span> <span class='ocrx_word' id='word_1_562' title='bbox 2560 5663 2711 5720; x_wconf 91' lang='lat' dir='ltr'>libro</span> <span class='ocrx_word' id='word_1_563' title='bbox 2740 5665 2818 5719; x_wconf 91' lang='lat' dir='ltr'>De</span> <span class='ocrx_word' id='word_1_564' title='bbox 2842 5661 3230 5736; x_wconf 88' lang='lat' dir='ltr'>scriptoribus</span> <span class='ocrx_word' id='word_1_565' title='bbox 3260 5660 3444 5718; x_wconf 82' lang='lat' dir='ltr'>eccle-</span> 
     </span>
    </p>
   </div>
   <div class='ocr_carea' id='block_1_51' title="bbox 29 5753 3444 5831">
    <p class='ocr_par' dir='ltr' id='par_1_51' title="bbox 29 5753 3444 5831">
     <span class='ocr_line' id='line_1_51' title="bbox 29 5753 3444 5831; baseline -0 -23"><span class='ocrx_word' id='word_1_566' title='bbox 29 5759 101 5809; x_wconf 68' lang='lat' dir='ltr'>ast</span> <span class='ocrx_word' id='word_1_567' title='bbox 126 5755 186 5812; x_wconf 90' lang='lat' dir='ltr'>in</span> <span class='ocrx_word' id='word_1_568' title='bbox 208 5756 505 5815; x_wconf 78' lang='lat' dir='ltr'>Chronico</span> <span class='ocrx_word' id='word_1_569' title='bbox 527 5757 782 5816; x_wconf 77' lang='lat' dir='ltr'>Alberici</span> <span class='ocrx_word' id='word_1_570' title='bbox 803 5775 1083 5830; x_wconf 88' lang='lat' dir='ltr'>ms.,non</span> <span class='ocrx_word' id='word_1_571' title='bbox 1104 5765 1304 5818; x_wconf 87' lang='lat' dir='ltr'>autem</span> <span class='ocrx_word' id='word_1_572' title='bbox 1329 5773 1490 5816; x_wconf 84' lang='lat' dir='ltr'>anno</span> <span class='ocrx_word' id='word_1_573' title='bbox 1516 5760 1675 5831; x_wconf 79' lang='lat' dir='ltr'>l200,</span> <span class='ocrx_word' id='word_1_574' title='bbox 1788 5757 2042 5816; x_wconf 85' lang='lat' dir='ltr'>siasticis</span> <span class='ocrx_word' id='word_1_575' title='bbox 2073 5755 2292 5812; x_wconf 88' lang='lat' dir='ltr'>scribit.</span> <span class='ocrx_word' id='word_1_576' title='bbox 2318 5754 2570 5812; x_wconf 83' lang='lat' dir='ltr'>Alberici</span> <span class='ocrx_word' id='word_1_577' title='bbox 2609 5753 2796 5814; x_wconf 85' lang='lat' dir='ltr'>verba</span> <span class='ocrx_word' id='word_1_578' title='bbox 2837 5756 2974 5814; x_wconf 84' lang='lat' dir='ltr'>sunt</span> <span class='ocrx_word' id='word_1_579' title='bbox 3011 5771 3023 5808; x_wconf 93' lang='lat'>:</span> <span class='ocrx_word' id='word_1_580' title='bbox 3073 5753 3252 5809; x_wconf 78' lang='lat' dir='ltr'>Anno</span> <span class='ocrx_word' id='word_1_581' title='bbox 3288 5753 3444 5818; x_wconf 68' lang='lat'>£053,</span> 
     </span>
    </p>
   </div>
  </div>
