3836 6456
418 313 552 366 1439

1488 307 1734 362 ΡΑΡΙΑΞ
1772 305 1920 358 ΕΒΑῙ

2174 301 2288 358 lUS.
2321 333 2390 342 —
2419 300 2724 358 ΝΟΤΙΤῙΛ.
3613 307 3684 364 litt

413 451 572 492 anno
597 435 820 490 decimo
848 435 1018 490 tertio
1049 432 1420 500 imperatoris
1467 429 1720 485 Henrici
1743 427 1860 497 ﬁlii
1909 425 2055 482 Con?
2084 429 2130 480 A
2170 427 2380 481 Fresne
2401 423 2683 480 dominus
2707 424 2791 480 du
2813 425 3012 492 Gange
3037 421 3096 477 in
3127 421 3454 494 praefatione
3471 425 3685 486 adGlossa-

414 524 572 593 radi,
620 524 842 592 Papias
896 521 1110 576 librum
1154 535 1346 582 suum,
1397 519 1665 573 videlicet
1723 517 2057 571 Elementa-

415 612 574 666 rium
601 610 888 665 doctrinte
917 607 1394 674 Erudimentum,
1447 605 1630 661 edidit
1660 621 1672 658 :
1715 604 1874 676 quod
1923 617 2058 671 pro-

418 699 594 754 batur
606 713 720 766 per
739 710 1049 750 numerum
1075 709 1394 762 annorum,
1422 694 1526 748 ubi
1545 695 1669 763 agit
1698 693 1771 748 de
1789 691 2060 747 a'tatibus

415 787 617 842 δωρηιὶ
644 786 703 838 in
726 785 928 852 prima
973 784 1198 850 littera,
1242 787 1295 837 et
1341 781 1744 838 enumerando
1770 779 2062 850 pertingit

414 874 495 930 ad
523 872 682 927 hunc
709 886 954 927 annum.
986 874 1048 925 In
1065 886 1135 925 eo
1165 885 1344 942 porro
1369 868 1684 925 condendo
1703 867 2061 924 decennium

413 960 773 1033 insumpisse
829 963 1116 1015 testantur
1159 974 1366 1014 versus
1425 957 1710 1030 adscripti
1762 955 1955 1028 Papias
1998 955 2060 1011 in

413 1045 854 1118 Aquicinetensi
892 1045 992 1101 illo
1021 1045 1364 1117 exemplari,
1392 1049 1448 1100 et
1477 1061 1512 1100 a
1540 1044 1668 1098 viro
1716 1043 2060 1098 doctissimo

414 1135 678 1206 mihique
724 1133 1084 1189 amicissimo
1127 1136 1352 1188 Joanne
1383 1131 1714 1188 Mabillonio
1762 1130 2057 1202 exscripti,

413 1239 567 1295 quos
591 1222 684 1278 hic
714 1237 1042 1294 apponam,
1075 1221 1179 1276 ubi
1203 1221 1403 1276 nescio
1430 1220 1563 1293 quis
1609 1219 1930 1275 Rainaldus
1959 1234 2062 1273 no-

415 1311 692 1380 minatur,
724 1326 760 1365 a
788 1326 910 1382 quo
949 1309 1044 1366 hic
1080 1309 1264 1366 codex
1311 1324 1471 1364 anno
1518 1307 1730 1364 Christi
1785 1312 1916 1362 H73
1961 1306 2061 1361 de-

416 1397 668 1470 scriptus
700 1397 827 1453 fuit.

414 1541 485 1596 Si
504 1541 764 1596 durante
789 1541 883 1596 die
910 1555 1218 1612 nunquam
1243 1541 1660 1596 tenebresceret
1692 1539 1868 1603 orbis,

497 1629 723 1684 Visibus
757 1629 1033 1685 humanis
1062 1631 1237 1684 nulla
1269 1630 1515 1684 lucerna
1545 1631 1720 1697 foret,

415 1719 516 1773 Sic
542 1719 604 1772 in
635 1718 948 1786 Scriptura
979 1718 1086 1788 qui
1105 1719 1393 1786 prospicit
1420 1720 1618 1772 omnia
1649 1719 1833 1783 clare,

488 1807 620 1860 Non
653 1813 776 1875 eget
808 1807 975 1860 istius
993 1806 1407 1860 cmnmoditate
1437 1806 1596 1860 libri.

415 1894 531 1949 Sed
559 1895 837 1964 quoniam
864 1895 1054 1964 quivis
1087 1895 1192 1963 qui
1218 1897 1448 1949 noverit
1477 1895 1676 1948 omnia
1701 1909 1820 1946 non
1849 1897 1952 1954 est,

487 1983 592 2037 Est
619 1983 1070 2051 amplectandus
1102 1983 1370 2036 omnibus
1402 1984 1510 2037 iste
1541 1983 1707 2036 liber.

416 2071 622 2126 Instar
649 2073 777 2139 apis
806 2071 986 2126 mella
1015 2071 1264 2124 collecta
1297 2070 1497 2125 labore
1521 2071 1786 2124 decenni.

493 2159 737 2212 Cunctis
762 2159 984 2226 Papias
1016 2160 1128 2212 ista
1158 2158 1405 2227 legenda
1435 2158 1617 2212 dedit.

417 2247 500 2300 At
521 2247 682 2301 cibus
709 2252 772 2299 ut
801 2251 999 2300 noster
1022 2247 1094 2300 de
1118 2247 1298 2300 divite
1323 2247 1504 2300 ditior
1531 2252 1694 2312 esset,

492 2333 784 2401 Apposuit
826 2333 989 2386 nobis
1021 2333 1128 2388 has
1160 2333 1493 2388 Ruinaldus
1526 2347 1679 2400 opes.

420 2421 510 2476 Ne
539 2421 653 2475 tali
679 2427 882 2475 nostra
912 2420 1226 2475 dulcedine
1248 2435 1449 2475 mensa
1475 2425 1724 2482 careret,

490 2510 712 2564 Extitit
741 2511 868 2577 ejus
898 2510 958 2563 in
993 2509 1101 2564 hoc
1125 2509 1392 2577 ofﬁciosa
1430 2524 1660 2563 manus.

423 2599 594 2654 Istud
624 2598 772 2652 habe
800 2597 1055 2666 gradum
1083 2613 1296 2652 munus
1325 2598 1628 2663 Salvator,
1662 2603 1715 2651 et
1747 2597 1842 2650 illi

490 2687 845 2754 Perpetuam
879 2688 1137 2756 requiem
1165 2691 1462 2754 comparet
1495 2687 1602 2740 iste
1628 2685 1816 2740 labor.

421 2775 600 2828 Hunc
629 2779 802 2842 amet,
837 2773 994 2828 hunc
1016 2775 1264 2842 relegat,
1288 2774 1395 2828 hoc
1417 2775 1759 2838 delectetur,
1806 2779 1858 2827 et
1910 2773 2070 2826 omni

489 2863 670 2916 Hunc
694 2861 887 2916 studio
916 2868 1132 2929 servet,
1157 2877 1326 2930 grex,
1366 2863 1700 2930 Aquicinte,
1735 2867 1890 2914 tuus.

419 2950 647 3017 Scripti
673 2954 899 3016 tempus
931 2950 1126 3014 habet,
1159 2951 1264 3019 qui
1286 2951 1470 3004 Jhesu
1496 2951 1736 3018 copulat
1762 2949 1936 3004 annis

498 3037 776 3091 Undecies
809 3043 1038 3091 centum
1068 3039 1444 3106 septuaginta
1474 3037 1681 3092 tribus.

422 3123 667 3177 Noveris
695 3127 809 3177 ista
842 3124 1059 3190 legens,
1091 3126 1248 3194 quod
1278 3140 1392 3192 pro
1422 3124 1686 3180 mercede
1715 3112 1934 3178 laboris

491 3209 628 3263 Non
655 3223 868 3263 aurum
893 3211 1150 3276 scriptor
1172 3217 1462 3278 postulat,
1496 3213 1610 3265 imo
1639 3225 1890 3278 precem.

423 3296 586 3366 Ergo
611 3311 838 3364 precem
871 3297 1069 3362 redde,
1101 3299 1381 3366 quoniam
1397 3299 1718 3366 pretiosius
1743 3313 1912 3362 auro,

492 3386 600 3440 Est
625 3401 802 3454 prece
828 3387 1037 3442 devota
1063 3389 1398 3455 propitiare
1425 3389 1630 3442 Deum.

425 3511 622 3564 Exstat
669 3514 868 3565 autem
917 3511 1073 3566 istud
1118 3511 1573 3567 Elementarium
1623 3513 1820 3583 Papiae
1851 3511 1949 3566 fol.
2009 3511 2070 3566 in

424 3596 776 3652 membrana
845 3597 906 3652 in
962 3597 1320 3654 bibliotheca
1383 3603 1588 3654 nostra
1647 3599 2070 3668 Lugduno-Ba-

424 3687 574 3742 tava.
609 3683 758 3738 inter
786 3700 929 3739 mss.
963 3685 1206 3741 Codices
1234 3685 1468 3741 Latinos
1499 3699 1664 3740 num.
1693 3689 1776 3750 14,
1810 3691 1874 3740 ut
1890 3685 2071 3740 habet

425 3771 739 3840 Catalogus
765 3771 1050 3827 librorum
1081 3774 1259 3843 hujus
1289 3773 1658 3829 bibliothecae
1689 3773 1880 3828 editus
1923 3773 2068 3828 ίη-4ο

426 3860 1119 3928 Lugdunni-Batavorum
1175 3866 1326 3928 1674,
1369 3879 1404 3918 a
1453 3862 1758 3917 Frederico
1811 3861 2071 3934 Spanhe-

426 3947 566 4012 mio,
601 3961 740 4018 pag.
780 3951 904 4013 400,
949 3964 1132 4018 quem
1180 3949 1334 4004 vide.
1389 3950 1702 4021 Scripsisse
1751 3950 1927 4005 etiam
1969 3951 2069 4005 Pa-

425 4035 591 4106 piam
631 4034 1022 4106 Epistolarum
1052 4037 1272 4092 librum
1303 4038 1379 4092 ad
1418 4038 1700 4102 biversos,
1752 4043 1958 4094 auctor
1985 4045 2071 4093 est

425 4121 726 4177 Johannes
767 4123 1116 4180 Trithemius
1162 4125 1292 4180 loco
1341 4127 1536 4182 citato.
1587 4128 1873 4182 Pra'terea
1923 4127 2070 4182 Elias

427 4210 735 4264 Putschius
765 4211 966 4277 edidit,
993 4213 1144 4268 inter
1173 4215 1594 4283 grammaticos
1620 4221 1858 4284 veteres,
1887 4216 2070 4288 Expli-

426 4297 686 4352 cationes
740 4304 1016 4355 notarum
1068 4308 1333 4358 veterum
1387 4319 1460 4357 ex
1502 4304 1694 4376 Papiae
1753 4303 2067 4373 Glossario,

425 4400 579 4457 quas
610 4385 671 4440 in
697 4402 840 4442 mss.
873 4389 1178 4444 codicibus
1217 4406 1370 4462 quos
1417 4391 1616 4448 videre
1663 4392 1906 4460 contigit
1947 4408 2066 4448 non

427 4473 846 4531 animadvertit
914 4477 1159 4533 Carolus
1213 4479 1295 4533 du
1352 4484 1568 4547 Gange.
1643 4483 1865 4536 Prostat
1930 4497 2068 4537 vero

426 4562 554 4632 ejus
587 4563 955 4621 Glossarium
985 4567 1142 4639 typis
1173 4567 1397 4623 editum
1446 4586 1588 4625 cura
1641 4570 1845 4625 b'onini
1887 4573 2069 4627 Mom-

425 4651 600 4722 britii,
635 4653 805 4723 cujus
847 4660 984 4710 sunt
1021 4655 1147 4710 duo
1199 4656 1505 4714 volumina
1553 4663 1632 4714 De
1676 4660 1804 4714 vitis
1841 4666 2071 4716 sancto-

424 4753 578 4805 rum,
611 4755 827 4812 nempe
853 4745 1101 4798 Venetiis
1131 4760 1290 4799 anno
1327 4747 1480 4816 1490,
1513 4764 1715 4803 mense
1741 4749 1941 4820 Aprili,
1977 4749 2070 4803 die

422 4844 542 4882 χιι.
575 4832 726 4885 Sane
753 4845 872 4885 non
903 4836 1024 4886 tam
1053 4833 1126 4888 de
1160 4850 1316 4889 novo
1345 4836 1681 4892 condidisse
1727 4853 1909 4908 quam
1963 4853 2070 4893 an-

424 4921 518 4972 tea
545 4923 846 4990 utcunque
876 4919 1174 4990 digestum
1205 4922 1571 4980 Glossarium
1602 4942 1670 4980 ac
1699 4925 2070 4982 elaboratum

421 5005 684 5073 auxisse,
735 5007 864 5080 ipse
921 5009 1164 5065 innuere
1217 5011 1449 5066 videtur
1496 5014 1554 5068 in
1601 5013 1945 5086 priefatione
1980 5016 2071 5070 his

421 5091 614 5147 verbis
647 5110 660 5148 :
693 5095 829 5151 Jam
855 5112 990 5152 vero
1020 5097 1092 5152 de
1123 5098 1302 5166 hujus
1327 5101 1476 5155 artis
1507 5103 1742 5156 nomine
1770 5119 1887 5156 non
1911 5118 2069 5170 prae-

421 5183 500 5234 ter
513 5181 861 5238 mittendum
892 5184 1150 5255 videtur,
1175 5187 1334 5256 quod
1355 5188 1589 5256 quidem
1616 5190 1728 5244 etsi
1743 5191 1904 5256 olim,
1931 5193 2071 5260 quia

422 5265 588 5320 verbi
611 5274 662 5322 et
694 5271 1045 5340 simpliciter
1071 5274 1246 5328 unius
1275 5276 1525 5331 alterius
1555 5278 1832 5333 ait-tionis
1858 5281 2072 5335 retine—

425 5349 525 5404 bat
553 5352 1118 5425 interpretationem,
1154 5361 1519 5417 Glossarium
1551 5370 1904 5420 vocaretur:
1938 5369 2070 5436 jam

423 5446 561 5493 vero
586 5438 1043 5513 deﬁnitionibus,
1075 5454 1128 5502 et
1157 5450 1482 5506 secundum
1523 5455 1763 5522 regulas
1817 5457 2074 5510 nationi—

425 5525 553 5591 bus,
584 5532 864 5584 sententis
897 5549 1143 5603 quoque,
1174 5541 1228 5592 et
1261 5540 1464 5592 multis
1490 5541 1552 5593 id
1579 5557 1763 5610 genus
1788 5545 2074 5611 superad-

422 5612 586 5676 ditis,
617 5613 801 5668 altius
843 5622 1019 5685 atq-ue
1042 5625 1239 5688 aptius
1269 5625 1738 5684 Elementarium
1771 5632 2073 5686 Doctrina:

425 5697 867 5755 erudimentum
926 5707 1228 5764 nominari
1272 5715 1512 5777 poterit.
1567 5718 1649 5769 lt-a
1694 5716 1937 5772 Carolus
1991 5717 2085 5772 du-

2167 512 2323 568 rium
2352 512 2564 568 mediae
2593 516 2650 568 et
2673 511 2896 567 inﬁma:
2938 509 3280 577 Latinitatis,
3312 513 3338 577 §
3366 526 3459 566 seu
3484 527 3614 585 num,
3643 522 3686 579 it,

2167 616 2307 674 pag.
2333 601 2536 674 36,qui
2565 604 2592 670 §
2624 617 2732 656 seu
2761 616 2930 666 num,
2959 603 3052 668 46,
3078 615 3138 672 p.
3165 603 3254 663 37,
3276 599 3392 654 haec
3417 601 3570 656 addit.

2241 711 2269 738 ‹‹
2301 689 2547 764 Papiam
2568 689 2782 762 excipit
2810 689 3028 760 Ugutio
3069 689 3341 755 Pisanus,
3369 688 3462 760 qui
3485 688 3618 759 longe
3647 693 3687 747 tu

2169 776 2292 832 sius
2319 792 2390 833 ac
2413 776 2602 834 multa
2643 776 3083 832 vocabulorum
3130 779 3188 830 et
3233 774 3418 847 ἑτύμων
3459 781 3688 834 accessione.

2167 864 2290 920 sive
2319 864 2682 922 Glossarium
2713 865 2837 920 sive
2882 862 3306 919 Dictionarium
3331 863 3532 918 auctius
3567 865 3686 921 edidit

2165 953 2333 1025 quod
2359 969 2504 1010 mss.
2535 952 2598 1008 in
2626 951 3004 1008 bibliothecis
3049 949 3277 1023 passim
3320 950 3581 1022 reperitur.
3609 956 3688 1008 Nam

2165 1043 2322 1114 typis
2349 1058 2635 1098 excusum
2665 1057 2787 1097 non
2811 1044 2983 1114 puto,
3012 1039 3180 1112 quod
3214 1054 3348 1094 cum
3382 1054 3467 1094 ars
3507 1045 3688 1112 typogra-

2164 1130 2342 1203 phica
2397 1131 2637 1186 inventa
2695 1133 2802 1195 est,
2852 1128 3001 1184 illud
3029 1129 3091 1183 in
3120 1126 3332 1182 scholis
3359 1131 3482 1183 tunc
3531 1129 3689 1184 haberiL

2167 1223 2280 1286 tur,
2312 1218 2476 1290 quod
2507 1235 2543 1274 a
2570 1221 2798 1274 Joanne
2819 1217 2894 1273 de
2923 1220 3118 1273 Janua
3147 1231 3218 1272 ex
3243 1215 3412 1288 Papia
3434 1221 3483 1271 et
3508 1218 3690 1284 Ugutione

2167 1307 2501 1362 confectum
2527 1311 2634 1362 est.
2666 1306 2806 1372 Quis
2836 1306 2945 1361 iste
2974 1305 3188 1376 Ugutio
3215 1303 3397 1370 fuerit,
3424 1303 3503 1359 vel
3541 1321 3629 1376 quo
3647 1307 3690 1360 vi-

2168 1395 2316 1451 xerit
2345 1395 2586 1460 saeculo,
2617 1412 2690 1450 ex
2718 1393 3064 1468 praefatione
3094 1393 3289 1466 operis
3327 1392 3466 1448 illius
3504 1408 3595 1448 non
3625 1410 3692 1465 per-

2168 1485 2455 1556 cipimus;
2488 1485 2592 1540 sed
2621 1484 2684 1540 id
2712 1484 3006 1540 docemur
3032 1498 3106 1538 ex
3139 1481 3414 1538 Chronico
3441 1485 3691 1536 malimali

2169 1572 2392 1639 tulano,
2425 1573 2596 1642 cujus
2645 1571 2831 1627 verba
2873 1571 2971 1626 hic
3017 1569 3456 1626 describemus:
3497 1571 3588 1624 Per
3625 1573 3691 1624 Im

2169 1667 2434 1730 tempora
2475 1661 2652 1730 (circa
2682 1676 2736 1716 a.
2775 1660 2934 1730 H92)
2962 1660 3140 1729 Agna
3176 1659 3398 1728 Ugutio,
3425 1658 3614 1712 natione
3644 1659 3693 1710 Pi

2088 1766 2131 1818 Β
2165 1763 2370 1814 sanus,
2401 1749 2706 1818 episcopus
2745 1746 3176 1814 Ferrariensis,
3229 1747 3331 1816 qui
3377 1745 3528 1800 datus
3561 1760 3589 1799 a
3622 1746 3693 1798 sed:

2167 1837 2493 1904 apostolica
2524 1835 2842 1904 coadjutor
2875 1833 3085 1889 abbati
3111 1832 3440 1888 monasterii
3481 1832 3691 1886 Nonantu-

2171 1923 2300 1978 lani
2321 1923 2573 1993 prodigo
2603 1922 2846 1990 homini,
2870 1935 2946 1977 ea:
2977 1921 3134 1975 libro
3162 1921 3381 1988 Papiae,
3421 1920 3510 1990 qui
3544 1919 3693 1972 illicat

2173 2013 2389 2066 librum
2415 2012 2865 2066 Derivationum
2888 2009 3236 2078 composuit.
3251 2005 3605 2079 lnpraafatione
3615 2020 3692 2057 vero

2168 2097 2482 2152 consilium
2513 2096 2708 2169 operis
2737 2100 2796 2151 et
2822 2110 3047 2151 nomen
3080 2110 3264 2150 suum
3286 2093 3363 2148 ita
3399 2092 3568 2164 aperit.
3600 2091 3692 2158 0pm

2169 2189 2357 2257 igitur
2381 2187 2588 2242 divina
2615 2187 2858 2256 favente
2882 2186 3085 2255 gratia
3109 2197 3442 2252 componere
3461 2182 3689 2236 statuimus.

2169 2279 2232 2331 in
2257 2293 2372 2346 quo
2393 2291 2524 2345 prae
2580 2275 2738 2344 aliis,
2771 2273 3206 2330 vocabulorum
3239 2271 3691 2342 signiﬁcationu,u-

2169 2365 2620 2433 gniﬁcationum
2677 2363 3110 2428 distinctiones,
3171 2360 3557 2416 derivationum
3591 2356 3690 2421 angi

2172 2467 2292 2518 nes,
2325 2452 2821 2522 etymologiarum
2881 2470 2892 2504 ε
2912 2450 3328 2520 ssignationes,
3369 2453 3416 2503 et
3458 2447 3691 2513 interpreta-

2174 2542 2397 2594 tionum
2421 2540 2797 2608 reperientur
2818 2539 3216 2608 expositiones
3243 2553 3256 2591 :
3276 2550 3498 2606 quorum
3515 2535 3690 2602 ignara»

2174 2630 2254 2684 tia
2285 2629 2581 2684 Latinitas
2613 2627 2981 2682 naturaliter
3007 2626 3222 2695 indiga
3237 2622 3472 2694 quadam
3491 2620 3688 2675 doctorum

2167 2717 2418 2786 pigritia
2449 2731 2566 2769 non
2588 2715 2883 2769 modicum
2914 2719 3288 2769 coarctatur.
3305 2712 3416 2767 Nec
3441 2711 3531 2764 hoc
3550 2712 3687 2761 tantum

2175 2813 2238 2859 ut
2269 2805 2517 2860 vitream
2549 2802 2888 2858 cenodoxiw
2916 2803 3318 2872 fragilitatem
3350 2797 3688 2868 lucri/adamas.

2174 2892 2502 2960 adimplere
2531 2892 2900 2954 conabimur,
2929 2896 3228 2961 quantum
3249 2895 3312 2944 ut
3355 2887 3570 2943 omnium
3589 2895 3690 2934 suen-

2176 2981 2272 3034 tiae
2299 2982 2555 3035 litteram
2581 2979 3030 3049 invigilantium
3056 2977 3379 3034 communis
3417 2973 3530 3029 inde
3551 2971 3688 3023 utilius

2174 3070 2526 3138 efﬂorescat.
2559 3069 2681 3124 Nec
2709 3069 2906 3122 minus
2931 3066 3255 3123 descendat
3300 3067 3357 3120 in
3396 3067 3607 3120 mentem,
3637 3068 3690 3107 ηοξ

2173 3157 2236 3211 in
2285 3156 2394 3212 hoc
2436 3171 2610 3225 opere
2651 3157 3079 3225 perfectionem
3132 3153 3460 3219 insinuatim
3494 3144 3689 3205 adhibere,

2176 3261 2306 3300 cum
2329 3247 2392 3300 in
2422 3246 2698 3300 humanis
2720 3245 2879 3300 nihil
2893 3244 2976 3298 ad
2998 3258 3261 3314 unguem
3286 3239 3690 3297 inveniatureﬂ’"

2178 3335 2370 3402 litum,
2403 3335 2533 3389 licet
2556 3335 2692 3389 aliis
2715 3334 2786 3388 de
2817 3335 2932 3388 hac
2958 3333 3166 3389 eadem
3187 3347 3253 3387 re
3270 3325 3600 3386 tractantibus
3613 3331 3691 3389 qur

2176 3422 2312 3476 dam
2367 3423 2667 3491 singulari
2705 3422 3101 3490 perfectione,
3153 3419 3316 3476 haud
3359 3414 3549 3485 injuria
3581 3407 3692 3496 videtr

2168 3524 2480 3578 possumus
2510 3510 2820 3564 excellere.
2851 3509 3010 3564 Nam
3036 3509 3138 3564 hic
3177 3505 3455 3576 parvulus
3489 3492 3692 3554 delectabi-

2175 3602 2278 3650 tur
2305 3598 2568 3665 suavius,
2623 3597 2720 3652 hic
2767 3596 3014 3652 adultus
3072 3595 3314 3651 uberius
3363 3588 3610 3650 cibabitur,
3643 3581 3694 3632 hit

2168 3686 2472 3753 perfectus
2519 3685 2868 3754 afﬂuenti-ts
2901 3684 3344 3740 delectabitur:
3389 3680 3473 3734 hic
3499 3681 3694 3746 gymnas}

2168 3773 2389 3840 phistte
2431 3774 2720 3842 triuiales,
2753 3773 2850 3827 hic
2893 3772 3215 3828 Didascali
3258 3763 3614 3841 quadriviales,
3647 3754 3694 3806 ἡν

2178 3863 2372 3930 legum
2396 3864 2779 3930 professores,
2814 3863 2912 3916 hic
2960 3861 3296 3931 Theologia:
3335 3854 3693 3928 perscrutatus»

2179 3952 2274 4006 hic
2303 3951 2709 4006 Ecclesiarum
2737 3951 3054 4019 proﬁcient
3081 3950 3504 4020 gubernatores.
3529 3939 3610 3994 Hic
3627 3945 3696 3998 sui

2167 4041 2434 4108 plebitur
2457 4039 2740 4110 quicquid
2765 4039 3052 4094 hactenus
3077 4039 3340 4095 scientia
3385 4033 3578 4101 defectu
3611 4035 3696 4090 prt-

2178 4130 2510 4184 termissum
2542 4135 2645 4195 est,
2705 4128 2803 4183 hic
2859 4127 3212 4184 elimabitur
3258 4118 3514 4197 quicquid
3551 4113 3698 4174 alant“

2178 4223 2437 4286 tempore
2458 4217 2620 4272 mala
2648 4223 3004 4285 usurpatum
3033 4222 3140 4271 est.
3176 4217 3246 4272 Si
3272 4215 3396 4285 quis
3421 4208 3604 4281 quam!
3633 4211 3701 4263 0V

2178 4307 2260 4360 ris
2291 4307 2470 4374 hujus
2491 4306 2621 4376 quis
2669 4311 2840 4360 actor
2869 4305 3085 4373 fuerit,
3128 4302 3435 4359 dicendum
3475 4300 3560 4360 est,
3603 4290 3700 4342 DM-

2177 4396 2241 4448 Si
2267 4401 2494 4464 quaerat
2518 4393 2676 4465 quod
2698 4395 2891 4462 operis
2923 4393 3106 4462 hujus
3127 4393 3317 4463 fuerit
3347 4383 3700 4468 instrumenta.

2179 4483 2650 4552 respondendum
2690 4488 2773 4538 cst
2828 4482 2990 4552 quod
3011 4483 3228 4551 patria
3266 4480 3520 4541 Pisanus,
3561 4473 3702 4522 ηοπηηῖ

2178 4573 2466 4641 Παθατὶο,
2512 4572 2686 4642 quasi
2720 4571 2996 4640 Eugetio,
3043 4571 3108 4626 id
3154 4575 3262 4636 est,
3312 4568 3454 4623 bona
3485 4564 3702 4642 temnit

2181 4637 2411 4714 tantum
2445 4637 2856 4728 praesentibus,
2882 4637 2990 4713 sed
3009 4659 3194 4714 etiam
3238 4655 3499 4728 futuris:
3533 4645 3604 4701 vel
3637 4637 3702 4692 Ηυ-

2177 4754 2361 4816 gutio,
2393 4749 2568 4816 quasi
2605 4747 2839 4816 Vigitio,
2861 4746 2926 4800 id
2955 4753 3037 4802 est
3060 4748 3262 4803 virens
3290 4752 3462 4806 terra,
3482 4752 3576 4792 non
3596 4729 3702 4785 solus-

2175 4837 2304 4904 sibi,
2351 4836 2452 4890 sed
2487 4837 2663 4890 etiam
2721 4836 2880 4890 aliis.
2938 4835 3078 4904 Ejus
3129 4834 3362 4889 obitum
3394 4829 3533 4884 circa
3570 4827 3704 4912 alii?”

2181 4903 2314 4978 t2t2
2345 4922 2582 4992 conjicit
2614 4921 2894 4991 Ughellus
2918 4903 2994 4976 ini
3010 4921 3312 4994 episcopis
3339 4903 3704 4994 Ferrariensiliu‘.

2178 5011 2272 5067 cui
2298 5011 2424 5066 haec
2461 4990 2545 5066 de
2597 4990 2884 5081 ugutione
2934 4990 3100 5067 hau—d
3146 4990 3293 5066 no—ta
3334 5005 3606 5063 fuerunt»
3639 4990 3696 5042 113-“

2179 5099 2533 5154 verbotenus
2563 5097 2808 5154 Carolus
2827 5099 2911 5154 du
2933 5101 3168 5166 Fresne,
3199 5095 3472 5154 dominus
3497 5089 3565 5144 du
3580 5086 3705 5139 Cant?-

2177 5188 2321 5244 locis
2361 5189 2572 5244 citatis.
2624 5186 2881 5243 Meminit
2926 5203 3174 5260 quoque
3229 5187 3414 5258 Papiae
3456 5174 3706 5262 gramnta‘j‘?

2178 5276 2480 5332 Cornelius
2517 5292 2554 5332 a
2593 5275 2898 5344 Beughem
2943 5257 3005 5330 in
3031 5257 3329 5347 opusculo
3353 5275 3428 5326 De
3452 5257 3705 5347 incumbis?

2179 5363 2590 5436 typographiae
2614 5363 2798 5418 verbo
2828 5345 3090 5432 Papias;
3117 5377 3264 5434 pag.
3294 5361 3406 5424 103s
3437 5355 3581 5422 cuius

2177 5431 2477 5508 tiu—larium
2521 5451 2712 5524 inquit
2750 5431 3294 5523 impressum—olim
3346 5435 3611 5505 Mediolani
3641 5431 3704 5524 Ψ

2177 5541 2392 5604 in-fol.,
2414 5523 2662 5596 Venetiis
2690 5543 2822 5595 1487
2831 5539 2983 5605 ,1491
3008 5543 3066 5594 et
3089 5542 3232 5596 1496
3253 5539 3315 5594 in
3336 5535 3433 5592 fol.
3455 5530 3595 5588 Illum
3609 5523 3701 5576 nali:

2177 5645 2252 5684 ne
2297 5628 2722 5697 Lombardum,
2767 5633 2892 5684 arte
2927 5628 3418 5697 grammaticum,
3461 5616 3589 5677 male

2181 5717 2505 5773 Trithemio
2530 5715 2609 5773 ad
2635 5694 2864 5773 annum
2894 5694 3106 5774 Christi
3139 5719 3278 5772 1200
3307 5709 3562 5771 claruisse
3583 5694 3697 5755 εστίδίέ
