3836 6406
345 290 478 345 1443

1467 280 1765 339 GARCIAS
1792 277 1982 334 NONA
1991 275 2171 333 CHUS
2199 277 2631 336 CUXACENSIS

3683 266 3791 320 1444

352 387 3781 438 M

903 540 1482 663 GARCI/E
1554 538 2222 661 MONACHI
2298 530 3199 659 CUXASENSIS

1753 787 2327 895 EPISTﬂiA

1087 1031 1220 1119 AD
1276 1027 1660 1119 OLIVAM
1718 1026 2268 1118 EPISCOPUM
2325 1021 2995 1116 AUSONENSEM

704 1236 800 1299 De
831 1231 1037 1299 initiis
1066 1231 1469 1300 monasterii
1510 1229 1935 1313 Cumasmsz's,
1968 1237 2035 1300 et
2082 1227 2165 1297 de
2204 1229 2415 1297 sacris
2460 1227 2755 1317 reliquiis
2799 1227 2870 1292 in
2917 1246 2995 1294 eo
3028 1219 3443 1292 custoditis.

1634 1424 1864 1523 (Circa
1899 1448 2166 1499 annum
2211 1424 2451 1521 1040.)

422 1630 637 1702 (Edidit
667 1634 865 1687 BALUZ.
899 1631 961 1686 in
986 1625 1258 1703 Append.
1289 1624 1365 1684 ad
1397 1632 1650 1685 Marcum
1693 1629 2093 1703 Hispanicam,
2125 1643 2186 1701 p.
2223 1631 2378 1695 1072,
2408 1641 2481 1682 ex
2512 1622 2872 1682 chartulario
2901 1619 3274 1679 monasterii
3315 1614 3750 1683 Cuxasensisg

420 1906 499 1975 (l)
526 1903 962 1961 Gloriosissimo
989 1906 1167 1973 atque
1196 1901 1346 1957 inter
1374 1901 1508 1974 pios
1552 1902 1833 1974 praesules
1866 1902 1979 1958 cle-
2013 1903 2061 1954 Α
2090 1916 2303 1975 precor
2329 1904 2395 1955 ut
2421 1900 2536 1955 hoc
2561 1896 2728 1970 quod
2749 1895 2975 1952 inculto
2995 1907 3302 1950 sermone
3328 1890 3591 1965 protuli
3609 1905 3803 1947 nonn-

351 1993 724 2049 mentissimo
776 1990 929 2047 Patri
977 1992 1162 2046 Omne
1209 1990 1509 2045 bonorum
1561 1990 1999 2046 monachorum

351 2080 612 2147 ultimus,
628 2078 951 2135 sanctitatis
971 2083 1170 2134 autem
1190 2083 1398 2134 vestra;
1430 2079 1862 2148 servus,gratiae
1905 2078 2000 2134 vel

352 2170 681 2242 potestatis,
713 2167 915 2240 quoad
945 2168 1161 2237 vivam,
1193 2166 1454 2222 famulus
1489 2170 1753 2237 (nacus,
1785 2168 1999 2223 debitae

355 2257 648 2314 servitutis
676 2257 1056 2328 obsequium,
1090 2260 1147 2311 et
1187 2261 1419 2311 aeterna:
1448 2257 1661 2328 quietis
1689 2257 1998 2329 incompa-

353 2347 540 2403 rabile
568 2346 903 2418 praemium.

425 2434 809 2506 Omnipotens
842 2437 1015 2500 Deus,
1050 2450 1189 2487 cum
1220 2433 1540 2489 visibilium
1589 2438 1768 2507 atque
1795 2434 1997 2489 invisi-

352 2522 564 2578 bilium
594 2521 1059 2577 substantiarum
1091 2525 1391 2577 creaturas
1436 2522 1732 2588 conderet,
1766 2526 1822 2577 et
1862 2537 2000 2577 cau-

353 2627 449 2666 sas
472 2608 566 2665 vel
595 2614 760 2664 actus
789 2624 988 2664 rerum
1018 2610 1368 2677 adverteret,
1402 2626 1519 2664 suae
1552 2609 1777 2664 virtutis
1812 2626 1998 2665 aemu-

350 2698 601 2754 latorem
632 2697 852 2753 scilicet
870 2696 1161 2769 cupidum
1187 2696 1514 2752 caelestium
1545 2698 1892 2767 gratiarum,
1919 2697 2001 2752 ad

352 2786 593 2843 laudem
641 2790 697 2842 et
723 2784 977 2856 gloriam
1006 2801 1201 2855 suam,
1233 2790 1369 2842 ante
1396 2784 1609 2840 mundi
1636 2786 1999 2841 constitutio-

352 2888 492 2931 nem
544 2872 760 2943 delegit
815 2874 1142 2940 hominem,
1197 2874 1299 2946 qui
1348 2873 1642 2929 mundani
1693 2874 1889 2945 operis
1944 2878 2002 2928 et

354 2963 749 3020 animantium
778 2962 1195 3018 universon
1223 2962 1559 3017 necessario
1587 2967 1777 3017 uteret
1801 2967 1998 3033 potes-

352 3053 535 3105 tatem
576 3068 590 3117 ;
649 3051 821 3121 cujus
878 3051 1081 3120 gratim
1127 3052 1222 3106 vel
1268 3051 1634 3106 similitudini
1676 3052 1852 3106 totius
1895 3053 2002 3105 hn-

2107 1994 2364 2064 tuperes,
2397 1992 2461 2043 ut
2508 1986 2780 2051 aemulus,
2813 1984 2914 2040 sed
2961 1988 3247 2039 vestrum
3302 1981 3646 2037 lucentem
3675 1978 3801 2047 inge

2106 2078 2276 2134 nium
2304 2076 2559 2133 vindicet
2587 2078 2651 2130 ut
2676 2071 3028 2129 benevolus.

2178 2165 2471 2223 Nonnulla
2491 2180 2632 2234 ergo
2652 2180 2788 2236 quae
2811 2166 2951 2217 sunt
2968 2162 3124 2217 inter
3146 2158 3510 2217 chartulas
3534 2156 3802 2229 descripta

2106 2255 2327 2325 inveni,
2359 2260 2415 2309 et
2446 2271 2519 2309 ex
2563 2252 2711 2325 ipsis
2756 2249 3055 2323 quidquid
3103 2248 3528 2305 luculentius
3572 2247 3800 2302 invenire

2105 2345 2275 2418 potui
2304 2348 2407 2400 aut
2436 2342 2763 2398 multorum
2792 2340 3041 2395 utilitate
3067 2354 3286 2411 prona
3306 2337 3611 2394 condere
3634 2336 3799 2391 studui

2109 2433 2411 2489 voluntate
2437 2432 2555 2487 ita:
2608 2431 2831 2495 Quarto
2876 2427 3184 2484 Kalendas
3238 2426 3559 2483 Octobris
3601 2424 3799 2481 celebri

2106 2527 2198 2577 tas
2225 2518 2613 2577 dedicationis
2647 2517 2833 2573 sancti
2862 2515 3225 2584 archangeli
3260 2514 3606 2571 Michaelis
3635 2529 3797 2570 emno-

2106 2610 2200 2676 bii.
2234 2607 2607 2674 Cuxasensis,
2640 2621 2826 2678 quam
2865 2605 3046 2660 etiam
3087 2604 3482 2660 admodum
3534 2604 3600 2659 in
3634 2618 3797 2659 rerum

2106 2698 2289 2754 rebus
2321 2696 2606 2768 prudens,
2653 2698 2711 2750 et
2739 2694 2817 2750 ad
2847 2692 3201 2749 docendam
3236 2708 3327 2749 ex
3376 2698 3672 2765 tempus:
3710 2691 3797 2763 ple-

2107 2781 2246 2843 bem
2302 2785 2622 2849 sufﬁciens,
2673 2784 2734 2839 in
2781 2783 3134 2854 ornatisque
3184 2783 3443 2839 studiis
3506 2798 3625 2857 per
3662 2782 3793 2838 inde

2107 2873 2333 2944 lucens,
2361 2873 2671 2939 Vuarinus,
2701 2869 2976 2941 ejusdem
3006 2870 3192 2927 fundi
3226 2872 3593 2942 reﬁgiosns
3612 2872 3793 2928 ablat.

2107 2961 2312 3016 divina
2351 2961 2669 3016 reducente
2709 2975 2918 3028 manu,
2950 2973 3077 3015 una
3124 2974 3290 3015 cum
3343 2961 3651 3031 ejusdem
3688 2960 3794 3015 (lisL

2108 3049 2260 3103 cesis
2288 3048 2540 3120 prmsule
2571 3049 2742 3117 signo
2776 3052 2837 3103 et
2866 3047 3119 3103 scientia
3164 3049 3493 3116 Sunium,

352 3148 549 3193 mante
596 3138 993 3194 universitatis
1035 3156 1142 3194 vos
1182 3140 1611 3194 conferendum
1654 3139 1818 3194 dedit
1862 3155 2000 3194 cum
2103 3135 2480 3192 diversarum
2525 3136 2757 3191 sedium
2784 3135 3110 3207 episcopis,
3147 3142 3419 3208 septem
3450 3139 3574 3194 viri
3616 3152 3792 3194 nllu-

352 3238 654 3297 corporere
702 3225 1031 3293 fragilitatis
1069 3227 1432 3280 consortium
1464 3232 1526 3280 et
1548 3227 1823 3280 omnium
1869 3242 1998 3298 spe-
2036 3244 2074 3295 Β
2108 3239 2200 3290 ro,
2229 3229 2289 3280 et
2316 3223 2619 3280 nobilitate
2647 3240 2717 3279 ac
2746 3223 3071 3295 prudentia
3101 3226 3662 3296 paganum,
3686 3240 3794 3281 om

355 3313 598 3375 cierum,
646 3313 975 3368 secundum
1034 3313 1486 3385 amplitudinem
1555 3315 1729 3369 vestri
1781 3314 1999 3381 cordis,

352 3400 768 3473 inexplebilem
783 3406 960 3472 atque
982 3400 1375 3456 insatiabilem
1400 3402 1598 3456 tribuit
1618 3401 1995 3457 intellectum.

350 3486 612 3546 Primum
644 3484 912 3545 videlicet
940 3489 1237 3545 vernantis
1281 3490 1465 3544 aetatis
1509 3486 1832 3561 disciplinis
1880 3507 1999 3562 prae

353 3579 869 3635 exercitaminibus
898 3584 953 3633 et
978 3578 1165 3633 multa
1199 3578 1591 3633 sollicitudine
1620 3580 1675 3633 in
1715 3596 2002 3650 processu

354 3668 634 3741 temporis
648 3668 920 3723 laborare
935 3666 1303 3739 compulit,et
1316 3667 1397 3721 sic
1410 3667 1484 3721 ad
1500 3684 1738 3722 omnem
1754 3684 1999 3722 causam

353 3773 425 3811 ex
445 3755 732 3827 parentali
758 3755 1131 3809 successione
1159 3771 1265 3826 pro
1284 3754 1522 3822 justitize
1551 3755 1771 3810 meritis
1794 3770 1998 3824 regen-

352 3844 566 3899 darum
596 3859 795 3898 rerum
837 3845 931 3914 pie
957 3842 1233 3915 praefecit,
1268 3847 1329 3897 ut
1352 3843 1513 3913 jugis
1547 3843 1826 3898 exhibitio
1856 3858 1999 3914 pro-

350 3931 643 3987 babilium
664 3935 904 3986 actuum
926 3931 1056 4001 conj
1068 3933 1311 3999 ungeret
1332 3930 1629 4001 peremtio
1646 3928 1998 3985 sublimium

353 4020 737 4087 cogitatuum.
789 4018 983 4074 Merito
1023 4024 1221 4072 autem
1270 4018 1636 4090 dispensatio
1677 4018 1999 4073 voluntatis

353 4110 635 4179 paternaa,
686 4106 896 4178 spretis
933 4105 1263 4161 honoribus
1303 4107 1533 4171 mundi,
1574 4123 1680 4160 vos
1729 4107 1997 4162 Ecclesiae

357 4211 479 4250 suae
505 4194 716 4249 iterum
746 4194 987 4249 donavit
1012 4181 1320 4259 rectorem,
1356 4198 1418 4248 ut
1447 4193 1797 4265 imprudens
1826 4200 1881 4250 et
1909 4196 1998 4250 ni-

353 4282 466 4338 mis
493 4282 801 4355 imperitus
847 4281 958 4337 sub
990 4298 1175 4337 manu
1206 4286 1263 4337 et
1290 4281 1609 4336 beatudine
1639 4287 1833 4337 vestra
1872 4282 1999 4337 ubi-

354 4386 588 4442 cunque
618 4370 823 4425 secreti
856 4370 1085 4425 consilii
1110 4369 1356 4425 haberet
1384 4370 1757 4424 securitatem
1779 4375 1834 4425 et
1853 4369 1998 4425 lucri

353 4458 597 4528 majoris
625 4473 929 4512 summam
950 4457 1377 4513 defensionem
1404 4456 1575 4521 Quod
1594 4458 2000 4530 experimento

355 4546 608 4618 copiosis
628 4550 684 4601 et
695 4546 915 4601 securis
936 4546 1061 4618 ipse
1082 4544 1354 4613 cognovi,
1370 4543 1515 4599 dum
1533 4544 1724 4600 dilecti
1744 4561 2001 4617 praecep—

355 4632 495 4688 toris
516 4632 608 4688 vel
629 4632 687 4687 in
712 4637 832 4688 toto
856 4634 1029 4688 vestri
1051 4631 1358 4687 familiaris
1388 4632 1607 4688 Arnalli
1629 4633 1924 4703 refugium
1945 4639 2003 4691 et

352 4720 739 4777 memorabile
779 4721 932 4777 duce
970 4720 1214 4789 furtum,
1249 4720 1464 4776 scilicet
1503 4721 1577 4776 de
1619 4722 2003 4778 instructione

354 4814 531 4882 atque
560 4808 912 4864 exaltatione
944 4809 1270 4880 Christique
1298 4825 1367 4864 ac
1394 4814 1734 4864 sanctorum
1766 4811 1894 4880 ejus
1916 4812 2005 4883 pi-

354 4913 610 4967 gnorum
635 4896 1035 4957 conclusione.
1061 4897 1147 4952 vel
1176 4896 1374 4952 altaris
1403 4897 1585 4952 nostri
1611 4897 2001 4969 dedicatione,

350 4998 540 5040 necne
564 4983 721 5053 ignis
744 4984 1076 5050 exustione,
1108 4986 1287 5041 vestri
1329 5002 1470 5041 vero
1495 4985 1781 5040 laboriosi
1808 4987 2003 5058 Operis

350 5073 885 5142 restaurationem
930 5073 1143 5128 iterum
1192 5073 1469 5142 gloriosae
1512 5073 1684 5129 vallis
1724 5074 2001 5130 benedic-

349 5160 529 5227 tione,
559 5173 594 5215 a
621 5160 1061 5217 destruentibus
1092 5162 1269 5218 etiam
1312 5162 1660 5234 irruptione,
1691 5163 1752 5218 in
1781 5163 2002 5236 quibus

351 5246 554 5316 jussus
580 5246 687 5303 feci
717 5248 931 5303 sinceri
954 5249 1176 5304 amoris
1205 5250 1381 5305 vestri
1413 5248 1698 5316 cilicium,
1720 5256 1780 5306 et
1808 5252 2002 5308 Domi-

356 5330 419 5388 iii
470 5333 583 5388 mei
634 5336 923 5392 Michaelis
979 5338 1137 5393 sensi
1189 5338 1553 5409 adjutorium
1611 5339 2001 5411 propitiatorii

350 5426 599 5491 quoque
616 5422 916 5478 coloribus
937 5430 993 5479 et
1019 5426 1524 5495 Evangelistarum
1550 5427 1756 5498 ﬁguris
1789 5428 1835 5482 si
1857 5428 2003 5484 assi-

356 5505 555 5576 gnavi,
574 5521 698 5561 non
716 5523 856 5564 vero
877 5514 1235 5570 concedente
1257 5516 1486 5572 Christo
1507 5517 1566 5571 in
1594 5521 1784 5572 vestra
1814 5517 2000 5573 salute

354 5590 487 5651 ﬁeri
526 5609 702 5666 spero
726 5594 792 5648 iu
820 5598 1027 5654 melius
1053 5604 1283 5672 majora
1322 5620 1396 5660 ex
1418 5607 1731 5662 omnibus.
1767 5607 2001 5662 [nterim

2106 3312 2337 3367 inﬁnita
2360 3311 2737 3367 multitudine
2768 3310 3065 3369 nobilium
3093 3318 3435 3385 potestate
3464 3316 3793 3389 {subendam

2110 3418 2180 3456 ac
2226 3402 2527 3472 utriusque
2572 3417 2749 3456 sexus
2780 3401 2994 3456 diversi
3034 3403 3286 3458 ordinis
3320 3405 3695 3462 clericorum
3735 3410 3796 3460 at-

2108 3505 2225 3562 que
2257 3488 2521 3561 plebium
2543 3486 2721 3545 varias
2747 3486 3059 3558 dignitatis
3088 3490 3619 3550 eminentissimo
3647 3501 3792 3555 coetu,

2110 3579 2434 3649 iugaudiis
2482 3578 2717 3646 magnis
2762 3579 3102 3634 actionibus
3157 3582 3540 3649 gratiarum
3592 3584 3791 3639 dedica—

2108 3672 2317 3720 verunt
2372 3666 2655 3737 illamque
2707 3665 2882 3721 donis
2933 3666 3303 3739 duplicibus
3365 3671 3445 3726 in
3505 3686 3791 3728 commune

2108 3755 2637 3826 locupletaverunt,
2663 3758 2719 3809 et
2748 3756 2924 3822 regiae
2946 3756 3233 3826 dignitati
3269 3776 3439 3817 cum
3468 3761 3791 3817 muneribus

2104 3848 2165 3899 et
2193 3843 2427 3897 coronis
2452 3842 2695 3914 copiam
2738 3843 3135 3900 reddiderunt
3179 3850 3245 3901 et
3293 3864 3459 3904 eam
3495 3850 3562 3905 in
3597 3850 3792 3904 irrefra-

2110 3930 2292 4000 gabili
2314 3931 2464 4000 juris
2492 3931 2880 4002 perpetuitate
2911 3947 3042 3987 esse
3074 3933 3553 3993 inconvulsam
3586 3943 3688 3994 aut
3724 3954 3795 3991 cu~

2104 4019 2442 4090 juscunque
2493 4018 2709 4074 servitii
2754 4019 3025 4091 qualibet
3070 4025 3506 4081 exsecutione
3556 4026 3795 4085 liberm

2109 4123 2179 4161 ac
2208 4107 2268 4161 in
2298 4106 2688 4179 protelatione
2717 4107 2930 4164 ﬁnium
2982 4124 3127 4166 cum
3179 4112 3317 4167 suis
3375 4115 3629 4187 opibus
3678 4121 3795 4169 stans

2110 4211 2345 4266 semper
2394 4195 2725 4262 dominam,
2770 4194 3061 4269 quodque
3118 4201 3490 4258 sanctiores
3552 4222 3696 4261 eum
3735 4220 3801 4257 or-

2107 4298 2281 4337 nasse
2336 4284 2627 4356 templum
2691 4300 2766 4339 ex
2817 4300 3047 4357 magna
3107 4293 3289 4359 parte
3367 4293 3798 4348 venerabilium

2108 4377 2449 4428 sanctorum
2496 4379 2552 4429 et
2602 4378 2861 4443 majores
2890 4375 3250 4449 quicunque
3305 4383 3798 4453 populorumque

2106 4466 2397 4536 potentes,
2458 4479 2779 4518 munerum
2833 4462 3111 4533 largitate
3171 4468 3489 4539 apprime
3553 4472 3799 4528 ditatum

2038 4582 2081 4639 α
2111 4549 2511 4622 omnibusque
2531 4551 2709 4606 bonis
2735 4567 2888 4624 pene
2916 4552 3355 4625 sul-limatum,
3383 4560 3665 4633 utrique
3687 4560 3803 4633 pars

2110 4643 2561 4695 sacrosanctum
2586 4639 2836 4695 Domino
2860 4640 3160 4713 templum
3188 4655 3655 4705 sacraverunt.
3677 4648 3801 4707 Unde

2113 4725 2290 4781 etiam
2316 4743 2386 4782 ex
2414 4727 2625 4781 eadem
2654 4726 2903 4783 ecclesia
2948 4728 3043 4785 vel
3072 4730 3499 4792 dedicatione
3536 4755 3661 4794 suo
3690 4745 3801 4793 tem-

2112 4829 2257 4884 pore
2290 4814 2569 4885 optabilis
2600 4820 2687 4870 est
2710 4815 3048 4873 recordatio
3076 4820 3402 4891 paulatim
3434 4829 3506 4880 et
3537 4829 3803 4883 memori;

2114 4902 2456 4957 amantibus
2489 4904 2769 4973 cognosci
2814 4909 2936 4961 tota
2964 4906 3238 4963 veritate.
3280 4912 3356 4965 Et
3388 4915 3625 4985 primo
3653 4932 3801 4989 quam

2112 4990 2369 5060 gloriose
2402 4993 2554 5046 Deus
2576 4991 2777 5047 locum
2798 4997 2856 5048 et
2877 4994 3179 5066 templum
3198 5013 3353 5054 esse
3548 5004 3799 5061 emacem

2114 5093 2421 5151 quamque
2478 5080 2887 5153 Redemptoris
2945 5083 3140 5138 nostri
3206 5084 3427 5145 facilis
3506 5093 3801 5150 misereri

2114 5167 2428 5256 clementia
2445 5168 2607 5256 votis
2638 5168 2792 5225 adsit
2809 5170 3327 5243 supplicantium,
3348 5192 3641 5256 quoque
3661 5181 3799 5240 mod:

2110 5255 2279 5310 locus
2306 5254 2400 5311 ille
2435 5255 2588 5312 inter
2617 5256 2845 5329 primos
2889 5258 3073 5315 totius
3114 5262 3296 5320 orbis
3344 5254 3799 5338 plenitudinee’

2110 5343 2485 5399 veneratione
2542 5343 2786 5413 fulgeat,
2839 5347 3056 5418 paucis
3114 5349 3336 5407 verbis
3398 5358 3791 5416 circme

2114 5432 2425 5487 Enimvero
2498 5433 2835 5505 antiquiora
2908 5438 3143 5507 posteri
3196 5448 3557 5505 memoria
3611 5448 3793 5505 trade?

431 5681 506 5750 (t)
537 5683 750 5736 Textus
778 5686 1152 5754 corruptione
1519 5708 1644 5750 non
1674 5708 1795 5750 uno
1816 5694 1887 5752 in
1914 5694 2049 5751 loco
2066 5693 2310 5754 laborat
