3950 6436
178 336 318 392 1445

1363 335 1452 389 DE
1494 333 1776 389 ORIGINE
1818 330 2239 387 IONASTERII
2282 331 2410 389 SUl.

3465 336 3605 388 1446

175 459 433 516 emnobii
464 458 661 514 Sancti
690 457 939 512 Andreae
964 456 1215 527 apostoli
1246 462 1302 512 et
1338 458 1835 513 restaurationem
1866 460 1915 510 Α
1950 456 2094 512 forte
2128 458 2416 521 munitus,
2458 458 2606 526 jucit
2646 456 3109 512 fundamentum
3153 472 3225 510 ex
3263 456 3609 525 vulgaribus

173 564 313 620 quae
358 564 566 603 coram
600 547 808 617 positis
846 546 1100 613 videtur,
1134 552 1191 600 et
1220 546 1432 609 legitur
1479 545 1837 600 sanctissimi

176 637 455 693 Germani
488 636 763 707 praesulis
790 634 1006 689 divinis
1048 636 1436 706 providentiae
1478 634 1721 705 quidem
1756 634 1839 688 fa-

172 732 340 781 ctum
374 744 385 780 :
421 725 789 780 clarissimus
831 724 1087 783 Pontius.
1122 725 1219 778 vix
1250 725 1483 779 eximiae
1515 723 1838 777 nobilitatis

175 815 631 886 probabilisque
682 816 837 880 vine,
870 817 1235 867 conventum
1284 813 1651 866 dominantis
1684 812 1839 865 illius

173 903 439 959 casnobii
470 901 854 974 procurabat,
900 902 1111 971 hisque
1162 904 1273 955 sub
1306 902 1487 955 felicis
1518 900 1837 955 memoriae.

176 992 511 1048 Seniofredi
557 990 812 1053 comitis,
846 990 949 1059 qui
978 990 1105 1058 jam
1135 1005 1303 1060 spem
1350 1006 1523 1043 suam
1558 990 1617 1043 in
1647 988 1842 1042 fructi-

172 1082 297 1138 bus
326 1082 720 1136 collocaverat
750 1080 943 1145 bonis,
969 1084 1023 1134 et
1047 1080 1269 1133 viribus
1288 1086 1467 1149 atque
1496 1078 1841 1134 auctoritate
1870 1136 1871 1139 η

176 1177 477 1242 potentior
494 1172 700 1235 inerat,
720 1169 967 1240 provide
994 1169 1175 1222 armis
1201 1169 1495 1239 patientiae
1520 1168 1839 1234 fulciretur,

174 1276 248 1315 ac
270 1276 390 1330 prae
419 1259 644 1314 creteris
668 1258 868 1325 gratiae
894 1274 1017 1311 suae
1054 1257 1115 1311 in
1146 1258 1348 1311 multis
1372 1258 1691 1311 haberetur
1722 1257 1841 1310 sin-

177 1349 427 1418 gularis,
458 1348 553 1403 die
581 1348 849 1418 quadam
879 1347 987 1417 piis
1016 1347 1212 1401 verbis
1232 1346 1436 1401 extulit
1456 1363 1593 1401 eum
1616 1346 1838 1399 dicens:

178 1440 337 1493 Loco
359 1453 481 1508 quo
506 1436 902 1507 praesidemus
924 1441 979 1490 et
1004 1440 1266 1506 paternae
1294 1436 1612 1501 vigilantire
1646 1435 1842 1489 officio

176 1526 648 1599 dispensationis
677 1542 884 1579 curam
935 1526 1309 1591 exhibemus,
1345 1530 1683 1580 Creatorem
1712 1541 1842 1579 om-

174 1617 351 1672 nium
378 1616 699 1683 magniﬁce
725 1615 1019 1679 bedimus,
1048 1616 1338 1685 quoniam
1370 1631 1567 1669 mrum
1600 1614 1841 1669 saecula-

178 1706 338 1760 rium
366 1704 563 1771 magis
596 1704 879 1757 volumus
904 1704 1231 1757 ambitione
1262 1704 1518 1757 distendi
1548 1719 1735 1773 quam
1765 1702 1843 1757 ad

1949 546 2106 600 saxis
2122 547 2639 617 popularibusque
2652 544 3380 617 quadrisluculentissime
3399 563 3611 617 ;quam

1949 650 2088 688 cum
2120 635 2293 689 altius
2324 636 2637 690 materiam
2670 635 2800 701 ejus
2832 633 2891 687 in
2923 632 3297 701 longitudine
3331 650 3521 706 usque
3551 636 3614 690 in

1950 723 2187 791 triginta
2220 730 2333 778 tres
2366 724 2618 790 cubitos,
2648 728 2705 777 et
2732 723 2789 778 in
2834 721 3144 777 latitudine
3175 737 3327 793 pene
3368 723 3429 777 in
3461 740 3613 795 qua-

1949 812 2226 881 draginta
2258 813 2489 885 palmas
2533 814 2840 879 elevasset,
2889 812 3132 869 tandem
3162 812 3225 866 in
3264 812 3615 869 excellentia

1950 917 2125 956 arcus
2164 903 2602 971 elegantissime
2657 902 2917 968 demisit,
2966 917 3149 956 causa
3192 902 3253 957 in
3307 904 3611 975 prosperis

1952 990 2251 1045 invidente
2290 1010 2301 1051 ;
2332 992 2645 1061 quoniam,
2680 994 2742 1046 ut
2771 990 2853 1045 ait
2882 990 3154 1061 quidam,
3186 990 3436 1046 felicitas
3470 991 3613 1045 sub-

1948 1079 2104 1146 jecta
2157 1087 2249 1134 est
2302 1098 2539 1152 semper
2591 1080 2879 1146 adversis,
2928 1080 3611 1151 pertransientqueeam

1953 1168 2214 1238 plurimi,
2248 1175 2303 1224 et
2334 1170 2643 1240 multiplex
2676 1169 2783 1224 erit
2811 1168 3075 1223 scicntia.

2026 1261 2163 1327 Ejus
2202 1261 2261 1315 in
2292 1261 2424 1315 loco
2456 1276 2672 1331 nempe
2718 1260 2968 1330 rapitur,
3002 1264 3065 1313 ut
3092 1259 3310 1323 decuit,
3362 1260 3615 1329 angelus

1951 1347 2045 1401 vel
2074 1349 2328 1403 ccelestis
2376 1350 2561 1404 homo
2612 1348 2907 1403 Vuarinus
2936 1347 3262 1402 identidem
3301 1353 3615 1404 exstruens

1954 1435 2286 1505 basilicam,
2340 1438 2594 1507 parietes
2654 1438 2956 1491 succincto
2996 1452 3175 1507 opere
3224 1436 3286 1491 in
3332 1436 3614 1505 magniﬁ-

1952 1540 2059 1579 cen
2070 1527 2144 1581 tia
2178 1526 2417 1581 fabricae
2434 1526 2981 1582 cumadmiratione
3002 1525 3261 1580 mirabili
3280 1526 3340 1580 in
3359 1526 3614 1582 sublime

1953 1615 2154 1677 erexit,
2192 1616 2426 1683 fastigia
2456 1632 2599 1670 vero
2626 1616 2904 1669 culminis
2930 1615 3281 1685 proceritate
3304 1615 3483 1670 simul
3504 1621 3617 1671 tra-

1952 1703 2119 1757 bium
2153 1709 2209 1758 et
2258 1711 2749 1759 ornamentorum
2792 1704 3142 1759 claritudine
3184 1703 3284 1758 illa
3316 1705 3613 1759 venustis-

180 1792 589 1864 reparandam
622 1790 875 1857 gemina:
920 1791 1256 1845 hostilitatis
1308 1791 1529 1845 bellum
1578 1795 1635 1845 et
1674 1808 1840 1844 smva:
1879 1805 1919 1860 Β
1954 1792 2099 1847 sime
2147 1795 2397 1865 Operuit.
2452 1795 2651 1848 Prima
2676 1810 2918 1864 quoque
2963 1793 3123 1847 aedes
3163 1794 3353 1847 sancti
3384 1798 3617 1849 sancto-

177 1880 490 1935 seditionis
522 1879 810 1933 tumultus
864 1879 923 1932 in
964 1879 1377 1949 prospectione
1424 1879 1842 1950 temporalium

180 1969 626 2041 [spiritualium]
676 1968 839 2039 quod
876 1972 992 2021 Deo
1024 1968 1256 2039 placeat
1285 1968 1573 2023 decertari
1626 1974 1681 2023 et
1711 1970 1841 2039 qui-

179 2059 325 2113 dem
376 2074 489 2112 nos
539 2063 675 2128 post.
721 2056 1069 2111 discrimina
1114 2056 1310 2117 totius,
1345 2062 1406 2111 ut
1456 2058 1536 2111 ita
1566 2056 1840 2126 dixerim,

181 2146 319 2210 loci,
368 2152 507 2217 post
548 2146 780 2211 virgam
828 2148 1042 2199 furoris
1092 2145 1211 2213 Dei,
1262 2146 1605 2215 improvisis
1645 2146 1842 2199 causis

180 2236 320 2306 plus
377 2236 593 2288 virtute
649 2249 835 2305 quam
897 2234 1179 2299 religione
1234 2234 1309 2288 ad
1372 2249 1517 2287 usus
1571 2235 1844 2289 omnium

181 2341 257 2379 ex
297 2324 512 2394 ineptis
543 2324 752 2377 ofﬁciis
782 2323 1156 2376 decurrimus
1188 2323 1501 2385 beatiores,
1550 2324 1673 2377 sine
1706 2338 1843 2393 pro-

182 2413 316 2484 prio
347 2412 564 2465 sudore
607 2417 818 2465 nostrae
847 2427 1064 2465 manus
1095 2412 1172 2464 ab
1200 2412 1484 2464 omnibus
1526 2412 1847 2465 laudantur

184 2506 478 2573 potestate
525 2500 922 2553 sublimiores.
968 2504 1096 2570 lpse
1130 2500 1409 2570 denique,
1457 2500 1608 2553 sicut
1638 2500 1843 2565 nostis,

186 2606 296 2661 per
325 2605 515 2660 aquas
558 2588 751 2643 cmdes
800 2603 1057 2655 magnas
1102 2588 1315 2647 intulit,
1359 2594 1414 2641 et
1457 2588 1537 2641 ob
1569 2591 1847 2643 meritum

178 2680 382 2749 eulpae
415 2677 827 2732 miserabiliter
852 2684 1167 2747 superatus
1200 2676 1403 2747 periit;
1432 2678 1513 2730 sic
1544 2693 1786 2748 quoque
1813 2693 1849 2731 a

185 2767 632 2821 venerabilibus
664 2766 803 2819 viris
836 2782 907 2820 ex
925 2766 1289 2827 benignitate
1316 2767 1551 2834 juratus
1579 2771 1635 2819 et
1665 2768 1848 2819 refor-

184 2862 408 2921 matus,
439 2855 862 2926 regalibusque
903 2855 1214 2926 praeceptis
1264 2854 1353 2907 vel
1400 2854 1725 2924 privilegiis
1758 2870 1848 2907 ro-

186 2948 453 3009 boratus,
485 2960 592 3017 per
614 2945 946 3015 jussionem
976 2944 1307 2998 serenitatis
1340 2949 1554 2997 nostrae
1588 2943 1667 2998 ad
1696 2959 1848 3014 opus

186 3037 595 3093 intermissum
644 3042 926 3107 priestare
973 3036 1130 3088 duco
1183 3034 1669 3105 supplementum
1728 3049 1849 3104 quo

1951 1897 2106 1949 rum,
2141 1898 2274 1953 quae
2328 1889 2381 1937 et
2430 1883 2869 1954 presbyterium
2910 1882 3147 1950 dicitur,
3180 1887 3236 1937 et
3274 1882 3404 1953 ipsa
3428 1882 3618 1953 plani-

1954 1972 2057 2026 ties
2092 1977 2258 2039 grato
2301 1988 2481 2043 opere
2526 1972 2714 2033 facta;
2766 1987 2949 2042 supra
2976 1987 3163 2042 quam
3204 1972 3489 2043 principis
3516 1972 3612 2027 Mi.

1953 2060 2174 2115 chaelis
2206 2061 2387 2115 altare
2420 2062 2477 2115 in
2524 2066 2784 2131 quatuor
2822 2060 3245 2131 pulcherrimis
3294 2060 3613 2129 columnis,

1955 2165 2025 2204 ex
2056 2155 2519 2213 agonoscemate
2552 2149 2740 2218 factis,
2782 2148 3009 2203 honore
3058 2149 3361 2216 condigne
3393 2150 3614 2204 statuit.

1956 2240 2109 2293 Totae
2129 2240 2355 2309 quippe
2387 2238 2623 2292 illarum
2651 2238 2872 2291 frontes
2904 2238 3145 2291 artiﬁcis
3188 2238 3443 2291 exterius
3468 2238 3620 2309 peri-

1956 2326 2037 2379 tia
2090 2326 2307 2397 politae,
2361 2327 2605 2381 interius
2661 2341 2806 2379 vero
2863 2330 3213 2389 excavatae;
3285 2326 3344 2379 in
3399 2326 3620 2396 quibus

1957 2431 2127 2469 aram
2158 2432 2508 2469 mensuram
2556 2415 2830 2469 vastioris
2874 2414 3310 2481 grossitudinis,
3342 2420 3417 2479 et,
3448 2420 3513 2468 ut
3540 2415 3621 2469 ita

1956 2505 2171 2569 dicem,
2202 2505 2480 2559 tredecim
2511 2504 2832 2575 semipedis
2864 2503 3045 2571 longa
3068 2509 3125 2558 et
3144 2518 3359 2558 novem
3391 2504 3617 2575 ampla,

1958 2592 2363 2663 omnibusque
2430 2592 2725 2646 columnis
2791 2591 2869 2645 ad
2926 2607 3061 2645 eam
3120 2592 3415 2646 introitus.
3487 2592 3620 2663 Ipsa

1960 2687 2159 2736 autem
2208 2682 2365 2736 intus
2399 2696 2468 2735 ac
2501 2681 2642 2735 foris
2681 2680 2827 2734 nihil
2853 2680 3020 2750 quod
3047 2679 3286 2734 animus
3329 2684 3432 2735 aut
3456 2681 3619 2735 oculi

1959 2773 2251 2825 mirentur
2280 2770 2482 2825 minus
2514 2785 2636 2841 prae
2669 2768 2946 2823 albedine
2998 2769 3204 2823 nimia.
3238 2768 3297 2822 in
3349 2769 3617 2823 medium

1961 2860 2257 2931 siquidem
2290 2860 2490 2915 altaris
2511 2858 2758 2912 viviﬁcre
2788 2858 2981 2912 crucis
3000 2857 3250 2912 modum
3282 2858 3621 2913 intercludit

1962 2950 2344 3017 terrigenum,
2377 2954 2433 3003 et
2477 2947 2849 3019 profundiori
2902 2948 3033 3001 loco
3060 2948 3119 3001 in
3170 2947 3620 3003 invisibiliorem

1959 3053 2141 3108 quem
2170 3038 2297 3108 ipse
2322 3036 2746 3105 Hierosolymis
2768 3040 2825 3089 et
2850 3038 3052 3090 Romae
3082 3034 3175 3090 vel
3204 3036 3263 3090 in
3284 3036 3621 3108 acquilibus

187 3126 392 3182 diluvii
443 3126 721 3196 impetus,
770 3124 857 3177 vel
920 3124 1243 3178 fulminum
1275 3124 1425 3177 ictus
1467 3125 1654 3194 possit
1701 3123 1849 3177 ferre
1883 3148 1924 3200 ο
1960 3126 2106 3181 locis
2128 3142 2350 3180 munus
2370 3124 2894 3195 datis,altquando
2920 3125 3156 3191 magnis
3180 3126 3380 3195 pretiis
3423 3124 3624 3195 acqui-

189 3221 246 3271 et
296 3214 719 3269 inundationes
766 3213 1105 3284 pluviarum
1133 3213 1192 3265 in
1225 3228 1393 3284 spem
1428 3212 1629 3280 gaudii
1660 3212 1852 3267 valeat

190 3305 353 3359 dare.

263 3394 351 3448 Ad
380 3406 563 3464 quem
596 3392 689 3445 ille
721 3411 731 3445 :
770 3414 795 3437 ‹‹
826 3391 987 3445 Unde
1016 3391 1159 3445 mihi
1194 3406 1411 3445 nomen
1443 3396 1499 3443 et
1528 3390 1723 3445 laudis
1752 3392 1853 3443 ho-

194 3484 370 3537 stiam
402 3484 491 3535 vel
519 3482 734 3537 animai
764 3498 911 3535 mene
946 3481 1201 3534 laetitiam
1230 3482 1256 3532 Ῥ
1278 3504 1303 3525 ››
1343 3484 1433 3532 Est
1469 3495 1684 3550 perpar
1702 3479 1847 3548 mla,

192 3572 400 3642 inquit,
453 3586 573 3625 non
612 3570 812 3623 dicam
859 3570 1127 3636 coclesia,
1188 3569 1289 3621 sed
1345 3568 1673 3621 oratorium
1716 3573 1850 3620 ante

198 3659 488 3729 templum
550 3659 755 3713 domni
809 3658 1103 3723 Germani,
1166 3656 1456 3710 Michaelis
1511 3655 1852 3719 archangeli

196 3748 359 3804 titulo
428 3748 797 3812 insignitum,
860 3747 961 3817 qui
1028 3746 1340 3816 aliquoties
1419 3761 1457 3798 a~
1524 3745 1853 3815 frequentia

194 3838 467 3893 omnium
498 3841 703 3891 manet
730 3836 1061 3889 exclusum.
1094 3836 1208 3905 Ipsi
1241 3850 1383 3901 ergo
1416 3840 1603 3887 totum
1636 3849 1853 3903 corpus

194 3926 455 3983 ecclesiae
511 3942 648 3979 cum
706 3925 1142 3979 habitatoribus
1199 3924 1343 3991 suis,
1394 3924 1565 3993 juxta
1611 3938 1855 3975 sensum

194 4023 373 4087 atque
400 4015 754 4086 sapientiam
784 4020 1065 4073 vestram,
1101 4014 1157 4067 in
1191 4013 1516 4066 vindictam
1549 4012 1769 4083 patriae,
1796 4012 1855 4065 in

194 4104 587 4160 commodum
618 4108 919 4175 perpetuae
947 4102 1188 4169 militiae,
1215 4102 1503 4155 adversus
1530 4102 1854 4154 infructuo-

195 4208 327 4247 sam
380 4192 811 4261 malignitatem
871 4191 1102 4245 decenti
1150 4191 1377 4244 honore
1436 4190 1700 4243 funditus
1753 4188 1857 4241 eri-

198 4298 417 4353 gamus
470 4281 692 4335 aulam.
751 4284 910 4334 Tunc
959 4279 1239 4350 princeps
1281 4279 1455 4349 quasi
1505 4283 1856 4348 conceptam

196 4370 670 4425 misericordiam
710 4370 962 4422 festinus
997 4369 1306 4432 concessit,
1342 4373 1395 4421 et
1428 4368 1505 4421 ait
1541 4384 1553 4420 :
1610 4367 1859 4420 Licitum

196 4462 307 4516 erit
360 4459 630 4527 gloriosis
675 4458 954 4529 precibus
1012 4457 1294 4510 omnibus
1346 4456 1857 4527 prosequendum,

196 4550 278 4605 ita
334 4554 396 4603 ut
448 4548 561 4602 sub
613 4548 833 4601 nullius
889 4547 1193 4613 redigatur
1246 4550 1599 4617 potestatem
1649 4549 1704 4599 et
1753 4546 1860 4599 do-

199 4654 337 4694 mus
392 4638 624 4693 Domini
674 4637 731 4691 in
778 4637 1062 4707 religione
1110 4640 1167 4690 et
1208 4635 1451 4689 laudem
1509 4634 1601 4689 vel
1649 4634 1862 4689 virtute

199 4726 415 4783 Christi
458 4726 799 4796 summique
856 4723 1149 4779 Michaelis
1202 4725 1429 4778 honore
1484 4726 1864 4777 construatur

197 4815 584 4886 infelicesque
643 4813 866 4867 inimici
920 4828 1027 4884 per
1084 4812 1365 4865 eumdem
1434 4811 1864 4877 archangelum

198 4903 541 4971 eﬁugentur
584 4908 640 4957 et
680 4906 1119 4973 persequantur
1149 4899 1346 4971 potius
1398 4915 1583 4970 quam
1635 4898 1866 4969 partici-

199 4999 420 5065 pentur
454 5011 465 5059 ;
508 4996 583 5057 et,
619 4996 681 5045 ut
712 4992 921 5045 merito
948 4990 1181 5061 loquar,
1217 4993 1560 5043 sanctorum
1592 4988 1865 5042 omnium

197 5084 520 5155 primatem
555 5081 919 5153 superbi'gue
963 5078 1249 5134 Draconis
1290 5078 1573 5132 victorem
1605 5078 1774 5131 decet
1805 5081 1867 5130 ut

199 5174 333 5244 ejus
363 5173 675 5228 ecclesiam
708 5188 944 5227 sacram
975 5171 1260 5237 obtineat,
1294 5170 1624 5240 potentiam
1673 5174 1728 5223 et
1757 5169 1864 5222 ha-

200 5263 342 5317 beat
372 5267 593 5317 sortem
628 5276 881 5321 coronae,
910 5265 966 5313 et
1006 5258 1131 5330 ipse
1184 5258 1432 5326 belliger
1481 5258 1674 5312 celsus
1716 5274 1866 5329 prae-

200 5352 383 5406 sentis
416 5350 615 5405 saeculi
651 5354 722 5404 sit
776 5350 939 5403 salus
990 5354 1045 5401 et
1099 5348 1263 5402 omni
1296 5347 1623 5419 posteritati
1678 5347 1866 5417 gentis

199 5446 439 5510 nostrae,
490 5441 637 5509 dux,
684 5444 739 5493 et
792 5439 1074 5493 defensor
1104 5438 1365 5508 novique
1414 5438 1599 5507 praelii
1659 5437 1866 5492 trium-

199 5532 441 5604 phator,
474 5536 532 5588 et
559 5531 672 5586 sibi
705 5529 1045 5602 parentium
1073 5527 1351 5582 defensor
1383 5527 1680 5595 benignus
1714 5527 1868 5581 inve-

200 5622 423 5675 niatur.

279 5712 360 5763 [ta
410 5722 557 5779 ergo
584 5708 646 5763 in
698 5722 887 5762 unum
923 5703 1312 5761 humanitatis
1364 5719 1704 5759 sermonem
1735 5703 1867 5759 dili-

204 5799 560 5868 gentissime
604 5800 918 5871 ponentes,
946 5796 1037 5852 vir
1085 5794 1324 5865 dignus,
1357 5794 1626 5865 angelico
1656 5794 1869 5853 solatio

1962 3216 2157 3279 sierat,
2190 3215 2350 3268 visus
2381 3218 2467 3267 est
2492 3212 2692 3267 ordiri.
2730 3214 2791 3265 In
2824 3212 3013 3267 altiori
3038 3228 3255 3284 nempe
3281 3214 3472 3281 gradu
3498 3214 3626 3284 ptu-

1960 3304 2113 3357 rima
2144 3303 2366 3375 quibus
2398 3302 2557 3355 idem
2588 3301 2754 3355 locus
2786 3300 3131 3365 excellebat,
3158 3306 3505 3355 sanctorum
3536 3302 3624 3372 pi-

1963 3408 2172 3459 gnora,
2197 3399 2253 3446 et
2278 3408 2412 3461 quae
2439 3407 2473 3443 a
2496 3390 2785 3458 religiosis
2812 3390 2950 3443 viris
2981 3390 3136 3443 datae
3166 3395 3307 3443 sunt
3336 3390 3623 3460 reliquiae,

1962 3486 2083 3534 tota
2112 3479 2324 3532 mentis
2356 3478 2571 3531 intuitu
2605 3482 2845 3545 totaque
2871 3474 3068 3530 cordis
3100 3474 3628 3537 devotione,bene—

1960 3568 2221 3621 dicentes
2254 3565 2347 3618 Dei
2364 3564 2545 3617 nostri
2570 3563 3354 3633 clementiam,sepelierunt.
3366 3564 3627 3634 Denique

1961 3661 2009 3710 is
2057 3656 2130 3709 de
2179 3670 2302 3725 quo
2331 3667 2515 3723 supra
2545 3651 2852 3705 retulimus
2885 3651 3103 3705 chorus
3154 3653 3625 3706 reverendarer

1962 3743 2285 3816 praesidum
2312 3742 2696 3794 innumerosa
2719 3740 3027 3808 congeries
3041 3738 3472 3795 advocatorum
3488 3756 3629 3795 con-

1964 3838 2250 3888 structum
2280 3831 2463 3884 altare
2494 3829 2764 3899 mysticis
2796 3828 3190 3899 spiritualium
3212 3830 3629 3884 sanctificatio-

1964 3939 2111 3977 num
2142 3920 2627 3987 charismatibus,
2662 3923 2719 3971 et
2741 3918 2892 3971 sacri
2922 3917 3302 3971 charismatis
3332 3919 3628 3973 unctioni-

1966 4013 2079 4066 bus
2105 4011 2436 4065 delibutum
2462 4009 2538 4062 ad
2562 4008 2641 4061 im
2652 4007 2998 4061 molandam
3015 4007 3425 4078 Redemptoris
3445 4007 3633 4062 nostri

1965 4101 2223 4157 hostiam
2255 4115 2391 4153 cum
2439 4098 2625 4170 ipsius
2678 4097 3049 4152 invocatione
3101 4098 3365 4151 muneris
3406 4096 3635 4167 magni-

1968 4207 2117 4262 sque
2140 4190 2313 4244 totius
2342 4187 2569 4242 ordinis
2598 4186 2882 4240 laudibus
2909 4191 3242 4239 erexerunt.
3262 4189 3321 4239 In
3345 4185 3634 4239 altaribus

1967 4278 2201 4332 interim
2228 4276 2493 4330 ecclesiae
2521 4273 2751 4327 nomini
2782 4289 2891 4326 suo
2917 4273 3130 4343 cuique
3156 4272 3438 4343 reliquias
3460 4273 3633 4327 misev

1968 4373 2139 4433 rnnt;
2173 4371 2227 4420 et
2252 4364 2413 4419 unde
2433 4377 2669 4432 semper
2690 4360 2977 4415 laudandi
3000 4365 3197 4414 essent
3212 4360 3635 4431 perpetuali‘ter

1972 4474 2081 4511 usu
2125 4451 2530 4508 ecclesiastico
2564 4449 2941 4505 tradiderunt
2984 4447 3445 4502 succedentibus
3484 4462 3633 4519 quo-

1968 4556 2085 4614 que
2116 4546 2240 4595 tam
2290 4554 2399 4611 pro
2444 4538 2761 4592 stabilitate
2818 4536 2987 4607 regni
3030 4535 3245 4590 terreni
3284 4549 3472 4606 quam
3520 4551 3633 4607 pro

1971 4630 2245 4685 facilitate
2275 4628 2444 4697 regni
2475 4625 2746 4681 caelestis.

2042 4720 2125 4773 Ex
2176 4717 2391 4787 majori
2442 4716 2611 4771 altari
2663 4713 2929 4785 reliquiis
2977 4714 3059 4767 ita
3106 4711 3411 4767 memoria:
3460 4725 3631 4767 man-

1969 4810 2261 4863 daverunt
2294 4824 2306 4859 ε
2349 4810 2485 4859 sunt
2514 4803 2573 4857 in
2604 4803 2719 4857 hoc
2748 4801 3073 4857 venerabili
3113 4800 3281 4856 altari
3337 4799 3633 4871 imprimis

1971 4896 2234 4968 reliquiae
2284 4894 2441 4948 illius
2497 4892 2814 4947 salutiferae
2870 4890 3063 4945 erucis
3097 4890 3158 4943 in
3209 4902 3331 4959 qua
3363 4890 3481 4942 Rex
3511 4903 3633 4942 cce-

1972 4988 2188 5047 lorum,
2247 4983 2532 5039 Dominus
2571 4988 2772 5035 noster
2804 4979 2904 5035 Dei
2946 4979 3144 5040 Filius,
3198 4977 3374 5032 totius
3420 4976 3635 5031 mundi

1970 5074 2269 5149 passionis
2317 5076 2761 5126 sacramentum
2816 5066 3139 5139 complexit
3180 5070 3237 5119 et
3275 5079 3497 5119 munus
3548 5080 3636 5118 re-

1973 5166 2277 5222 missionis
2352 5178 2463 5235 pro
2521 5160 2868 5215 mortalium
2930 5158 3045 5212 vita
3102 5153 3360 5227 pertulit.
3428 5153 3637 5210 Insunt

1975 5256 2239 5328 reliquiae
2263 5254 2337 5308 de
2372 5251 2660 5306 velamine
2705 5247 2921 5321 pannis
2971 5245 3192 5317 quibus
3219 5248 3509 5314 susceptae
3540 5243 3633 5298 In-

1976 5343 2337 5402 carnationis
2392 5341 2671 5395 decorem
2730 5335 2943 5409 puerili
2990 5335 3050 5388 in
3105 5347 3355 5404 corpore
3404 5332 3635 5388 obsitus

1976 5435 2201 5490 mansit
2248 5434 2432 5487 homo
2464 5435 2521 5484 et
2553 5432 2722 5483 Deus.
2774 5428 2919 5481 Sunt
2966 5423 3231 5495 reliquiae
3283 5423 3358 5477 de
3390 5422 3634 5477 sudario

1978 5524 2184 5596 capitis
2219 5521 2474 5589 Domini,
2526 5520 2584 5573 in
2615 5533 2736 5589 quo
2767 5514 3037 5569 laborem
3068 5512 3368 5585 passionis
3398 5513 3528 5582 ejus
3555 5510 3633 5564 ab

1978 5611 2323 5668 celsitudine
2382 5605 2708 5661 divinitatis
2764 5601 3151 5672 disjungitur,
3210 5606 3267 5657 et
3319 5598 3632 5655 inﬁrmitas

1977 5705 2194 5757 nostrai
2241 5694 2597 5767 cognitionis
2628 5692 2705 5748 ab
2744 5691 2875 5761 ejus
2905 5690 3170 5764 potentia
3200 5690 3635 5746 tormentorum

1977 5791 2186 5848 labors
2216 5786 2527 5858 ﬁguratur.
2561 5786 2771 5839 Insunt
2814 5781 3078 5855 ntiqui-
3127 5780 3207 5837 ὼ
3229 5780 3428 5844 linteo,
3472 5772 3635 5832 inde
