3950 6416
404 318 538 376 1447

1498 315 1796 371 GARCIAS
1835 308 2218 370 MONACHUS
2257 310 2703 371 CUXASENSIS.

3694 324 3811 375 1448

401 448 554 501 Deus
584 448 641 499 et
671 443 864 499 Homo
902 458 1013 497 sua
1050 441 1324 496 membra
1354 438 1747 495 circumdedit
1792 441 1849 493 et
1876 436 2057 491 disci-
2094 432 2137 491 Α
2170 435 2425 492 civitate.
2460 439 2607 494 Sunt
2631 438 2896 512 reliquiae
2917 438 3079 495 beati
3110 440 3427 497 Clementis
3450 443 3556 514 qui
3577 448 3814 514 quartus

396 532 681 606 pulorum
735 546 985 586 suorum
1037 530 1223 602 pedes
1264 528 1565 583 humiliter
1592 528 1845 584 abluens
1876 527 2055 582 tersit.

399 623 547 679 Sunt
578 620 840 693 reliquiae
862 619 936 674 de
961 617 1367 691 sepulcro,ubi
1392 617 1701 673 Dominica
1725 633 1884 681 caro,
1888 618 2060 687 juxta

395 715 679 766 naturam
710 708 933 781 quievit
971 712 1028 763 et
1060 708 1369 762 vivificans
1400 711 1655 762 mortem
1688 710 1957 762 nostram
1985 722 2057 760 ex

393 801 526 871 ipso
558 815 595 854 a
622 798 873 853 mortuis
901 796 1238 853 resurrexit.
1276 800 1481 852 Insunt
1506 796 1770 868 reliquiae
1798 795 1872 851 de
1903 811 2055 868 prae-

396 887 546 961 sepi,
570 888 631 942 in
660 903 782 959 quo
813 887 1106 942 infantilia
1136 885 1411 941 membra
1438 886 1537 941 Dei
1568 885 1799 941 Domini
1824 884 1923 957 pia
1945 887 2057 940 Ma—

392 981 498 1045 ter,
520 974 855 1032 secundum
891 976 1045 1031 servi
1078 976 1354 1037 formam,
1379 974 1707 1029 reclinavit.
1746 976 1893 1029 Sunt
1922 972 2055 1027 reli-

389 1061 549 1134 quiae
599 1076 671 1115 ex
731 1059 1083 1129 fragmentis
1136 1059 1291 1114 illius
1344 1058 1521 1131 panis
1578 1057 1741 1113 unde
1784 1056 2056 1129 quinque

392 1149 577 1205 millia
606 1149 924 1203 hominum
973 1164 1043 1203 ex
1088 1148 1360 1220 quinque
1415 1147 1677 1219 panibus
1712 1152 1769 1201 et
1813 1145 2055 1201 duobus

387 1239 655 1312 piscibus
679 1238 738 1293 in
759 1238 995 1293 deserto
1022 1237 1345 1292 satiaverat
1376 1236 1661 1293 Christus.
1690 1240 1899 1291 Insunt
1926 1234 2056 1290 reli-

387 1327 545 1400 quiae
567 1325 641 1381 de
657 1325 1012 1380 vestimento
1032 1325 1392 1381 beatissimae
1414 1324 1662 1394 virginis
1690 1323 1901 1386 Mariae,
1916 1338 2052 1394 quae

390 1418 836 1471 sacramentum
904 1414 1123 1469 divinae
1180 1412 1613 1469 incarnationis
1679 1410 2052 1483 specietenus

388 1503 603 1561 clausit
638 1508 696 1559 et
722 1503 1038 1559 viviﬁcans
1064 1502 1165 1559 Dei
1198 1502 1457 1557 Verbum
1489 1501 1549 1556 in
1577 1506 1749 1555 utero
1780 1497 2054 1569 concepit

386 1599 445 1649 et
474 1593 696 1662 genuit.
748 1595 897 1649 Sunt
924 1592 1188 1664 reliquiae
1217 1591 1409 1663 ipsius
1440 1590 1680 1661 gloriosi
1710 1587 2051 1657 archangeli

386 1681 700 1747 Michaelis,
752 1697 823 1737 ex
851 1680 1031 1754 pallio
1064 1681 1285 1736 scilicet
1313 1680 1443 1750 ejus
1469 1682 1692 1734 sancta
1724 1676 2047 1732 memoriae.

2168 531 2304 597 post
2335 528 2575 583 Petrum
2630 532 2966 585 Romanam
3021 529 3173 585 rexit
3222 531 3567 601 Ecclesium,
3623 538 3680 588 et
3716 534 3815 589 sub

2166 617 2581 687 persecutione
2606 618 2733 689 Traj
2743 617 2842 673 ani
2853 620 3038 674 Trans
3058 621 3311 677 Pontum
3339 636 3503 676 mare
3526 625 3585 677 in
3602 637 3811 689 eremo,

2165 704 2333 775 quod
2363 704 2599 775 adjacet
2627 705 2848 762 civitati
2889 708 3225 775 Chersonaa,
3259 708 3558 778 relegatur
3580 711 3812 777 emilio;

2164 792 2469 866 ligataque
2500 794 2579 849 ad
2612 794 2833 850 collum
2860 797 2990 867 ejus
3021 797 3310 866 anchora,
3338 802 3396 853 et
3425 799 3816 871 praecipitatus

2164 882 2225 937 in
2276 882 2462 937 maris
2495 883 2716 949 medio,
2749 884 2881 955 ejus
2911 886 3204 941 memoria
3238 902 3431 959 usque
3472 887 3652 943 hodie
3684 889 3816 944 inibi

2165 970 2516 1026 custoditur.
2553 974 2701 1028 Sunt
2746 972 3011 1045 reliquiis
3062 975 3251 1030 sancti
3299 976 3656 1049 Apollinaris
3701 978 3814 1050 epi-

2164 1060 2330 1131 scopi
2377 1064 2434 1114 et
2476 1061 2778 1131 martyris,
2810 1062 2917 1134 qui
2944 1062 3025 1117 ab
3054 1063 3366 1120 Antiochia
3397 1071 3636 1121 secutus
3685 1081 3819 1138 apo-

2166 1146 2385 1201 stolum
2418 1148 2775 1211 Petrum,ab
2806 1148 2953 1205 urbe
2981 1152 3169 1206 Roma
3194 1152 3272 1205 ab
3304 1151 3517 1207 eodem
3550 1153 3815 1225 apostolo

2162 1235 2388 1290 missus
2418 1237 2914 1305 Ravennam,sub
2937 1238 3304 1309 Vespasiano
3333 1242 3585 1309 Caesare,
3604 1245 3817 1312 marty-

2160 1323 2319 1379 rium
2368 1325 2829 1381 consummavit.
2883 1326 3096 1382 Insunt
3142 1327 3405 1400 reliquiae
3448 1329 3608 1385 beati
3639 1329 3816 1385 Seba~

2162 1412 2361 1481 stiani,
2393 1413 2488 1468 cui
2534 1414 2648 1468 sub
2700 1415 3115 1487 persecutione
3171 1416 3514 1473 Diocletiani
3555 1421 3613 1473 et
3656 1419 3819 1475 Maxi-

2162 1501 2347 1557 miani
2376 1502 2834 1574 imperatorum,
2874 1509 3011 1576 post
3040 1504 3445 1578 principatum
3486 1507 3700 1579 primae
3729 1524 3817 1563 οο·

2162 1590 2346 1645 hortis
2379 1596 2436 1646 et
2458 1590 2690 1660 fugitivi
2721 1592 2924 1648 saeculi
2956 1592 3391 1662 blandimenta,
3436 1596 3665 1665 sagittis
3690 1612 3822 1669 per-

2160 1677 2388 1734 foratus
2436 1695 2473 1734 a
2512 1678 2821 1747 militibus,
2853 1684 2911 1735 et
2958 1680 3297 1751 fustigatus,
3344 1684 3547 1738 Romae
3596 1688 3820 1754 martyr

387 1772 596 1827 Insunt
622 1770 843 1843 requise
873 1787 945 1825 ex
972 1769 1201 1842 capillis
1224 1769 1381 1824 beati
1409 1765 1798 1840 praecursoris
1821 1770 1878 1820 et
1909 1768 2052 1837 Bap-
2086 1787 2129 1841 Β
2159 1767 2430 1839 pervenit
2472 1766 2553 1822 ad
2604 1767 2919 1823 Christum.
2968 1771 3116 1825 Sunt
3139 1769 3406 1841 reliquiae
3457 1771 3647 1827 sancti
3700 1771 3820 1826 Vin-

385 1860 532 1916 tistlB
577 1860 842 1923 Joannis,
885 1859 989 1931 qui
1033 1859 1111 1914 ab
1146 1858 1374 1913 Herode
1428 1861 1671 1928 propter
1722 1855 2051 1910 fraternum

384 1949 550 2023 quod
591 1948 896 2022 prohibuit
922 1948 1141 2003 violare
1173 1946 1544 2003 connubium
1574 1959 1809 1999 carcere
1841 1947 1896 1997 et
1926 1942 2050 1997 vin-

384 2038 533 2094 culis
572 2037 972 2109 mancipatur,
1014 2040 1072 2091 et
1101 2035 1179 2090 ad
1210 2035 1556 2107 petitionem
1591 2033 1910 2088 mulierum
1940 2047 2050 2102 pro

386 2126 799 2198 Redemptoris
817 2125 1003 2181 nostri
1033 2125 1375 2179 testimonio
1392 2124 1584 2195 capite
1608 2121 2053 2194 plectitur.Sunt

385 2212 653 2284 reliquiae
690 2213 766 2268 de
797 2212 989 2268 barba
1019 2217 1077 2267 et
1122 2210 1433 2282 corporale
1475 2209 1651 2264 simul
1682 2214 1738 2263 et
1768 2224 1941 2263 cruce
1990 2209 2045 2264 S.

385 2301 540 2356 Petri
567 2300 843 2373 apostoli,
862 2300 966 2373 qui
990 2300 1050 2355 in
1083 2299 1460 2355 confessione
1488 2297 1775 2367 unigeniti
1802 2296 1925 2351 Filii
1952 2296 2047 2351 Dei

385 2388 617 2461 accepit
644 2388 971 2461 primatum
1017 2388 1078 2443 in
1110 2386 1507 2442 fundamento
1536 2386 1756 2440 domus
1788 2384 2044 2450 domini,

383 2482 441 2533 et
470 2476 702 2549 primus
747 2476 1181 2531 sacerdotalem
1228 2474 1579 2530 cathedram
1624 2473 1791 2528 urbis
1823 2476 2046 2541 Romee,

386 2566 503 2622 sub
555 2569 781 2622 Nerone
825 2568 1076 2631 Caesare,
1109 2565 1271 2621 cruci
1302 2563 1517 2620 afﬁxus
1548 2564 1761 2635 capite,
1810 2567 1873 2617 ut
1920 2562 2047 2634 ipse

382 2655 594 2723 voluit,
624 2655 701 2711 ad
736 2660 953 2711 terram
997 2671 1168 2709 verso
1195 2654 1484 2725 martyrio
1512 2656 1851 2718 coronatur,
1883 2656 1940 2706 et
1964 2651 2048 2706 ibi

382 2745 571 2814 digno
622 2744 851 2799 honore
893 2743 1192 2815 sepelitur.
1239 2743 1448 2797 Insunt
1496 2740 1761 2813 reliquiae
1792 2739 2045 2811 apostoli

381 2834 565 2899 Pauli,
593 2833 700 2906 qui
738 2833 891 2888 inter
916 2832 1223 2904 apostolos
1266 2831 1619 2901 dignitatem
1651 2829 1867 2884 meruit
1896 2844 2043 2899 apo-

382 2923 650 2987 stolatus,
667 2926 722 2977 et
738 2921 797 2977 in
814 2937 957 2976 vera
978 2920 1262 2987 religione
1277 2919 1542 2988 gentium
1562 2918 1846 2987 magister
1860 2932 2044 2988 appo-

381 3014 550 3075 situs,
581 3027 692 3084 pro
720 3012 962 3066 veritate
1004 3010 1216 3067 Christi
1249 3025 1285 3064 a
1313 3013 1540 3064 Nerone
1570 3008 1762 3080 capite
1802 3012 2041 3061 trunca-

2162 1855 2334 1909 centii
2370 1855 2650 1927 martyris
2695 1860 2751 1910 et
2777 1855 2989 1926 levitae,
3031 1857 3137 1928 qui
3185 1873 3324 1912 cum
3357 1864 3564 1914 sancto
3594 1859 3817 1915 Valerio

2160 1944 2447 2016 episcopo
2480 1960 2612 2010 suo,
2632 1945 2693 1999 in
2722 1947 2957 2001 Caesara
2986 1951 3243 2015 augusta
3274 1946 3506 2002 civitate
3520 1947 3814 2011 Valentite,

2160 2032 2422 2105 plurima
2452 2049 2558 2105 per
2601 2033 2842 2089 vincula
2868 2036 3122 2089 carceris
3152 2040 3511 2101 maceratus,
3560 2036 3679 2091 sub
3713 2040 3815 2092 Da-

2159 2122 2333 2177 ciano
2363 2122 2797 2192 infatigabilem
2822 2123 3096 2194 spiritum
3128 2128 3357 2196 martyr
3396 2125 3605 2181 Christi
3631 2125 3819 2180 reddi-

2157 2210 2260 2266 dit.
2306 2215 2512 2266 Insunt
2542 2210 2805 2283 reliquiae
2838 2212 3030 2267 sancti
3057 2212 3325 2282 Mauritii,
3351 2212 3457 2284 qui
3482 2213 3592 2268 fuit
3618 2213 3816 2285 primi-

2158 2300 2350 2355 cerius
2391 2299 2646 2369 legionis
2674 2299 2831 2355 illius
2861 2316 2996 2372 quae
3029 2300 3143 2355 sub
3182 2300 3540 2356 Maximiano
3571 2301 3633 2356 in
3677 2301 3814 2357 civi-

2157 2392 2273 2443 tate
2308 2388 2417 2444 Sed
2428 2387 2707 2457 uno,loco
2729 2394 3121 2461 Agauno,pro
3144 2388 3372 2445 Christo
3395 2389 3815 2457 gloriosissime

2157 2475 2425 2531 coronati
2479 2480 2636 2531 sunt.
2683 2478 2830 2533 Sunt
2872 2476 3137 2549 reliquiae
3179 2476 3342 2533 beati
3373 2477 3642 2548 Victoris,

2157 2564 2322 2636 apud
2343 2564 2663 2620 Massiliam
2694 2564 3105 2620 crudelissime
3139 2582 3330 2620 caesus
3363 2582 3432 2621 ac
3464 2582 3813 2638 suspensus.

2157 2658 2215 2709 et
2242 2653 2461 2709 taureis
2506 2653 2824 2717 cruciatus,
2859 2658 2917 2709 et
2957 2654 3019 2709 in
3050 2654 3278 2710 molam
3326 2654 3642 2727 pistoriam
3684 2656 3816 2711 mis-

2152 2759 2280 2808 sus,
2311 2742 2668 2813 martyrium
2709 2743 3174 2799 consummavit.

2228 2834 2434 2885 Insunt
2460 2830 2726 2902 reliquiae
2754 2832 2945 2886 sancti
2976 2833 3298 2899 Saturnini,
3315 2833 3440 2905 qui,
3462 2832 3627 2905 apud
3648 2832 3812 2889 Tolo-

2154 2935 2307 2984 sam,
2342 2919 2713 2990 temporibus
2745 2920 2899 2974 Decii
2931 2920 2992 2975 in
3033 2921 3322 2993 Capitolio
3350 2921 3623 2992 ejusdem
3652 2921 3813 2976 urbis

2151 3025 2189 3063 a
2220 3010 2475 3079 paganis
2500 3013 2695 3064 tentus
2729 3012 3025 3081 tauroque
3054 3009 3133 3065 ad
3151 3010 3450 3067 victimam
3481 3014 3812 3083 praeparato

380 3101 495 3161 tur,
530 3103 585 3151 et
630 3098 687 3152 in
718 3098 867 3151 urbe
900 3101 1109 3165 Roma,
1158 3096 1291 3168 pari
1341 3095 1654 3161 memoria,
1702 3098 1767 3148 ut
1797 3098 2039 3148 sanctus
2081 3131 2119 3182 C
2154 3096 2398 3151 funibus
2432 3096 2865 3165 religatus,eta
2887 3114 3128 3154 summo
3159 3099 3447 3171 Capitolio
3473 3116 3580 3172 per
3600 3115 3811 3155 omnes

379 3187 606 3251 Petrus,
642 3191 978 3239 veneratur.
1035 3187 1181 3239 Sunt
1229 3182 1494 3254 reliquiae
1542 3181 1732 3236 sancti
1790 3180 2040 3235 Andreae

379 3271 659 3344 apostoli,
693 3271 794 3343 qui
826 3270 1130 3342 Scythiam
1161 3274 1218 3325 et
1264 3269 1554 3323 Achaiam
1598 3268 2041 3339 praedicationis

379 3360 571 3431 gratia
603 3359 809 3425 tenuit,
844 3364 902 3415 et
931 3359 989 3414 in
1041 3359 1273 3414 civitate
1302 3358 1508 3412 Patras
1538 3356 1651 3410 sub
1682 3359 1860 3424 Egea
1900 3371 2040 3426 pro-

379 3449 625 3506 consule
641 3448 1026 3517 cruci,ligatis
1037 3447 1320 3503 manibus
1333 3450 1391 3501 et
1408 3443 1664 3517 pedibus
1677 3443 2040 3515 funibusque

377 3543 502 3596 toto
532 3554 781 3611 corpore
809 3542 1037 3605 tensus,
1070 3535 1257 3592 biduo
1285 3534 1432 3590 inibi
1465 3532 1876 3605 supervivens,
1922 3531 2041 3587 ﬁne

376 3627 557 3684 beato
588 3627 887 3683 occubuit.
922 3630 1130 3682 Insunt
1170 3623 1434 3697 reliquiae
1465 3622 1624 3678 beati
1652 3621 1861 3677 Jacobi
1893 3637 2040 3694 apo-

378 3716 533 3786 stoli,
565 3716 670 3789 qui
717 3715 1047 3771 decollatus
1073 3718 1167 3770 est
1203 3712 1281 3769 ab
1311 3712 1543 3768 Herode
1588 3710 2037 3783 Hierosolymis,

376 3806 550 3877 cujus
611 3821 751 3861 ossa
821 3805 900 3861 ad
957 3804 1277 3876 Hispanias
1336 3801 1646 3870 translata,
1698 3802 1759 3855 in
1817 3800 2041 3856 ultimis

376 3909 589 3950 earum
618 3892 863 3960 ﬁnibus,
892 3892 1167 3949 videlicet
1192 3895 1402 3947 contra
1432 3893 1583 3946 Mare
1611 3888 2036 3957 Britannicum,

376 3983 765 4040 celeberrima
794 3983 1175 4038 veneratione
1201 3981 1510 4038 excolitur.

451 4073 599 4128 Sunt
649 4069 915 4142 reliquiae
962 4069 1122 4125 beati
1156 4068 1575 4125 Bartholomaei
1609 4067 1884 4140 apostoli.
1910 4067 2035 4140 qui,

375 4162 538 4236 apud
573 4162 803 4218 Indiam
837 4160 1226 4231 Evangelium
1245 4159 1454 4217 Christi
1469 4159 2038 4231 praedicansmsque

375 4251 457 4307 ad
489 4250 726 4306 titulum
765 4250 1067 4323 passionis
1100 4266 1224 4305 suae
1258 4248 1499 4322 p0pulis
1532 4248 1790 4304 scientiae
1832 4247 2036 4303 lumen

373 4339 731 4397 monstravit
749 4343 805 4395 et
834 4355 945 4411 pro
970 4338 1113 4393 ﬁdei
1138 4337 1472 4407 integritate
1494 4336 1695 4406 gladio
1717 4353 1908 4391 caesus
1937 4351 2036 4391 oc-

372 4428 581 4485 cubuit
606 4446 620 4495 ;
652 4427 913 4500 indeque
943 4429 1351 4484 Beneventum
1380 4426 1722 4491 translatus,
1754 4426 1857 4499 pia
1883 4423 2029 4479 ﬁde-

371 4518 521 4576 lium
547 4517 932 4574 veneratione
949 4516 1300 4573 celebratur.
1331 4520 1539 4571 Insunt
1561 4514 1828 4587 reliquiae
1847 4512 2036 4569 sancti

372 4607 548 4666 Marci
577 4606 981 4677 evangelistre,
1014 4606 1118 4679 qui
1161 4605 1394 4677 primus
1438 4603 1813 4660 Alexandriae
1843 4602 2040 4658 cathe-

369 4697 548 4754 dram
575 4696 782 4765 tenuit,
816 4700 874 4752 et
904 4694 1225 4751 Ecclesiam
1248 4694 1483 4766 Egypti
1511 4693 1631 4748 ﬁde
1662 4697 1719 4749 et
1746 4692 2039 4748 industria

370 4801 482 4841 sua
531 4783 844 4851 fundavit;
901 4786 958 4839 et
1004 4783 1083 4838 ad
1114 4781 1392 4838 ultimum
1446 4785 1645 4837 tentus
1691 4797 1728 4837 a
1758 4779 2033 4852 paganis,

370 4873 560 4929 misso
592 4872 734 4928 fune
763 4872 824 4927 in
855 4870 1009 4928 collo
1038 4870 1435 4941 ejus,martyr
1460 4868 1537 4925 ad
1567 4868 1831 4924 coelestia
1851 4883 2038 4938 regna

369 4967 459 5018 est
489 4964 761 5030 vocatus,
794 4964 852 5017 et
875 4976 912 5016 a
940 4959 1081 5015 viris
1111 4958 1403 5025 religiosis
1447 4957 1609 5030 apud
1637 4956 1900 5013 insulam
1927 4960 2035 5011 Ve-

368 5051 539 5107 netiae
570 5049 911 5123 deputatus.
949 5049 1097 5104 Sunt
1121 5046 1385 5119 reliquiae
1414 5044 1875 5119 protomartyris
1910 5047 2034 5101 Ste-

368 5139 577 5211 phani,
608 5138 821 5210 quiab
851 5136 1140 5210 apostolis
1172 5140 1261 5191 est
1288 5135 1582 5192 diaconus
1612 5134 1944 5199 ordinatus,
1978 5136 2035 5189 et

367 5243 406 5281 a
431 5227 647 5282 Judaeis
689 5230 745 5282 et
773 5225 1146 5299 principibus
1200 5223 1582 5280 sacerdotum
1612 5223 1671 5278 in
1703 5222 2032 5278 Jerusalem

368 5314 689 5385 lapidatus,
721 5320 949 5387 martyr
997 5314 1361 5371 obdormivit
1402 5312 1464 5367 in
1499 5313 1768 5368 Domino.
1832 5315 2037 5367 Insunt

367 5400 632 5471 reliquiae
683 5403 873 5459 sancti
906 5403 1115 5471 Ignatii
1158 5402 1540 5458 Antiochense
1590 5401 1861 5456 Ecclesiae
1907 5399 2032 5472 epi—

369 5486 558 5558 scopi,
603 5489 706 5558 qui
735 5496 873 5560 post
900 5494 1136 5547 Petrum
1167 5490 1511 5563 apostolum
1543 5489 1816 5559 ejusdem
1848 5489 2034 5543 Eccle-

369 5575 471 5630 siae
503 5574 727 5643 tertius,
744 5585 1160 5636 commovente
1185 5580 1447 5650 Trajano
1462 5578 1844 5651 imperatore,
1863 5579 2033 5634 dam-

369 5669 546 5719 natus
589 5666 675 5717 est
707 5662 785 5716 ab
829 5663 1073 5732 bestias,
1121 5674 1176 5724 et
1206 5668 1319 5724 sub
1363 5668 1577 5724 eodem
1627 5664 1896 5740 principe
1926 5682 2033 5741 per

366 5750 559 5813 multa
574 5752 1026 5827 tormentorum
1048 5766 1269 5820 genere
1296 5758 1704 5828 passum-jacet
1727 5756 1785 5814 in
1816 5758 2031 5818 eadem

2151 3184 2378 3253 gradus
2445 3186 2872 3257 praecipitatus,
2949 3187 3199 3255 dignam
3257 3188 3486 3245 Christo
3544 3188 3812 3244 animam

2151 3271 2476 3332 exhalavit,
2501 3273 2770 3343 inibique
2798 3275 3137 3344 requiescit.
3161 3277 3308 3331 Sunt
3327 3276 3591 3348 reliquiae
3621 3276 3812 3332 sancti

2150 3358 2420 3421 Marcelli,
2445 3360 2569 3430 qui.
2604 3360 2861 3430 equuleo
2883 3376 3211 3432 suspensus
3238 3379 3309 3419 ac
3329 3363 3587 3420 fustibus
3618 3380 3814 3421 mace-

2150 3452 2337 3511 ratus,
2384 3447 2549 3519 apud
2601 3447 2903 3519 Spoletum
2936 3454 3025 3504 est
3053 3451 3411 3521 martyrium
3442 3468 3688 3523 passus.
3727 3458 3812 3510 In-

2151 3541 2293 3591 sunt
2332 3535 2595 3608 reliquiae
2622 3536 2781 3592 beati
2804 3537 3045 3606 Juliani,
3077 3538 3201 3609 qui,
3236 3538 3315 3593 ab
3355 3540 3811 3612 insequentibus

2148 3624 2633 3697 persecutoribus
2661 3629 2880 3692 tentus,
2905 3625 3144 3681 desecto
3173 3631 3428 3696 gutture,
3451 3634 3644 3685 morte
3675 3631 3811 3686 hor-

2149 3712 2305 3768 ribili
2336 3717 2583 3769 necatus
2614 3717 2703 3768 est
2717 3713 2881 3786 apud
2913 3714 3253 3770 Brivatense
3275 3716 3812 3775 territorium.Sunt

2146 3800 2411 3873 reliquiae
2446 3802 2502 3857 S.
2548 3801 2842 3856 Laurentii
2875 3802 3303 3874 archidiaconi,
3336 3805 3463 3876 qui,
3490 3811 3629 3877 post
3661 3806 3811 3862 mul-

2148 3893 2237 3946 tas
2280 3888 2571 3944 sectiones
2601 3888 2941 3957 verberum,
2988 3889 3180 3947 ferreo
3221 3897 3446 3948 cratere
3494 3892 3806 3963 distentus,

2147 3981 2285 4051 post
2313 3976 2497 4047 longa
2535 3981 2592 4031 et
2620 3977 2933 4049 multiplici
2965 3993 3147 4050 poena
3173 3980 3471 4035 cruciatus
3502 3997 3514 4048 ;
3564 3981 3809 4055 insuper

2146 4066 2419 4139 exposita
2472 4065 2660 4121 melos
2713 4065 3048 4122 carbonum
3098 4068 3211 4124 sub
3260 4069 3435 4125 Decio
3476 4069 3804 4137 Valeriano,

2145 4156 2389 4211 illustris
2420 4157 2610 4211 Roma
2638 4155 2808 4227 pium
2858 4156 3069 4212 retinet
3112 4174 3336 4214 secum.
3369 4161 3517 4214 Sunt
3542 4159 3805 4233 reliquiae

2146 4244 2335 4300 sancti
2365 4244 2649 4316 Stephani
2683 4260 2856 4317 papae
2885 4248 2941 4300 et
2967 4247 3270 4318 martyris,
3301 4248 3406 4320 qui
3438 4251 3659 4315 Romae,
3695 4249 3805 4304 sub

2147 4333 2467 4389 Valeriano
2492 4336 2551 4388 et
2577 4332 2843 4389 Gallieno
2870 4333 3356 4406 imperatoribus,
3386 4336 3446 4392 in
3477 4353 3588 4394 sua
3605 4337 3805 4394 decol-

2144 4420 2299 4477 latus
2331 4425 2419 4477 est
2474 4421 2634 4476 sede.
2682 4425 2889 4477 Insunt
2940 4423 3206 4497 reliquiae
3246 4425 3433 4482 sancti
3482 4427 3801 4500 Hyppoliti,

2142 4510 2269 4581 qui,
2303 4508 2581 4581 exemplo
2608 4511 2890 4581 martyris
2924 4513 3216 4569 Laurentii
3246 4515 3803 4581 extentus,fustibus

2143 4602 2201 4653 et
2228 4597 2428 4653 cardis
2453 4598 2558 4653 diu
2587 4615 2801 4667 caesus,
2833 4599 3030 4669 ligatis
3061 4602 3317 4672 pedibus
3349 4604 3423 4661 ad
3453 4603 3605 4661 colla
3632 4605 3800 4662 indo-

2143 4687 2429 4743 mitorum
2508 4703 2805 4759 equorum
2858 4705 2965 4762 per
3021 4691 3378 4749 carductum
3442 4698 3500 4749 et
3554 4693 3801 4750 tribulos

2145 4780 2391 4844 tractus,
2424 4792 2610 4832 romae
2638 4777 2833 4833 emisit
2873 4778 3122 4835 beatum
3166 4781 3461 4852 spiritum.
3496 4784 3649 4839 Sunt
3671 4783 3798 4840 reli-

2141 4865 2295 4938 quiae
2324 4867 2515 4921 sancti
2544 4867 2772 4939 Apulei,
2810 4868 2936 4939 qui,
2967 4869 3171 4925 relicto
3205 4869 3446 4927 Simone
3476 4874 3666 4943 Mago,
3698 4873 3799 4928 do-

2145 4955 2346 5010 ctrinae
2373 4955 2633 5027 apostoli
2659 4955 2808 5011 Petri
2840 4973 2901 5012 se
2929 4958 3190 5029 tradidit,
3223 4964 3281 5014 et
3305 4960 3627 5017 Aureliano
3658 4977 3796 5018 con—

2144 5043 2328 5099 sulari
2365 5043 2495 5099 viro
2548 5045 2815 5116 martyrii
2864 5062 3153 5103 coronam
3207 5051 3406 5104 Romae
3458 5050 3792 5123 complevit.

2145 5136 2352 5190 Insunt
2381 5132 2643 5204 reliquiae
2672 5133 2858 5190 sancti
2881 5134 3098 5203 Vitalis,
3127 5135 3229 5208 qui
3259 5137 3425 5209 apud
3452 5141 3794 5196 Ravennam

2144 5227 2280 5295 post
2326 5222 2514 5278 nimia
2560 5228 2856 5280 tormenta
2885 5225 3201 5297 capitalem
3234 5228 3464 5300 accepit
3504 5228 3789 5300 palmam.

2144 5313 2292 5369 Sunt
2330 5312 2595 5384 reliquiae
2625 5315 2681 5368 Β.
2713 5314 2968 5386 Agapiti,
2998 5315 3123 5387 qui,
3170 5316 3335 5388 apud
3378 5320 3463 5373 Pr:
3510 5302 3791 5376 :westinam

2140 5401 2440 5457 civitatem
2472 5401 2673 5469 gladio
2704 5420 2897 5459 caesus
2928 5409 3032 5458 est.
3069 5405 3277 5461 Insunt
3303 5407 3567 5480 reliquiae
3610 5406 3789 5464 sancti

2139 5491 2423 5557 Mercurii,
2452 5493 2555 5564 qui
2586 5486 2653 5546 in‘
2677 5493 2883 5548 castris
2912 5493 3301 5551 saecularibus
3332 5496 3786 5565 militans,verus

2138 5584 2195 5634 et
2239 5579 2565 5651 spiritualis
2606 5580 2798 5645 miles,
2832 5581 2893 5636 in
2952 5587 3141 5638 morte
3199 5583 3413 5641 Juliani
3460 5583 3786 5659 impiissimi

2138 5670 2406 5741 Augusti,
2487 5669 2981 5741 prchlarissimus
3063 5673 3281 5729 exstitit
3359 5682 3779 5749 propugnator,

2139 5761 2205 5813 ut
2257 5757 2471 5828 legitur
2519 5757 2579 5814 in
2634 5760 2819 5819 Gestis
2866 5760 3061 5820 Basilii
3116 5762 3406 5838 episcopi.
3468 5756 3617 5824 sum
