3980 6418
53 407 147 457 iiii

877 526 960 580 IX.

49 614 295 667 Henrici
328 615 392 668 II
396 644 401 647 έ
417 616 563 680 regis
593 619 920 683 praceptum
947 628 1045 681 per
1075 614 1221 681 quod
1244 613 1569 667 Burchardo
1606 615 1762 666 Wor-

115 687 382 737 matiensi
445 687 693 753 cpiscOpO
764 685 1021 737 attribuit
1078 700 1228 737 omne
1286 685 1560 753 pradium
1618 685 1764 753 quod

114 756 245 809 Otto
276 756 395 809 dua:
448 758 507 809 in
560 758 684 824 ipsa
736 758 959 808 civitate
1002 756 1292 809 obtinebat.

725 841 911 910 (Auno
942 844 1120 907 1002.)

272 927 608 1001 [Schannat,
634 932 988 999 Episcopatus
1027 930 1314 993 Wormat.,
1349 945 1402 999 p.
1433 928 1547 1001 35.]

115 1019 181 1073 In
216 1018 461 1071 nomine
515 1026 723 1071 sancta
755 1025 812 1071 et
856 1017 1169 1071 individua
1222 1018 1533 1082 Trinitatis,
1589 1018 1763 1074 Hein-

47 1106 198 1158 ricus
230 1106 429 1159 divina
459 1106 683 1159 favente
713 1108 1018 1160 clementia
1053 1123 1167 1160 rex.

112 1194 171 1247 Si
228 1193 504 1247 ecclesias
549 1194 648 1247 Dei
696 1210 765 1247 ex
821 1193 1109 1263 aliquibus
1166 1192 1359 1247 divino
1400 1197 1542 1247 nutu
1600 1194 1765 1248 nobis

44 1281 341 1335 concessis
370 1283 542 1336 rebus
573 1282 841 1347 ditamus,
869 1298 981 1334 non
1032 1282 1219 1335 solum
1277 1282 1346 1336 ad
1391 1282 1553 1351 regni
1582 1282 1764 1335 nostri

40 1370 369 1424 feliciorem
406 1369 878 1441 stabilioremque
909 1375 1115 1423 statum
1180 1371 1345 1423 nobis
1375 1370 1647 1441 prodesse
1679 1387 1762 1423 sa-

43 1458 267 1527 pimus,
303 1474 504 1510 verum
537 1458 708 1511 etiam
740 1458 811 1511 ad
860 1462 1072 1512 aterna
1121 1459 1373 1527 paradisi
1421 1460 1632 1526 gaudia
1671 1476 1762 1512 ca-

14 1546 269 1619 .pienda
304 1547 555 1599 multum
612 1563 715 1600 nos
746 1546 1086 1617 indejuvari
1122 1546 1363 1601 minime
1408 1548 1758 1601 dubitamus.

44 1636 421 1705 Quapropter
452 1635 715 1688 noverint
737 1652 937 1688 omnes
960 1642 1137 1689 nostri
1182 1637 1400 1701 ﬁdeles,
1450 1642 1762 1705 prasentes

44 1724 264 1776 scilicet
292 1729 352 1776 et
390 1722 589 1790 futuri,
648 1724 898 1793 qualiter
944 1741 1047 1777 nos
1101 1740 1203 1793 pro
1256 1725 1513 1777 remedio
1550 1725 1759 1778 anima

44 1811 413 1865 dilectissimi
438 1811 680 1866 senioris
719 1812 901 1866 nostri
960 1812 1125 1867 bona
1183 1813 1480 1867 memoria
1537 1803 1831 1868 OttonisB

44 1900 325 1954 videlicet
384 1900 749 1969 imperatoris
798 1902 1059 1972 Augusti,
1116 1906 1173 1954 et
1211 1902 1385 1955 etiam
1447 1918 1547 1971 pro
1597 1902 1757 1953 Wor-

45 1988 321 2042 matiensi
376 1988 645 2053 Ecclesia,
734 2005 837 2059 per
908 1990 1295 2044 interventum
1375 1990 1757 2059 Cunigunda,

44 2078 274 2132 dilecta
302 2077 571 2147 conjugis
598 2082 830 2142 nostra,
857 2082 911 2131 et
942 2094 1044 2148 per
1064 2078 1323 2149 ejusdem
1374 2079 1637 2132 Ecclesia
1670 2094 1760 2131 ve-

10 2206 15 2215 .
46 2166 332 2219 nerabilis
364 2165 643 2235 episcopi,
698 2166 910 2220 scilicet
960 2166 1296 2235 Burcbardi,
1331 2167 1533 2236 dignas
1560 2172 1755 2236 postu-

49 2255 315 2319 lationes,
338 2258 527 2307 totum
562 2255 868 2324 pradium,
918 2256 1296 2326 omniumque
1330 2256 1756 2326 proprietatem,

46 2359 221 2413 quam
274 2358 381 2396 nos
429 2358 536 2411 per
583 2342 776 2396 dilecti
833 2344 1245 2414 consanguinei
1304 2344 1486 2397 nostri
1533 2344 1759 2399 Ottonis

50 2448 283 2502 quoque
316 2431 478 2484 ducis
531 2430 759 2484 ﬁrmam
803 2432 1174 2485 traditionem
1208 2432 1267 2485 in
1322 2433 1619 2503 proprium
1665 2434 1759 2504 jus

48 2520 403 2590 accepimus,
428 2518 575 2572 sicut
598 2519 719 2588 ipse
752 2518 903 2571 visus
932 2524 1017 2572 est
1053 2520 1262 2573 habere
1292 2520 1440 2573 infra
1494 2522 1758 2573 eamdem

48 2609 367 2673 civitatem,
414 2608 523 2661 hoc
561 2612 647 2660 est
702 2608 1099 2673 Wormatiam,
1153 2608 1441 2679 praedicta
1506 2608 1756 2662 ecclesia

49 2698 104 2750 in
156 2698 385 2749 honore
455 2695 633 2749 sancti
702 2696 853 2749 Petri
919 2705 1285 2763 consecrata,
1333 2703 1390 2751 et
1446 2697 1757 2751 venerabili

14 2785 491 2855 pranominata
520 2783 782 2838 Ecclesia
840 2785 1129 2855 episcopo,
1184 2786 1421 2856 ejusque
1470 2801 1758 2839 successo-

52 2874 204 2926 ribus
235 2890 343 2944 per
405 2873 513 2926 hoc
557 2873 776 2944 regium
831 2882 1182 2943 praceptum
1224 2876 1281 2927 in
1338 2874 1634 2945 proprium
1664 2873 1758 2941 jus

53 2956 397 3011 tradidimus
450 2973 581 3011 cum
647 2957 916 3011 omnibus
955 2959 1023 3012 ad
1054 2959 1319 3012 eamdem
1351 2958 1755 3028 proprietatem

51 3046 194 3111 juste
218 3044 559 3115 etlegaliter
581 3046 1019 3115 pertinentibus,
1049 3046 1105 3100 id
1137 3051 1224 3100 est
1263 3047 1431 3113 areis,
1478 3046 1754 3113 adiﬁciis,

56 3132 151 3185 viis
180 3138 239 3186 et
260 3132 456 3199 inviis,
484 3132 733 3186 exitibus
779 3140 833 3188 et
882 3134 1181 3199 reditibus,
1234 3135 1400 3204 aquis
1443 3150 1753 3205 aquarum-

54 3237 158 3290 que
201 3221 567 3287 decursibus,
628 3221 1057 3292 piscationi'ous,
1101 3222 1466 3290 molendinis,
1534 3223 1754 3276 manci-

53 3310 158 3380 piis
187 3310 497 3380 utriusque
521 3326 709 3376 sexus,
734 3311 982 3381 exceptis
1012 3310 1195 3364 tribus
1234 3310 1550 3381 supradicti
1597 3312 1758 3366 ducis

8 3402 22 3436 ί
56 3404 273 3458 Ottonis
332 3402 714 3456 servientibus
770 3403 1081 3457 videlicet:
1142 3403 1478 3474 Syggelone,
1543 3404 1755 3469 Ebone,

59 3493 349 3558 Hezelino,
402 3508 533 3545 cum
588 3491 862 3546 uxoribus
900 3497 956 3546 et
985 3492 1118 3547 ﬁliis
1159 3492 1501 3563 ﬁliabusque
1531 3508 1753 3545 eorum.

58 3598 117 3636 eo
149 3580 417 3634 videlicet
444 3585 643 3634 tenore
667 3584 730 3633 ut
758 3580 911 3634 idem
953 3580 1405 3651 pranominatus
1460 3580 1759 3651 episcopus

63 3669 387 3723 Burkardus
408 3668 611 3738 suique
665 3684 1015 3721 successores
1052 3669 1121 3723 de
1154 3668 1244 3721 his
1301 3685 1472 3739 supra
1534 3669 1760 3738 scriptis

64 3758 219 3810 rebus
272 3757 346 3810 ad
414 3755 721 3809 utilitatem
794 3756 1059 3810 Ecclesia
1132 3755 1377 3810 liberam
1416 3761 1760 3826 potestatem

62 3844 301 3899 habeant
327 3843 579 3898 faciendi
610 3844 767 3915 quod
798 3844 995 3898 velint.
1050 3845 1115 3897 Et
1159 3849 1224 3898 ut
1255 3844 1376 3898 hac
1406 3848 1617 3899 nostra
1644 3849 1761 3899 tra-

62 3933 287 3987 ditionis
324 3932 634 3986 auctoritas
664 3932 883 3986 stabilis
914 3937 970 3986 et
1013 3932 1348 3986 inconvulsa
1399 3939 1757 4003 permaneat,

60 4020 196 4075 hanc
227 4020 505 4092 pracepti
536 4020 805 4090 paginam
832 4020 964 4074 inde
1013 4020 1393 4090 conscriptam
1423 4037 1596 4074 manu
1626 4038 1761 4092 pro-

18 4162 25 4167 .
63 4110 179 4177 pria
237 4110 604 4175 roborantes,
648 4108 825 4179 sigilli
882 4108 1070 4163 nosrri
1113 4108 1493 4179 impressione
1546 4109 1762 4180 signari

58 4198 347 4265 jussimus.

128 4285 453 4355 Egilbertus
532 4284 927 4350 cancellarius,

68 4373 267 4441 pellani
283 4372 617 4441 recognovi.

130 4462 332 4516 Datav
384 4461 534 4515 Non.
592 4460 878 4528 Octobris,
935 4477 1089 4516 anno
1138 4461 1449 4517 Dominica
1506 4463 1764 4517 incarna-

67 4548 230 4603 tionis
294 4552 455 4615 1002,
509 4548 706 4603 indict.
744 4564 813 4615 1;
860 4564 1014 4603 anno
1070 4565 1203 4603 vero
1251 4550 1470 4604 domini
1514 4550 1766 4607 Heinrici

66 4638 207 4708 regis
236 4639 453 4710 primo.

130 4731 339 4781 Actum
370 4724 733 4780 Bruochsale.

71 4903 279 4957 Henrici
343 4903 405 4955 II
459 4904 604 4968 regis
645 4907 970 4970 praceptum
1033 4917 1135 4969 per
1172 4901 1317 4971 quod
1364 4904 1573 4969 regium
1630 4902 1770 4956 ban-

134 4989 297 5098 nuhmh
317 4972 568 5055 concedit
627 4971 1013 5026 Wormatiensi
1058 4975 1308 5027 Ecclesia
1381 4976 1437 5026 in
1478 4975 1621 5027 silva
1669 4975 1770 5027 Fo-

134 5060 187 5097 re
224 5062 261 5098 a
303 5062 343 5097 ι.

1001 4284 1122 4339 vice
1186 4284 1451 4357 Willigisi
1500 4286 1761 4341 archica—

713 5114 899 5182 (Anno
950 5112 1129 5181 1002.)

496 5198 803 5273 [Schannat
820 5201 917 5254 ubi
945 5216 1141 5269 supra,
1171 5216 1228 5269 p.
1260 5201 1369 5268 34.]

144 5291 203 5344 ln
224 5290 462 5346 nomine
493 5294 705 5344 sancta
737 5294 793 5343 et
819 5288 1137 5343 individua
1166 5287 1461 5343 Trinitatis
1502 5290 1774 5344 Hsumcus

81 5376 259 5434 divina
288 5380 520 5434 favente
547 5376 850 5431 clementia
878 5392 997 5429 rex.

144 5466 426 5539 Quidquid
448 5482 555 5537 pro
594 5464 789 5520 divino
821 5481 1019 5519 amore
1064 5464 1324 5519 Ecclesiis
1355 5465 1457 5519 Dei
1514 5462 1776 5518 concedi-

87 5566 200 5607 mus
228 5561 278 5609 et
301 5556 611 5619 donamus,
640 5553 695 5607 id
718 5555 915 5623 procul
973 5553 1150 5608 dubio
1195 5554 1269 5606 ad
1326 5556 1671 5623 prasentem
1720 5556 1776 5605 et

90 5640 322 5699 futuram
372 5646 554 5699 vitam
614 5643 781 5697 nobis
838 5643 1208 5713 profuturum
1278 5643 1397 5696 fore
1445 5641 1773 5705 credimus;

1330 405 1723 463 DIPLOMATA
1768 409 2320 465 ECCLESIASTICA.

3486 419 3586 471 246

1793 528 1839 580 Α
1882 533 2240 598 quapropter
2270 528 2532 582 omnium
2571 530 2833 584 ﬁdelium
2882 538 3237 600 nostrorum,
3272 539 3389 589 tam
3434 554 3583 608 pra-

1876 617 2128 670 sentium
2180 634 2352 688 quam
2404 624 2459 672 et
2510 619 2861 684 futurorum,
2918 622 3057 674 sciat
3113 622 3398 677 industria
3426 642 3568 696 qua-

1874 705 2013 759 liter
2043 722 2166 768 nos,
2198 707 2271 759 ob
2303 706 2689 761 interventum
2722 708 2982 777 Willigisi
3022 710 3372 780 Moguntina
3430 715 3580 767 sedis

1876 794 2189 847 venerandi
2261 795 2706 863 archiprasulis,
2792 803 2847 850 et
2911 798 3158 851 Heinrici
3224 801 3582 855 Wirchibur-

1875 882 2065 952 gensis
2115 883 2374 935 Ecclesia
2421 883 2660 936 illustris
2718 884 3009 949 antistitis,
3060 903 3163 939 nec
3218 904 3333 941 non
3383 896 3439 942 et
3478 906 3581 959 per

1874 969 2213 1039 petitionem
2237 971 2429 1024 dilecti
2462 972 2690 1040 nepotis
2720 974 2900 1025 nostri
2931 973 3155 1027 Ottonis
3210 976 3390 1043 ducis,
3423 978 3577 1032 ﬁ-leli

1874 1064 2068 1111 nostro
2093 1059 2418 1112 Burcbardo
2472 1059 2902 1113 Wormatiensis
2950 1062 3212 1116 Ecclesia
3270 1067 3577 1120 venerabili

1873 1146 2164 1216 episcopo,
2189 1162 2292 1215 pro
2323 1162 2391 1199 eo
2433 1147 2584 1216 quod
2645 1148 2808 1201 nobis
2866 1150 3069 1203 devoto
3119 1151 3313 1205 animo
3368 1155 3575 1222 sapius

1872 1235 2122 1298 servivit,
2197 1236 2584 1288 concessimus
2667 1236 2893 1303 regium
2947 1238 3202 1292 bannum
3266 1241 3326 1294 in
3362 1241 3577 1296 forestu

1876 1321 2151 1375 Forcbabi
2205 1328 2585 1391 nuncupato:
2649 1339 2682 1376 a
2736 1323 2891 1387 villa,
2948 1325 3344 1379 Elmeresbach
3389 1328 3572 1381 nomi-

1873 1418 2026 1475 nata,
2086 1411 2251 1480 juxta
2290 1412 2555 1465 Rhenum
2590 1410 2719 1475 sita,
2780 1411 2911 1466 inde
2964 1430 3143 1483 usque
3192 1417 3572 1483 Heriveldon;

1872 1498 2007 1552 hinc
2028 1500 2202 1552 etiam
2237 1499 2304 1552 ad
2332 1499 2581 1565 Bibiloz;
2619 1500 2751 1554 inde
2793 1517 2894 1571 per
2930 1511 3139 1556 rectam
3195 1505 3445 1573 plateam
3503 1508 3573 1561 ad

1873 1588 2180 1642 Otterestat
2211 1603 2225 1652 ;
2256 1587 2413 1641 illinc
2444 1595 2657 1641 rectam
2684 1590 2932 1659 plateam
2966 1589 3037 1643 ad
3086 1591 3413 1653 Ecclesium,
3445 1608 3573 1662 qua

1870 1679 1955 1727 est
1984 1674 2041 1727 in
2070 1675 2393 1743 Bezciugun
2437 1676 2590 1740 sita;
2641 1676 2773 1729 hinc
2818 1683 3031 1730 rectam
3078 1684 3411 1733 montanam
3453 1680 3573 1750 pla-

1872 1765 2021 1815 team
2052 1764 2123 1816 ad
2153 1763 2447 1818 ['Ierbestat
2479 1780 2492 1827 ;
2526 1764 2596 1817 ab
2623 1764 2940 1833 Herbestat,
3001 1782 3105 1835 per
3155 1772 3372 1820 rectam
3409 1783 3569 1821 mon-

1871 1855 2062 1904 tanam
2093 1852 2341 1920 plateam
2362 1852 2431 1904 ad
2468 1852 2858 1906 Bosinesheim
2889 1868 2902 1919 ;
2930 1853 3060 1906 inde
3085 1870 3188 1921 per
3216 1861 3393 1909 totam
3416 1872 3576 1910 mon-

1871 1943 2063 1992 tanam
2093 1939 2341 2008 plateam
2373 1939 2442 1992 ad
2488 1939 2895 2007 Winenheim;
2926 1941 2995 1994 ab
3055 1942 3418 1996 Wiuenbeim
3469 1960 3574 2013 per

1870 2033 2085 2080 rectam
2128 2032 2461 2080 montanam
2485 2028 2731 2096 plateam
2773 2028 2841 2081 ad
2865 2028 3271 2083 Sericzesbeim
3296 2031 3570 2085 in-Lobo-

1871 2115 2087 2169 tunaha
2117 2131 2130 2180 ;
2164 2114 2299 2168 hinc
2333 2114 2602 2168 deorsum
2650 2131 2832 2185 usque
2864 2116 2922 2169 in
2962 2118 3201 2171 ﬂuvium
3240 2120 3571 2183 Neccarum,

1871 2222 1903 2257 a
1942 2204 2115 2257 ﬂuvio
2148 2205 2390 2257 Neccaro
2429 2219 2612 2274 usque
2671 2205 2739 2258 ad
2787 2205 3051 2259 Rhenum
3087 2223 3100 2271 ;
3132 2207 3262 2259 inde
3311 2224 3414 2277 per
3446 2209 3571 2262 uni-

1869 2308 2030 2345 versa
2063 2291 2245 2345 Rheni
2275 2291 2467 2345 littora
2496 2292 2763 2345 deorsum
2822 2309 3003 2363 usque
3035 2294 3107 2348 ad
3158 2296 3522 2351 Elmersbach
3556 2314 3569 2362 ;

1870 2378 2068 2433 omnia
2107 2380 2229 2433 hac
2284 2380 2411 2432 loca
2467 2379 2539 2433 ab
2588 2380 2950 2435 Elmersbacb
2989 2398 3172 2453 usque
3224 2383 3295 2437 ad
3338 2384 3571 2437 Winen-

1870 2469 2049 2533 heim,
2087 2471 2221 2522 sunt
2250 2468 2310 2520 in
2344 2468 2683 2537 Rinecgowe
2730 2468 2858 2533 sita,
2893 2470 2952 2522 in
3008 2470 3285 2524 comitatu
3316 2473 3570 2543 Gerungi

1870 2557 2094 2611 comitis
2126 2572 2140 2621 ;
2173 2556 2260 2609 vel
2292 2572 2407 2627 qua
2434 2572 2567 2609 vero
2590 2557 2715 2609 loca
2737 2557 2932 2626 jacent
2960 2558 3020 2611 in
3044 2560 3467 2629 Lobotungowe
3506 2561 3565 2615 in

1870 2645 2143 2699 comitatu
2176 2645 2488 2715 Mezingozi
2527 2644 2751 2698 comitis
2785 2662 2798 2709 ;
2842 2646 2996 2700 hunc
3054 2648 3355 2716 prafatum
3401 2650 3567 2702 Fore-

1870 2739 2021 2787 stum
2047 2748 2178 2786 cum
2216 2738 2337 2787 tota
2357 2732 2689 2803 integritate
2720 2738 2776 2787 et
2809 2734 3091 2788 universis
3128 2735 3473 2791 utilitatibus
3499 2738 3571 2791 ad

1870 2838 1928 2875 se
1960 2822 2381 2892 pertinentibus
2421 2821 2789 2875 concedimus
2837 2827 3029 2876 nostra
3085 2824 3241 2892 regia
3292 2830 3571 2894 potestate

1867 2912 1937 2963 ad
1968 2914 2229 2963 sanctum
2264 2911 2493 2964 Petrum
2528 2909 2957 2963 Wormatiensis
2996 2911 3277 2976 Ecclesia,
3313 2916 3373 2964 ut
3415 2912 3571 2964 nulla

1869 2998 1939 3052 de
1961 3014 2029 3051 eo
2087 2997 2307 3051 forestu
2369 3013 2618 3067 persona
2666 3014 2844 3068 parva
2902 2998 3018 3052 sive
3080 3014 3292 3069 magna
3316 3000 3572 3070 aliquam

1793 3080 1833 3133 C
1870 3087 2048 3141 feram
2078 3087 2165 3139 vel
2200 3086 2440 3139 bestiam
2473 3086 2554 3139 ibi
2606 3086 2802 3139 venari
2831 3088 2919 3140 vel
2951 3103 3154 3157 capere
3205 3093 3303 3141 aut
3341 3088 3571 3158 insequi

1866 3179 2196 3245 prasumat,
2228 3174 2350 3227 sine
2380 3174 2607 3229 licentia
2646 3173 2913 3243 superius
2949 3174 3071 3243 jam
3122 3175 3257 3229 dicti
3313 3175 3569 3245 episcopi

1869 3263 2202 3329 Burcbardi,
2256 3262 2371 3316 sive
2422 3278 2814 3315 successorum
2866 3262 3026 3332 ejus:
3079 3268 3137 3316 et
3163 3262 3332 3316 sihoc
3375 3277 3568 3331 agere,

1868 3352 2021 3423 quod
2056 3351 2228 3406 absit!
2263 3350 2712 3421 prasumpserit,
2747 3367 2921 3421 quem
2955 3350 3115 3422 regio
3172 3351 3310 3405 ﬁsco
3344 3351 3564 3405 solvere

1868 3440 2064 3495 debuit
2086 3440 2307 3509 regium
2372 3439 2649 3505 bannum,
2709 3444 2767 3492 et
2796 3454 3018 3508 pacem,
3058 3439 3247 3493 adhuc
3276 3439 3335 3492 in
3404 3454 3572 3492 carne

1869 3526 2080 3580 viventi
2130 3526 2384 3596 episcopi
2432 3525 2664 3596 suisque
2723 3526 3141 3579 successoribus
3182 3526 3396 3579 invitus
3444 3540 3571 3596 per-

1869 3616 2069 3679 solvat,
2111 3619 2164 3668 et
2196 3614 2416 3668 banuus
2447 3618 2505 3667 et
2524 3630 2649 3683 pax,
2670 3613 2818 3666 sicut
2846 3613 2973 3667 aliis
3011 3614 3319 3667 forestibus
3357 3632 3391 3667 a
3422 3612 3571 3682 regi-

1869 3704 1976 3758 bus
1997 3702 2086 3757 vel
2117 3701 2565 3772 imperatoribus
2605 3701 2728 3769 jam
2772 3717 3104 3754 concessum
3152 3706 3255 3766 est,
3302 3702 3407 3755 sub
3440 3717 3570 3771 per-

1870 3795 2045 3861 petuo
2072 3790 2203 3860 jure
2255 3788 2514 3843 Ecclesia
2565 3788 2996 3842 Wormatiensis
3043 3794 3099 3841 et
3161 3789 3567 3858 episcOporum

1872 3880 1925 3933 ei
1954 3877 2386 3949 prasidentium
2407 3876 2697 3931 consistat.
2715 3876 2857 3930 Etut
2886 3877 3236 3933 hacTnostra
3260 3876 3571 3929 concessio-

1873 3964 1962 4019 nis
2000 3965 2230 4019 donatio
2259 3980 2361 4033 per
2389 3964 2584 4018 futura
2604 3969 2930 4035 temporum
2952 3963 3413 4017 curriculaﬁrma
3445 3978 3571 4032 per-

1871 4058 2124 4122 maneat,
2156 4054 2329 4123 bujus
2376 4052 2781 4123 praceptionis
2830 4057 3089 4107 tenorem
3138 4052 3271 4105 inde
3328 4049 3571 4105 conscri-

1872 4149 2038 4214 ptum
2069 4142 2259 4213 sigillo
2292 4148 2489 4195 nostro
2520 4142 2746 4213 signare
2771 4140 3069 4211 jussimus,
3105 4156 3398 4210 manuque
3442 4156 3577 4210 pro-

1873 4232 2019 4303 pria,
2044 4237 2109 4286 ut
2130 4231 2278 4285 infra
2312 4231 2557 4295 videtur,
2589 4230 3108 4285 corroboravimus.

1947 4322 2175 4390 Signum
2204 4320 2390 4375 damni
2405 4320 2643 4375 Henrici
2680 4321 2823 4386 regis
2846 4320 3216 4372 invictissimi.

1950 4408 2268 4478 Egilbertus
2318 4407 2690 4462 cancellarius
2775 4407 2895 4459 vice
2968 4404 3233 4476 Willigisi
3295 4403 3577 4473 archiepi-

1873 4497 2029 4565 scopi
2049 4494 2397 4565 recognovit.

1948 4585 2091 4638 Data
2145 4598 2298 4637 anno
2352 4582 2573 4635 incarn.
2653 4580 2964 4635 Dominica
3018 4581 3172 4646 1002,
3237 4577 3443 4633 indict.
3480 4595 3576 4646 xv,

1878 4690 1931 4727 iv
1978 4673 2107 4727 Idus
2166 4671 2343 4737 Junii,
2426 4686 2578 4725 anno
2639 4685 2767 4724 vero
2816 4668 3040 4723 domini
3100 4666 3351 4724 Heinrici
3427 4668 3581 4738 regis

1878 4762 2084 4833 primo.

1949 4854 2153 4903 Actum
2184 4845 2512 4900 Wormatia
2552 4844 2821 4899 feliciter.

2683 4951 2767 5004 XI.

1883 5061 1938 5114 S.
2001 5059 2223 5113 Henrici
2262 5057 2619 5127 privilegium
2668 5056 2876 5109 domna
2937 5052 3279 5109 Godesdihui
3326 5057 3582 5121 Heri/ur-

2131 5146 2313 5200 densis
2340 5146 2655 5199 monasterii
2683 5143 2975 5197 abbatissa
3007 5159 3330 5199 concessum.

2546 5250 2732 5319 (Anno
2771 5249 2953 5317 1002.)

2152 5356 2421 5425 [Dronke,
2456 5355 2584 5412 Cod.
2619 5354 2844 5424 diplom.
2888 5354 3077 5419 Fuld.,
3109 5370 3165 5423 p.
3200 5354 3316 5423 57.[

1956 5464 2016 5518 C.
2066 5464 2127 5515 ln
2204 5461 2437 5515 nomine
2481 5464 2690 5513 sancta
2771 5464 2828 5513 et
2884 5456 3196 5512 individua
3273 5456 3584 5519 Trinitatis,

1890 5554 2197 5607 llemmccs
2225 5549 2419 5603 divina
2448 5548 2673 5601 favente
2710 5545 3013 5601 clementia
3041 5559 3157 5597 rex.

1960 5640 2018 5693 Si
2053 5639 2327 5693 Ecclesias
2359 5637 2457 5691 Dei
2490 5640 2681 5689 nostra
2714 5634 2893 5703 regali
2960 5630 3223 5701 potentia
3278 5632 3592 5686 sublimare
