3950 6408
183 326 313 377 1449

1382 314 1472 371 DE
1500 316 1781 371 ORIGINE
1815 313 2237 368 MONASTERII
2275 302 2402 368 sui.

3474 321 3608 372 1450

169 445 326 518 quite
357 443 517 499 beati
551 441 903 507 Lanteberti,
935 441 1040 512 qui
1069 440 1395 509 Tungrensi
1431 439 1568 494 villa
1600 437 1836 510 publica
1867 435 1916 489 Α
1947 434 2257 490 hensibilis
2290 435 2393 490 viri
2425 434 2728 490 Turonicae
2752 435 3002 491 civitatis
3031 438 3317 509 episcopi,
3353 442 3496 495 Sunt
3526 457 3610 496 re-

171 535 248 591 ab
280 532 671 606 iniquissimis
711 531 853 586 viris
897 531 1218 602 improvise
1263 529 1417 584 intra
1460 529 1710 583 domum
1741 543 1836 582 ec-

171 624 369 680 clesiae
417 621 705 692 martyrio
751 625 1091 675 coronatur.
1126 623 1329 674 Insunt
1359 618 1616 689 reliquiae
1654 616 1839 672 sancti

173 713 336 770 Fabii
365 710 665 782 martyris,
699 709 823 781 qui,
859 726 995 763 cum
1029 709 1176 763 ferre
1222 707 1434 762 vexilla
1481 707 1842 779 prmsidialia

171 807 497 862 recusaret.
551 806 832 854 Caesareae
892 815 927 852 a
981 798 1305 852 furibundo
1349 797 1550 868 judice
1605 795 1841 869 capitali

173 890 469 947 sententia
513 889 970 944 condemnatur.
1010 890 1155 942 Sunt
1204 887 1464 958 reliquiae
1516 885 1672 940 beati
1714 888 1846 940 Pro-

167 981 312 1053 jecti
338 979 617 1050 martyris
650 983 705 1033 et
747 976 1010 1049 episcopi
1055 976 1459 1031 Arvernensis.
1488 974 1844 1030 Insnntreli-

172 1069 334 1142 quia:
385 1065 573 1121 sancti
624 1064 922 1120 Fortunati
973 1065 1252 1134 martyris
1299 1063 1462 1136 apud
1514 1062 1853 1134 Aquileiam

172 1158 360 1232 passi.
391 1159 537 1211 Sunt
570 1154 833 1225 reliquiae
860 1153 1017 1208 beati
1062 1154 1306 1220 Nazarii,
1337 1170 1518 1225 quem
1561 1151 1848 1207 Anolinus

175 1247 294 1302 sub
320 1245 487 1300 rabie
519 1242 946 1316 persecutionis
969 1242 1072 1296 diu
1096 1248 1462 1297 maceratum
1486 1247 1542 1297 et
1562 1240 1848 1296 afﬂictum

176 1334 384 1405 gladio
407 1331 563 1388 feriri
584 1330 764 1402 jussit
787 1330 947 1402 apud
977 1330 1394 1386 Mediolanum.
1423 1333 1568 1386 Sunt
1589 1329 1849 1400 reliquiae

174 1423 337 1480 beati
370 1420 638 1489 Longini,
672 1419 874 1473 militis
904 1424 960 1473 et
991 1419 1290 1489 martyris,
1325 1419 1426 1490 qui
1459 1418 1668 1474 lancea
1697 1418 1852 1472 latus

176 1511 417 1569 Domini
448 1508 764 1582 pendentis
792 1507 852 1562 in
880 1524 1053 1562 cruce
1083 1508 1332 1580 aperuit.
1363 1513 1566 1562 Insunt
1591 1506 1850 1578 reliquiae

179 1599 374 1656 sancti
410 1598 676 1664 Protasii,
710 1597 813 1669 qui
838 1596 999 1668 apud
1034 1596 1428 1652 Mediolanum
1468 1596 1678 1669 capitis
1722 1595 1855 1649 abs-

177 1690 407 1744 cisione
430 1686 789 1758 martyrium
838 1685 1301 1740 consummavit.
1340 1689 1542 1740 Insunt
1591 1683 1852 1755 reliquiae

1949 523 2147 595 liquiae
2207 524 2363 579 beati
2416 523 2604 579 Brictii
2650 525 2881 579 civitate
2939 523 3189 582 Turonis
3242 527 3609 582 admirandae

1950 613 2272 668 sanctitatis
2324 613 2448 667 viri.
2504 617 2709 668 Insunt
2760 614 3023 686 reliquiae
3078 618 3266 671 sancti
3317 617 3614 672 Ambrosii

1951 702 2404 758 Mediolanensis
2419 703 2702 775 episcopi,
2720 705 2890 774 cujus
2912 705 3086 760 flores
3107 707 3326 778 eloquii
3350 707 3620 762 redolent

1953 807 2059 864 per
2088 797 2274 846 totam
2317 792 2638 847 Ecclesiam
2673 793 2902 848 mundi.
2950 796 3095 850 Sunt
3144 795 3408 868 reliquite
3459 797 3616 851 beati

1955 880 2215 946 Gregorii
2272 880 2515 949 dialogi,
2566 881 2669 952 qui
2728 882 2993 953 pontifex
3052 887 3250 939 Romae
3308 885 3617 940 ordinams

1957 969 2230 1024 ccelibem
2261 969 2444 1024 vitam
2483 969 2672 1024 duxit.
2709 975 2914 1026 Insunt
2950 971 3212 1044 reliquiae
3249 974 3436 1028 sancti
3489 975 3617 1044 Syri

1957 1058 2241 1129 episcopi,
2275 1058 2379 1130 qui
2409 1058 2574 1129 apud
2606 1059 2851 1130 Papiam
2885 1060 3002 1115 fide
3030 1061 3396 1117 credentium
3424 1079 3616 1134 popu-

1957 1148 2152 1202 lorum
2179 1148 2493 1203 fundatam
2521 1148 2841 1204 Ecclesium
2865 1149 3124 1216 glosioso
3142 1150 3257 1206 ﬁne
3281 1153 3614 1224 requiescit.

1961 1240 2107 1293 Sunt
2137 1236 2398 1308 reliquiae
2445 1238 2602 1292 beati
2641 1239 3002 1294 I'Iunterandi
3053 1241 3205 1309 regis
3259 1245 3619 1297 Francorum

1959 1326 2063 1398 qui
2101 1325 2510 1398 spiritualibus
2546 1327 2879 1381 actionibus
2911 1328 3124 1384 exstitit
3158 1331 3540 1402 conspicuus,
3568 1337 3624 1386 et

1963 1415 2125 1486 apud
2167 1414 2379 1468 urbem
2425 1414 2903 1470 Cabillonensem
2939 1417 3238 1472 miraculis
3274 1424 3477 1474 manet
3511 1419 3625 1474 cla-

1963 1521 2083 1558 rus.
2109 1507 2310 1559 Insunt
2333 1503 2594 1574 reliquiae
2619 1505 2805 1560 sancti
2829 1505 2986 1560 Pauli
3011 1507 3292 1580 episcopi,
3312 1509 3434 1580 qui,
3461 1509 3624 1580 apud

1966 1593 2175 1649 urbem
2211 1593 2552 1648 Narbonam
2588 1595 3027 1666 praedicationis
3051 1596 3314 1652 ofﬁcium
3362 1614 3484 1652 non
3532 1616 3624 1653 se—

1967 1683 2156 1751 gniter
2201 1682 2490 1753 implevit,
2534 1687 2590 1738 et
2636 1683 2713 1737 ibi
2763 1684 2957 1739 clarus
3010 1686 3312 1741 miraculis
3355 1689 3622 1760 quiescit.

179 1778 374 1834 sancti
421 1776 596 1832 Prisci
648 1775 930 1846 martyris
969 1775 1132 1846 apud
1168 1779 1434 1846 Capuam
1469 1773 1850 1846 quiescentis.
1885 1779 1933 1838 B
1969 1775 2116 1828 Sunt
2140 1771 2403 1842 reliquiae.
2441 1772 2599 1826 beati
2630 1773 2953 1844 Trophimi,
2983 1775 3085 1846 qui
3131 1776 3294 1848 apud
3333 1778 3627 1833 Arelatem

181 1871 336 1925 Sunt
362 1866 625 1938 reliquiae
647 1864 805 1919 beati
834 1863 1134 1928 Antonini,
1159 1864 1264 1935 qui
1293 1864 1520 1918 honore
1552 1862 1855 1931 dignitatis

181 1955 422 2012 Domini
452 1954 662 2010 illustri
711 1953 1068 2025 martyrium
1101 1953 1262 2024 apud
1314 1953 1630 2025 Apamiam
1683 1952 1855 2007 susti-

181 2046 333 2102 nuit.
371 2048 575 2100 Insunt
618 2043 880 2114 reliquite
925 2042 1114 2097 sancti
1163 2043 1444 2114 Cypriani
1492 2042 1755 2114 episcopi
1804 2047 1860 2097 et

182 2133 486 2205 martyris,
517 2133 641 2205 qui,
677 2131 788 2186 sub
821 2132 1053 2187 Galerio
1100 2132 1480 2203 proconsule,
1511 2132 1674 2203 apud
1714 2132 1859 2186 Afri-

183 2239 342 2288 cam,
381 2220 758 2288 Carthagine,
793 2235 998 2275 amore
1031 2220 1241 2274 Christi
1282 2221 1606 2288 animatus,
1638 2219 1862 2290 gladio-

185 2328 306 2384 que
367 2326 713 2383 percussus,
769 2313 998 2380 martyr
1054 2308 1331 2376 migravit
1390 2309 1464 2363 ad
1517 2309 1857 2364 Dominum.

187 2403 338 2457 Sunt
367 2397 632 2470 reliquiae
667 2396 854 2452 sancti
892 2396 1067 2461 Lucii,
1107 2397 1212 2468 qui
1241 2397 1404 2468 apud
1439 2397 1718 2462 Africam,
1751 2397 1864 2452 sub

187 2487 368 2543 Decio
389 2492 446 2542 et
466 2486 800 2550 Valeriano,
827 2491 1182 2553 exsurgente
1212 2487 1644 2557 persecutionis
1676 2485 1861 2552 rabie,

188 2592 330 2630 cum
387 2574 588 2629 multis
639 2574 1032 2628 confessionis
1088 2589 1347 2641 agonem
1401 2574 1862 2629 consummavit.

191 2666 407 2719 Insunt
435 2662 697 2734 reliquiae
724 2662 881 2717 beati
910 2662 1195 2732 Dionysii,
1229 2663 1354 2734 qui,
1385 2662 1549 2734 apud
1580 2663 1865 2717 Parisium

193 2757 473 2808 sanctum
505 2768 658 2823 opus
697 2750 946 2805 fideliter
991 2756 1324 2812 exsecutus.
1359 2768 1394 2806 a
1428 2751 1709 2823 praefecto
1740 2754 1873 2811 Fes.

193 2841 414 2896 cennio
451 2839 707 2895 Sisinnio
739 2840 1216 2910 comprehensus
1270 2840 1625 2910 martyrium
1676 2844 1869 2911 porta-

199 2930 296 2984 vit.
332 2932 479 2984 Sunt
506 2927 769 2999 reliquiae
795 2928 981 2982 sancti
1012 2927 1352 2993 Alexandri,
1376 2929 1500 3000 qui,
1534 2929 1697 3001 apud
1727 2932 1872 2997 Lug-

197 3019 436 3074 dunum
465 3017 658 3072 crucis
691 3016 927 3071 afﬂixus
958 3017 1247 3089 patibulo,
1279 3018 1548 3089 spiritum
1572 3018 1872 3073 exanima-

1967 1861 2178 1916 urbem
2229 1861 2422 1915 Galliae
2455 1862 2802 1918 innumeras
2849 1864 3090 1920 virtutes
3120 1865 3273 1936 fecit,
3307 1871 3361 1921 et
3406 1867 3519 1922 illic
3567 1868 3628 1923 in

1964 1965 2111 2022 pace
2170 1948 2553 2005 obdormivit.
2615 1954 2821 2006 Insunt
2887 1951 3148 2024 reliquiae
3215 1954 3374 2010 beati
3433 1957 3629 2012 Severi

1964 2038 2316 2110 presbyteri,
2337 2038 2440 2109 qui
2462 2038 2765 2108 ingentem
2787 2055 3167 2111 paganorum
3189 2043 3630 2100 multitudinem

1969 2129 2046 2182 ad
2076 2128 2260 2183 fidem
2295 2128 2505 2184 Christi
2549 2130 2851 2198 convertit,
2881 2131 3044 2202 apud
3079 2132 3286 2188 urbem
3319 2134 3628 2191 Viennam.

1972 2219 2118 2273 Sunt
2161 2217 2426 2289 reliquiae
2474 2218 2660 2272 sancti
2700 2219 2896 2273 Hilarii
2935 2220 3182 2276 Pictavis
3222 2223 3506 2295 episcopi,
3541 2241 3637 2292 ge-

1972 2321 2112 2360 nere
2147 2310 2203 2360 et
2247 2307 2550 2361 miraculis
2582 2306 2743 2361 clari.
2781 2310 2926 2362 Sunt
2955 2309 3218 2380 reliquiae
3262 2313 3451 2367 sancti
3495 2314 3634 2368 Feli-

1973 2395 2076 2460 cis,
2111 2394 2370 2460 Nolanaa,
2423 2395 2588 2449 urbis
2626 2396 2977 2467 presbyteri,
3010 2398 3066 2453 in
3108 2399 3296 2454 Pincis
3330 2401 3508 2468 digne
3545 2419 3634 2457 se-

1974 2483 2141 2556 pulti.
2206 2489 2408 2539 Insunt
2474 2485 2736 2555 reliquiae
2800 2488 2985 2542 sancti
3048 2489 3326 2555 Medardi,
3387 2491 3637 2546 civitatis

1980 2572 2311 2627 Suessionis
2373 2571 2660 2643 episcopi,
2721 2579 2776 2628 et
2841 2575 3216 2631 confessoris.
3278 2581 3423 2634 Sunt
3509 2579 3638 2634 reli-

1978 2659 2133 2730 quiae
2164 2659 2320 2714 beati
2370 2659 2642 2714 Martialis
2673 2661 2837 2731 apud
2886 2661 3096 2718 urbem
3153 2667 3638 2722 Lemovicensem

1977 2747 2352 2803 admirandae
2381 2749 2709 2802 sanctitatis
2747 2755 2802 2804 et
2830 2749 3129 2816 religionis
3167 2753 3287 2808 viri.
3318 2755 3523 2810 Insunt
3547 2773 3636 2812 re-

1978 2835 2176 2907 liquiae
2227 2836 2413 2892 sancti
2461 2838 2757 2892 Maximini
2806 2839 3071 2912 episcopi
3113 2842 3344 2898 civitate
3389 2845 3639 2901 Treviris

1981 2925 2242 2995 gloriosi.
2279 2929 2424 2982 Sunt
2457 2926 2718 2998 reliquiae
2757 2928 2831 2982 de
2861 2929 3090 3000 capillis
3120 2931 3274 2987 beati
3306 2933 3502 3001 Salvii,
3535 2935 3642 3006 qui

1979 3014 2292 3069 virtutibus
2339 3019 2395 3069 et
2442 3015 2745 3070 miraculis
2803 3017 3095 3072 Alhiensis
3137 3021 3404 3092 quiescit.
3436 3028 3644 3078 Insunt

201 3112 298 3162 tus
331 3105 543 3160 emisit.
580 3109 785 3160 Insunt
816 3105 1080 3176 reliquiae
1111 3104 1266 3160 beati
1303 3105 1536 3160 Oroncii
1568 3107 1869 3176 martyris,
1905 3136 1944 3190 ρ
1981 3102 2242 3174 reliquiae
2284 3119 2354 3157 ex
2406 3103 2634 3175 capillis
2679 3106 2866 3160 sancti
2919 3107 3153 3163 Caesarii
3199 3109 3436 3166 diaconi
3473 3113 3645 3182 juxta

199 3195 328 3266 qui,
392 3192 556 3264 apud
617 3192 1103 3247 Ebredunensem
1158 3193 1450 3248 civitatem
1498 3194 1872 3266 corporalem

203 3288 463 3338 mortem
510 3287 922 3344 contemnens,
957 3296 1245 3336 coronam
1286 3281 1417 3336 vitae
1465 3281 1718 3354 adeptus
1763 3286 1870 3336 est.

205 3375 355 3428 Sunt
383 3369 646 3442 reliquim
678 3369 866 3425 sancti
896 3369 1127 3434 Tiberii,
1155 3369 1259 3441 qui
1286 3373 1551 3442 tempore
1577 3371 1880 3426 Diocletia-

209 3461 271 3516 ni
334 3458 514 3514 variis
559 3459 867 3514 tormentis
914 3458 1236 3522 cruciatus,
1266 3458 1326 3512 in
1381 3459 1670 3514 territorio
1720 3462 1877 3527 Aga-

207 3550 402 3607 tbensi
472 3549 828 3620 martyrium
915 3547 1251 3619 complevit.
1333 3552 1536 3603 Insunt
1616 3548 1879 3620 reliquiae

207 3639 400 3696 sancti
433 3637 751 3694 Salvatoris
779 3637 840 3692 in
890 3637 1196 3693 memoriis
1227 3638 1466 3709 piorum
1503 3637 1782 3708 fulgentis
1819 3639 1881 3694 in

206 3744 401 3797 regno
435 3727 669 3783 Christi.

286 3820 434 3873 Sunt
461 3815 725 3888 reliquiae
751 3814 910 3870 beati
955 3815 1185 3870 Genesii
1236 3815 1538 3888 martyris,
1568 3816 1671 3888 qui
1721 3815 1885 3888 apud

211 3904 508 3961 Arelatem
529 3903 941 3976 deprehensus
957 3903 1036 3958 ab
1055 3903 1498 3975 apparitoribus
1526 3909 1705 3976 atque
1732 3905 1792 3958 in
1817 3904 1890 3963 ri.

210 4011 295 4068 pa
326 3992 592 4048 ﬂuminis
622 3991 895 4047 Rhodani
924 3991 1253 4048 decollatus
1285 3997 1390 4047 est.
1430 3995 1578 4048 Sunt
1623 3993 1887 4064 reliquiae

216 4083 410 4140 sancti
456 4081 675 4146 Felicis,
708 4080 833 4153 qui,
879 4080 1046 4152 apud
1097 4081 1439 4136 Gerundam
1485 4082 1708 4137 catenis
1761 4097 1892 4150 gra-

216 4170 486 4226 vioribus
533 4169 785 4236 vinctus,
830 4185 937 4242 per
977 4173 1130 4226 totas
1181 4169 1412 4242 plateas
1462 4170 1540 4225 ab
1588 4169 1892 4225 indomitis

218 4260 402 4317 mulis
431 4264 674 4322 tractus,
707 4259 990 4315 manibus
1022 4265 1158 4331 post
1188 4265 1422 4328 tergum
1454 4259 1647 4328 ligatis
1677 4260 1737 4314 in
1769 4275 1894 4314 ma-

219 4350 305 4406 ris
333 4348 636 4422 profundo
674 4363 930 4417 mersus,
964 4347 1190 4403 illustre
1240 4347 1595 4420 martyrium
1645 4348 1890 4421 peregit.

1982 3192 2190 3246 urbem
2247 3192 2622 3247 Terracinam
2675 3194 2907 3265 sepulti.
2962 3198 3110 3252 Sunt
3169 3198 3430 3272 reliquiae
3487 3202 3648 3258 beati

1981 3280 2208 3336 Paulini
2240 3280 2506 3352 episcopi
2545 3282 2875 3338 eruditione
2907 3288 2962 3339 et
2991 3286 3237 3357 copiosa
3265 3289 3397 3343 vitae
3430 3291 3646 3346 sancti—

1983 3376 2100 3428 tate
2131 3370 2296 3441 apud
2325 3371 2530 3426 Nolam
2559 3373 2923 3442 Campaniae.
2955 3378 3160 3430 Insunt
3187 3376 3450 3448 reliquiae
3481 3396 3649 3435 sanc-

1986 3461 2027 3514 ti
2056 3457 2332 3513 Germani
2378 3459 2541 3530 apud.
2586 3460 2874 3514 Parisium
2905 3462 3217 3518 virtutibus
3247 3471 3304 3520 et
3345 3467 3648 3523 miraculis

1987 3547 2248 3617 gloriosi.
2298 3549 2444 3602 Sunt
2487 3547 2750 3619 reliquiae
2783 3551 2970 3604 sancti
3026 3551 3218 3607 Hilarii
3264 3557 3648 3613 Carcacensis

1988 3634 2254 3707 episcopi
2284 3650 2522 3704 magnae
2552 3635 2778 3690 virtutis
2805 3637 2931 3692 viri.

2067 3725 2275 3778 Insunt
2319 3721 2583 3795 roliquiaa
2627 3724 2785 3780 beati
2830 3726 2994 3798 Lupi,
3024 3728 3126 3798 qui
3165 3731 3396 3786 orando
3441 3736 3652 3790 Trecas

1996 3811 2270 3867 munivit.
2307 3813 2455 3867 Sunt
2481 3811 2740 3884 reliquiae
2772 3814 2960 3869 sancti
2989 3816 3222 3871 Eusebii
3255 3818 3485 3876 civitate
3516 3825 3652 3877 Ver-

1998 3901 2158 3956 cellis
2193 3900 2476 3973 episcopi.
2514 3905 2720 3957 Insunt
2748 3902 3009 3976 reliqujze
3047 3904 3205 3961 beati
3243 3908 3515 3965 Philberti
3555 3912 3656 3966 ab-

1997 3992 2154 4046 batis
2186 3990 2247 4045 in
2279 3990 2566 4046 territorio
2606 3992 2987 4061 Rodomensi,
3019 3995 3079 4050 in
3111 3999 3276 4054 omni
3313 4000 3565 4070 puritate
3604 4005 3662 4056 et

1998 4079 2186 4136 animi
2215 4079 2532 4134 virtutibus
2569 4080 2732 4138 clari.
2771 4085 2916 4139 Sunt
2952 4083 3213 4158 reliquiae
3244 4089 3433 4145 sancti
3478 4085 3664 4162 Egidii

2003 4170 2240 4226 abbatis
2266 4169 2325 4224 in
2351 4170 2638 4226 territorio
2665 4175 3051 4228 Nemausensi
3074 4176 3258 4245 signis
3282 4177 3664 4238 illustrissimi

2003 4264 2060 4314 et
2089 4259 2419 4314 sanctitate.
2454 4261 2662 4314 Insunt
2687 4259 2950 4332 reliquiae
2989 4264 3176 4318 sancti
3209 4265 3444 4334 Ugberti
3486 4271 3661 4341 regis,

2007 4346 2173 4419 apud
2204 4345 2432 4402 Italiam
2462 4348 2700 4417 magnis
2729 4349 3044 4405 virtutibus
3073 4355 3130 4406 et
3166 4354 3406 4425 optimis
3454 4358 3666 4413 studiis

222 4441 436 4493 Insunt
477 4436 742 4509 reliquiae
798 4436 957 4492 beati
1011 4437 1374 4508 Cucuphatis
1429 4436 1726 4508 martyris,
1768 4437 1894 4509 qui,
1924 4478 1971 4536 Β
2004 4435 2240 4509 praediti
2283 4435 2609 4534 viri..Sunt
2650 4436 2913 4510 reliquiae
2953 4439 3110 4496 beati
3161 4443 3502 4514 Leudegaril
3553 4452 3668 4503 Au-

224 4527 578 4597 gravissimte
609 4529 798 4581 tortus
845 4530 901 4580 et
931 4525 1155 4580 catenis
1181 4524 1476 4594 astrictus,
1510 4524 1570 4580 in
1615 4524 1899 4580 craticula

226 4618 712 4687 superextensus,
747 4613 860 4668 sub
891 4613 1122 4669 Galerio
1163 4617 1220 4668 et
1268 4612 1626 4668 Maximiano
1672 4629 1742 4668 ac
1791 4616 1902 4669 Ru-

227 4704 375 4769 ﬁno,
410 4702 796 4758 Barchinonze
827 4707 914 4757 est
953 4718 1192 4775 passus.
1230 4705 1377 4757 Sunt
1427 4701 1689 4774 reliquiae
1735 4719 1905 4764 sanc-

232 4798 434 4849 torum
480 4797 818 4864 martyrum
866 4795 1072 4849 Massae
1125 4791 1430 4858 Candidae,
1463 4791 1587 4864 qui,
1633 4795 1904 4863 tempore

233 4880 526 4937 Valeriani
557 4886 615 4936 et
644 4879 888 4936 Gallieni
922 4879 1217 4936 Christum
1265 4879 1367 4934 Dei
1398 4879 1606 4935 Filium
1653 4879 1904 4936 fatentes

234 4970 407 5042 ejecti
438 4974 578 5025 sunt
611 4969 674 5024 in
726 4969 928 5039 ignem
981 4967 1146 5040 apud
1204 4968 1645 5038 Carthaginem.
1704 4973 1911 5024 Insunt

236 5057 504 5130 reliquiae
533 5057 850 5113 beatorum
898 5059 1130 5113 Cosmae
1179 5060 1238 5112 et
1289 5056 1582 5121 Damiani,
1616 5057 1742 5128 qui,
1775 5061 1913 5129 post

239 5147 521 5204 toleratos
590 5146 796 5215 fustes,
874 5146 1222 5218 equuleum,
1295 5146 1483 5215 ignes,
1560 5145 1914 5214 sagittarum

238 5237 416 5305 ictus,
449 5235 563 5290 sub
590 5234 840 5308 praeside
872 5235 1048 5306 Lysia
1079 5235 1245 5308 apud
1271 5239 1516 5304 Egeam
1558 5234 1760 5305 gladio
1790 5235 1914 5290 ani-

240 5323 545 5382 madversi
607 5327 763 5380 sunt.
828 5326 976 5380 Sunt
1039 5324 1299 5397 reliquiae
1368 5328 1712 5379 sanctorum
1766 5322 1916 5379 Iusti

242 5419 301 5470 et
327 5413 606 5482 Pastoris,
637 5413 762 5486 qui,
797 5429 936 5469 cum
989 5413 1188 5469 adhuc
1243 5412 1413 5484 pueri
1459 5413 1662 5470 litteris
1706 5412 1917 5468 inbue-

241 5508 471 5573 rentur,
501 5503 781 5576 projectis
809 5503 870 5558 in
903 5504 1111 5559 schola
1143 5502 1386 5571 tabulis,
1418 5508 1628 5574 sponte
1659 5501 1738 5557 ad
1769 5519 1925 5557 mar-

244 5593 471 5665 tyrium
497 5596 908 5659 cucurrerunt,
938 5592 1097 5647 unde
1125 5597 1182 5647 et
1213 5591 1273 5646 in
1319 5607 1538 5663 campo
1567 5590 1856 5646 laudabili
1887 5608 1924 5647 a

248 5679 637 5738 carniﬁcibus
655 5684 824 5736 extra
839 5681 1136 5735 civitatem
1158 5679 1472 5752 Compluto
1485 5678 1741 5750 jugulati
1765 5685 1922 5736 sunt.

251 5776 462 5844 Insunt
485 5769 751 5845 reliquiae
774 5769 962 5828 sancti
989 5769 1235 5836 Martini,
1265 5769 1490 5826 summi
1512 5773 1567 5824 et
1595 5769 1927 5841 incompre-

546 5861 790 5915 Ρλῂοι..
828 5853 1000 5915 CXLI.

2008 4523 2474 4596 gustodunensis
2530 4525 2816 4598 episcopi.
2875 4531 3078 4584 Insunt
3149 4529 3413 4604 reliquiae
3480 4538 3669 4592 sancti

2011 4611 2288 4670 Germani
2343 4613 2613 4684 Capuani
2668 4615 2955 4688 episcopi,
3004 4619 3203 4674 verbis
3253 4625 3310 4676 et
3355 4621 3671 4678 virtutibus

2010 4701 2222 4758 ornati.
2286 4702 2434 4756 Sunt
2479 4700 2743 4774 reliquiae
2801 4702 2956 4760 beati
3031 4707 3284 4774 Geraldi,
3336 4709 3395 4764 in
3464 4711 3674 4768 habitu

2013 4791 2355 4849 Christianae
2430 4790 2734 4861 religionis
2805 4794 3156 4868 multiplicia
3218 4799 3463 4870 operati.
3530 4803 3679 4858 Sunt

2013 4879 2275 4952 reliquiae
2308 4879 2496 4934 sancti
2528 4879 2762 4936 Firmini
2795 4883 2960 4955 apud
2991 4885 3247 4941 Uzetiam
3287 4888 3593 4944 sanctitate
3624 4895 3681 4947 et

2014 4968 2299 5042 patientia
2325 4984 2395 5024 ac
2441 4968 2558 5023 fide
2586 4969 2925 5028 laudabilis.
2963 4975 3109 5029 Sunt
3147 4974 3410 5047 reliquiae
3458 4985 3679 5034 sanctae

2018 5057 2278 5127 Agnetis,
2306 5073 2442 5128 quae
2468 5057 2711 5127 ignibus
2744 5059 2963 5129 injecta
3006 5065 3062 5116 et
3110 5065 3308 5118 Romae
3353 5065 3467 5120 sub
3515 5069 3686 5138 Sym-

2018 5144 2276 5218 phronio
2298 5144 2497 5214 gladio
2520 5151 2607 5200 est
2627 5162 2932 5218 percussa.
2952 5151 3156 5205 Insunt
3174 5150 3436 5223 reliquiae
3462 5160 3684 5214 sanctae

2021 5234 2266 5302 Agathte
2316 5233 2582 5303 virginis,
2630 5251 2762 5306 quae
2818 5241 2954 5307 post
3001 5237 3209 5310 alapas
3257 5246 3313 5296 et
3364 5258 3688 5313 carcerem,

2022 5327 2160 5394 post
2189 5321 2513 5394 equuleum
2543 5328 2599 5378 ct
2619 5323 2921 5392 tortiones,
2955 5332 3090 5398 post
3119 5329 3529 5389 mamillarum
3554 5336 3694 5391 abs-

2027 5411 2364 5478 cissionem,
2398 5417 2537 5483 post
2572 5413 3002 5470 volutationem
3031 5415 3092 5470 in
3140 5420 3367 5476 testulis
3397 5428 3452 5478 et
3481 5427 3693 5482 carbo-

2029 5501 2230 5571 nibus,
2259 5501 2315 5555 in
2350 5517 2585 5558 carcere
2630 5511 3053 5561 consummata
3101 5512 3206 5564 est.
3243 5512 3391 5569 Sunt
3432 5516 3692 5587 reliquiae

2033 5595 2252 5647 sanctae
2281 5591 2840 5665 Segolinae,optimte
2862 5594 3100 5652 feminae.
3126 5603 3184 5654 et
3204 5601 3357 5658 miro
3377 5620 3552 5675 opere
3576 5605 3698 5673 glo-

2031 5679 2220 5736 riosae.
2254 5684 2463 5736 Insunt
2498 5681 2761 5755 reliquiae
2795 5691 3013 5741 sanctas
3058 5689 3312 5756 Eulaliae,
3342 5709 3494 5764 quae,
3525 5693 3696 5762 jussu

2039 5769 2276 5824 Daciani
2309 5769 2579 5841 praesidis
2597 5771 2860 5844 plurima
2879 5778 3180 5834 tormenta.
3195 5774 3698 5852 perpessamo'vis-

3337 5871 3403 5923 46
