3836 6430
360 332 486 384 1451

1501 327 1776 382 meum
1815 305 2124 380 nomen!
2161 318 2602 386 CUXASENSIS.

3677 329 3783 381 H5!

355 451 502 507 sime
532 451 592 507 in
623 452 842 525 equulo
867 466 1156 523 suspensa
1184 455 1238 506 et
1263 451 1645 519 exungulata,
1669 446 1876 504 faculis
1901 449 1988 502 'ar-
2013 424 2068 501 Ἀ
2098 463 2230 505 rum
2261 449 2337 506 ab
2366 449 2524 507 intus
2557 451 2764 508 Filium
2787 443 3058 506 hominis
3082 451 3142 506 in
3173 449 3403 522 spiritu
3434 446 3674 518 gloriae
3697 465 3787 502 sua

353 539 630 596 dentibus
659 556 731 596 ex
759 541 1008 610 utroque
1039 538 1216 594 latere
1265 538 1553 611 appositis
1595 539 1810 593 hausto
1855 535 1990 604 igne

354 627 624 700 spiritum
675 625 884 691 reddit,
917 626 1081 698 apud
1133 627 1446 682 Emeritam
1491 625 1797 698 Hispaniae.
1844 624 1990 680 Sunt

335 707 610 788 reliquiae
655 718 872 770 sanctae
899 715 1202 770 Leocadite
1232 713 1496 783 virginis,
1528 731 1661 787 quae
1701 713 1863 786 apud
1888 715 1990 768 To-

348 803 550 869 letum,
581 801 712 858 dica
741 801 991 857 carceris
1023 801 1311 868 custodia,
1347 803 1596 872 genibus
1627 803 1687 857 in
1724 800 1988 856 oratione

347 889 574 962 positis,
607 889 982 962 impollutum
1027 891 1254 947 Christo
1295 892 1564 964 spiritum
1611 889 1867 946 tradidit.
1905 893 1988 944 ln-

349 984 486 1034 sunt
508 977 769 1050 reliquiae
801 983 1016 1034 sanctae
1051 979 1287 1034 Eulalire
1318 979 1618 1052 martyris,
1647 995 1779 1052 quae
1809 994 1988 1050 passa

346 1071 430 1122 est
461 1066 572 1122 sub
604 1066 864 1122 Daciano
890 1066 950 1120 in
981 1065 1209 1122 civitate
1243 1067 1630 1121 Barchinona.

2094 533 2474 611 illustrarent,
2519 556 2588 596 ac
2634 545 2840 595 sancta
2881 537 3170 596 animalia
3219 537 3520 594 exterius
3577 541 3788 603 Agnum

2098 625 2218 694 Dei,
2273 643 2380 699 per
2438 632 2651 684 cuncta
2699 631 2991 700 tempora,
3050 627 3109 681 in
3169 641 3303 682 una
3370 623 3787 680 dominatione

2099 717 2352 770 stantem
2382 715 2728 788 proferrent,
2762 721 2819 772 et
2847 711 3128 771 iutus'vel
3161 715 3312 770 foris
3365 712 3611 769 tEtﬂI‘Ill
3649 713 3789 768 Regi:

2095 803 2354 858 tribunal
2391 810 2447 860 et
2489 805 2705 860 solium
2757 803 3026 876 mysterii
3075 802 3598 859 revelationibus
3647 802 3788 856 fami-

2094 890 2312 947 liariter
2337 892 2717 958 adornarent,
2763 897 2941 965 atque
2982 893 3082 964 pia
3138 904 3426 948 munera
3487 886 3789 945 oﬂ'erentes

2092 981 2152 1036 in
2184 981 2408 1037 Christo
2440 998 2627 1037 unum
2658 998 2876 1054 corpus
2905 981 3230 1038 efﬁcerent.

2164 1071 2412 1125 Omnem
2445 1069 2604 1125 enim
2635 1070 2946 1126 materiam
2977 1069 3350 1125 intrinsecus
3403 1074 3475 1124 et
3517 1068 3789 1123 extrinse-

2095 1173 2200 1212 cus
2254 1157 2313 1212 in
2371 1174 2682 1230 procerem
2737 1157 3152 1212 celsitudinem
3216 1157 3368 1212 fecit
3428 1171 3716 1224 surgere,
3753 1169 3788 1211 et

2093 1246 2373 1302 manibus
2401 1246 2694 1302 artiﬁcum
2727 1247 2938 1302 faciem
2971 1247 3372 1318 angulosque
3413 1245 3513 1300 sic
3564 1262 3788 1300 exorna-

2092 1334 2195 1402 vit,
2229 1339 2290 1389 ut
2319 1347 2623 1406 nusquam
2657 1335 2936 1404 junctura
2975 1333 3218 1404 paginis
3274 1339 3660 1406 appareret.
3691 1333 3789 1404 ipse

2092 1439 2334 1494 quoque
2389 1423 2516 1492 jam
2573 1421 2802 1494 pridem
2858 1421 3118 1492 spatium
3171 1422 3352 1493 quod
3417 1422 3638 1478 fuerat
3687 1432 3790 1493 post

2094 1511 2275 1566 altare
2329 1509 2653 1565 venerandi
2705 1509 3002 1565 Michaelis
3061 1515 3461 1578 argumento
3513 1514 3578 1564 et
3629 1513 3791 1564 muni-

338 1597 595 1652 ﬁliorum
629 1602 684 1652 et
714 1596 900 1666 gratia
935 1597 1233 1652 maximus
1261 1596 1444 1662 Oliva,
1476 1596 1827 1652 soliditatem
1857 1612 1987 1652 san-
2091 1598 2390 1654 niﬁcentia
2442 1597 2723 1667 singulari
2767 1597 3088 1670 amplexus
3141 1603 3258 1665 est,
3291 1603 3358 1652 et
3416 1597 3709 1670 deposita
3747 1601 3788 1653 in

340 1691 445 1741 ctae
475 1685 612 1741 ﬁdei
639 1685 925 1742 veraciter
954 1689 1160 1741 tenens
1191 1692 1246 1741 et
1284 1685 1342 1740 in
1381 1687 1611 1742 sincera
1649 1685 1844 1740 cordis
1882 1684 1983 1739 de-
2092 1692 2363 1744 sanctum
2423 1686 2653 1742 Domini
2709 1702 2864 1758 opus
2915 1702 2951 1741 a
3007 1686 3152 1742 foris
3203 1703 3410 1759 super
3471 1688 3788 1742 reverenda

337 1774 572 1830 votione
603 1773 988 1845 amplectens.
1009 1772 1201 1828 Voluit
1225 1773 1442 1844 pignus
1470 1771 1855 1829 humanitatis
1879 1775 1984 1827 Do-
2021 1787 2061 1844 Β
2091 1779 2419 1847 martyrum
2477 1775 2782 1840 Valentini,
2843 1774 3223 1840 Flamidiani,
3287 1779 3503 1847 atque
3583 1777 3785 1830 confes-

339 1861 484 1916 mini
514 1861 694 1916 nostri
727 1865 780 1916 et
811 1864 1109 1916 tantorum
1150 1860 1416 1916 ﬁdelium
1458 1863 1586 1932 ejus
1625 1861 1808 1916 oculis
1853 1877 1981 1916 car-
2091 1865 2238 1918 soris
2266 1863 2485 1918 Nazarii
2518 1878 2770 1934 corpora
2803 1862 2878 1917 ad
2903 1863 3105 1918 locum
3141 1863 3314 1918 nunc
3353 1863 3689 1932 condigne
3716 1881 3788 1919 ve-

336 1950 461 2005 neis
485 1949 803 2021 ponderari
832 1968 844 2015 ;
899 1949 1004 2003 s‘ed
1037 1949 1362 2004 construxit
1391 1949 1885 2022 propitiatorium,
1917 1954 1983 2004 ut
2089 1955 2389 2021 nerantur,
2420 1950 2670 2022 pulchro
2697 1956 2752 2006 et
2781 1954 2990 2006 ornato
3021 1963 3207 2022 opere
3239 1951 3784 2021 beatae‘genitriri:

335 2037 544 2094 beatus
572 2041 798 2109 Moyses
843 2053 1021 2110 super
1053 2037 1255 2107 altare,
1284 2037 1491 2093 artiﬁci
1519 2037 1879 2108 magisterio,
1911 2053 1980 2093 ac
2088 2040 2276 2097 Mariae
2325 2045 2383 2095 et
2428 2039 2926 2108 archangelorum
2961 2039 3060 2094 Dei
3099 2037 3183 2093 'in
3231 2043 3503 2111 crypta,
3539 2055 3680 2112 quae
3725 2040 3780 2094 ad

335 2126 620 2182 felicitatis
663 2139 936 2198 compos;
993 2127 1070 2182 ad
1124 2127 1526 2182 contuendum
1587 2126 1977 2181 universitatis
2085 2127 2438 2199 Praesepium
2485 2125 2718 2195 dicitur,
2750 2125 3037 2182 exstruxit
3083 2125 3463 2194 ecclesiam,
3493 2127 3584 2182 ita
3631 2134 3692 2183 ut
3728 2145 3782 2184 ex

339 2216 542 2281 Deum,
569 2219 631 2268 ut
656 2213 1020 2281 condignum
1048 2214 1174 2282 fuit,
1197 2215 1340 2269 tanti
1369 2213 1598 2268 decoris
1619 2213 1764 2268 illud
1783 2213 1978 2284 dispo—
2085 2220 2336 2287 utroque
2379 2213 2630 2283 Virginis
2679 2214 2860 2270 latere
2895 2215 3120 2269 summi
3171 2214 3278 2269 Dei
3341 2214 3593 2286 angeli,
3629 2221 3780 2271 tanta

335 2301 451 2356 suit
475 2306 538 2356 ut
567 2301 719 2356 oculi
745 2301 1097 2356 intuentium
1123 2302 1180 2356 in
1210 2301 1338 2370 ejus
1367 2301 1558 2372 specie
1573 2301 1667 2356 vix
1692 2302 1972 2356 satiaren-
2088 2304 2186 2360 Dei
2216 2303 2408 2359 Matris
2442 2303 2692 2372 gloriam
2721 2302 3004 2358 laudibus
3037 2303 3162 2358 sive
3195 2303 3481 2372 meritis,
3513 2303 3581 2360 in
3627 2306 3779 2360 obse-

334 2393 443 2444 tur.
479 2387 962 2459 Bases,inquam,
987 2389 1158 2458 juxta
1185 2389 1360 2442 unius
1385 2388 1643 2443 hominis
1673 2389 1971 2443 incessum
2083 2391 2292 2462 quium
2340 2408 2508 2446 novae
2555 2390 2949 2459 salutationis,
2977 2407 3014 2446 a
3061 2391 3296 2446 dextris
3350 2393 3530 2462 ejus,
3567 2394 3776 2449 Gabriel

331 2481 589 2548 quatuor
618 2493 652 2532 a
683 2477 842 2532 calce
882 2477 1089 2548 procul
1129 2477 1326 2532 altaris
1358 2477 1574 2548 posuit,
1612 2477 1972 2548 totidemque
2083 2485 2434 2552 conceptum
2462 2483 2666 2552 partus
2695 2479 2945 2545 nuntiet,
2981 2493 3050 2534 ac
3083 2495 3119 2534 a
3153 2479 3444 2534 sinistris
3480 2480 3775 2545 virginalis

330 2565 639 2620 columnas
670 2581 699 2620 e
727 2581 1023 2620 marmore
1055 2564 1370 2620 rubicundi
1403 2563 1614 2619 coloris
1653 2581 1684 2620 e
1715 2565 1972 2632 singula-
2083 2568 2281 2636 gloriae
2314 2567 2743 2638 plenitudinem
2771 2565 3128 2638 splendibus
3158 2567 3462 2638 Raphael
3515 2567 3771 2623 afﬁrmet.

329 2654 493 2709 ribus
525 2655 683 2709 saxis
723 2653 780 2708 in
813 2654 1068 2724 pedibus
1119 2659 1342 2725 septem
1392 2653 1721 2708 voluntaria
1751 2653 1970 2708 fortitu—
2081 2656 2165 2711 Ad
2187 2656 2370 2728 pedes
2402 2655 2598 2720 etiam,
2633 2672 2740 2710 seu
2769 2654 2829 2710 in
2855 2655 3009 2721 sinu,
3039 2668 3230 2710 causa
3259 2653 3634 2712 famulatus
3685 2656 3773 2711 cir-

327 2743 464 2798 dine
493 2744 693 2812 erexit,
725 2743 994 2814 explicife
1026 2743 1085 2798 in
1125 2742 1367 2798 oraculo
1412 2743 1728 2798 Cherubim
1768 2743 1968 2810 gloriae
2056 2742 2464 2814 -cumpsepsit,
2497 2747 2554 2797 et
2599 2743 2735 2798 hinc
2777 2741 2918 2797 inde
2963 2746 3270 2814 martyres
3325 2743 3646 2816 sepelivit,
3691 2747 3769 2816 qui

325 2831 746 2888 obumbrantia
797 2847 978 2886 sacrae
1005 2831 1398 2886 venerationis
1458 2831 1745 2896 ﬁgurans,
1805 2835 1860 2886 et
1907 2830 1966 2885 in
2077 2833 2150 2887 de
2183 2849 2246 2886 se
2297 2831 2384 2886 vel
2430 2831 2843 2900 languentium
2902 2830 3092 2886 salute
3151 2831 3498 2888 dicerent:
3562 2857 3588 2880 ‹‹
3628 2837 3768 2888 Ecre.

325 2919 617 2974 columnis
664 2923 997 2990 martyrum
1047 2919 1294 2989 gloriam
1339 2923 1821 2990 praemonstrans.
1858 2919 1966 2984 Qui
2076 2920 2180 2976 iste
2227 2921 2399 2986 Deus,
2431 2920 2710 2975 fortitudo
2757 2923 2982 2976 nostra.
3021 2942 3049 2968 ››
3100 2923 3143 2975 Α
3199 2920 3370 2976 facie
3427 2927 3648 2978 autem
3691 2926 3768 2977 Be—

324 3008 588 3079 corporis
653 3007 931 3078 passione
996 3006 1346 3074 rubicundi,
1408 3006 1647 3078 spiritus
1713 3006 1965 3078 puritate
2076 3007 2243 3076 ginae,
2293 3012 2359 3062 ut
2408 3012 2495 3062 est
2532 3007 2806 3062 terribilis
2867 3023 2937 3062 ac
2994 3006 3245 3062 divinus
3296 3009 3611 3079 Michael,
3661 3014 3766 3064 tan-

325 3095 564 3150 candidi
611 3109 716 3166 per
765 3095 994 3150 undam
1046 3095 1418 3167 baptismatis
1472 3095 1562 3150 vel
1605 3095 1828 3150 cruoris
1871 3095 1964 3150 sui
2003 3131 2044 3187 ρ
2072 3111 2256 3168 quam
2312 3097 2389 3151 ad
2444 3095 2754 3150 tuitionem
2813 3096 2903 3150 sui
2983 3094 3195 3151 Filium
3279 3102 3441 3154 ante
3511 3103 3766 3172 tempora

321 3187 610 3238 venerunt
639 3183 715 3238 ad
753 3183 1115 3238 incrementa
1142 3183 1380 3246 frugum
1407 3182 1642 3251 justitize
1679 3183 1796 3246 Dei,
1825 3184 1961 3238 doc-
2013 3182 2042 3187 “
2069 3187 2278 3238 natum
2304 3182 2580 3238 ﬁdelibus
2606 3187 2663 3238 et
2686 3182 2970 3238 omnibus
3001 3183 3080 3238 ad
3126 3200 3192 3238 se
3221 3185 3648 3242 venientibus
3690 3203 3764 3240 as»

322 3275 638 3343 torumque
689 3275 942 3334 caterva,
989 3270 1092 3342 qui
1119 3271 1450 3325 constantia
1494 3270 1846 3326 fortitudinis
1873 3272 1962 3326 vel

318 3359 438 3414 zelo
505 3359 870 3414 rectitudinis
922 3359 980 3412 in
1036 3358 1282 3412 basibus
1333 3363 1663 3413 sustentant
1724 3359 1956 3430 plebem

309 3449 579 3518 junctam
613 3463 854 3502 summo
883 3447 1059 3519 capiti
1107 3447 1167 3500 in
1198 3446 1418 3502 unitate
1449 3447 1605 3501 ﬁdei.
1643 3448 1828 3518 Super
1859 3465 1953 3503 ca-

315 3538 434 3608 pita
461 3538 637 3592 etiam
687 3537 1124 3605 columnarum,
1158 3540 1221 3591 ut
1251 3536 1574 3591 candorem
1605 3535 1954 3592 ecclesiasti-

313 3643 395 3681 cae
447 3625 725 3680 castitatis
768 3625 1150 3696 imprimeret,
1185 3640 1253 3680 ac
1293 3624 1686 3696 spiritualium
1743 3625 1954 3692 gratia-

416 1157 578 1211 Hanc
631 1172 771 1225 ergo
805 1156 1142 1222 Ecclesiam,
1175 1162 1310 1228 post
1353 1157 1748 1212 evolutionem
1792 1159 1990 1209 octua—

345 1245 552 1313 gesimi
583 1243 812 1316 septimi
847 1245 1007 1310 anni,
1042 1244 1448 1300 t-ediﬁcationis
1489 1261 1610 1300 suae
1655 1249 1711 1300 et
1755 1243 1987 1300 Domini

341 1336 476 1389 Jesu
525 1333 730 1388 Christi
777 1351 812 1389 a
855 1333 1158 1389 Nativitate
1201 1333 1496 1388 millesimi
1541 1331 1988 1406 quadragesimi

342 1422 601 1492 regebat,
630 1422 810 1476 nostri
839 1421 1037 1476 saeculi
1065 1421 1313 1476 laudum
1345 1421 1513 1476 titulo
1543 1421 1878 1494 praeclarus,
1907 1419 1990 1474 vi-

343 1513 413 1564 tae
445 1526 513 1564 ac
538 1525 772 1564 morum
807 1508 1098 1580 probitate
1130 1509 1357 1564 cunctis
1389 1509 1627 1573 charus,
1657 1507 1986 1564 eruditione

2072 3272 2326 3339 signavxt
2371 3271 2575 3326 dicens
2611 3289 2622 3325 :
2668 3272 2988 3328 Invenietis
3028 3272 3348 3342 infantem
3405 3279 3652 3344 pannis
3699 3280 3768 3329 in-

2069 3361 2334 3414 volutum
2386 3365 2438 3413 et
2484 3360 2744 3427 positum
2801 3359 2867 3413 in
2916 3361 3218 3429 praesepio
3288 3361 3478 3429 (Luc.
3537 3381 3596 3430 ιι,
3659 3368 3761 3426 12}:

2067 3449 2216 3517 Ergo
2247 3453 2310 3502 ut
2339 3445 2676 3503 Altitonanti
2719 3446 2994 3503 decentia
3017 3448 3079 3502 in
3122 3455 3294 3504 verae
3345 3451 3514 3506 ﬁdei
3552 3453 3765 3507 confes-

2065 3536 2227 3590 sione
2277 3535 2494 3590 domus
2545 3534 2876 3606 possideret
2919 3539 3280 3592 maternum
3331 3541 3593 3610 partus,
3621 3546 3672 3594 et
3710 3541 3761 3594 in

2061 3639 2170 3679 suo
2203 3623 2428 3690 ordine,
2462 3622 2634 3694 quasi
2666 3622 2742 3678 ad
2769 3621 3038 3677 ofﬁcium
3069 3623 3377 3693 Virginis,
3417 3633 3760 3683 sanctorum

310 3730 443 3770 rum
494 3713 667 3769 ﬂores
715 3713 1162 3786 proﬁcientibus
1209 3712 1430 3768 meritis
1477 3727 1660 3768 vanos
1710 3713 1949 3768 timores
2059 3713 2240 3766 decus
2272 3711 2402 3767 loco
2436 3710 2697 3766 inferiori
2741 3711 3019 3783 praetulit,
3053 3716 3111 3766 et
3158 3713 3242 3768 ad
3297 3713 3521 3771 instar
3565 3717 3761 3786 regalis

309 3802 552 3871 tolleret,
587 3819 658 3857 ex
684 3802 822 3858 albo
863 3817 1160 3856 marmore
1201 3801 1469 3873 capitella
1501 3803 1717 3868 statuit,
1752 3802 1950 3858 foliato
2057 3799 2272 3870 throni,
2326 3813 2447 3854 non
2511 3813 2702 3869 usque
2770 3798 2848 3854 ad
2895 3813 3218 3855 summum
3267 3803 3510 3876 templi
3561 3804 3760 3877 pinna-

307 3907 552 3964 corpore
595 3895 652 3946 et
694 3891 940 3945 ﬂoribus
970 3889 1340 3945 diversarum
1386 3890 1654 3946 modum.
1689 3891 1950 3962 Desuper
2043 3887 2277 3955 culum,
2308 3885 2412 3942 sed
2436 3885 2608 3956 juxta
2646 3897 2998 3941 mensuram
3051 3887 3241 3958 spatii
3283 3889 3447 3946 fecit
3487 3907 3760 3947 caenacu—

305 3985 526 4048 autem,
546 3985 611 4034 ut
639 3979 785 4033 ordo
813 3978 1096 4048 habebat,
1120 3977 1193 4032 de
1219 3978 1392 4046 lignis
1423 3978 1592 4033 sectis
1610 3979 1668 4034 in
1695 3983 1946 4052 utraque
2060 3975 2186 4031 lum
2211 3973 2455 4030 maximi
2480 3977 2536 4028 et
2575 3973 2834 4029 mirandi
2859 3975 3079 4046 operis,
3104 3975 3227 4047 'qui
3259 3975 3600 4036 divideret
3647 3997 3760 4036 ora-

302 4071 470 4139 parte
501 4065 888 4138 propitiatorii
918 4069 1122 4120 contra
1170 4083 1233 4120 se
1282 4065 1534 4121 invicem
1582 4067 1804 4138 positas
1852 4083 1946 4124 co-
2062 4062 2524 4135 culumapriori
2553 4066 2720 4134 parte
2750 4063 2977 4135 templi,
3005 4067 3064 4118 et
3112 4063 3202 4120 ibi
3247 4065 3473 4123 beatae
3525 4075 3590 4124 et
3627 4071 3762 4126 indi-

301 4153 540 4211 lumnas
567 4155 854 4210 habentes
876 4159 992 4210 tres
1014 4151 1748 4210 semicubitos'ambientes
1770 4171 1943 4212 arcus
2046 4153 2243 4208 viduae
2275 4150 2564 4207 Trinitatis
2595 4150 3036 4208 clarum‘altare
3067 4167 3287 4208 coram
3343 4157 3584 4214 multis
3631 4159 3764 4214 testi-

299 4243 448 4299 infra
471 4244 784 4314 juncturas
815 4243 907 4298 vel
952 4248 1111 4297 secto
1153 4247 1210 4298 et
1239 4247 1460 4298 serrato
1489 4243 1651 4314 ligno
1693 4243 1939 4300 virtutes
2045 4243 2160 4297 bus
2192 4241 2302 4314 piis
2332 4239 2612 4295 manibus
2642 4238 3026 4310 dedicavit,ut
3055 4237 3184 4297 vice
3234 4245 3550 4302 Mater'et
3605 4249 3762 4303 Filius

297 4337 638 4386 sanctorum
691 4331 930 4398 inuexit,
959 4347 1097 4402 quae
1130 4334 1338 4385 mutuo
1384 4329 1494 4384 sibi
1532 4331 1706 4402 quasi
1752 4333 1829 4386 ad
1857 4331 1939 4388 fe-
2045 4331 2327 4386 omnibus
2359 4327 2570 4384 diebus
2617 4328 3090 4400 praedicerentur
3137 4345 3214 4386 ac
3265 4333 3608 4393 continua
3657 4337 3762 4392 lau-

296 4427 527 4476 nestras
553 4435 725 4475 versa
757 4420 898 4485 viee,
923 4419 1066 4474 alter
1093 4419 1152 4473 in
1185 4419 1366 4474 altero
1393 4420 1693 4491 proﬁcuos
1716 4419 1938 4476 fructus
1965 4455 2012 4528 .D
2043 4419 2282 4474 datione
2309 4416 2648 4472 mortalium
2679 4415 3096 4473 adorarentur.
3131 4420 3245 4475 Cui
3279 4416 3761 4500 ‘u'trique'operi

296 4508 344 4528 3..
389 4509 466 4528 ,ul,
501 4525 682 4528 ,m,n‘_-
728 4508 1094 4528 ,___n-ll___-__1
1133 4508 1462 4528 12gL-:4_1-_u
1524 4513 1672 4528 I“.A_,_
1700 4509 1796 4528 :____
1820 4513 1901 4528 ,ιη
2044 4512 2104 4528 --.ι
2159 4505 2564 4528 --ᾉΩικμιειηκ
2605 4505 2962 4528 ΑΑΑΑιμζιΑᾏΙ-ξμ
3017 4505 3492 4528 --μ-ιέιὶ--Αεᾼνγ
3695 4515 3710 4528 ε

292 4508 352 4564 in
377 4509 690 4564 arboream
723 4508 1097 4564 sustollerent
1132 4508 1490 4563 ﬁrmitatem.
1524 4513 1677 4564 Inter
1695 4509 1936 4578 junctu-
1965 4505 2011 4528 "
2043 4512 2106 4562 ut
2151 4505 2568 4562 conﬁtentibus
2605 4505 2964 4576 paenitentiae
3016 4505 3626 4570 sanctiﬁcationem
3677 4515 3763 4569 da-

290 4615 388 4654 ras
417 4603 616 4654 autem
643 4597 888 4652 arcusin
913 4601 1541 4668 arcemque'ascensus
1565 4597 1850 4654 fenestras
1871 4598 1934 4653 in
2039 4600 2145 4661 ret,
2175 4594 2336 4650 bono
2366 4593 2572 4648 ordine
2603 4593 2680 4648 ad
2723 4597 3074 4648 sanctorum
3120 4595 3408 4666 pignora
3453 4599 3571 4657 'ab
3615 4603 3765 4658 intus

289 4687 454 4740 omni
481 4700 692 4755 genere
724 4684 1054 4755 specierum
1101 4681 1221 4738 sive
1263 4697 1512 4754 operum
1557 4683 1930 4740 multitudine
2039 4687 2164 4758 tuta
2237 4681 2520 4756 praemisit
2589 4681 2820 4750 ostiola,
2895 4686 2962 4737 ut
3026 4683 3332 4740 omnibus
3418 4697 3659 4748 essent
3717 4693 3763 4746 in

287 4774 756 4846 diligentissima,
782 4773 1012 4844 pictura
1032 4771 1286 4828 variatas
1313 4772 1650 4828 substravit.
1678 4772 1930 4844 Sculpsit
2038 4787 2248 4840 unum,
2301 4770 2404 4842 qui
2457 4768 2567 4825 soli
2615 4771 2734 4824 Deo
2791 4769 2853 4824 in
2905 4770 3216 4842 praeclaris
3311 4780 3634 4846 praemiis
3693 4790 3766 4834 es:

282 4879 524 4936 quoque
553 4865 613 4917 in
639 4875 789 4932 gyro
819 4876 924 4932 per
951 4859 1272 4932 quadrum,
1303 4859 1383 4915 ita
1413 4865 1476 4916 ut
1519 4859 1666 4916 facie
1719 4861 1798 4916 ad
1839 4861 1926 4917 t‘a-
2037 4855 2618 4936 manifestatum.'Ad
2659 4855 2988 4911 videndum
3027 4855 3213 4926 igitur
3252 4859 3537 4920 Sanctae
3597 4868 3762 4922 Trini

281 4935 433 5008 ciem
465 4969 528 5006 se
551 4950 837 5017 viderent,
869 4948 1094 5004 dolatili
1141 4947 1304 5018 ligno
1347 4948 1638 5018 imagines
1667 4953 1925 5021 quatuor
2033 4948 2168 5003 tatis
2211 4946 2392 5002 altare
2431 4935 2846 5001 intra"Sancta
2886 4948 3244 5002 sanctorum
3297 4952 3578 5018 gradus
3634 4963 3758 5028 apte

280 5041 801 5112 evangelistarum,
833 5038 1132 5110 subiitque
1182 5051 1284 5093 eos
1322 5037 1475 5094 infra
1506 5041 1690 5094 status
1715 5037 1920 5094 formae
2033 5033 2262 5102 locavit,
2291 5038 2359 5090 ut
2385 5031 2554 5089 facile
2601 5032 3008 5090 dilaberentur
3059 5034 3169 5106 qui
3226 5042 3622 5100 ascendere
3682 5045 3762 5098 vel

279 5128 596 5202 superioris
625 5132 682 5184 et
707 5125 1150 5195 reclinationem
1201 5141 1374 5181 arcus
1406 5124 1716 5192 inferioris,
1752 5126 1834 5181 sic
1861 5131 1924 5182 ut
2031 5122 2390 5180 descendere
2419 5121 2829 5178 tentavissent.

277 5222 554 5288 aspectus
583 5231 792 5272 eorum
817 5214 877 5270 in
908 5218 1166 5286 quatuor
1196 5214 1406 5269 mundi
1431 5220 1628 5286 partes
1660 5217 1922 5284 Evange-
2101 5217 2300 5285 Itaque
2321 5210 2474 5282 juvit
2493 5225 2630 5266 eum
2655 5210 2716 5264 in
2735 5209 3018 5265 omnibus
3049 5209 3328 5284 quidam
3341 5213 3565 5278 bona;
3592 5224 3759 5280 fama:

276 5304 339 5358 Ιίι
383 5305 569 5370 gratia
597 5303 1002 5369 concordaret,
1035 5301 1227 5358 altiori
1273 5318 1417 5358 vero
1465 5303 1655 5372 gradu
1683 5307 1919 5374 Agnum
2027 5301 2382 5365 monachus,
2407 5299 2516 5354 iter
2542 5299 3118 5386 sequensmagistri,
3138 5306 3210 5356 ut
3227 5301 3344 5360 ille
3383 5307 3620 5380 Oliba,
3641 5312 3757 5386 qui-

275 5405 485 5445 eorum
528 5393 872 5460 aspicerent.
901 5389 1165 5446 interiori
1202 5404 1465 5462 namque
1515 5389 1763 5458 ambitu,
1796 5407 1917 5446 non
2024 5406 2140 5462 que
2157 5393 2282 5445 erat
2303 5401 2552 5442 summae
2574 5385 2874 5458 patientiae
2897 5401 2966 5441 ac
2988 5385 3690 5468 mansuetudin‘is‘vir,
3716 5415 3756 5453 ες

274 5479 352 5534 ad
384 5489 673 5548 pompam
697 5482 753 5530 et
780 5477 1190 5534 claritudinem
1221 5479 1402 5548 Vulgi,
1427 5479 1917 5552 Opulentissimus
2023 5479 2136 5534 sub
2163 5495 2233 5533 eo
2263 5475 2709 5546 vigilantissime
2731 5473 2791 5528 in
2820 5474 3016 5529 varias
3029 5476 3321 5535 actiones
3347 5485 3651 5544 tandem
3672 5487 3756 5543 dat

273 5562 518 5635 praesul,
551 5577 614 5614 se
660 5561 721 5614 in
772 5561 945 5617 laude
989 5565 1306 5621 duodecim
1354 5566 1762 5638 apostolorum
1807 5567 1916 5622 bo-
2021 5581 2188 5621 mum
2219 5563 2608 5622 custodiebat.
2640 5561 3186 5648 _Hmc,charissimi,
3211 5583 3342 5625 nos
3369 5571 3446 5629 in
3483 5591 3750 5648 praesen

273 5652 454 5738 {lique
485 5648 727 5738 morm-1:
770 5648 1020 5738 magistri
1049 5652 1320 5708 virtutem
1369 5655 1608 5725 pretiosi
1650 5654 1793 5724 ligni
1823 5655 1914 5710 br-
2018 5652 2092 5706 tis
2123 5652 2248 5709 festi
2280 5651 2462 5709 nostri
2492 5645 2780 5738 gaudium
2809 5650 2884 5706 de
2905 5651 3147 5708 factura
3167 5659 3410 5732 templi
3448 5645 3675 5738 putica
3697 5682 3750 5720 ει

271 5735 442 5790 dines
471 5750 566 5790 xm
614 5730 836 5797 adﬁxit,
865 5736 1216 5802 ut‘apostoli
1239 5738 1411 5794 inter'
1431 5738 1673 5796 semitas
1713 5741 1914 5809 'justo-
2018 5739 2288 5811 pluribus
2309 5742 2502 5798 dicere
2525 5735 3038 5812 libuit,'quat6nns
3075 5749 3137 5798 et
3150 5730 3499 5811 ’πώ-ἐπιᾔᾷ
3531 5752 3750 5812 domus
