3950 6422
161 330 283 380 1453

1340 325 1428 377 DE
1470 322 1752 377 ORIGIXE
1796 320 2205 374 MONASTERII
2249 323 2374 376 Slil.

3438 328 3567 379 14ἲῆ

158 447 375 504 Domini
404 447 659 502 frabrica
692 447 1007 501 delectaret
1035 448 1403 510 auditum,et
1433 445 1645 498 dilecta
1684 446 1798 497 beo
1835 450 1875 497 Α
1908 442 2049 496 boni
2096 445 2399 507 adhibeat,
2466 448 2551 500 vel
2608 448 2709 519 qui
2766 447 2950 502 alium
2984 448 3039 501 in
3098 447 3303 501 timore
3337 449 3563 503 Domini

156 539 349 592 civitas
379 542 612 608 aptaret
641 538 901 605 ingentia
937 541 1085 590 tecta
1120 536 1270 589 infra
1302 535 1434 588 tidei
1483 534 1794 586 aedilicium

154 646 215 681 ex
246 633 470 681 sacrata
501 632 701 680 autem
731 626 939 679 visibili
968 643 1069 679 ara
1102 626 1175 679 ad
1238 625 1574 678 interiorem
1617 622 1797 675 altare

155 717 276 770 vitae
309 716 515 769 ordine
544 719 914 769 transeuntes
938 714 1379 767 succendamus
1408 712 1800 764 odorauucuto

152 804 592 867 benevolentiae,
625 802 1069 869 misericordiae,
1103 802 1362 869 justitiae,
1420 799 1797 865 benignitate.

153 893 625 957 mansuetudine,
663 892 999 957 sobrietate,
1034 890 1093 943 in
1125 891 1423 955 agnitione
1461 906 1596 941 vero
1644 905 1801 956 mys-

153 982 268 1037 terii
300 983 394 1036 Dei
430 982 611 1035 Patris
644 981 933 1035 exaltetur
979 985 1189 1033 unctus
1250 979 1398 1049 lapis
1449 986 1803 1031 ()rnameuto

152 1090 305 1143 purae
330 1072 739 1125 confessionis.
779 1074 856 1125 Sit
894 1070 1367 1139 uniuscujusque
1400 1075 1670 1123 nostrum
1703 1082 1804 1117 cor
1852 1124 1853 1127 η

151 1161 345 1231 altare,
381 1164 497 1214 sint
530 1162 752 1232 puritas
794 1160 883 1213 vel
955 1160 1193 1212 castitas
1258 1160 1369 1211 vivi
1430 1158 1679 1228 lapides,
1732 1155 1805 1208 sit

152 1250 315 1303 timor
346 1250 577 1303 Domini
610 1247 855 1320 pervigil
892 1254 1111 1307 custos,
1149 1252 1201 1300 et
1237 1248 1381 1299 tides
1410 1245 1708 1311 sacerdos,
1746 1249 1803 1295 ut

150 1340 293 1394 intra
318 1338 549 1393 Domini
612 1336 1063 1392 tabernaculum
1123 1336 1265 1389 nihil
1328 1335 1657 1389 inveniatur
1706 1333 1805 1385 far-

148 1428 309 1495 dum,
342 1428 421 1481 nil
454 1428 881 1481 intromittatur
931 1426 1268 1489 indignum.
1321 1424 1615 1478 Abscedat
1669 1439 1806 1475 cum

148 1515 526 1585 passionibus
555 1520 607 1569 et
644 1514 1107 1567 advel'sitatiluis
1145 1514 1264 1566 suis
1293 1513 1587 1565 diabolus.
1634 1518 1683 1563 et
1720 1510 1803 1562 i11-

152 1612 324 1659 troeat
353 1622 491 1658 cum
524 1604 1045 1657 lienedictionibus
1076 1608 1127 1655 et
1162 1604 1374 1655 divitiis
1422 1602 1804 1673 plenitudinis

151 1694 422 1747 Christus.
464 1698 623 1748 Intus
658 1693 952 1764 siquidem
980 1692 1191 1745 subtile
1230 1691 1457 1745 llouuni
1513 1690 1805 1757 judicium

151 1782 526 1852 aspiciamus,
563 1790 616 1836 et
674 1783 732 1835 in
784 1783 893 1835 hac
944 1788 1167 1841 nostra,
1223 1782 1340 1833 imo
1404 1780 1497 1831 [ιι-ἰ
1553 1778 1805 1844 civitate,
1841 1797 1876 1847 ις

150 1885 325 1940 quam
359 1870 415 1923 in
470 1871 851 1941 percussione
916 1868 1066 1931 ignis
1124 1867 1608 1935 judiciojustitiae
1656 1868 1805 1917 Deus

150 1958 429 2012 humilem
464 1959 740 2019 ostendit,
795 1978 865 2011 ex
900 1966 1163 2029 tempore.
1197 1975 1333 2009 cum
1366 1955 1676 2009 virtutibus
1718 1970 1803 2005 re-

154 2062 637 2101 memoreramus.
676 2048 775 2100 llic
808 2064 948 2107 ergo
982 2046 1145 2098 locus
1178 2048 1433 2107 tiguram
1462 2050 1513 2095 et
1548 2041 1803 2111 speciem

153 2141 572 2203 congruentem
605 2135 801 2188 adhuc
837 2152 952 2187 non
988 2140 1316 2204 acceperat.
1368 2150 1501 2184 eum
1562 2149 1595 2184 a
1654 2148 1803 2202 prae-

154 2221 278 2274 fatis
307 2223 439 2276 viris
475 2224 730 2294 propriis
763 2222 1103 2292 sumptibus
1151 2238 1217 2274 ac
1276 2220 1626 2273 muneribus
1678 2236 1803 2271 ma-

155 2311 301 2365 xime
330 2317 419 2365 est
446 2312 761 2366 decoratus
794 2313 944 2365 infra
977 2312 1124 2364 lines
1157 2311 1351 2362 tiulliae
1380 2315 1433 2361 et
1489 2308 1802 2378 Hispaniae,

155 2401 296 2455 inter
328 2402 549 2469 sinum,
585 2407 657 2463 et,
710 2406 773 2455 ut
832 2406 1098 2471 patenter
1139 2401 1357 2459 dicam,
1420 2403 1804 2469 conspectum

158 2490 518 2544 celeberrimi
560 2497 617 2545 et
660 2490 1121 2544 nominatissimi
1182 2489 1401 2541 montis
1449 2487 1803 2552 Cancgouis,

160 2578 421 2633 Litterani
455 2580 795 2633 suavissimi
826 2579 1043 2631 fluvioli
1080 2578 1243 2631 valhs
1277 2576 1545 2629 videlicet
1598 2576 1804 2637 longa-

158 2668 383 2722 nimiter
408 2674 698 2739 porrecta,
736 2668 916 2721 verbo
948 2674 1145 2720 autem
1180 2666 1275 2720 hei
1313 2683 1381 2719 ex
1444 2665 1805 2735 proter-tione

158 2758 500 2812 mirabiliter
531 2760 783 2818 visitata,
817 2762 872 2811 et
904 2757 1366 2823 magnanimiter
1392 2756 1687 2809 varietatis
1718 2754 1806 2807 vel

157 2847 557 2901 aediticationis
592 2848 863 2901 membra
892 2847 1187 2899 distincta.
1225 2846 1393 2909 Quod
1422 2862 1456 2898 a
1507 2848 1620 2897 Deo
1670 2860 1806 2913 pro-

157 2934 347 3003 batur,
378 2937 668 3007 quoniam
702 2935 957 3001 insignia
988 2934 1445 3006 pulchritudinis
1489 2932 1805 2986 arboribus

158 3028 208 3077 et
236 3025 530 3095 paradisis
563 3024 826 3094 undique
859 3030 1068 3077 ornata
1129 3022 1475 3075 nemoribus
1532 3021 1805 3083 cernitur,

158 3119 217 3166 ut
247 3114 436 3179 angeli
466 3114 624 3166 cives
656 3113 714 3166 in
746 3131 815 3167 ea
848 3112 1149 3177 degentes,
1212 3112 1521 3165 beatorum
1569 3109 1807 3179 spiritus
1841 3146 1879 3194 ρ

158 3201 481 3269 periculum
511 3202 913 3255 antecedentis
947 3200 1088 3253 mali
1140 3200 1407 3253 tollentes
1469 3199 1805 3251 credantur.

160 3290 324 3343 Vallis
357 3291 625 3345 etiamin
653 3308 775 3360 qua
806 3307 912 3343 nec
969 3290 1152 3349 frigus
1208 3288 1497 3347 hiemalis,
1555 3304 1667 3339 noc
1724 3285 1810 3339 sol

160 3378 366 3433 aestatis
418 3378 595 3432 nimis
644 3394 854 3432 nOcere
910 3380 1239 3443 consuevit,
1298 3377 1442 3447 quia
1485 3376 1811 3430 obumbrat

158 3467 202 3519 ei
260 3469 447 3535 gratia
479 3468 801 3538 spiritualis
854 3474 909 3521 et
952 3468 1199 3537 copiOso
1248 3482 1494 3518 munere
1552 3463 1809 3517 liberali-

161 3556 285 3609 tatis
315 3557 404 3611 vel
440 3556 837 3610 redundantia
875 3556 1057 3625 pacis,
1109 3560 1183 3613 et.
1243 3562 1303 3608 ut
1357 3553 1629 3607 clementi
1690 3569 1809 3605 ser-

160 3660 327 3699 mone
378 3646 759 3712 restringam,
823 3650 1061 3715 tempus
1131 3642 1565 3697 habitatoriluis
1622 3642 1809 3712 plenae

159 3735 355 3801 aetatis,
415 3738 479 3788 ut
538 3734 778 3787 veniant
834 3733 907 3788 ad
964 3732 1360 3787 maturitatem
1412 3731 1808 3802 perfectionis.

162 3824 266 3894 Ipsi
296 3824 515 3878 etenim
547 3824 913 3877 delectantur
946 3823 1178 3875 lenitate
1208 3821 1563 3892 prudentiae,
1610 3821 1809 3890 splen-

157 3912 290 3967 dore
326 3914 483 3977 tidci,
517 3914 907 3967 confessionis
936 3913 1171 3971 decore,
1197 3911 1433 3979 justitiae
1484 3910 1808 3981 pulchritu-

158 4001 309 4071 dine,
368 4004 635 4057 ubertate
688 4002 1130 4059 miseria-ordiae,
1197 4006 1257 4054 ut
1312 4000 1532 4067 singuli
1577 4000 1808 4053 anima-

157 4107 283 4144 rum
316 4092 568 4147 munilia
595 4092 651 4145 in
688 4096 870 4145 Deum
900 4096 1184 4162 spectent.

223 4182 462 4243 Omnes,
497 4181 768 4251 inquam,
804 4181 901 4253 pio
929 4196 1131 4233 amore
1163 4196 1224 4231 se
1256 4179 1511 4233 invicem
1535 4177 1807 4247 diligunt,

157 4269 405 4324 invicem
466 4270 687 4333 fovent,
737 4274 791 4323 et
838 4270 1013 4340 quasi
1072 4286 1260 4321 unum
1310 4283 1522 4339 corpus
1574 4267 1811 4321 diversa

156 4360 423 4414 membra
456 4364 787 4413 sustentant
845 4359 1240 4413 fraternitatis.
1302 4362 1363 4410 In
1421 4357 1683 4411 adversis
1743 4357 1811 4409 si-

154 4449 398 4519 quidem
467 4449 647 4503 rebus
718 4455 819 4503 aut
886 4448 1321 4502 contrariorum
1364 4464 1653 4499 accensus
1680 4451 1807 4499 tan-

154 4536 251 4591 diu
308 4538 579 4591 divinum
665 4543 993 4607 exposcunt
1064 4535 1430 4605 praesidium,
1492 4550 1809 4604 quousque

156 4640 389 4680 summa
449 4626 507 4679 vi
575 4632 751 4697 atque
804 4626 1183 4679 inclinatione
1232 4624 1503 4677 inimicos
1532 4624 1590 4676 in
1626 4627 1809 4677 Deum

155 4719 205 4767 et
258 4715 536 4769 homines
622 4714 1018 4780 confundunt,
1083 4729 1306 4779 magna
1357 4712 1445 4765 sui
1506 4712 1807 4784 supplica-

154 4804 304 4858 tione
368 4822 439 4859 ac
498 4804 839 4867 archangeli
908 4802 1269 4869 benignitate
1345 4802 1610 4873 protecti.
1692 4805 1811 4855 Ete-

154 4892 272 4945 nim
297 4892 478 4947 laude
511 4892 933 4946 habendisth
986 4908 1138 4962 quos
1186 4890 1578 4953 religiosiores
1618 4890 1811 4945 reddit

153 4983 466 5052 praesentia
499 4982 998 5049 archangelorum
1031 4985 1085 5033 et
1117 4996 1246 5034 reos
1280 4980 1616 5033 testimonia
1645 4996 1807 5033 com-

151 5070 608 5139 provincialium
628 5071 874 5124 sinistrae
898 5067 1299 5140 persuasionis
1331 5068 1804 5124 inclamantium.

152 5160 369 5213 Omnes
402 5176 463 5213 se
497 5160 659 5229 ipsos
681 5159 987 5229 decipiunt
1017 5175 1153 5211 cum
1180 5162 1400 5212 Domus
1448 5159 1675 5212 Domini
1731 5158 1809 5213 ab

152 5246 259 5301 illis
286 5248 601 5301 inhoneste
660 5248 893 5301 laeditur
946 5247 1033 5301 vel
1091 5248 1461 5317 deturpatur,
1517 5252 1571 5300 et
1626 5248 1810 5302 melli-

152 5330 333 5389 fluam
365 5335 461 5389 vel
494 5335 860 5389 uberrimam
883 5336 1092 5388 mundi
1140 5334 1390 5403 gloriam
1452 5336 1807 5407 percipiunt,

151 5424 203 5476 et
228 5430 494 5494 paternae
525 5426 751 5480 virtutis
782 5427 871 5479 vel
896 5427 1127 5496 pietatis
1166 5426 1309 5479 nihil
1353 5426 1541 5480 simile
1603 5433 1808 5495 agunt,

152 5514 256 5565 sed
308 5513 473 5568 bona
529 5520 585 5568 et
629 5516 857 5585 optima
930 5515 982 5568 in
1068 5515 1293 5569 deliciis
1366 5515 1695 5585 decerpunt
1742 5533 1810 5569 ac

150 5599 505 5668 deglutiunt,
568 5619 778 5656 omnes
812 5604 947 5657 vani
972 5620 1039 5655 ac.
1064 5603 1273 5656 tumidi
1306 5607 1361 5657 et
1394 5602 1718 5669 furibundi,
1750 5604 1811 5657 in

150 5690 417 5761 neqUitia
443 5690 644 5745 dediti.
681 5694 869 5761 Super
891 5691 981 5743 his
1006 5694 1207 5743 autem
1232 5707 1354 5744 non
1381 5695 1468 5745 est
1496 5690 1599 5761 qui
1624 5693 1811 5747 Deum

150 5777 449 5833 auscultet
475 5778 570 5832 vel
591 5778 897 5847 intelligat,
930 5793 1039 5832 nec
1070 5792 1193 5831 non
1240 5784 1331 5831 est
1386 5778 1489 5848 qui
1546 5777 1811 5832 studium

1910 532 2101 586 flectat
2138 539 2191 586 et
2224 533 2573 589 illtl'mlliczti.
2611 542 2828 590 Omnes
2859 554 2993 608 quae
3024 542 3257 591 terrena
3302 543 3439 590 sunt
3486 556 3573 590 sa-

1908 621 2096 690 piunt,
2118 622 2546 693 indiscqiliuaite
2572 630 2915 695 appetentes
2940 626 3339 679 redundantia
3359 641 3568 695 super—

1915 710 2243 764 tlueutium.
2296 714 2491 765 l’at1-cs
2542 716 2637 783 qui
2692 714 2767 767 ibi
2802 715 3131 767 conversati
3192 719 3326 767 sunt
3386 720 3571 768 certa-

1915 805 2119 852 verunt
2176 801 2228 853 iu
2266 806 2381 854 tota
2437 803 2657 867 justilia
2692 809 2739 855 et
2775 804 2829 857 iu
2865 804 3025 857 omni
3075 804 3285 857 timore
3315 802 3570 857 Domini.

1918 888 2077 941 [Inde
2138 890 2214 941 ab
2266 893 2547 944 munibus
2581 894 2771 945 felices
2828 893 3152 946 audiebant
3187 910 3197 946 :
3233 918 3253 937 «ι
3297 896 3405 945 Vos
3434 892 3574 946 estis

1914 976 2261 1030 benedictus
2313 997 2451 1041 grex
2510 982 2736 1041 tlbristi,
2799 1000 2902 1033 vos
2956 980 3092 1033 estis
3153 981 3473 1034 electorum
3504 982 3574 1034 ti-

1914 1064 1992 1125 lii,
2026 1082 2131 1117 Vos
2162 1068 2297 1119 estis
2330 1068 2562 1121 dilectio
2595 1069 2689 1122 llei
2722 1076 2773 1123 ot
2809 1069 3084 1139 proximi,
3132 1086 3231 1119 vos
3282 1069 3418 1122 estis
3478 1085 3573 1123 ρο-

1916 1154 2133 1206 lumnae
2194 1156 2304 1207 sub
2361 1157 2531 1219 «ιιιιιυ,
2580 1158 2679 1228 qui
2754 1158 3153 1229 temporaliter
3207 1158 3372 1211 statis
3419 1157 3579 1211 velut

1915 1242 2107 1301 angeli
2143 1260 2319 1314 super
2346 1250 2579 1299 terram.
2635 1251 2859 1317 tiorpus
2910 1248 3132 1317 quippe
3184 1246 3421 1315 gestatis
3470 1247 3575 1299 hu-

1916 1347 2187 1397 manum,
2218 1350 2370 1402 opus
2403 1340 2600 1387 autem
2632 1334 2907 1403 litfl‘ilt'iils
2931 1335 3303 1401 angelorum.
3335 1359 3359 1381 υ
3394 1337 3484 1387 Vae
3518 1334 3577 1388 in

1918 1423 2450 1492 l'tt\'t‘l'5thul5t’{llls
2482 1428 2533 1476 et
2569 1425 2683 1475 tide
2730 1424 3060 1476 secundum
3114 1440 3320 1476 casum
3385 1423 3576 1477 alteri-

1919 1514 2095 1561 tatem
2128 1510 2351 1575 dicens,
2382 1518 2433 1565 et
2468 1529 2585 1565 nou
2614 1513 2924 1566 aittmideus
2954 1514 3093 1584 quia
3133 1517 3282 1566 lleus
3304 1513 3575 1567 omnium

1922 1598 2199 1652 virtutum
2228 1604 2637 1671 sempcrtiucs
2691 1603 2958 1673 priorum
3019 1603 3315 1655 connectit
3368 1602 3579 1673 princi-

1918 1686 2029 1756 piis
2065 1688 2467 1741 secundorum
2506 1708 2515 1741 :
2550 1690 2710 1743 \el'bi
2749 1690 2905 1743 enim
2960 1692 3170 1759 gratia,
3222 1695 3284 1745 ut
3336 1696 3577 1744 neutros

1920 1777 2281 1846 praedicabili
2309 1778 2567 1833 t‘ia’iillttlt'
2604 1785 2980 1847 monstraret,
3016 1779 3209 1845 vigilia
3262 1780 3579 1853 apparitio-

1916 1868 2008 1918 nis
2044 1867 2253 1921 tlbristi
2288 1869 2597 1923 calamitas
2650 1870 2799 1939 ignis
2856 1875 3019 1923 extra
3067 1870 3326 1923 ecclesiae.
3377 1870 3577 1923 aulam

1916 1955 2113 2009 locum
2142 1974 2383 2011 omnem
2414 1958 2734 2029 liquefecit,
2784 1962 2932 2013 sicut
2982 1960 3204 2013 circum
3261 1977 3321 2014 se
3380 1959 3579 2028 ignem

1918 2046 2257 2099 videntibus
2292 2048 2576 2115 adjuvare
2619 2050 2778 2103 idem
2824 2049 2916 2103 vel
2972 2050 3346 2118 exstinguere
3400 2064 3578 2103 nemo

1916 2141 2164 2188 conatus
2197 2142 2305 2203 est,
2331 2139 2615 2210 autquod
2647 2140 2941 2211 reliquum
2993 2145 3141 2193 esset
3189 2139 3417 2193 salvum
3477 2140 3577 2192 ha-

1918 2224 2075 2287 bere,
2111 2225 2198 2278 vel
2232 2226 2287 2279 in
2322 2226 2713 2281 salvatiimem
2762 2227 3091 2282 viventium
3151 2228 3223 2281 ad
3277 2227 3578 2298 opinabile

1918 2313 2144 2367 bonum
2178 2315 2418 2379 erigere.
2456 2316 2553 2369 Dei
2578 2318 2800 2387 quippe
2828 2318 3115 2371 sententia
3164 2322 3217 2370 et
3274 2317 3432 2370 beati
3489 2317 3576 2371 Mi-

1918 2402 2137 2455 chaelis
2172 2401 2485 2458 clementia
2510 2406 2611 2475 qui
2636 2405 2787 2467 ignis
2812 2406 2941 2473 jam
2974 2405 3207 2459 dudum
3250 2405 3577 2459 damnave-

1920 2497 2007 2544 rat
2040 2492 2298 2545 maxime
2333 2493 2684 2546 admirabile
2720 2500 2840 2547 tam
2894 2494 3308 2547 exstructionis
3364 2509 3577 2561 genere

1917 2597 2102 2650 quam
2130 2582 2558 2648 magnitudinis
2582 2584 2844 2653 itemque
2877 2582 3297 2637 muniﬁcentiae
3354 2582 3413 2635 in
3456 2582 3576 2635 sin-

1920 2669 2071 2735 gulis
2106 2669 2281 2721 rebus
2312 2674 2365 2722 et
2397 2670 2596 2735 gloriae
2622 2670 2779 2725 intus
2810 2671 2897 2724 vel
2934 2671 3092 2736 foris,
3127 2687 3286 2724 nunc
3315 2675 3403 2724 cst
3434 2669 3577 2724 aedi-

1920 2758 2159 2811 tieatum
2218 2759 2655 2829 persplemlide.
2716 2762 2937 2813 Revera
3010 2759 3168 2813 enim
3242 2759 3579 2829 appetibilis

1920 2846 2228 2916 privilegio
2252 2848 2465 2909 insula,
2488 2864 2620 2918 quae
2638 2855 2725 2903 est
2741 2847 2934 2919 portio
2951 2855 3114 2903 terra:
3133 2852 3577 2915 ornamentum,

1921 2940 1975 2988 et
2000 2936 2173 2988 totius
2202 2936 2405 3006 patriae
2438 2936 2496 2989 in
2529 2936 2727 2990 multis
2762 2936 3265 3008 supplementum,
3322 2936 3581 3003 regionis

1922 3039 2062 3076 vero
2093 3024 2347 3094 propriae
2381 3024 2637 3078 salutare
2665 3024 2767 3079 dat
2788 3025 3076 3079 auxilium
3102 3024 3497 3095 prudentibus
3530 3029 3586 3078 et

1922 3112 2197 3179 indoctis,
2222 3113 2422 3183 parvis
2452 3114 2787 3183 etmagnis,
2821 3114 2941 3168 sive
2992 3114 3244 3179 rusticis,
3300 3113 3584 3185 promeri-

1924 3205 2119 3254 torum
2168 3201 2453 3271 qualitate
2511 3202 2735 3256 obtinet
2784 3203 3108 3257 honestatis
3158 3202 3393 3255 culmen
3426 3219 3587 3255 sum-

1923 3307 2111 3343 mum.
2152 3290 2345 3345 Insula
2374 3291 2536 3362 puris
2570 3292 2949 3363 honestisque
2982 3291 3290 3363 praeceptis
3332 3307 3400 3345 ac
3454 3290 3585 3344 dul-

1925 3379 2132 3432 cedine
2168 3379 2598 3433 benedictionis
2635 3380 2878 3455 inclyta,
2912 3380 3215 3445 dignitatis
3274 3379 3363 3432 vel
3420 3378 3589 3433 recti-

1924 3468 2144 3520 tudinis
2178 3468 2252 3521 ad
2288 3468 2615 3522 reverentia
2651 3468 2871 3521 civium
2902 3469 3159 3533 sincera,
3194 3467 3251 3521 in
3275 3468 3585 3521 munimen

1924 3556 2194 3609 omnium
2228 3557 2561 3627 constipata
2588 3556 2859 3610 cavernis
2901 3561 2955 3611 et
3012 3556 3241 3621 ﬁstulis,
3295 3555 3580 3621 fontibus,

1923 3649 1979 3697 et
2008 3644 2275 3697 auritluis
2300 3645 2460 3708 rivis,
2488 3644 2787 3713 segetibus
2813 3650 2869 3699 et
2892 3645 3078 3700 vineis
3102 3645 3431 3700 eminenter
3462 3644 3584 3711 glo-

1923 3731 2082 3786 riosa
2112 3751 2122 3785 :
2157 3749 2289 3803 quae
2316 3730 2427 3785 nisi
2452 3738 2506 3786 et
2533 3734 2857 3788 astantium
2888 3734 3109 3788 meritis
3141 3733 3313 3787 fuerit
3340 3732 3581 3801 violata,

1922 3820 2243 3875 nobilitatis
2271 3838 2391 3875 suae
2425 3822 2645 3875 viribus
2673 3822 2732 3876 in
2759 3826 2942 3877 Deum
2968 3828 3236 3877 servatur
3256 3823 3422 3894 pacis
3452 3821 3584 3875 oleo

1921 3909 2104 3963 linita.
2137 3910 2421 3974 Quamvis
2478 3916 2679 3965 autem
2730 3911 3169 3966 decertantibus
3222 3911 3292 3965 sit
3346 3910 3406 3964 in
3466 3910 3583 3965 lato

1922 3999 2251 4067 angustior,
2284 3999 2343 4052 in
2376 4000 2690 4070 praemium
2719 4001 3095 4055 vincentibus
3142 4002 3269 4071 ejus
3319 3999 3483 4054 sinus
3525 3999 3583 4053 in

1922 4088 2222 4141 immensa
2250 4088 2620 4157 longitudine
2652 4096 2856 4145 manet
2882 4090 3155 4163 amplior.

1994 4182 2113 4243 Age
2147 4194 2289 4244 ergo
2307 4178 2578 4232 festivum
2614 4179 2797 4247 diem,
2843 4180 3017 4233 turba
3064 4180 3251 4233 fidelis
3295 4179 3585 4233 laetabun-

1921 4266 2013 4319 dis
2063 4266 2279 4319 animis
2326 4267 2573 4320 induere
2625 4266 3054 4336 fortitudinem,
3106 4272 3162 4321 et
3230 4267 3425 4338 jubila
3483 4284 3583 4321 ex-

1923 4356 2256 4421 sultatione,
2292 4356 2583 4426 quoniam
2616 4356 2697 4410 tui
2714 4374 2999 4412 maerores
3030 4358 3089 4411 in
3128 4356 3418 4424 gaudium
3448 4363 3584 4413 sunt

1921 4445 2151 4509 mutati,
2172 4452 2227 4499 et
2248 4445 2407 4499 triste
2430 4445 2705 4500 habitum
2727 4446 2783 4500 in
2808 4447 3091 4501 amictum
3112 4446 3317 4500 laetitiae
3345 4463 3581 4500 versum

1921 4539 2024 4589 est.
2082 4534 2368 4588 Parietem
2430 4534 2589 4589 enim
2643 4534 2955 4590 discordiae
3011 4528 3193 4607 quem
3252 4536 3583 4589 aediﬁcave-

1919 4627 2009 4678 rat
2056 4623 2352 4691 diabolus,
2406 4624 2689 4693 parietem
2771 4623 2995 4693 effodit,
3051 4630 3106 4679 et
3160 4630 3392 4697 petram
3459 4640 3580 4678 non

1921 4713 2260 4777 commovit,
2322 4712 2717 4769 fundamenta
2758 4715 3028 4769 Ecclesiae
3061 4714 3344 4779 excussit,
3379 4719 3433 4767 et
3466 4719 3583 4767 tur-

1920 4820 2045 4857 rem
2100 4802 2471 4857 immobilem
2525 4820 2646 4857 non
2706 4804 2901 4869 elisit;
2956 4803 3186 4876 lapides
3245 4790 3477 4872 dejccit,
3527 4807 3583 4857 et

1920 4890 2150 4946 radices
2176 4908 2297 4945 non
2321 4891 2515 4946 evellit
2540 4912 2552 4959 ;
2587 4895 2929 4948 unctionem
2957 4894 3118 4959 vidit,
3148 4898 3203 4947 et
3230 4891 3432 4963 templi
3462 4892 3579 4946 for-

1921 4980 2230 5035 titudinem
2254 4997 2395 5034 mox
2423 4980 2700 5036 deseruit.
2738 4985 2958 5049 Lugeat
3008 4999 3075 5036 ac
3133 4978 3447 5036 erubescat
3484 4995 3581 5033 ve-

1919 5074 2191 5122 ternosus
2213 5068 2417 5139 praedo
2446 5069 2716 5140 praedam
2749 5070 3038 5137 amisisse,
3071 5069 3213 5141 quia
3266 5067 3578 5139 impletum

1918 5158 2194 5211 videmus
2245 5158 2411 5229 quod
2463 5159 2759 5230 propheta
2807 5159 3164 5213 vaticinante
3216 5144 3576 5212 audivimus.

1924 5247 2210 5317 Equidem
2268 5246 2481 5318 inquit,
2530 5248 2840 5319 captivitas
2894 5264 2929 5302 a
3004 5248 3150 5301 forte
3208 5245 3463 5313 tolletur,
3525 5251 3581 5301 et

1917 5336 2083 5407 quod
2114 5335 2383 5391 ablatum
2416 5337 2626 5403 fuerat,
2661 5354 2696 5393 a
2730 5337 2975 5391 robusto
3010 5336 3354 5391 salvabitur.
3420 5336 3583 5415 Dica-

1920 5442 2055 5478 mus
2113 5441 2257 5479 sane
2317 5442 2566 5480 omnes:
2629 5428 2837 5481 Gloria
2892 5428 2950 5480 in
2986 5427 3234 5482 excelsis
3256 5427 3397 5482 Deo.
3428 5433 3481 5481 et
3520 5428 3578 5481 in

1920 5520 2082 5567 terra
2112 5530 2238 5581 pax:
2264 5514 2598 5568 hominibus
2634 5515 2801 5569 bonw
2824 5515 3150 5569 voluntatis
3187 5515 3349 5587 (Luc.
3381 5532 3436 5579 u,
3472 5514 3579 5582 14.)

1924 5602 2277 5670 Evigilemus
2308 5618 2554 5673 prorsus
2588 5608 2642 5657 et
2701 5598 2830 5671 nos,
2855 5603 2958 5675 qui
2976 5604 3188 5659 habitu
3212 5604 3303 5659 vel
3334 5606 3577 5673 aspectu

1920 5690 2074 5744 hanc
2096 5690 2610 5745 conversationem
2634 5691 2971 5760 angelicam
3000 5693 3463 5765 promeruimus,
3522 5694 3577 5742 et

1922 5778 2086 5833 nullo
2115 5778 2297 5834 modo
2319 5796 2355 5835 a
2384 5780 2685 5851 speranda
2705 5781 3040 5847 clementia,
3064 5782 3351 5854 quoniam
3369 5776 3573 5849 primi-
