3836 6474
400 362 532 413 1455

849 360 1153 417 DOMlNlCl
1196 362 1561 417 PATRIARC.
1602 339 2083 428 AQUILEIENSIS
2123 358 2332 414 EPIST.
2374 361 2467 414 AD
2508 358 2790 416 PETRUM
2826 357 3356 415 ANTIOCHENUM.

3714 358 3732 408 1
3744 358 3820 409 45η

392 482 615 538 cerium
640 483 989 552 angelorum
1012 488 1067 538 et
1088 483 1299 539 Christi
1328 483 1688 540 mirabilium
1719 485 2036 558 primatem
2075 485 2122 537 A
2151 484 2415 554 Sponsus
2446 498 2583 538 cum
2610 482 2868 538 claritate
2895 486 2951 537 et
2972 479 3443 549 magniﬁcentia
3477 478 3549 533 in
3574 477 3819 533 thalamo

394 570 467 624 de
485 570 581 626 die
598 571 657 625 in
679 570 835 625 diem
856 571 1126 644 quisquis
1147 576 1415 626 nostrum
1436 574 1821 646 contemplari
1848 572 2030 639 valet;

395 674 430 713 a
451 676 572 731 quo
592 659 765 714 totius
778 658 914 713 ﬁdei
932 664 1147 714 nostrae
1161 660 1335 715 unius
1347 661 1619 717 beneﬁcii
1631 662 1877 734 pramia
1900 677 2036 717 con-

394 747 607 815 quirat,
666 752 721 801 et
785 746 979 802 omnis
1062 749 1510 820 conquisitionis
1580 751 1917 823 proﬂigatio
1974 750 2033 804 in

398 834 670 889 omnium
699 850 897 890 rerum
944 836 1269 891 viventium
1298 853 1366 892 ac
1399 854 1520 893 non
1552 837 1891 905 viventium,
1932 838 2039 892 im-

393 922 725 978 mobiluum
756 940 996 997 quoque
1026 929 1081 980 et
1110 927 1336 981 moveri
1390 926 1733 995 valentium,
1790 942 2036 1000 corpore

395 1011 481 1066 vel
512 1012 724 1083 specie,
756 1012 950 1069 forma
979 1013 1071 1069 vel
1102 1029 1315 1081 genere
1345 1014 1726 1084 famulantes,
1758 1015 2039 1072 concordi

394 1100 735 1155 deﬁnitione
804 1106 1078 1173 optemus
1126 1107 1190 1158 ut
1245 1103 1554 1175 proprium
1601 1104 1888 1175 vigorem,
1934 1104 2038 1159 sed

392 1188 627 1260 proprie
684 1190 772 1245 vel
824 1189 1094 1246 ordinem
1141 1208 1453 1261 magnum,
1522 1193 1645 1248 sive
1718 1192 2040 1248 honestatis

396 1277 887 1332 consuetudinem
916 1277 1151 1344 relevet,
1182 1282 1238 1333 et
1296 1279 1574 1347 angelica
1624 1280 1891 1349 dignitati
1948 1280 2040 1336 vel

396 1365 674 1420 humanae
705 1366 1005 1422 devotioni
1032 1367 1253 1439 ubique
1284 1384 1403 1440 pax
1424 1373 1480 1424 et
1496 1370 1708 1424 veritas
1726 1370 2037 1425 custodiat.

409 1456 682 1509 Nostrum
737 1454 911 1509 etiam
973 1471 1149 1526 posse
1207 1460 1262 1511 et
1306 1472 1545 1512 necesse
1575 1457 1634 1512 in
1688 1458 1816 1528 ejus
1863 1458 2040 1513 laude

398 1546 453 1597 et
500 1543 887 1599 admiratione
942 1548 1130 1600 totum
1203 1545 1602 1613 sublevemus,
1657 1547 2039 1619 corporisque

396 1630 560 1684 visus
589 1634 645 1685 et
670 1630 882 1686 mentis
902 1647 1173 1687 recessus
1201 1632 1317 1688 huc
1339 1632 1595 1705 illucque
1626 1650 1745 1690 non
1794 1634 2043 1689 diverta—

404 1735 561 1784 mus,
592 1724 655 1774 ut
674 1719 984 1776 diversitas
1012 1720 1386 1778 saecularium
1418 1722 1495 1778 ab
1520 1722 1803 1779 electione
1858 1722 2041 1778 unita-

2142 570 2375 637 residet,
2401 574 2456 625 et
2475 587 2613 626 cum
2627 570 2847 639 gaudio
2869 570 3155 625 intrantes
3173 568 3419 641 recipit.
3460 566 3818 639 Priusquam

2136 659 2338 729 janua
2371 659 2742 725 claudantur,
2772 658 3079 714 velocitate
3108 658 3344 730 pedum
3377 654 3573 727 apud
3630 654 3818 727 primi.

2143 763 2281 819 pem
2311 753 2584 803 nostrum
2610 764 3063 818 concurramus,
3097 763 3169 802 ne
3200 746 3393 802 nobis
3428 743 3593 799 foris
3653 757 3818 797 rema-

2144 850 2283 891 nere
2311 835 2633 905 contingat.
2668 836 2936 891 Libenter
2961 837 3122 891 enim
3156 833 3585 908 splendorem
3647 831 3816 901 gloria

2145 924 2519 996 ﬁguramque
2544 925 2886 980 substantia
2909 924 2969 979 in
2982 924 3201 980 sanctis
3228 924 3368 978 suis
3391 920 3816 991 gloriﬁcamus.

2146 1018 2201 1069 et
2226 1015 2305 1070 ob
2322 1014 2759 1087 reparationem
2781 1030 3002 1086 panem
3031 1018 3088 1069 et
3115 1013 3340 1069 vinum
3374 1026 3565 1083 aqua
3596 1010 3816 1064 mistum

2147 1102 2581 1158 assumendum
2612 1102 2671 1157 in
2694 1102 2951 1157 formam
2979 1101 3297 1174 pristinam
3335 1100 3406 1155 in
3441 1098 3667 1154 divino
3682 1113 3816 1154 amo

2147 1206 2208 1246 re
2233 1189 2676 1262 participemus,
2709 1206 2778 1245 ac
2806 1190 2940 1245 totis
2982 1189 3302 1245 desideriis
3354 1187 3554 1243 illum
3612 1186 3676 1242 in
3722 1204 3815 1259 quo

2149 1284 2286 1335 sunt
2313 1280 2516 1335 omnia
2544 1294 2835 1346 amemus,
2876 1279 3049 1349 cujus
3106 1278 3440 1350 passionis
3502 1276 3816 1332 imitatione

2148 1367 2438 1423 immolati
2467 1372 2524 1423 et
2543 1367 2809 1423 coronati
2825 1366 3061 1423 suntilli
3081 1383 3358 1439 quorum
3395 1365 3688 1438 quotidie
3700 1380 3816 1437 pra-

2150 1455 2400 1511 sentiam
2424 1470 2799 1511 veneramur.
2821 1454 3125 1511 Celebrem
3147 1454 3208 1509 in
3228 1453 3684 1510 anniversaria
3704 1458 3815 1508 tem-

2150 1544 2231 1615 pli
2257 1548 2563 1616 portemus
2594 1542 2990 1611 festivitatem,
3022 1547 3078 1598 et
3108 1542 3407 1599 distincte
3467 1542 3696 1598 choros
3748 1559 3814 1597 re-

2148 1632 2469 1689 boantibus
2494 1633 2734 1705 hymnis
2762 1631 3281 1704 lampadibusque
3302 1630 3610 1687 accensis
3638 1631 3697 1686 in
3718 1631 3811 1687 lau-

2148 1720 2287 1776 dem
2316 1725 2659 1777 sanctorum
2686 1720 3007 1792 pulchram
3032 1736 3251 1776 vocem
3265 1719 3575 1776 levemus
3596 1724 3654 1776 et
3672 1736 3810 1775 men-

395 1808 467 1861 tis
518 1813 733 1863 nostra
787 1809 1057 1864 omnium
1109 1810 1439 1866 voluntates
1493 1816 1670 1883 atque
1716 1827 2041 1868 consensus
2079 1826 2121 1878 Β
2150 1812 2269 1864 tem
2295 1808 2373 1863 ad
2403 1824 2541 1864 eum
2571 1808 2675 1881 qui
2703 1825 2844 1863 cum
2868 1808 3037 1863 Patre
3075 1811 3132 1862 et
3164 1806 3405 1880 Spiritu
3452 1813 3691 1875 sancto,
3742 1809 3809 1861 tri-

394 1896 716 1967 perdurare
733 1902 1058 1966 cognoscat
1081 1916 1092 1965 ;
1115 1898 1292 1954 hodie
1309 1916 1550 1972 quoque
1569 1900 1780 1955 celsius
1795 1899 2041 1972 quando
2148 1913 2261 1953 nus
2291 1902 2346 1952 et
2372 1913 2527 1952 unus
2560 1900 2732 1964 Deus,
2757 1896 2898 1952 vivit
2927 1900 2984 1952 et
3009 1899 3224 1967 regnat
3272 1894 3343 1951 in
3410 1912 3630 1952 avum
3679 1902 3731 1951 et
3768 1897 3807 1951 in

396 1988 513 2039 Rex
534 2000 743 2054 regum
759 1986 836 2041 ad
856 1986 980 2041 Filii
1009 1986 1099 2041 sui
1123 1987 1363 2059 nuptias
1392 1988 1653 2044 invitavit
1676 2005 1786 2044 nos
1815 1987 2039 2060 Nuptia
2148 1985 2351 2041 omnia
2378 1985 2594 2040 sacula
2626 1984 3001 2041 saeculorum.
3033 1989 3249 2041 Amen.

394 2077 614 2143 parata
665 2077 819 2139 sunt,
875 2073 1081 2146 inquit,
1138 2080 1194 2130 et
1240 2074 1419 2131 altilia
1474 2081 1676 2132 nostra
1710 2075 2037 2143 immolata,

412 2176 3802 2211 Μ

1722 2260 1877 2298 (ῚΙΠΟΑ
1922 2260 2123 2298 MEDIl'M

2166 2258 2445 2297 SECULUM.

1360 2356 2827 2502 DOMINICUS

923 2561 1310 2617 GRADENSIS
1378 2564 1460 2617 ET
1521 2561 1997 2626 AQUILEIENSIS
2040 2563 2103 2614 IN
2146 2559 2433 2615 DlTlONE
2471 2561 2742 2614 VENETA
2781 2558 3265 2617 PATRIARCHA.

1045 2684 2295 2877 υοινιιΝιὲΓΞῇ

2201 2684 3125 2875 ἴριδι-οιΑ

816 2956 879 3038 Α
892 2955 958 3037 Ῐ)

1080 2955 1527 3043 PETRUM
1658 2956 2441 3043 PATRIARCHAM
2573 2953 3376 3043 ANTIOCHENUM

1195 3117 1410 3186 (Edidit
1447 3121 1807 3187 COTELERIUS,
1848 3118 2127 3174 Ecclesia
2156 3132 2345 3187 graece
2362 3117 2645 3183 Monum,
2691 3119 2754 3187 ll,
2806 3117 2950 3188 108.)

481 3302 997 3398 Excellentissima
1054 3312 1270 3363 sancta
1316 3308 1470 3365 sedis
1527 3310 1794 3368 Ecclesia
1852 3314 2045 3369 Antio-
2084 3316 2122 3371 Ε
2154 3321 2334 3371 stram
2366 3310 2667 3389 pervenire
2691 3314 3040 3377 festinamus
3070 3340 3083 3390 ;
3114 3320 3494 3381 charitatem
3509 3320 3783 3398 perfectam

402 3389 710 3445 chensium
740 3392 976 3463 prasidi
1002 3395 1283 3452 eminenti
1314 3398 1685 3469 patriarcha,
1731 3417 1955 3470 magno
1985 3409 2039 3459 et
2146 3404 2295 3461 inter
2324 3423 2433 3462 nos
2467 3408 2768 3465 fundaturi
2796 3427 2979 3482 supra
3001 3427 3192 3483 quam
3223 3412 3292 3468 in
3316 3389 3636 3486 posterum
3683 3431 3783 3486 qua

396 3477 723 3547 apostolico
749 3479 894 3547 viro,
932 3482 1232 3539 Domxmrs
1268 3483 1363 3539 Dei
1396 3483 1583 3555 gratia
1614 3488 1927 3545 Gradensis
1984 3495 2038 3546 et
2148 3495 2244 3551 Dei
2277 3502 2414 3553 sunt
2452 3498 2746 3555 excelsius
2771 3477 3236 3558 adiﬁcabimus.

396 3564 789 3635 Aquileiensis
820 3568 1087 3624 Ecclesia.
1115 3569 1469 3642 patriarcha.

467 3658 513 3707 1.
549 3654 977 3726 Admonemus,
1014 3660 1208 3715 omnis
1257 3661 1535 3718 desiderii
1574 3680 1644 3721 ac
1700 3666 2034 3725 reverentia

389 3747 547 3807 Voto,
572 3760 709 3798 cum
730 3747 1039 3817 proposito
1059 3747 1689 3826 ﬁdelissimiobsequii,
1714 3762 1927 3813 nostra
1950 3776 2034 3815 re-

384 3830 646 3886 verentia
666 3837 721 3887 et
736 3833 993 3891 amicitia
1007 3835 1287 3894 honorari
1308 3845 1361 3895 et
1383 3842 1492 3897 coli
1513 3844 1831 3901 Ecclesiam
1848 3850 2032 3922 tuam,

400 3925 762 3988 quanostra
794 3923 995 3989 matris
1028 3928 1306 3983 Romana
1360 3929 1625 3987 Ecclesia
1684 3949 1851 3989 soror
1906 3953 2031 3993 esse

387 4008 781 4073 cognoscitur,
809 4015 984 4081 atque
1015 4012 1344 4071 fundatoris
1378 4018 1467 4073 sui
1490 4016 1729 4092 meritis,
1767 4022 1909 4079 Petri
1949 4025 2032 4081 vi-

384 4093 594 4186 delicet
624 4098 1035 4186 apostolorum
1057 4103 1357 4176 principis,
1376 4108 1514 4178 post
1542 4110 1868 4168 secundam
1887 4129 2033 4186 pra-

390 4179 646 4238 dicatur.
680 4184 774 4239 His
804 4186 980 4256 igitur
1007 4187 1263 4262 omissis,
1296 4193 1456 4251 fama
1484 4195 1714 4268 pietatis
1742 4179 2027 4268 tua,-ﬁde

386 4284 454 4323 ac
481 4286 657 4342 opere
682 4273 852 4344 plene
884 4275 1078 4348 ipsam
1106 4296 1166 4333 se
1192 4280 1415 4354 ubique
1438 4282 1838 4356 proclamans,
1874 4290 2030 4361 cogit

385 4373 493 4412 nos
526 4361 811 4417 humilem
842 4364 945 4419 tibi
976 4369 1365 4425 reverentiam
1392 4368 1638 4431 reddere
1670 4391 1692 4440 .'
1742 4394 1849 4435 nec
1906 4397 2025 4438 non

383 4449 435 4500 te
466 4462 571 4518 per
600 4449 756 4504 viam
786 4451 1020 4508 Domini
1045 4452 1373 4525 incedente,
1398 4461 1645 4531 vestigia
1683 4468 1782 4521 tua
1835 4469 2021 4541 sequi.

456 4538 503 4589 '2.
560 4539 674 4591 Nos
734 4552 874 4608 ergo
946 4541 1006 4597 in
1066 4546 1506 4616 septentrionali
1550 4567 1701 4609 zona
1750 4538 2024 4628 longissi-

2214 3590 2264 3639 3.
2298 3586 2568 3642 Attamen
2620 3580 2733 3643 hoc
2792 3580 3131 3661 paternitati
3181 3595 3413 3649 vestra,
3484 3598 3663 3650 tacere
3688 3607 3783 3648 non

2142 3689 2484 3745 possumus,
2512 3677 2678 3749 quod
2701 3695 2737 3734 a
2765 3677 2921 3734 clero
2946 3682 3638 3755 llonstantinopolitano
3683 3698 3781 3735 san-

2142 3766 2299 3817 ctam
2326 3766 2657 3820 Romanam
2689 3765 3011 3822 Ecclesiam
3056 3767 3402 3845 vituperari
3461 3770 3779 3827 audivimus.

2143 3851 2598 3921 Reprehendunt
2620 3853 2796 3923 igitur
2824 3854 3233 3911 sacratissima
3291 3872 3553 3929 azyma,
3605 3872 3720 3929 qua
3743 3855 3779 3907 in

2140 3954 2386 4011 corpore
2404 3940 2610 3997 Christi
2624 3943 3073 3999 sanctiﬁcamus
3103 3941 3163 4000 et
3185 3947 3511 4003 sumimus
3533 3967 3547 4017 ;
3573 3952 3727 4019 atque
3744 3944 3779 3997 in

2137 4022 2250 4082 hoc
2280 4044 2389 4084 nos
2414 4035 2682 4102 expertes
2712 4028 2868 4087 illius
2929 4030 3205 4105 corporis
3264 4038 3595 4106 astruunt,
3643 4041 3691 4090 et
3732 4032 3780 4085 ab

2138 4116 2357 4172 unitate
2375 4118 2640 4175 Ecclesia
2655 4119 2928 4190 judicant
2945 4127 3263 4194 separatos
3294 4143 3308 4193 ;
3333 4124 3522 4197 quod
3549 4124 3779 4180 nimirum

2136 4202 2365 4276 absque
2395 4205 2669 4262 mistione
2700 4207 2972 4265 fermenti
3005 4211 3470 4269 Eucharistiam
3535 4212 3781 4269 sacriﬁce-

2136 4307 2291 4362 mus,
2319 4290 2421 4349 ubi
2452 4311 2561 4350 nos
2594 4295 2880 4352 unitatem
2909 4299 3224 4355 catholica
3260 4302 3562 4358 Ecclesia
3595 4313 3780 4357 servare

2136 4382 2262 4437 sine
2294 4383 2559 4455 quolibet
2614 4386 2931 4444 schismate
2961 4382 3318 4461 cupientes;
3386 4392 3661 4448 maxime
3694 4407 3780 4457 az}-

2133 4487 2369 4527 morum
2390 4474 2905 4545 consuetudinem,
2937 4492 3059 4533 non
3094 4477 3301 4535 solum
3331 4480 3683 4553 apostolica
3710 4474 3776 4529 sal

2131 4559 2310 4616 etiam
2331 4560 2585 4634 ipsamet
2608 4564 2837 4620 Domini
2866 4566 3197 4623 retinemus
3220 4568 3595 4628 traditione.
3612 4567 3779 4629 τευθίδα

379 4624 492 4678 mis
524 4630 688 4681 terra
752 4630 1053 4725 marisque
1107 4632 1426 4691 intervallis
1475 4638 1662 4708 divisi,
1706 4644 1890 4701 animi
1939 4652 2024 4703 ta-
2063 4665 2106 4719 ι)
2137 4648 2280 4721 quia
2307 4649 2638 4708 fermentati
2665 4654 2837 4725 panis
2860 4672 3031 4711 sacra
3060 4658 3429 4717 commistio
3460 4678 3501 4717 a
3524 4660 3775 4717 sanctissi-

2088 4798 2091 4803 η
2134 4738 2247 4792 mis
2277 4739 2741 4814 orthodoxisque
2766 4743 3036 4799 Patribus
3078 4746 3503 4807 Orientalium
3552 4749 3776 4807 Ecclesia-

378 4726 518 4767 men
550 4729 751 4770 amore
810 4720 1131 4789 conjuncti,
1166 4726 1371 4781 vestra
1439 4728 1761 4787 sanctitatis
1808 4735 2023 4791 notitia

378 4801 734 4896 agglutinari
785 4807 1083 4879 cupimus,
1138 4815 1329 4868 mutui
1382 4817 1604 4873 amoris
1658 4820 1833 4877 nobis
1888 4841 2024 4896 par-

2132 4842 2266 4881 rum
2296 4832 2540 4900 accepta
2570 4830 2849 4900 creditur,
2878 4849 2948 4888 ac
2980 4832 3247 4902 legitime
3282 4840 3473 4895 tanta
3516 4844 3775 4907 utramq‘f

378 4887 780 4996 ticipatione‘m
819 4898 1207 4996 rependenti:
1257 4903 1627 4996 Quapropter
1692 4887 2024 4971 indicamus
2131 4887 2625 4973 consuetudinem
2654 4887 3773 4996 ﬁdeliter

376 4984 641 5075 nostram
703 4984 1023 5041 Ecclesiam
1085 5004 1120 5044 a
1194 4989 1347 5047 beati
1415 4995 1587 5052 Marci
1651 5000 2022 5071 evangelista
2130 5002 2379 5075 spiritali
2399 5005 2712 5062 salubriter
2737 4984 3190 5065 conﬁrmamus.
3227 4984 3396 5069 Nam
3433 4984 3772 5072 fermentilel

371 5068 672 5137 praeconio
724 5075 1047 5145 sumpsisse
1098 5079 1387 5148 originem
1438 5102 1450 5151 ;
1509 5085 1650 5141 item
1700 5068 1875 5146 beato
1926 5095 2021 5148 Pe-

372 5157 463 5243 tro
529 5159 935 5230 constituente,
1018 5165 1309 5224 honorem
1373 5173 1692 5243 patriarchi
1759 5180 2019 5237 nominis

374 5238 526 5295 intra
591 5245 809 5303 Italiam
850 5255 1140 5309 duntaxat
1175 5238 1456 5316 habuisse
1490 5268 1584 5328 ;et
1639 5264 1699 5319 in
1750 5270 2017 5327 Romano

377 5335 685 5426 conventu,
735 5340 1176 5401 consessionem
1246 5350 1595 5406 (Boumenici
1651 5368 1826 5426 papa
1871 5356 2014 5413 dex-

376 5415 530 5503 tram
558 5416 898 5503 obtinuisse,
933 5429 1111 5497 Cujus
1132 5433 1376 5502 quidem
1406 5438 1487 5493 rei
1520 5415 1792 5498 ordinem
1844 5447 2015 5503 vobis

376 5496 608 5602 plenius
637 5501 831 5601 futuro
860 5515 1124 5602 tempore
1145 5496 1549 5593 ostendemus,
1576 5496 2011 5602 postqwuamme;

378 5588 591 5688 mutuo
611 5593 881 5688 rescripti
900 5612 1026 5661 usu,
1055 5602 1129 5657 de
1152 5606 1221 5661 iis
1243 5625 1375 5679 qua
1407 5613 1485 5667 ad
1505 5588 1687 5671 ﬁdem
1719 5588 2015 5688 pertinent

380 5666 454 5719 ad
477 5667 728 5725 invicem
758 5666 1270 5747 declaraverimus:

384 5752 688 5813 probitatis
735 5774 935 5815 amore
985 5772 1156 5838 capti,
1206 5779 1279 5835 ad

1304 5698 1472 5803 Modo
1522 5704 1751 5803 tantum
1802 5711 2012 5761 vestra
2121 5712 2219 5781 qui
2253 5698 2800 5790 adeoimpudenter
2830 5723 3018 5779 sacris
3040 5698 3553 5803 apostolicisque
3580 5732 3755 5783 sanet?

1341 5782 1528 5839 SOlam
1584 5787 1851 5853 notitiam
1908 5810 2005 5845 ve-
2114 5799 2748 5879 nibuscontradicunt;
2781 5782 3377 5886 etinquosediticare
3417 5782 3741 5875 arbitramu'

2128 5091 2328 5148 farina
2358 5094 2713 5162 commistio,
2745 5112 2867 5168 qua
2900 5097 3153 5153 Orientis
3190 5105 3470 5160 utuntur
3534 5105 3770 5161 Ecclesia,

2125 5180 2415 5239 incarnati
2476 5183 2647 5239 Verbi
2706 5184 2971 5242 declarat
3019 5187 3452 5248 substantiam
3492 5214 3508 5261 ;

2125 5286 2266 5326 vero
2339 5287 2537 5327 massa
2604 5288 2957 5344 azymorum
3015 5291 3209 5348 quam

2125 5360 2405 5429 Ecclesia,
2466 5362 2783 5435 puritatem
2841 5364 3128 5420 humana
3181 5370 3425 5439 carnis,
3467 5390 3661 5445 quam
3700 5370 3787 5443 pli}

2122 5448 2242 5503 cuit
2292 5448 2585 5511 divinitati
2636 5448 2746 5513 sibi
2796 5451 2983 5517 unire;
3014 5452 3166 5509 citra
3199 5461 3695 5516 controversiam
3719 5472 3761 5507 ιτ·

2121 5541 2455 5606 praesentat.

3581 5192 3768 5264 simplex

3295 5281 3603 5340 Romana
3674 5288 3767 5336 tenvi
3788 5310 3789 5319 ι

3724 5644 3755 5683 ti“

3724 5826 3741 5861 ην

2189 5627 2240 5714 «i.
2266 5625 2468 5699 Itaque
2494 5628 2770 5705 redargui
2824 5632 3049 5689 debent
3101 5614 3137 5690 a
3194 5640 3418 5693 vestra
3474 5637 3755 5714 paternis?
