3980 6430
364 398 465 450 ’247

1669 398 1724 452 5.
1769 394 2056 450 HENRICI
2095 393 2565 450 lMPEBATORlS

3752 449 3754 451 .
3779 398 3892 449 248

366 535 662 585 conamur,
711 519 820 572 hoc
848 519 1046 588 procul
1095 517 1271 572 dubio
1303 524 1361 572 et
1416 518 1487 571 ad
1537 517 1836 588 praesentis
1879 515 2062 571 nostri
2099 518 2147 570 A
2173 531 2276 586 per
2303 531 2448 587 quos
2470 515 2830 569 decernimus
2854 520 3026 586 atque
3050 516 3323 586 jubemus
3383 521 3446 570 ut
3477 517 3671 571 nullus
3698 517 3892 588 judex

365 607 532 679 regni
560 612 772 661 statum
793 611 850 660 et
878 611 1107 661 eterna:
1131 606 1507 661 beatitudinis
1561 605 1865 676 praemium
1899 605 2065 659 nobis

367 696 729 766 profuturum
759 712 883 749 esse
904 695 1210 749 credimus.
1235 695 1598 764 Quapropter
1622 693 1890 747 omnibus
1923 694 2064 747 lide-

368 784 518 837 libus
543 783 775 851 nostris,
807 781 1186 852 praesentibus
1217 781 1431 835 scilicet
1479 785 1648 851 atque
1696 780 1926 848 futuris,
1969 797 2068 834 no-

368 878 492 927 tum
526 887 647 926 esse
683 871 951 926 volumus
1007 869 1295 940 quomodo
1351 886 1476 934 nos,
1519 885 1622 938 per
1675 869 2064 923 interventum

369 961 589 1015 dilectae
625 958 884 1030 conjugis
911 963 1118 1012 nostrae
1151 960 1207 1010 et
1233 957 1449 1026 regina).
1506 957 1883 1026 Cunigunda,
1950 973 2064 1011 una

369 1064 500 1103 cum
539 1047 778 1102 consilio
813 1046 1075 1116 Willigisi
1117 1044 1595 1114 Mogontiacensis
1646 1045 1929 1100 zEcclesize
1985 1063 2069 1099 ar-

369 1135 715 1205 chiepiscopi
745 1134 1082 1199 honorandi,
1107 1149 1171 1186 ac
1208 1132 1555 1186 Berenhardi
1583 1133 1764 1197 ducis,
1785 1133 2070 1187 aliorum-

372 1239 484 1294 que
511 1224 768 1277 ﬁdelium
815 1227 1163 1287 nostrorum,
1217 1227 1348 1275 vota
1415 1227 1472 1274 et
1510 1221 1812 1291 petitiones
1840 1223 2069 1276 domnae

373 1311 716 1365 Godesdhivi
748 1309 1169 1365 lleril‘urdensis
1234 1309 1567 1362 monasterii
1607 1309 1948 1363 venerabilis
1973 1311 2067 1363 ab-

370 1398 595 1452 batissae
623 1402 956 1466 cunctaeque
983 1394 1446 1465 congregationis
1495 1400 1703 1448 sanctae
1746 1395 1933 1449 Mariae
1965 1395 2071 1448 sibi

373 1483 694 1539 commissa:
725 1487 1047 1553 sequentes,
1110 1487 1307 1536 nostra
1349 1482 1510 1553 regia
1567 1482 1906 1536 auctoritate
1959 1487 2072 1536 tres

376 1573 647 1628 Ecclesias
670 1571 730 1626 in
752 1570 916 1641 pagis
951 1570 1254 1623 Bursibant
1283 1574 1340 1623 et
1369 1570 1698 1642 Scopingon
1737 1569 2070 1634 nominatis,

374 1661 435 1714 in
496 1659 642 1716 villis
694 1675 926 1730 quoque
977 1657 1193 1724 lireini,
1243 1657 1600 1728 Wadiringas
1641 1663 1696 1712 et
1746 1658 2072 1713 Stocbheim

375 1753 748 1815 constructas,
771 1763 902 1801 cum
958 1746 1226 1800 omnibus
1264 1746 1431 1800 rebus
1486 1753 1542 1799 et
1595 1745 2073 1805 decimationibus

376 1838 490 1890 suis
529 1855 561 1890 a
611 1836 935 1890 Hludowico
978 1835 1328 1905 imperatore
1389 1835 1461 1889 ob
1499 1835 1822 1889 remedium
1867 1835 2073 1888 animas

377 1941 494 1980 sua:
525 1925 596 1978 ad
619 1923 923 1995 praefatum
956 1922 1343 1977 Herifortense
1379 1922 1794 1976 monasterium
1828 1922 2073 1983 traditis,

379 2015 563 2069 eidem
629 2013 975 2067 monasterio
1051 2027 1210 2065 more
1265 2016 1689 2066 antecessorum
1748 2017 2078 2065 nostrorum

379 2103 805 2167 conﬁrmamus,
856 2117 921 2154 eo
983 2105 1184 2154 tenore
1244 2105 1304 2153 ut
1349 2099 1468 2168 jam
1524 2100 1676 2154 dicta
1707 2101 1919 2154 domna
1975 2101 2075 2153 Go-

381 2191 600 2245 desdhu
629 2188 910 2242 abbatissa
966 2203 1280 2257 omnesque
1337 2187 1395 2239 in
1438 2187 1641 2240 eodem
1700 2187 1916 2240 honore
1973 2186 2080 2239 sibi

382 2278 748 2332 succedentes
767 2291 898 2329 cum
943 2275 1234 2345 praedictis
1280 2275 1670 2329 ecclesiasticis
1735 2276 1906 2329 rebus
1933 2275 2082 2328 aliis-

384 2383 496 2437 que
535 2364 863 2417 omnibusa
893 2363 1124 2433 regibus
1173 2369 1229 2416 et
1280 2363 1724 2432 imperatoribus
1778 2379 1882 2433 per
1935 2379 2080 2434 pra).-

385 2453 535 2523 cepti
554 2450 824 2521 paginam
847 2450 983 2504 illuc
1026 2450 1243 2504 traditis
1299 2451 1541 2504 liberam
1590 2450 1797 2504 dehinc
1833 2455 2082 2521 potesta-

385 2546 502 2595 tem
532 2539 928 2593 habeantcum
971 2539 1088 2591 suis
1139 2538 1418 2591 ministris
1449 2539 1832 2592 ecclesiastico
1883 2539 2083 2593 ordine

386 2629 879 2698 disponereatque
910 2626 1254 2697 gubernare,
1307 2631 1526 2680 remota
1575 2627 1837 2680 omnium
1895 2627 2078 2681 homi-

389 2731 529 2771 num
564 2715 1033 2769 contradictione.
1086 2715 1326 2786 lnsuper
1372 2715 1478 2768 sub
1507 2715 1708 2768 eadem
1742 2715 2084 2770 corrobora-

389 2804 543 2857 tione
600 2802 997 2857 concludimus
1054 2802 1340 2874 quidquid
1388 2820 1422 2857 a
1477 2803 1762 2874 religiosis
1811 2809 1867 2858 et
1903 2805 2081 2859 Deum

388 2891 725 2946 timentibus
754 2891 1017 2962 personis
1059 2891 1132 2944 ad
1166 2907 1316 2962 sape
1364 2891 1483 2962 jam
1523 2891 1744 2946 dictum
1796 2898 2082 2948 monaste-

389 2980 538 3033 rium
572 2979 959 3035 Herifurtense
991 2977 1048 3031 in
1104 2979 1376 3049 praesenti
1432 2979 1712 3034 traditum
1763 2986 1848 3034 est
1888 2982 1974 3035 vel
2024 2982 2083 3034 in

2176 603 2440 672 publicus
2467 604 2552 656 vel
2577 603 2817 674 quilibet
2837 619 2900 657 ex
2926 602 3233 674 judiciaria
3279 607 3580 674 potestate,
3640 605 3759 658 nisi
3791 621 3891 657 so-

2178 693 2265 745 lus
2296 692 2450 745 illius
2482 691 2589 745 loci
2626 691 2884 762 provisor
2904 697 2962 746 et
3016 693 3322 746 advocatus
3371 693 3635 763 praedicti
3669 710 3889 747 mona-

2178 780 2358 848 sterii,
2401 780 2461 834 in
2493 779 2763 834 Ecclesias
2827 787 2926 834 aut
2972 781 3094 834 loca
3135 781 3218 834 vel
3280 797 3446 851 agros
3485 798 3586 835 seu
3623 782 3895 852 reliquas

2175 867 2554 937 possessiones
2579 868 2779 937 prditi
2817 867 3168 932 :zionasterii,
3225 884 3366 937 quas
3419 869 3698 923 moderno
3732 876 3893 923 teni-

2177 971 2314 1026 pore
2337 956 2490 1025 juste
2520 960 2573 1008 et
2593 955 3010 1008 rationabiliter
3039 955 3328 1026 possidere
3359 955 3604 1023 videtur,
3660 957 3721 1010 in
3759 958 3896 1028 qui-

2178 1044 2425 1098 buslibet
2455 1044 2776 1114 episcopiis,
2813 1045 2973 1115 pagis
3004 1046 3086 1098 vel
3111 1043 3433 1110 territoriis,
3468 1047 3551 1100 vel
3597 1046 3898 1116 quidquid

2179 1133 2392 1187 ibidem
2423 1137 2658 1202 propter
2686 1132 2944 1186 divinum
2969 1148 3227 1186 amorem
3271 1136 3328 1186 ct
3369 1133 3521 1187 illius
3558 1135 3740 1188 sancti
3776 1135 3899 1188 loci

2182 1221 2610 1274 venerationem
2664 1222 2934 1274 collatum
2977 1220 3167 1288 fuerit,
3210 1223 3280 1275 ad
3312 1237 3510 1275 causas
3560 1223 3900 1277 audiendas

2183 1310 2267 1360 vel
2300 1307 2461 1361 freda
2481 1308 2759 1376 exigenda
2779 1315 2880 1362 aut
2912 1308 3236 1362 mansiones
3269 1311 3354 1362 vel
3398 1314 3622 1378 paratas
3670 1309 3899 1364 facien-

2181 1395 2278 1450 das
2303 1399 2403 1448 aut
2443 1393 2807 1465 ﬁdejussores
2845 1397 3147 1464 tollendos,
3193 1401 3290 1449 aut
3333 1398 3480 1450 ullas
3546 1397 3901 1452 reddibitio—

2182 1501 2280 1538 nes
2311 1484 2398 1536 vel
2430 1484 2654 1537 illicitas
2676 1483 3002 1537 occasiones
3033 1484 3422 1555 requirendus,
3467 1490 3563 1539 aut
3619 1487 3902 1540 homines

2181 1569 2362 1641 ipsius
2393 1571 2725 1625 monasterii
2762 1578 2879 1625 tam
2908 1572 3191 1642 ingenuos
3245 1589 3420 1642 quam
3478 1579 3532 1626 et
3576 1590 3772 1628 servos
3805 1576 3898 1626 vel

2183 1660 2330 1714 latos
2380 1659 2590 1729 injuste
2646 1660 3092 1731 distringendos,
3139 1661 3252 1714 ullo
3307 1677 3563 1731 unquam
3624 1667 3902 1731 tempore

2183 1747 2408 1816 ingredi
2451 1747 2675 1814 audeat,
2726 1748 2813 1802 vel
2855 1765 2922 1802 ea
2972 1765 3102 1819 quae
3142 1765 3316 1818 supra
3384 1754 3703 1803 memorata
3755 1756 3902 1803 sunt

2185 1835 2417 1905 penitus
2447 1836 2673 1906 exigere
2715 1841 2814 1889 aut
2860 1838 3163 1890 exactitare
3211 1842 3536 1907 presumat;
3585 1839 3681 1892 sed
3718 1838 3903 1892 liceat

2186 1921 2399 1976 ibidem
2451 1923 2564 1976 Deo
2607 1923 3038 1991 famnlantibus,
3091 1926 3194 1979 sub
3238 1930 3450 1979 nostra:
3501 1925 3900 1980 immunitatis

2186 2009 2430 2064 tuitione
2463 2011 2662 2081 quieto
2698 2011 2901 2066 ordine
2949 2012 3136 2066 vivere
3168 2029 3232 2066 ac
3284 2014 3552 2077 residere,
3613 2016 3897 2085 quatinus

2188 2099 2393 2152 melius
2419 2099 2548 2152 illos
2581 2100 2822 2154 delectet
2849 2101 3006 2153 omni
3033 2106 3290 2171 tempore
3314 2118 3417 2171 pro
3459 2103 3625 2156 nobis
3657 2109 3715 2156 et
3753 2120 3898 2156 con-

2183 2189 2321 2258 juge
2352 2194 2546 2242 nostra
2566 2193 2735 2259 atque
2765 2189 3070 2243 stabilitate
3096 2190 3270 2244 totius
3317 2191 3482 2260 regni
3503 2207 3536 2244 a
3578 2192 3690 2244 Deo
3724 2192 3901 2245 nobis

2189 2275 2400 2339 collati,
2431 2277 2661 2330 Domini
2691 2277 3144 2332 misericordiam
3173 2279 3444 2332 attentius
3503 2295 3756 2333 exorare.
3795 2281 3901 2333 ln-

2190 2362 2360 2435 su'per
2381 2364 2552 2418 etiam
2578 2365 2827 2420 decimas
2869 2367 2955 2420 vel
3006 2365 3312 2420 decimales
3343 2367 3612 2420 ecclesias
3666 2371 3725 2421 in
3760 2369 3899 2437 qui-

2193 2453 2410 2522 busque
2441 2453 2743 2523 episcopiis
2773 2454 2852 2507 ita
2890 2458 3122 2507 teneant
3173 2460 3346 2524 atque
3376 2455 3701 2524 disponant,
3749 2456 3904 2509 sicut

2192 2541 2296 2592 sub
2322 2540 2779 2594 antecessoribus
2810 2542 3021 2594 nostris
3053 2541 3284 2610 regibus
3323 2541 3586 2596 videlicet
3628 2548 3684 2596 et
3713 2543 3900 2612 impe—

2191 2627 2477 2682 ratoribus
2506 2633 2698 2683 tenere
2755 2645 2858 2698 per
2887 2636 3157 2699 precepta
3189 2630 3295 2683 visi
3333 2636 3467 2684 sunt
3504 2635 3675 2700 atque
3708 2631 3906 2701 dispo-

2192 2731 2350 2770 nere.
2384 2717 2677 2788 Episcopis
2705 2733 2840 2771 vero
2900 2717 3106 2787 quibus
3141 2717 3437 2771 servitium
3470 2723 3526 2772 et
3563 2719 3902 2774 mansiona-

2193 2803 2302 2858 tica
2335 2804 2546 2858 debent
2564 2810 2822 2875 tempore
2854 2805 3124 2858 circuitus
3172 2805 3280 2866 sui,
3332 2805 3644 2860 secundum
3687 2807 3906 2878 scripta

2193 2907 2315 2956 sua,
2349 2890 2590 2961 singulis
2627 2892 2792 2944 annis
2819 2893 3167 2961 persolvant.
3219 2893 3285 2945 Et
3313 2897 3377 2945 ut
3415 2891 3537 2945 haec
3585 2894 3906 2948 auctoritas

2195 2979 2575 3033 concessionis
2595 2985 2765 3050 atque
2788 2979 3245 3034 conﬁrmationis
3285 2985 3497 3034 nostras
3533 2980 3758 3036 ﬁrmior
3789 2982 3903 3036 ha-

389 3069 581 3122 futuro
613 3066 956 3120 tradendum
1003 3067 1136 3119 erit.
1177 3067 1242 3122 Et
1271 3072 1333 3120 ut
1361 3067 1484 3121 haec
1515 3073 1726 3122 nostrae
1788 3069 1962 3139 regia:
1992 3070 2088 3124 do-
2127 3073 2168 3126 C
2201 3067 2421 3132 beatur,
2469 3073 2527 3120 et
2573 3083 2678 3136 per
2725 3067 2915 3120 futura
2980 3072 3245 3136 tempora
3285 3084 3318 3120 a
3367 3069 3586 3121 cunctis
3631 3068 3903 3124 ﬁdelibus

392 3155 640 3211 nationis
661 3155 1044 3209 corroboratio
1065 3155 1136 3208 ab
1166 3156 1269 3210 hac
1320 3155 1462 3209 hora
1487 3155 1547 3209 in
1599 3161 1766 3210 antea
1821 3158 1988 3211 ﬁrma
2039 3162 2095 3211 et

392 3244 724 3298 inconvulsa
798 3247 1153 3311 permaneat,
1241 3244 1387 3296 hanc
1475 3248 1686 3297 nostrae
1768 3244 2094 3298 donationis

393 3331 884 3386 conﬁrmationem
914 3331 1046 3385 inde
1094 3330 1474 3400 conscriptam
1519 3331 1693 3400 sigilli
1739 3333 1922 3386 nostri
1979 3333 2090 3387 im-

395 3421 689 3490 pressione
741 3419 965 3488 signare
1034 3418 1310 3488 jussimus
1363 3435 1652 3490 manuque
1726 3421 1978 3490 propria,
2032 3427 2097 3475 ut

397 3510 546 3564 infra
575 3508 816 3575 videtur,
847 3507 1358 3561 corroboravimus.

467 3600 695 3665 Signum
725 3595 909 3650 damni
931 3597 1176 3649 Heinrici
1201 3596 1278 3666 (L.
1313 3597 1407 3660 M.)
1437 3599 1581 3664 regis
1611 3596 1984 3652 invictissimi.

471 3686 787 3757 Egilbertus
822 3683 1196 3739 cancellarius
1251 3684 1376 3739 vice
1435 3684 1700 3755 Willigisi
1749 3685 2095 3756 archicapel-

400 3775 516 3830 lani
548 3790 737 3844 recog.

471 3865 611 3916 Data
667 3879 704 3916 ιι
761 3860 841 3914 Id.
892 3864 1063 3932 Aug,
1106 3877 1255 3915 anno
1309 3861 1620 3917 Dominicae
1684 3861 2096 3916 incarnationis

408 3952 560 4012 1002,
593 3949 791 4004 indict.
820 3965 908 4014 xv,
944 3965 1095 4002 anno
1146 3965 1277 4002 vero
1335 3948 1532 4003 domui
1590 3949 1841 4005 Heinrici
1875 3951 2028 4022 regis
2056 3968 2092 4004 ι.

471 4040 676 4091 Actum
705 4036 950 4091 Aruitdi.

614 4216 670 4269 ὃ.
700 4213 918 4267 Hererici
936 4213 1288 4281 privilegium
1328 4228 1433 4282 pro
1463 4215 1613 4268 Nova
1637 4213 1880 4269 Corbeiu.

1057 4299 1243 4369 (Anno
1279 4299 1456 4369 l002.)

819 4385 1094 4460 [Dronke,
1130 4387 1224 4441 ubi
1245 4403 1436 4456 supra,
1468 4405 1524 4459 p.
1559 4387 1674 4460 58.]

475 4480 531 4532 C.
600 4480 663 4532 In
720 4476 952 4530 nomine
1028 4477 1237 4530 'sanctaa
1293 4481 1348 4530 et
1390 4476 1699 4531 individua:
1781 4476 2092 4542 Trinitatis,

407 4569 711 4622 ﬂammeus
740 4565 933 4619 divina
961 4565 1186 4619 favente
1217 4563 1522 4618 clementia
1554 4581 1672 4618 rex.

432 4685 436 4688 -
478 4657 687 4710 Notum
719 4654 792 4708 sit
819 4653 1089 4708 omnibus
1143 4653 1406 4708 ﬁdelibus
1450 4653 1683 4720 nostris,
1724 4653 2100 4723 praesentibus

405 4743 616 4798 scilicet
644 4747 703 4797 et
733 4743 958 4807 futuris,
990 4741 1236 4813 qualiter
1263 4741 1601 4794 venerabilis
1649 4742 1821 4796 abbas
1869 4743 2101 4797 nomine

406 4836 577 4888 Hosat
599 4835 854 4884 nostram
905 4831 1047 4884 adiit
1101 4831 1514 4896 excellentiam,
1565 4830 1902 4900 suppliciter
1933 4847 2102 4884 orans

408 4926 469 4975 ut
494 4925 686 4974 nostra
716 4918 1023 4987 magniﬁca
1074 4918 1462 4971 munilicentia
1506 4920 1964 4989 prospiceremus
1985 4935 2105 4973 mo-

405 5007 656 5060 nasterio
713 5005 804 5058 cui
855 5004 1142 5074 presidere
1183 5005 1494 5073 videretur,
1551 5005 1704 5074 quod
1735 5010 1820 5058 est
1848 5011 2101 5060 constru-

405 5101 559 5149 ctum
589 5109 760 5164 super
787 5092 1027 5147 ﬂuvium
1048 5092 1282 5146 Vuisera
1314 5093 1370 5146 in
1404 5094 1528 5146 loco
1557 5093 1654 5161 qui
1705 5093 1913 5148 dicitur
1952 5096 2105 5148 Nova

407 5182 642 5238 Corbeia
701 5182 762 5234 in
832 5182 1112 5235 honorem
1171 5182 1270 5235 Dei
1319 5187 1378 5234 et
1441 5181 1620 5234 sancti
1669 5182 2104 5252 protomartyris

407 5270 704 5342 Stephani,
762 5270 862 5324 ubi
902 5274 958 5323 et
1014 5270 1194 5323 sancti
1248 5269 1356 5323 Viti
1402 5271 1670 5340 martyris
1724 5271 1968 5340 pretiosa
2020 5273 2106 5341 pi-

405 5376 586 5430 gnora
617 5357 829 5412 servari
865 5363 1197 5412 noscuntur.
1249 5357 1422 5427 Cujus
1459 5357 1722 5427 petitioni
1778 5358 2106 5413 rationabili

405 5451 640 5519 propter
676 5445 934 5500 divinum
965 5461 1224 5500 amorem
1254 5451 1310 5500 et
1347 5445 1776 5500 venerationem
1801 5447 2102 5501 beatorum

408 5540 722 5605 martyrum
781 5550 1078 5588 assensum
1123 5533 1452 5604 prebentes,
1499 5535 1603 5588 hos
1655 5533 1845 5605 apices
1888 5535 2103 5590 sereni-

408 5622 540 5676 tatis
562 5629 773 5677 nostras
799 5623 948 5676 circa
987 5622 1176 5692 ipsum
1208 5622 1619 5677 monasterium
1650 5623 1775 5677 ﬁeri
1798 5622 2098 5693 jussimus,

2205 3163 2412 3208 sanctas
2435 3155 2534 3208 Dei
2575 3154 2834 3208 Ecclesia
2867 3155 3187 3225 nostrisque
3231 3155 3604 3225 praesentibus
3653 3161 3709 3209 et
3738 3157 3902 3210 futu-

2205 3242 2284 3295 ris
2332 3243 2537 3296 melius
2588 3244 2853 3296 credatur
2904 3248 3074 3314 atque
3121 3242 3452 3312 diligentius
3510 3250 3898 3310 conservetur,

2206 3346 2382 3385 manu
2407 3331 2642 3402 propria
2661 3331 2989 3385 subteream
3021 3331 3374 3384 ﬁrmavimus
3405 3336 3459 3384 et
3501 3331 3676 3401 sigilli
3723 3333 3902 3386 nostri

2205 3419 2581 3490 impressione
2607 3419 2888 3489 assignari
2914 3419 3210 3489 jussimus.

2277 3509 2504 3575 Signum
2543 3507 2728 3562 damni
2758 3509 3001 3561 Heinrici
3054 3509 3136 3572 (L.
3198 3507 3292 3572 Μ.)
3345 3509 3486 3574 regis
3531 3509 3898 3563 invictissimi.

2276 3595 2596 3666 Egilbertus
2663 3594 3040 3651 cancellarius
3084 3595 3203 3648 vice
3242 3595 3504 3665 Willigisi
3555 3596 3901 3668 archicapel-

2208 3683 2321 3738 Iani
2352 3699 2584 3752 recogn.

2279 3773 2417 3826 Data
2445 3787 2542 3828 vni
2564 3772 2684 3826 Kal.
2717 3771 2900 3840 Sept.,
2920 3786 3072 3825 anno
3118 3772 3429 3825 Dominica:
3489 3771 3899 3828 incarnationis

2210 3862 2362 3926 l002,
2418 3859 2734 3914 indictione
2811 3876 2902 3926 xv,
2976 3875 3128 3913 anno
3182 3875 3312 3913 vero
3388 3859 3586 3914 domni
3652 3861 3900 3916 Heinrici

2208 3948 2359 4019 regis
2390 3966 2426 4002 1.
2455 3951 2658 4003 Actum
2693 3947 3064 4017 Noviomago.

2974 4039 3120 4093 ΧΙΙΙ.

2280 4128 2343 4182 S.
2390 4128 2614 4181 Henrici
2664 4127 3015 4196 privilegium
3059 4142 3160 4195 pro
3189 4128 3406 4180 ecclesia
3457 4126 3896 4182 Paderbonnensi.

2847 4215 3033 4281 (Anno
3080 4213 3258 4282 l002.)

2817 4300 3093 4373 [Dronke,
3129 4300 3296 4371 ibid.]

2283 4391 2342 4444 C.
2401 4390 2465 4443 In
2537 4388 2771 4442 nomine
2857 4394 3064 4443 sanctas
3097 4393 3153 4444 et
3206 4389 3515 4443 individua:
3589 4390 3895 4453 Trinitatis,

2213 4480 2526 4532 “RINRICUS
2556 4476 2746 4531 divina
2765 4478 3011 4542 favente,
3035 4476 3339 4531 clementia
3357 4493 3476 4531 rex.

2283 4567 2492 4620 Notum
2519 4566 2590 4619 sit
2611 4566 2878 4619 omnibus
2921 4565 3188 4619 ﬁdelibus
3242 4566 3469 4631 nostris,
3528 4567 3899 4636 praesentibus

2210 4653 2422 4708 scilicet
2449 4659 2507 4708 et
2533 4655 2760 4720 futuris,
2823 4654 3071 4724 qualiter
3127 4670 3253 4719 nos,
3294 4652 3562 4707 incendio
3589 4655 3898 4709 Paderbur-

2212 4741 2402 4795 nensis
2423 4741 2677 4796 ecclesiae
2737 4740 3047 4795 miserabili
3085 4740 3466 4805 condolentes,
3522 4741 3900 4812 peticionique

2210 4830 2391 4884 nostri
2415 4830 2600 4885 ﬁdelis
2631 4828 3242 4885 Rethariivenerabilis
3267 4828 3542 4898 episcopi,
3591 4828 3692 4898 qui
3721 4828 3899 4882 eidem

2213 4918 2336 4973 sedi
2359 4919 2532 4972 modo
2551 4933 2794 4989 praeesse
2817 4917 3060 4981 videtur,
3093 4922 3153 4970 ut
3175 4915 3450 4985 oportuit,
3480 4922 3813 4983 annuentes,
3841 4917 3895 4971 in

2212 5009 2681 5076 supplementum
2707 5007 2826 5076 jam
2859 5005 3023 5060 dictae
3048 5005 3298 5058 ecclesiae
3323 5005 3380 5057 in
3399 5006 3490 5074 jus
3512 5004 3893 5066 concedimus,

2213 5101 2269 5149 et
2291 5112 2395 5165 per
2423 5097 2530 5150 hoc
2557 5096 2749 5165 regale
2779 5098 3113 5164 preceptum
3161 5091 3598 5146 corroboramus
3627 5092 3894 5148 forestuin

2213 5184 2365 5255 quod
2395 5183 2599 5254 incipit
2627 5184 2697 5236 de
2720 5182 2967 5237 Luthera
2997 5179 3236 5235 flumine
3275 5185 3330 5234 et
3375 5181 3560 5234 tendit
3605 5197 3705 5250 per
3735 5181 3899 5250 Osnig

2214 5277 2269 5326 et
2298 5271 2479 5327 Sinidi
2501 5289 2679 5342 usque
2708 5271 2766 5325 in
2797 5270 2946 5324 viam
2979 5285 3110 5340 quae
3139 5269 3296 5322 ducit
3317 5269 3387 5322 ad
3442 5270 3798 5334 Horohusen,
3854 5275 3899 5324 et

2212 5361 2282 5414 de
2325 5360 2655 5414 hominibus
2719 5358 2959 5429 predicti
3017 5356 3270 5426 episcopi
3329 5361 3446 5409 tam
3502 5356 3696 5409 liberis
3737 5374 3895 5427 quam

2214 5453 2270 5502 et
2332 5448 2505 5502 servis
2555 5449 2716 5502 nulla
2769 5445 3074 5516 judiciaria
3125 5450 3407 5515 potestate
3429 5444 3894 5515 constringendis,

2215 5533 2325 5587 nisi
2366 5549 2559 5587 coram
2618 5533 2892 5586 advocato
2949 5546 3121 5602 quem
3158 5530 3279 5599 ipse
3326 5529 3627 5600 episcopus
3652 5530 3892 5600 elegerit.

2214 5627 2406 5677 nostra
2454 5621 2834 5691 omniumque
2869 5625 3197 5674 nostrorum
3245 5633 3638 5673 successorum
3676 5624 3731 5671 et
3780 5637 3893 5673 om-
