3950 6398
222 652 380 707 1469

216 773 310 824 sis
350 774 429 825 ad
465 773 822 826 Benedictum
851 772 949 837 IX,
985 787 1266 823 summum
1296 773 1619 840 pontiﬁcem
1642 792 1745 843 pro
1773 776 1915 831 obti-

219 845 433 895 neuda
484 845 912 898 canonizatione
966 843 1111 893 beati
1165 844 1449 895 Simeonis
1503 843 1706 897 reclusi
1760 849 1905 915 apud

216 914 545 967 Treviros.
1775 914 1908 971 1368

330 986 857 1041 HERIBERTUS
913 984 1604 1109 ἓέιὲἕῖἒΕΤΤΕΝδΙδ
1642 988 1808 1041 EPI-

302 1125 714 1179 HERIBERTI
757 1125 1015 1178 HYMNI.
1772 1129 1906 1183 1369

303 1197 346 1250 1.
386 1230 459 1237 -
493 1199 568 1250 De
599 1198 803 1250 Sancta
832 1213 1013 1249 cruce.
1771 1200 1905 1255 1369

301 1268 379 1319 ΙΙ.
417 1300 486 1308 --
518 1269 594 1321 De
626 1269 681 1322 S.
714 1266 1053 1321 Wilibaldo.
1769 1271 1895 1325 1371

304 1339 387 1392 ΙΙΙ
438 1372 505 1378 -
535 1340 609 1392 De
632 1340 686 1391 S.
721 1339 1070 1403 Walburgo.
1770 1342 1903 1394 1572

303 1410 410 1464 IV.
450 1443 515 1449 —
545 1412 620 1462 De
649 1412 701 1463 S.
730 1410 1055 1463 Laurentio.
1768 1412 1895 1467 1371

308 1481 387 1532 V.
422 1512 494 1521 —
525 1483 599 1533 De
631 1484 895 1534 omnibus
926 1478 1166 1533 Sanctis.
1767 1482 1892 1536 1371

308 1552 414 1606 VI.
447 1584 514 1591 -—
542 1555 619 1605 De
652 1554 977 1605 inventione
1008 1552 1062 1602 S.
1095 1548 1386 1617 Stephani.
1766 1553 1901 1610 1372

534 1624 766 1677 EMMA
812 1623 1001 1678 REGI
1002 1621 1106 1675 NA
1159 1620 1277 1674 AN
1276 1620 1597 1676 GLORUM
1598 1665 1609 1677 .

306 1694 646 1747 Encomium
680 1695 907 1748 Emmae.
1763 1696 1899 1751 1373

308 1766 532 1818 Emmae
563 1768 775 1831 reginae
801 1765 1047 1835 epistola
1078 1762 1148 1814 ad
1180 1760 1333 1814 ﬁlios
1367 1780 1503 1817 suos
1562 1766 1895 1819 Edwardum

221 1842 288 1889 et
324 1836 635 1889 Alfridum.
1764 1838 1895 1895 1397

263 1908 545 1962 POPPO
588 1909 735 1963 TRE
752 1906 1109 1963 VIRENSIS
1149 1901 1855 1965 ARCHIEPISCOPUS.

308 1979 536 2031 Nomia
570 1981 865 2032 historica.
1765 1982 1896 2036 I397

306 2050 661 2105 POPPONIS
724 2050 1067 2105 EPISTOLA
1128 2051 1223 2102 AD
1286 2048 1753 2104 BENEDICTUM
1816 2051 1897 2105 IX

222 2119 521 2173 FAPAM.
1764 2122 1889 2177 1401

1357 652 1519 715 QUAE
1562 654 1625 705 IN
1668 653 1805 707 HOC
1843 654 2034 709 TOMO
2075 654 2579 711 CONTINENTUR.

3537 662 3557 715 1
3568 662 3675 717 470

2025 775 2624 832 ANGELRANNUS
3072 779 3435 835 RICHARII
3484 779 3673 835 CEN-

2089 934 2309 987 Notitia
2341 935 2639 988 historica.
3537 935 3667 990 1401

2090 1006 2222 1058 Vita
2260 1005 2632 1072 Angelranni.
3538 1007 3673 1062 1403

2087 1076 2264 1128 VITA
2304 1077 2357 1129 S.
2404 1075 2729 1131 RICHARII
2772 1079 3114 1133 AUCTORE
3152 1078 3669 1203 ANGELRANIIIgl.

2368 1236 2669 1292 PAPIAS
2719 1237 3053 1293 GRAMMA
3066 1238 3306 1295 TICUS.

2084 1324 2296 1378 Notitia
2326 1332 2383 1377 et
2408 1326 2706 1395 prologue.
3536 1327 3669 1383 1437

2066 1412 2528 1469 ROTBERTUS
2564 1414 3112 1471 LONDINENSIS
3143 1416 3610 1472 EPISCOPUS.

2082 1485 2300 1537 Notitia
2335 1485 2629 1541 historica.
3535 1486 3660 1540 1441

2081 1553 2446 1609 ROTBERTI
2485 1555 2806 1610 CHARTA.
3532 1557 3660 1612 1441

2135 1644 2479 1700 GARCIAS
2511 1646 2954 1701 MONACHUS
2992 1647 3054 1701 S.
3097 1646 3548 1703 MICHAELIS

2579 1716 3100 1772 CUXASENSIS.

2077 1801 2441 1857 EPISTOLA
2503 1804 2598 1857 AD
2655 1804 2933 1858 OLIVAM
2997 1805 3403 1861 EPISCOPI'M
3456 1806 3667 1860 AUSO—

2006 1874 2314 1927 NENSEM.
2336 1908 2402 1914 —
2434 1875 2512 1928 De
2539 1876 2723 1928 initiis
2755 1878 3089 1929 monasterii
3117 1877 3482 1935 Cuxasensis.
3515 1886 3573 1933 et
3598 1880 3666 1931 de

2007 1947 2185 2000 sacris
2219 1946 2480 2015 reliquiis
2512 1948 2566 1999 in
2599 1965 2664 2001 eo
2696 1948 3023 2001 custoditis.
3532 1950 3666 2005 1443

2075 2036 2521 2091 DOMINICUS
2559 2037 3013 2097 GRADENSIS
3049 2038 3153 2092 PA
3166 2038 3563 2094 TRIARCHA
3576 2082 3589 2094 .

2006 2123 2354 2178 EPISTOLA
2394 2124 2491 2178 ΑΙ)
2530 2124 2842 2179 PETRUM
2880 2125 3426 2181 ANTIOCHENUM.
3528 2126 3666 2180 1455

1153 3472 1327 3527 FINIS
1365 3473 1531 3527 TOMI
1570 3474 1930 3529 CENTESlMl
1970 3474 2495 3538 QUADRAGESIMI
2534 3476 2740 3530 PRIMI.

2297 6098 2381 6151 Ex
2409 6095 2580 6169 typis
2610 6098 2671 6153 E.
2712 6098 2940 6165 JAMIN,
2972 6097 3035 6155 in
3065 6097 3224 6156 Valle
3251 6096 3557 6155 Guidonis.
