3980 6410
148 396 248 449 249
1425 400 1814 456 DIPLOMATA
1854 400 2397 458 ECCLESIASTICA.

3569 410 3672 463 950

146 515 310 569 nium
370 517 701 571 mortalium
760 517 1209 572 contradictione
1262 525 1500 575 remota.
1541 523 1601 575 Et
1645 522 1859 577 uthac
1886 524 1931 578 Α
1970 523 2058 577 nis
2092 524 2244 586 1003,
2270 524 2330 579 in
2389 523 2701 580 indictione
2757 544 2794 588 ι,
2827 543 2977 582 anno
3031 544 3164 583 vero
3201 529 3399 584 domni
3429 528 3678 585 Heinrici

147 605 515 659 conﬁrmatio
556 605 817 660 stabilior
867 607 1087 660 cunctis
1115 616 1452 677 permaneat
1481 611 1858 679 temporibus,

148 694 298 747 hanc
358 695 632 764 paginam
706 712 879 749 manu
950 697 1183 766 propria
1248 698 1744 753 corroboravimus
1808 706 1863 755 et

148 782 325 852 sigilli
361 784 538 835 nostri
563 784 940 854 impressione
970 786 1236 856 insigniri
1266 788 1646 857 precepimus.

218 873 455 939 Signum
511 873 697 927 damni
753 875 998 928 Heinr/ci
1041 875 1124 943 (L.
1160 876 1251 936 Μ.)
1300 880 1444 943 regis
1492 880 1858 933 invictissimi.

220 961 544 1030 Egilbertus
601 962 974 1015 cancellarius
1023 964 1143 1017 vice
1188 964 1451 1035 Willigisi
1505 967 1861 1038 archicapel-

149 1049 266 1103 lani
301 1049 630 1119 recognovi.

226 1138 370 1191 Data
400 1153 508 1191 xvu
562 1140 683 1193 Kal.
722 1139 978 1204 Octobr.,
1012 1155 1162 1193 anno
1224 1140 1634 1195 incarnationis
1669 1143 1859 1197 Domi-

150 1225 296 1279 nica
326 1228 481 1291 1002,
508 1226 821 1281 indictione
855 1246 892 1292 ι,
926 1245 1075 1283 anno
1107 1244 1241 1282 vero
1273 1229 1473 1285 domui
1508 1234 1573 1287 ll.
1608 1248 1860 1303 regnan-

151 1314 223 1366 tis
260 1328 303 1368 ι,
339 1320 541 1368 Actum
579 1316 983 1371 Bochbardon.

941 1406 1075 1460 XIV.

369 1494 427 1547 S.
463 1494 685 1547 Henrici
710 1496 1060 1563 privilegium
1081 1510 1178 1562 pro
1200 1496 1385 1549 eadem
1406 1497 1646 1550 ecclesia.

808 1584 992 1650 (Anno
1030 1584 1207 1650 1003.)

224 1667 421 1739 [Apud
464 1669 707 1735 Dronke,
737 1672 915 1725 Codex
940 1671 1323 1740 diplomaticus
1367 1672 1547 1735 Fuld.,
1580 1689 1636 1741 p.
1670 1670 1785 1743 59.]

1974 613 2123 683 regis
2155 631 2191 668 ι.
2225 616 2426 668 Actum
2456 614 2930 685 Quidlingaburc.

2770 705 2880 760 XV.

1971 789 2026 843 S.
2084 791 2345 843 Henricus
2419 791 2697 857 Sigifredo
2753 795 2998 861 episcopo
3062 796 3345 849 Parmensi
3390 794 3672 849 abbatiam

2454 879 2908 934 Nouantulanam
2940 883 3199 950 largitur.

2617 971 2798 1035 (Anno
2848 971 3033 1039 1003.)

2332 1052 2603 1124 [Ughelli,
2636 1056 2799 1109 Italia
2830 1071 3010 1121 sacra,
3054 1057 3124 1121 ΙΙ,
3172 1056 3317 1129 161.]

2047 1142 2106 1193 1n
2135 1140 2366 1195 nomine
2424 1146 2632 1196 sancta
2659 1148 2713 1196 et
2742 1144 3052 1198 individua
3091 1145 3408 1211 Trinitatis,
3455 1145 3674 1200 HENRI-

1974 1245 2067 1283 cus
2093 1229 2283 1283 divina
2315 1231 2541 1284 favente
2572 1232 2873 1285 clementia
2903 1249 3020 1287 rex.

2045 1318 2322 1371 Omnibus
2350 1319 2615 1372 ﬁdelibus
2646 1327 2845 1373 notum
2897 1320 3021 1373 ﬁeri
3055 1320 3315 1374 volumus
3337 1321 3492 1392 quod
3529 1322 3675 1391 Sigi-

1971 1405 2167 1458 fredus
2204 1406 2544 1458 venerabilis
2587 1406 2647 1460 S.
2686 1407 3010 1460 Parmensis
3057 1407 3322 1461 Ecclesia
3375 1408 3679 1479 episcopus

1974 1493 2158 1546 ﬁdelis
2191 1499 2398 1558 noster,
2429 1499 2484 1546 et
2512 1510 2616 1565 per
2645 1494 3032 1548 interventum
3066 1496 3245 1548 nostri
3279 1496 3464 1549 ﬁdelis
3495 1497 3676 1550 Theo-

1972 1581 2125 1635 baldi
2181 1583 2524 1635 marchionis
2577 1583 2713 1637 adiit
2791 1590 3043 1637 nostram
3099 1583 3469 1639 clementiam
3554 1585 3674 1654 jam

1973 1671 2157 1723 dictus
2207 1671 2522 1741 Sigifredus
2571 1672 2871 1741 episcopus
2928 1674 2983 1727 S.
3036 1672 3360 1726 Parmensis
3391 1673 3675 1739 Ecclesia,

220 1756 282 1811 (ἰ.
342 1757 401 1810 1η
450 1757 685 1811 nomine
762 1764 969 1812 sancta
1022 1764 1079 1813 et
1158 1759 1470 1813 individua
1542 1760 1855 1825 Trinitatis,
1893 1796 1931 1849 Β
1972 1766 2257 1828 quatenus
2305 1760 2567 1813 ﬁrmatus
2613 1761 2673 1814 in
2729 1761 2839 1815 ﬁde
2895 1761 3102 1815 acriter
3144 1761 3457 1815 deserviret
3487 1763 3673 1827 nobis,

148 1846 453 1899 ﬂammeus
474 1862 721 1916 superna
754 1846 976 1900 favente
1006 1848 1309 1901 clementia
1337 1864 1455 1901 rex.

221 1933 279 1988 Si
334 1934 526 1988 locum
559 1934 752 1988 divino
787 1934 967 1989 cultui
994 1936 1383 2006 mancipatum
1416 1936 1665 2007 igneque
1696 1936 1861 1990 subi-

148 2027 321 2075 taneo
351 2037 482 2074 cum
526 2028 734 2076 ornatu
761 2028 819 2076 et
847 2025 1385 2078 corroborationum
1440 2024 1667 2095 paginis
1717 2041 1860 2079 con-

146 2116 472 2163 crematum
526 2116 869 2173 restaurare,
929 2128 1134 2166 ornare
1182 2118 1237 2165 et
1276 2113 1488 2167 iterum
1551 2113 1861 2166 sublimare

148 2198 496 2265 videbimur,
532 2199 741 2253 scimus
770 2206 828 2254 et
856 2201 996 2255 certi
1023 2218 1221 2255 sumus
1259 2202 1315 2256 id
1339 2219 1455 2256 non
1486 2204 1670 2257 solum
1695 2203 1861 2256 laude

148 2289 406 2341 humana
435 2289 889 2359 pradicandum,
923 2306 1125 2345 verum
1168 2292 1341 2346 etiam
1370 2292 1564 2346 divina
1599 2293 1859 2347 mercede

147 2377 668 2431 remunerandum.
698 2377 927 2431 Cunctis
961 2378 1140 2449 igitur
1172 2380 1430 2434 Ecclesia
1469 2381 1571 2434 Dei
1598 2381 1861 2434 ﬁdelibus

145 2465 483 2534 nostrisque
531 2465 846 2520 astantibus
894 2471 952 2520 et
1009 2468 1443 2522 succedentibus
1496 2474 1855 2539 compertum

146 2552 269 2606 fore
338 2554 604 2607 volumus
660 2554 835 2624 quod,
886 2555 956 2608 de
1017 2555 1287 2610 incendio
1336 2556 1861 2610 Paterbrunnensis

146 2642 423 2695 acclesia
465 2641 711 2696 nimium
760 2643 1149 2711 condolentes,
1198 2651 1485 2714 pracepta
1536 2650 1856 2698 antecesso-

147 2745 279 2783 rum
320 2736 656 2784 nostrorum
716 2735 774 2785 et
838 2731 1161 2786 oblationes
1213 2734 1467 2786 ﬁdelium
1530 2739 1862 2787 memorata

150 2818 270 2872 sedi
325 2818 433 2872 hac
494 2820 823 2889 praceptali
873 2820 1081 2891 pagina
1141 2838 1483 2875 renovamus
1535 2823 1860 2892 iterumque

148 2909 585 2971 conﬁrmamus,
647 2907 717 2961 de
748 2908 959 2979 quibus
1017 2926 1195 2963 unum
1250 2902 1332 2963 est
1382 2912 1451 2963 de
1501 2911 1862 2980 episcopatus

150 3002 326 3061 statu,
352 2996 564 3049 dehinc
595 2997 664 3051 de
696 2997 940 3051 tuitione
970 3003 1142 3067 atque
1167 2999 1576 3052 mundiburdio
1605 3000 1861 3069 ejusdem

1969 1853 2025 1901 et
2064 1848 2390 1907 ab,aterno
2436 1856 2887 1917 remuneratore,
2936 1850 3037 1920 qui
3087 1850 3356 1904 omnibus
3416 1851 3675 1905 abundat

1968 1936 2158 2005 bonis,
2218 1936 2659 1991 retributionem
2707 1943 2938 1991 aterna
2987 1938 3488 1992 remunerationis.
3563 1978 3576 1993 .
3659 1978 3672 1991 .

1970 2030 2034 2079 ut
2064 2041 2168 2077 nos
2192 2024 2479 2078 abbatiam
2514 2026 2868 2093 monasterii,
2902 2027 3057 2096 quod
3087 2027 3296 2080 dicitur
3324 2028 3671 2095 Nonantula,

1969 2115 2029 2168 in
2060 2114 2333 2167 honorem
2383 2115 2437 2167 S.
2466 2114 2736 2183 Sylvestri
2791 2114 3132 2167 confessoris
3164 2115 3264 2168 Dei
3306 2122 3479 2185 atque
3532 2132 3671 2185 pon-

1971 2202 2158 2267 tiﬁcis,
2202 2202 2310 2255 sibi
2338 2218 2571 2272 suaque
2594 2203 2846 2257 ecclesia
2902 2202 3192 2256 Parmensi
3228 2205 3360 2273 jure
3411 2204 3676 2274 proprie-

1968 2291 2115 2344 tario
2144 2306 2275 2345 cum
2315 2291 2584 2345 omnibus
2633 2290 2969 2359 adjacentiis
3016 2296 3072 2343 et
3132 2291 3498 2361 pertinentiis
3555 2290 3679 2360 ejus

1967 2380 2025 2433 in
2089 2380 2379 2449 integrum
2445 2380 2738 2451 perpetuis
2804 2379 3165 2448 temporibus
3214 2380 3675 2443 concederemus,

1969 2472 2179 2537 prater
2227 2467 2384 2521 illam
2439 2474 2651 2521 terram
2722 2483 2895 2538 quam
2972 2467 3358 2521 concessimus
3432 2467 3682 2522 Huberto

1973 2556 2243 2625 episcopo
2296 2560 2492 2609 nostro
2551 2555 2731 2622 ﬁdeli,
2765 2562 2821 2608 et
2875 2555 2974 2608 illa
3028 2560 3181 2608 terra
3234 2556 3341 2608 sita
3375 2559 3461 2608 est
3515 2554 3680 2624 juxta

1968 2643 2226 2697 Athesim
2275 2644 2511 2697 ﬂumen.
2565 2645 2737 2714 Cujus
2768 2644 3033 2714 precibus
3063 2643 3435 2712 benignitatis
3474 2649 3679 2696 nostra

1971 2746 2134 2783 aures
2198 2731 2717 2796 accommodantes,
2781 2731 3022 2800 ejusque
3079 2747 3214 2799 erga
3246 2747 3348 2783 nos
3381 2730 3679 2784 devotissi-

1972 2834 2126 2871 mam
2176 2818 2511 2871 ﬁdelitatem
2555 2818 2939 2880 intendentes,
2977 2818 3255 2887 jussimus
3313 2818 3386 2879 ei,
3443 2834 3680 2887 suaque

1973 2907 2263 2961 Parmensi
2313 2907 2565 2961 ecclesia
2598 2908 2658 2961 in
2700 2908 2981 2960 honorem
3012 2908 3068 2962 S.
3120 2908 3308 2961 Maria
3359 2906 3459 2960 Dei
3510 2906 3676 2975 geni-

1971 2996 2126 3050 tricis
2170 2996 2469 3062 dedicata,
2521 2996 2629 3049 hoc
2688 2994 3006 3065 imperialis
3064 3002 3275 3049 nostra
3326 2995 3682 3049 auctoritatis

147 3084 525 3151 acclesia,et
544 3085 613 3138 de
635 3086 1160 3156 omniproprietate
1183 3088 1253 3140 ad
1269 3088 1529 3141 eamdem
1545 3089 1859 3141 acclesiam
1895 3076 1934 3131 C
1973 3083 2249 3138 conscribi
2298 3091 2671 3154 praceptum,
2704 3100 2808 3154 per
2867 3084 3019 3155 quod
3072 3083 3441 3137 concedimus
3474 3082 3549 3150 ei,
3582 3082 3681 3136 do-

149 3172 468 3242 pertinenti
508 3179 566 3226 et
609 3174 679 3227 de
719 3174 845 3243 ejus
874 3175 1201 3229 hominibus
1222 3182 1339 3229 tam
1372 3175 1567 3230 liberis
1601 3192 1775 3246 quam
1807 3181 1862 3229 et

148 3260 326 3314 servis
394 3261 550 3314 nulla
573 3261 883 3331 judiciaria
941 3279 1185 3334 persona
1232 3265 1714 3334 constringendis,
1747 3264 1859 3318 nisi

148 3364 339 3403 coram
408 3349 702 3415 advocato,
785 3367 959 3421 quem
1034 3352 1156 3422 ipse
1240 3352 1541 3423 episcopus
1605 3353 1858 3424 elegerit.

150 3437 395 3507 Insuper
423 3453 768 3492 renovamus
801 3444 857 3492 et
900 3440 1291 3494 conﬁrmanns
1341 3442 1462 3510 jam
1496 3442 1707 3496 habita
1738 3442 1860 3496 sedi

148 3526 458 3580 comitatus
496 3542 670 3597 super
714 3544 891 3598 pagos
925 3529 1185 3599 Paterga,
1244 3531 1386 3599 Aga,
1446 3530 1855 3599 'l‘hreveresga,

148 3616 329 3683 Auga,
365 3613 713 3684 Sorehtfeld,
772 3616 936 3669 datos
968 3632 1071 3685 pro
1120 3616 1360 3670 decimis
1413 3633 1575 3671 nova
1604 3618 1859 3673 Corbeia

150 3700 216 3754 ad
284 3702 707 3757 monasterium
766 3704 1215 3772 pertinentibus,
1266 3710 1323 3758 et
1380 3705 1449 3758 de
1506 3707 1860 3776 proprietate

148 3789 515 3856 clericorum,
543 3791 593 3844 si
642 3792 770 3861 quis
797 3792 920 3845 sine
960 3792 1191 3847 barede
1250 3792 1483 3847 illorum
1516 3794 1740 3861 abierit,
1773 3796 1858 3848 ei-

149 3876 275 3931 dem
331 3878 607 3931 acclesia
664 3896 951 3945 concessa,
1016 3885 1073 3934 et
1131 3880 1200 3933 de
1279 3881 1460 3935 tribus
1530 3899 1743 3936 manSis
1800 3882 1862 3936 in

150 3966 473 4035 Tuisbureg
521 3972 580 4021 et
632 3967 691 4021 in
737 3969 1136 4033 Trutmannia,
1197 3973 1254 4023 et
1309 3969 1379 4023 de
1441 3970 1652 4024 foresto
1707 3971 1863 4041 quod

156 4053 358 4125 incipit
415 4056 484 4109 de
543 4056 758 4109 Delhna
788 4056 1028 4136 ﬂumine
1076 4062 1131 4110 et
1161 4057 1345 4111 tendit
1374 4074 1477 4128 per
1531 4059 1862 4113 Ardennam

156 4149 209 4197 et
262 4144 504 4199 Sinendi
542 4160 720 4214 usque
752 4145 811 4198 in
842 4145 993 4198 viam
1029 4161 1159 4215 qua
1196 4146 1355 4199 ducit
1393 4146 1463 4199 ad
1486 4146 1691 4202 Herisi.
1729 4149 1861 4203 Hac

154 4228 329 4297 igitur
367 4229 562 4281 omnia
600 4246 728 4298 qua
759 4245 932 4300 supra
949 4231 1156 4299 scripta
1186 4231 1492 4295 habentur,
1524 4236 1580 4285 et
1607 4249 1735 4302 qua
1765 4233 1861 4287 illa

1972 3188 2175 3226 namus
2222 3179 2394 3243 atque
2430 3173 2707 3243 largimur
2761 3172 3120 3242 pralibatam
3171 3171 3484 3236 abbatiam,
3543 3188 3676 3241 qua

1969 3261 2176 3315 dicitur
2227 3262 2549 3315 Nonantula
2604 3261 2662 3315 S.
2743 3262 3015 3332 Sylvestri
3084 3260 3427 3315 confessoris
3501 3266 3725 3330 atque,

1970 3350 2271 3419 pontiﬁcis,
2330 3366 2461 3403 cum
2494 3350 2764 3405 omnibus
2816 3350 3149 3419 adjacentiis
3205 3355 3262 3403 et
3293 3349 3676 3419 pertinentiis,

1970 3439 2251 3505 curtibus,
2328 3438 2561 3508 capellis
2642 3444 2816 3509 atque
2874 3439 3131 3493 adiﬁciis
3198 3454 3421 3503 earum,
3482 3438 3673 3502 terris,

1969 3527 2204 3596 campis,
2287 3527 2483 3597 pratis,
2566 3527 2768 3591 vineis,
2847 3527 3023 3593 silvis,
3102 3526 3277 3580 servis
3333 3530 3389 3579 et
3453 3525 3675 3579 ancillis

1970 3615 2271 3684 utriusque
2302 3630 2487 3678 sexus,
2522 3614 2835 3667 mobilibus
2862 3619 2917 3666 et
2941 3612 3353 3667 immobilibus.
3404 3628 3533 3665 cum
3589 3606 3676 3665 in-

1971 3702 2234 3771 tegritate
2266 3717 2464 3755 eorum
2500 3706 2557 3753 et
2607 3701 2906 3766 universis,
2957 3716 3087 3770 qua
3141 3699 3252 3753 dici
3304 3704 3359 3752 et
3390 3700 3679 3753 nominari

1970 3794 2229 3859 possunt,
2254 3790 2324 3843 ad
2352 3789 2686 3859 pradictam
2711 3788 2998 3842 abbatiam
3032 3787 3455 3857 pertinentibus
3480 3793 3675 3841 nostra

1969 3877 2259 3948 imperiali
2287 3877 2672 3943 concessione,
2726 3883 2791 3931 ut
2839 3877 3065 3943 habeat,
3124 3882 3316 3930 teneat
3359 3882 3414 3930 ct
3453 3876 3679 3931 fruatur

1970 3966 2325 4036 perenniter,
2378 3972 2496 4019 tam
2552 3965 2648 4019 ille
2682 3981 2857 4036 quam
2905 3971 2963 4019 et
3002 3981 3354 4019 successores
3404 3966 3546 4033 ejus,
3607 3966 3677 4020 ad

1971 4059 2192 4125 partem
2247 4070 2396 4124 sape
2462 4054 2773 4107 nominata
2835 4070 2953 4107 sua
3010 4053 3284 4118 ecclesia,
3352 4054 3678 4125 faciantque

1973 4144 2175 4198 exinde
2207 4143 2491 4214 quidquid
2540 4144 2857 4197 secundum
2909 4150 3192 4197 aternum
3219 4142 3523 4196 arbitrium
3562 4158 3679 4196 me-

1972 4233 2081 4286 lius
2134 4232 2213 4285 eis
2270 4232 2578 4302 pravisum
2646 4232 2838 4286 fuerit.
2888 4232 3226 4303 Quicunque
3286 4248 3421 4285 vero
3479 4236 3676 4285 contra

154 4318 240 4372 die
270 4324 473 4373 tenere
521 4323 579 4372 et
608 4318 898 4389 possidere
955 4318 1254 4373 videbatur
1309 4320 1541 4390 quando
1566 4322 1863 4376 combusta
1894 4359 1936 4412 Β
1977 4322 2124 4375 hanc
2150 4327 2403 4375 nostram
2433 4321 2828 4387 donationem,
2863 4327 2964 4374 etc.

156 4407 277 4473 fuit,
348 4423 507 4476 sape
572 4407 879 4461 nominata
934 4408 1054 4461 sedi
1129 4408 1615 4462 Paterbrunnensi
1669 4410 1729 4463 in
1769 4411 1863 4480 jus

158 4494 602 4566 proprietarinm
680 4496 964 4550 donamus
1042 4501 1099 4550 et
1157 4496 1489 4550 ﬁrmissima
1554 4498 1863 4552 traditione

155 4590 565 4649 restauramns,
629 4599 694 4637 ea
723 4585 939 4638 scilicet
990 4584 1136 4639 serie
1180 4590 1239 4637 ut
1287 4587 1533 4639 domnus
1560 4586 1863 4640 Retharius

156 4678 487 4726 memorata
532 4671 683 4724 sedis
714 4672 1059 4727 venerabilis
1108 4672 1341 4726 antistes
1399 4689 1715 4744 omnesque
1774 4678 1862 4730 sui

153 4776 506 4814 successores
529 4760 797 4814 universa
821 4778 949 4832 qua
989 4761 1059 4814 ad
1085 4761 1442 4831 episcopium
1465 4762 1661 4833 aliqua
1689 4764 1861 4834 legali

152 4847 377 4903 datione
434 4848 751 4917 pertinent,
809 4849 1086 4903 securiter
1134 4849 1454 4915 obtineant,
1513 4858 1707 4906 nostra
1738 4868 1861 4905 om-

153 4936 430 5007 niumque
462 4942 793 4990 nostrorum
828 4952 1221 4991 successorum
1253 4944 1311 4990 et
1342 4938 1603 4991 omnium
1635 4944 1857 4993 morta-

154 5022 286 5077 lium
316 5023 773 5077 contradictione
829 5032 1064 5079 remota.
1117 5026 1182 5079 Et
1213 5030 1275 5078 ut
1323 5025 1445 5078 hac
1474 5026 1767 5079 renovatio
1808 5031 1865 5079 et

152 5111 516 5165 conﬁrmatio
548 5112 810 5166 stabilior
848 5114 1067 5166 cunctis
1099 5119 1435 5183 permaneat
1484 5114 1857 5183 temporibus,

153 5197 292 5253 hanc
347 5200 628 5271 paginam
678 5216 851 5253 manu
902 5201 1138 5271 propria
1187 5201 1526 5255 roboramns
1576 5207 1634 5255 et
1686 5201 1860 5271 sigilli

156 5288 325 5341 nostri
363 5288 753 5358 impressione
784 5288 1054 5359 insigniri
1084 5288 1464 5359 precepimus.

374 5378 609 5444 Signum
629 5376 815 5431 damni
851 5378 928 5442 (L.
966 5377 1054 5447 Ν.)
1082 5381 1225 5445 regis
1256 5378 1626 5431 invictissimi.

222 5464 547 5534 Egilbertus
600 5466 973 5521 cancellarius
1031 5466 1149 5520 vice
1209 5465 1469 5537 Willigisi
1517 5465 1859 5537 archicapel-

158 5549 263 5605 lani
294 5569 488 5625 recog.

227 5641 358 5694 Data
407 5659 465 5695 ιιι
499 5640 645 5695 Non.
681 5642 886 5712 April.,
922 5658 1073 5697 anno
1135 5641 1448 5697 Dominica
1501 5642 1855 5697 incarnatio—

2049 4412 2277 4478 Signum
2296 4412 2356 4463 D.
2395 4412 2614 4464 Henrici
2646 4412 2994 4464 invictissimi
3022 4411 3188 4476 regis.

2042 4500 2329 4553 Aubertus
2388 4498 2761 4552 cancellarius
2831 4497 3061 4550 Videchi
3110 4494 3521 4565 archiepiscopi
3584 4511 3672 4549 re-

1972 4588 2235 4657 cognovL

2046 4677 2183 4728 Data
2232 4691 2268 4728 ιι
2347 4674 2555 4738 Martii,
2615 4689 2768 4727 anno
2855 4672 3267 4726 incarnationis
3354 4671 3669 4725 Dominica

1976 4766 2132 4829 1003,
2166 4762 2364 4815 indict.
2403 4765 2443 4827 ι,
2478 4778 2629 4815 anno
2654 4777 2784 4815 vero
2819 4762 2885 4817 D.
2924 4760 3151 4814 Henrici
3182 4760 3334 4830 regis
3369 4777 3401 4814 l.

2042 4856 2245 4905 Actum
2275 4850 2629 4919 Noviomagi.

2758 4939 2887 4992 XVI.

1971 5028 2031 5083 S.
2088 5028 2309 5080 Henrici
2362 5027 2713 5095 privilegium
2780 5042 2884 5096 pro
2943 5028 3184 5081 Ecclesia
3257 5027 3674 5094 Ilamburgensi.

2470 5120 2655 5180 (Anno
2706 5118 2863 5183 1003,
2908 5115 3038 5169 Maii
3067 5118 3179 5180 25.)

1976 5204 2398 5275 LLappenberg,
2431 5204 2860 5271 Hamburgische
2905 5203 3385 5267 Urkundenburch,
3441 5218 3496 5271 p.
3557 5202 3675 5273 62.]

2044 5292 2105 5346 In
2137 5292 2370 5346 nomine
2412 5299 2621 5346 sancta
2668 5298 2723 5345 et
2772 5292 3085 5346 individua
3124 5290 3419 5345 Trinitatis
3449 5289 3676 5343 Hamm-

1970 5397 2086 5445 cus,
2110 5380 2302 5435 divina
2323 5381 2546 5435 favente
2568 5381 2872 5435 clementia
2904 5396 3019 5434 rex.

2040 5467 2099 5523 Si
2126 5468 2246 5539 pias
2276 5469 2579 5539 petitiones
2612 5469 2969 5523 sacerdotum
3002 5482 3185 5537 prona
3230 5464 3534 5519 devotione
3603 5466 3674 5520 ad

1971 5558 2237 5611 elfectum
2270 5556 2621 5621 duxerimus,
2656 5556 2712 5611 id
2744 5556 2939 5627 procul
2974 5552 3149 5607 dubio
3188 5553 3258 5606 ad
3292 5556 3503 5606 statum
3534 5569 3675 5623 pra-

1972 5644 2146 5698 sentis
2172 5644 2304 5698 vita
2325 5648 2381 5699 et
2401 5652 2633 5698 aterna
2659 5641 3033 5698 beatitudinis
3051 5640 3294 5710 pramia
3318 5642 3673 5711 cepescenda
