4696 6408
648 394 739 446 2251
1949 395 2001 446 ὃ.
2048 392 2331 448 HENRICI
2373 392 2497 448 IIP

1949 395 2001 446 ὃ.
2048 392 2331 448 HENRICI
2373 390 2847 449 IIPERATORIS

4052 394 4161 445 252

645 516 809 571 nobis
860 515 1231 587 profuturum
1284 514 1596 571 credimus.
1628 516 1750 581 Qua
1788 520 2025 587 propter
2081 514 2342 569 omnium
2374 519 2419 570 Α
2457 516 2710 569 cundum
2763 531 2869 585 pro
2924 514 3294 568 immunitate
3350 529 3453 568 suo
3499 513 3706 567 collata
3736 514 4103 580 monasterio,
4133 530 4168 568 a

646 604 908 660 ﬁdelium
940 610 1265 658 nostrorum
1297 605 1663 675 prmsentium
1698 610 1755 657 et
1806 604 2129 659 futurorum
2162 619 2339 656 nove-

644 693 722 746 rit
756 692 1059 759 industria,
1095 693 1341 763 qualiter
1370 693 1456 745 vir
1489 692 1828 745 venerabilis
1854 692 2097 755 Liebizo,
2126 698 2339 744 sanctae

650 780 1198 850 Hammahurgensis
1263 781 1521 834 Ecclesiae
1594 781 2069 850 archiepiscopus,
2130 780 2344 833 nostris

650 868 949 922 obtutibus
988 868 1322 937 praesentari
1360 869 1496 922 fecit
1529 876 1870 939 prazceptum
1900 868 2083 921 beatw
2117 883 2343 920 memo—

649 956 751 1010 ria
801 957 1042 1010 senioris
1090 962 1147 1010 et
1204 957 1582 1011 antecessoris
1637 957 1835 1010 nostri.
1887 957 2110 1011 Ottonis
2166 954 2343 1023 tertii,

650 1044 1017 1113 imperatoris
1046 1045 1305 1114 Augusti,
1339 1044 1395 1097 in
1430 1045 1637 1115 quibus
1667 1044 2069 1097 continebatur
2099 1058 2345 1114 quomo-

651 1133 724 1187 do
747 1133 893 1203 ipse.
924 1149 1029 1203 pro
1061 1133 1253 1187 divino
1269 1148 1485 1197 amore,
1506 1132 1865 1186 monasteriis
1886 1132 1942 1186 in
1972 1134 2096 1201 ejus
2123 1132 2349 1201 episco-

656 1222 753 1292 pio
803 1222 1241 1275 consistentibus
1280 1221 1565 1290 imperiali
1595 1221 1931 1274 auctoritate
1963 1221 2350 1274 libertatemet

654 1310 958 1365 tuitionem
1032 1309 1418 1373 concessisset,
1518 1309 1851 1380 rogavitque
1952 1308 2349 1362 celsitudinem

653 1402 908 1452 nostram
965 1401 1028 1450 ut
1067 1412 1173 1450 nos
1224 1397 1412 1450 denuo
1472 1402 1665 1451 nostra
1714 1398 2103 1469 praeceptione
2151 1398 2349 1451 eadem

654 1485 998 1542 monasteria
1041 1490 1096 1539 et
1138 1485 1331 1539 omnia
1395 1485 1533 1539 illuc
1587 1486 1920 1556 aspicienda
1973 1486 2348 1540 conﬁrmare-

655 1590 796 1627 mus.
831 1574 940 1627 Nos
992 1588 1123 1626 vero
1172 1574 1296 1643 ejus
1336 1575 1500 1643 justas
1541 1579 1599 1628 et
1628 1575 1895 1628 rationali
1943 1574 2210 1645 petitioni
2256 1590 2351 1627 as-

651 1677 880 1716 sensum
952 1661 1276 1731 prebentes,
1346 1662 1762 1717 interveniente
1835 1664 2042 1717 dilecta
2105 1664 2351 1732 conjuge

652 1754 849 1804 nostra
874 1754 932 1802 et
959 1764 1267 1819 regnorum
1312 1756 1577 1804 consorte
1598 1751 1957 1823 Cunigunda,
1981 1753 2054 1806 ad
2075 1751 2349 1805 honorem

651 1841 859 1892 sancta
916 1838 1012 1891 Dei
1042 1838 1335 1907 genitricis
1389 1839 1579 1894 Mariae
1609 1839 1701 1893 cui
1757 1841 1915 1894 locus
1946 1840 2040 1893 ille
2088 1842 2349 1895 Hamma-

651 1924 799 1995 burg
827 1929 911 1978 est
945 1931 1329 1991 consecratus,
1380 1926 1534 1981 idem
1565 1928 1692 1981 loco
1735 1929 2061 1997 supradicto
2092 1928 2353 1982 concedi-

652 2027 779 2067 mus
861 2028 1063 2067 omnes
1123 2014 1521 2067 concessiones
1595 2031 1736 2085 quas
1801 2020 2197 2069 concesserant
2244 2016 2353 2085 pia:

652 2099 951 2154 memoriae
1029 2100 1436 2171 imperatores,
1513 2118 1652 2155 avus
1727 2102 1939 2157 scilicet
1999 2108 2056 2157 et
2131 2104 2356 2173 genitor

651 2194 867 2255 noster,
932 2189 1270 2260 ceterisque
1336 2190 1699 2244 monasteriis
1751 2191 1821 2245 ad
1878 2192 2022 2245 hanc
2069 2191 2354 2245 dioecesim

652 2276 1095 2347 pertinentibus,
1130 2277 1187 2332 id
1210 2283 1294 2332 est
1317 2278 1603 2345 Bremum,
1637 2279 1943 2345 Bukkium,
1968 2281 2353 2341 Ramaslaum,

658 2364 1021 2419 Birchisinun
1044 2406 1060 2434 ,
1112 2366 1434 2437 Hasalinge,
1484 2366 1796 2437 Bipesholt,
1828 2383 1894 2421 ea
1923 2368 2187 2421 videlicet
2212 2384 2353 2421 con-

657 2452 879 2506 ditione
922 2458 987 2507 ut
1014 2469 1244 2524 semper
1274 2454 1379 2509 sub
1407 2455 1652 2510 tuitione
1680 2463 1873 2510 nostra
1917 2457 2033 2510 sint
2057 2462 2357 2527 perpetua-

660 2539 812 2606 liter,
849 2544 905 2595 et
928 2541 1204 2613 quidquid
1222 2543 1395 2597 modo
1424 2542 1692 2610 habeant,
1722 2545 1809 2597 vel
1860 2544 2131 2614 deinceps
2162 2543 2358 2613 aliquo

660 2628 835 2682 modo
902 2628 1203 2700 adquirere
1276 2631 1511 2700 possint,
1578 2630 1660 2685 eis
1710 2647 2026 2701 eorumque
2090 2631 2357 2701 episcopo

662 2716 840 2771 libere
892 2717 1158 2784 serviant,
1214 2719 1373 2772 omni
1428 2718 1737 2790 judiciaria
1788 2725 2069 2790 potestate
2116 2722 2352 2773 remota.

726 2803 1105 2859 Concedimus
1156 2804 1396 2875 insuper
1452 2806 1692 2877 praefato
1723 2807 2154 2877 archiepiscopo
2197 2806 2357 2877 ejus-

666 2907 778 2962 que
835 2893 1254 2948 successoribus
1291 2895 1580 2949 licentiam
1624 2897 1993 2949 construendi
2039 2901 2357 2949 mercatum

660 2980 719 3034 in
765 2981 888 3036 loco
940 2982 1190 3037 Bremun
1236 2989 1592 3053 nuncupato,
1625 2985 1879 3038 bannum
1908 2989 1965 3038 et
1999 2986 2357 3037 tlieloneum.

2454 604 2798 675 quibusdam
2848 603 3138 657 nobilibus
3173 603 3436 673 personis
3466 602 3808 672 Hildiborga
3840 608 3897 656 et
3929 604 4162 673 presby-

2455 698 2573 750 tero
2606 693 2901 748 Folcharto
2946 708 2978 745 a
3017 692 3406 746 fundamentis
3435 693 3572 745 olim
3608 691 3665 745 in
3724 694 3847 745 loco
3892 692 4161 747 Mulinbe—

2454 781 2556 834 che
2608 786 2948 847 constructo,
3009 787 3381 850 nostramque
3415 781 3753 849 suppliciter
3804 787 4032 850 precata
4075 786 4164 834 est

2454 867 2780 929 clementia,
2829 872 2889 919 ut
2934 871 2991 919 et
3034 882 3138 918 nos
3184 868 3372 934 ipsum
3408 867 3593 919 locum
3656 881 3786 918 cum
3835 867 3949 918 suis
3984 865 4158 934 perti-

2455 954 2665 1007 nentiis
2706 955 2762 1007 in
2797 960 3055 1008 nostrum
3091 954 3484 1007 mundibrium
3513 960 3570 1006 et
3599 954 4010 1017 defensionem,
4055 969 4157 1024 pro

2457 1043 2851 1112 redemptione
2878 1043 3087 1096 animae
3143 1048 3349 1095 nostra!
3389 1042 3832 1111 susciperemus,
3884 1050 3942 1096 et
4004 1057 4155 1108 eam,

2457 1147 2586 1201 quae
2621 1132 2679 1184 in
2728 1132 2844 1185 suis
2895 1132 3116 1200 scriptis
3170 1131 3403 1184 inventa
3449 1138 3556 1196 est,
3597 1130 4052 1184 convenientiam
4096 1134 4156 1183 et

2456 1220 2806 1273 oblationem
2861 1226 3070 1273 nostra:
3105 1220 3456 1272 auctoritatis
3495 1219 3707 1289 scripto
3749 1219 4154 1272 corroborarew

2462 1325 2605 1362 mus.
2644 1309 2754 1361 Nos
2788 1309 3001 1379 itaque,
3031 1307 3544 1360 intervenientibus
3569 1307 3897 1361 Bernhardo
3927 1308 4069 1360 duce
4099 1311 4154 1360 et

2461 1399 2727 1469 episcOpo
2761 1401 2896 1463 UO?)
2922 1396 3277 1460 Thiederico,
3312 1396 3369 1449 in
3418 1396 3579 1465 cujus
3611 1396 3716 1449 hoc
3744 1394 4153 1449 monasterium

2462 1489 2717 1559 puellare
2746 1495 3134 1541 constructum
3167 1494 3250 1539 est
3298 1487 3546 1552 dlCBOOSI,
3581 1502 3683 1557 pro
3709 1487 3917 1540 divinae
3947 1500 4157 1539 merce-

2461 1578 2549 1630 dis
2603 1583 2937 1645 augmento,
3001 1575 3191 1644 ipsum
3240 1575 3574 1628 monasterii
3627 1576 3810 1627 locum
3854 1590 3986 1627 cum
4039 1574 4157 1626 suis

2463 1664 2795 1735 adjacentiis
2826 1668 2881 1716 et
2905 1663 3172 1716 omnibus
3205 1662 3567 1733 pertinentiis
3597 1661 3657 1715 in
3692 1670 3951 1716 nostrum
3996 1677 4159 1716 mun-

2464 1752 2775 1807 diburdum
2807 1751 3179 1821 suscepimus,
3211 1756 3268 1804 et
3302 1751 3370 1803 ad
3420 1750 3678 1804 ordinem
3723 1752 3978 1821 priorum
4014 1766 4164 1820 pra:-

2464 1847 2760 1912 ceptorum
2809 1840 2866 1893 in
2899 1840 3167 1893 omnibus
3197 1838 3684 1900 conﬁrmavimus,
3745 1840 3851 1891 hoc
3885 1839 4042 1908 regio
4066 1838 4161 1892 in-

2462 1930 2613 2001 signi
2686 1928 3100 1982 roboravimus.
3188 1929 3305 1983 Hoc
3390 1927 3633 1981 ﬁrmiter
3684 1927 4024 1991 sancientes,
4096 1932 4161 1979 ut

2463 2016 2925 2070 sanctimoniales
2954 2015 3033 2069 ibi
3091 2016 3202 2068 Deo
3247 2015 3448 2067 devote
3488 2030 3592 2085 per
3635 2014 3980 2068 decessionis
4009 2019 4154 2068 tem-

2464 2122 2604 2176 pora
2645 2120 2820 2175 quam
2867 2105 3164 2157 meliorem
3215 2103 3500 2167 noverint,
3554 2102 3707 2156 inter
3736 2119 3795 2154 se
3843 2102 4059 2172 eligant
4088 2102 4154 2155 Ii-

2464 2200 2677 2259 center,
2707 2199 2763 2247 et
2800 2193 2905 2246 sibi
2952 2196 3292 2262 prwponant
3321 2191 3686 2257 abbatissam,
3738 2190 4159 2244 communicato

2464 2283 2720 2354 episcopi
2750 2282 2836 2335 sui
2867 2297 3166 2335 consensu.
3228 2281 3469 2350 Insuper
3512 2280 3687 2333 etiam
3739 2278 3799 2333 in
3828 2277 4007 2333 nostri
4038 2293 4158 2332 me-

2467 2372 2708 2425 moriam
2739 2369 2987 2422 nominis
3013 2368 3417 2422 concessimus.
3452 2373 3515 2421 ut
3539 2368 3611 2420 ab
3650 2366 3984 2421 hominibus
4011 2381 4157 2437 pra-

2465 2460 2631 2513 dicta:
2681 2458 2931 2511 ecclesias
2980 2458 3179 2510 usibus
3238 2462 3293 2509 et
3349 2456 3607 2509 servituti
3669 2456 4003 2510 ancillarum
4061 2455 4161 2509 Dei

2467 2546 2709 2599 subditis
2737 2545 2946 2611 regalis
2988 2545 3071 2597 vel
3114 2543 3431 2614 imperialis
3460 2559 3686 2604 census.
3722 2542 3821 2613 qui
3860 2542 3992 2596 inde
4020 2542 4162 2595 sole-

2467 2636 2564 2688 bat
2611 2633 2879 2704 persolvi,
2921 2648 2952 2685 a
3000 2633 3159 2685 nullo
3185 2631 3414 2695 comite,
3470 2632 3559 2684 vel
3600 2630 3881 2701 judiciali,
3914 2630 4032 2685 sive
4078 2646 4162 2683 re-

2467 2724 2575 2793 gius
2631 2720 2940 2777 exactionis
3008 2736 3247 2791 persona
3312 2719 3581 2789 deinceps
3639 2720 3930 2789 exigatur;
3966 2730 4046 2772 -et
4095 2725 4164 2772 ut

2468 2812 2661 2865 nullus
2738 2826 2945 2875 comes,
3024 2810 3111 2861 vel
3189 2808 3364 2878 judex
3446 2807 3729 2876 publicus,
3796 2812 3896 2861 aut
3970 2807 4163 2877 aliqua

2469 2906 2669 2972 potens
2737 2915 2980 2967 persona
3039 2896 3301 2950 homines
3350 2896 3603 2966 praefatae
3659 2896 3913 2949 ecclesiae
3955 2895 4016 2949 in
4059 2912 4162 2948 suo

2464 2989 2701 3060 judicio,
2738 2988 2994 3041 bannum
3030 2986 3112 3039 eis
3141 2984 3517 3053 imponendo,
3541 2989 3640 3037 aut
3664 2983 3945 3054 justitiam
3972 2983 4044 3037 ab
4079 2984 4164 3037 eis

660 3083 763 3123 nec
798 3085 915 3123 non
952 3076 1241 3125 monetam
1296 3072 1512 3141 publici
1560 3072 1829 3142 ponderis
1858 3077 1916 3126 et
1950 3073 2079 3143 puri
2112 3072 2357 3143 argenti,
2391 3065 2433 3120 C
2472 3076 2686 3129 nullam
2752 3076 3117 3143 aliquatenus
3175 3071 3473 3139 exigendo,
3545 3072 3752 3125 audeat
3816 3070 4161 3141 inquietare,

659 3160 982 3228 totumque.
1024 3199 1039 3212 .
1081 3200 1096 3214 .
1156 3164 1497 3229 potestatem
1556 3160 1809 3231 eligendi
1874 3162 2026 3214 inter
2100 3177 2178 3227 se,
2244 3161 2361 3215 sive

652 3244 918 3314 aliunde,
974 3246 1021 3299 si
1080 3247 1385 3300 necessitas
1438 3255 1723 3318 exposcat,
1784 3249 2136 3319 episcopum,
2196 3266 2360 3320 aequo

661 3337 859 3386 tamen
910 3332 1061 3402 regis
1107 3349 1409 3389 consensu.
1447 3336 1511 3388 Et
1548 3340 1613 3389 ut
1659 3336 1783 3389 hoc.
1829 3374 1842 3387 .
1887 3374 1900 3390 .
1932 3337 2260 3391 roboratam
2291 3337 2361 3390 si-

580 3452 585 3457 ~
668 3420 791 3490 gilli
822 3420 1003 3474 nostri
1032 3420 1410 3491 impressione
1440 3422 1708 3493 insigniri
1728 3424 2021 3494 jnssimus.

738 3509 969 3575 Signum
998 3509 1184 3564 damni
1202 3512 1444 3565 Heinrici
1463 3512 1579 3583 (Μ.)
1603 3515 1747 3578 regis
1767 3515 2134 3567 invictissimi.

739 3597 1063 3667 Egilbertus
1120 3600 1488 3654 cancellarius
1540 3600 1661 3654 vice
1717 3601 1981 3672 Willigisi
2009 3601 2359 3672 archicapel-

669 3685 786 3738 lani
813 3686 1161 3756 recognovit.

738 3774 879 3828 Data
926 3790 1021 3829 vui
1077 3775 1361 3829 Kalendas
1410 3776 1586 3843 Junii,
1619 3793 1773 3832 anno
1825 3777 2140 3833 Dominicaa
2171 3776 2358 3830 incar-

672 3860 914 3915 nationis
948 3863 1103 3929 l003,
1149 3861 1460 3918 indictione
1494 3880 1534 3929 ι,
1564 3879 1718 3918 anno
1755 3880 1889 3918 vero
1940 3864 2139 3918 domni
2184 3863 2360 3917 Hein-

667 3949 771 4002 rici
801 3950 953 4020 regis
981 3966 1019 4005 ι.

739 4040 947 4092 Actum
977 4032 1493 4094 Gebehildehuson.

671 4213 1011 4286 DipiomoS.
1042 4174 1849 4284 Henrici‘regisitb-manorum
1901 4232 2004 4285 pro
2030 4218 2364 4286 parthenone

741 4284 1179 4352 Mulenbechono,
1211 4300 1316 4353 quo
1368 4289 1657 4355 privilegia
1709 4287 1878 4341 eidem
1902 4284 1983 4341 fab
2030 4284 2273 4353 ἈνοηυίῙο
2310 4294 2361 4341 et

744 4355 931 4427 quone
941 4356 1028 4427 _11
1054 4337 1480 4427 impendatis;
1498 4337 2102 4427 saeuissime};
2120 4337 2361 4412 ’ἱέδὲὖαὶνί
2393 4337 2435 4390 ί)

741 4425 999 4491 eligenda
1016 4426 1305 4482 abbatissae
1326 4434 1640 4496 potestatem
1666 4430 1876 4497 tribuit,
1900 4425 2006 4483 etc.

1308 4516 1491 4586 (Anno
1547 4517 1723 4588 1003.)

991 4601 1288 4676 [Martene,
1328 4607 1516 4675 Ampi.
1570 4607 1782 4662 Collect.
1818 4607 1859 4672 Ι,
1894 4606 2047 4675 363.)

745 4693 806 4745 ln
862 4691 1094 4745 nomine
1152 4699 1467 4759 sanctast
1514 4694 1767 4749 inviduaa
1798 4694 2113 4762 Trinitatis,
2164 4697 2363 4750 Hamu-

674 4795 771 4834 cus
800 4778 994 4834 divina
1020 4781 1237 4837 favente
1261 4783 1564 4838 clementia
1594 4800 1713 4838 rex.

742 4867 801 4923 Si
844 4869 965 4921 loca
1012 4868 1200 4925 divino
1264 4872 1443 4927 cultui
1490 4872 1678 4927 dicata
1722 4877 1917 4926 nostro
1977 4872 2369 4928 studuerimus

672 4956 1025 5026 ampliﬁcare
1062 4959 1332 5028 subsidio,
1365 4960 1568 5015 aeterni
1612 4960 1779 5024 regni
1805 4960 2128 5030 portionem
2167 4978 2273 5017 nos
2293 4963 2368 5016 ob

673 5045 783 5099 hoc
808 5044 1107 5117 adeptnros
1154 5064 1274 5104 esse
1321 5049 1546 5120 liquido
1586 5048 1956 5104 conﬁdimus.
2007 5050 2372 5121 Quapropter

677 5134 901 5188 noverit
926 5136 1181 5192 omnium
1206 5138 1463 5194 fidelium
1486 5144 1843 5205 nostrorum,
1865 5139 2237 5209 presentium
2266 5140 2371 5193 sci-

677 5223 809 5278 licet
837 5229 1008 5296 atque
1055 5226 1405 5295 futurorum,
1462 5226 1769 5292 industria,
1810 5227 2060 5299 qualiter
2105 5228 2373 5298 quedam

678 5308 1014 5363 venerabilis
1053 5310 1356 5378 abbatissa,
1390 5311 1626 5367 nomine
1660 5311 1947 5376 Bertheid,
1984 5311 2249 5382 quaedam
2265 5312 2373 5365 im-

673 5395 911 5465 perialia
964 5398 1176 5452 nostris
1232 5399 1529 5454 obtutibus
1573 5400 2009 5472 repraesentavit
2065 5405 2371 5470 praecepta,

675 5498 777 5552 per
813 5489 1035 5539 nostros
1083 5488 1471 5540 antecessores
1508 5487 1809 5542 Arnolfum
1874 5492 1931 5543 et
1960 5488 2228 5543 Ottonem
2284 5504 2374 5541 se-

2468 3169 2699 3233 excepta
2723 3160 3087 3214 solummodo
3112 3161 3237 3230 lege
3261 3160 3358 3212 illa
3388 3175 3562 3229 quam
3585 3159 3887 3213 advocatus
3909 3158 4162 3229 episcopi

2468 3252 2568 3323 qui
2616 3250 2887 3321 praesidet
2939 3249 3127 3302 eidem
3195 3248 3467 3310 ecclesias,
3526 3248 3690 3301 solito
3757 3263 3914 3301 more
3964 3247 4034 3302 ab
4079 3247 4164 3301 eis

2469 3341 2638 3395 debet
2712 3354 3033 3409 reposcere,
3087 3342 3146 3391 et
3214 3337 3310 3389 illa
3369 3336 3519 3406 juris
3567 3335 3878 3401 sanctione,
3935 3335 3982 3389 si
4024 3337 4161 3405 quid

2469 3428 2787 3484 necessario
2841 3432 3076 3496 propter
3136 3425 3377 3495 capitale
3438 3425 3656 3478 crimen
3713 3424 3773 3478 in
3856 3425 4166 3495 presentia

2469 3518 2629 3573 ducis
2660 3533 2807 3586 opus
2844 3514 3017 3569 habet
3063 3513 3220 3567 ﬁniri
3271 3512 3627 3582 judicialiter
3655 3517 3713 3565 et
3758 3511 4154 3566 determinari.

2468 3609 2533 3661 Et
2592 3610 2656 3660 ut
2713 3606 2834 3659 hazc
2890 3608 3096 3656 nostra:
3159 3601 3535 3655 concessionis
3583 3600 3888 3654 auctoritas
3944 3600 4168 3653 ﬁrmior

2470 3697 2770 3759 habeatur,
2845 3692 2956 3745 hoc
3028 3696 3237 3743 nostrae
3318 3688 3728 3743 dominationis
3812 3693 4165 3758 praeceptum

2470 3801 2645 3839 manu
2696 3781 2933 3853 propria
2990 3780 3345 3844 roboratum,
3405 3784 3612 3832 nostra:
3679 3776 3945 3847 imaginis
3999 3776 4169 3846 signo

2463 3873 2743 3944 jussimus
2768 3868 3054 3937 insigniri.

2538 3963 2774 4029 Signum
2819 3958 3005 4011 damni
3050 3956 3273 4010 Henrici
3320 3957 3467 4021 regis
3532 3958 3593 4007 in
3640 3954 3863 4007 Christo
3918 3953 4168 4006 inuictis-

2470 4066 2613 4105 rimi.

2542 4135 2866 4207 Egilbertus
2903 4129 3273 4186 cancellarius
3330 4129 3447 4182 vice
3503 4127 3772 4199 Willigisi
3819 4126 4173 4199 archicapel-

2471 4227 2590 4282 lani
2620 4222 2832 4279 notavi.

2971 4311 3142 4364 Locus
3182 4308 3356 4374 sigilli
3385 4306 3530 4378 quod
3558 4311 3636 4361 est
3666 4306 4094 4374 integerrimum.

2547 4402 2688 4454 Data
2727 4414 2787 4452 ιιι
2841 4397 2972 4452 ldus
3023 4396 3210 4452 Martii
3257 4411 3411 4451 anno
3457 4394 3872 4449 incarnationis
3920 4394 4175 4459 Domini

2477 4491 2633 4554 l003,
2687 4486 3002 4541 indictione
3050 4502 3089 4552 ι,
3144 4499 3298 4538 anno
3356 4500 3491 4539 vero
3548 4482 3745 4538 domui
3804 4482 4033 4539 Henrici
4075 4497 4174 4536 re-

2473 4575 2705 4649 gnantis
2743 4575 2930 4629 adhuc
2952 4573 3162 4644 primo.

2543 4668 2748 4720 Actum
2776 4663 2998 4718 Mindm.

3228 4768 3418 4823 XVIII.

2477 4871 2533 4925 S.
2584 4870 2845 4924 Henricus
2906 4869 3203 4935 imperator
3252 4867 3533 4934 conﬁrmat
3584 4866 3941 4934 possessiones
3984 4878 4179 4917 mona-

2548 4959 2707 5013 sterii
2735 4957 2791 5012 S.
2824 4957 3057 5010 Bavonis
3089 4954 3416 5018 Gandensis,
3442 4953 3653 5007 ordinis
3683 4968 3729 5007 ε.
3782 4951 4073 5006 Benedicti

3136 5044 3319 5109 (Anno
3350 5042 3525 5109 l003.)

2843 5130 3105 5204 [Μίνωος.
3139 5131 3277 5200 Opp.
3313 5130 3562 5199 diplom.,
3598 5129 3641 5197 I,
3664 5126 3814 5199 347.]

2552 5223 2830 5277 Hssalcrs
2858 5219 3053 5275 divina
3082 5219 3307 5273 favente
3338 5218 3645 5272 clementia
3672 5232 3796 5272 rex.

2550 5312 2610 5366 Si
2637 5328 2705 5365 ea
2752 5327 2880 5381 qua
2920 5308 3118 5363 ﬁdeles
3150 5307 3397 5363 nostri...
3428 5307 3644 5362 Idcirco
3670 5304 3895 5361 noverit
3921 5305 4192 5360 omnium

2485 5400 2742 5455 ﬁdelium
2786 5405 2997 5453 sanctae
3059 5397 3160 5451 Dei
3205 5396 3485 5462 Ecclesiae,
3526 5400 3874 5460 nostrorum,
3932 5409 4190 5463 praesen-

2483 5488 2631 5543 tium
2663 5488 2877 5542 scilicet
2918 5493 2975 5540 et
3007 5485 3335 5541 futurorum
3364 5483 3664 5549 industria,
3694 5481 3843 5553 quod
3875 5481 3965 5535 vir
4019 5499 4192 5537 vene-

747 5634 894 5703 (l02)
932 5633 1237 5699 Mindensi,
1282 5639 1350 5688 nt
1386 5639 1542 5705 patet
1577 5654 1643 5693 ex
1680 5637 1994 5708 diplomate
2032 5637 2256 5692 Ottonis
2287 5635 2546 5691 secundi.
