2348 3249
64 231 108 256 253

698 231 894 259 DIPLOMATA
914 232 977 260 ECC
984 231 1176 259 l.ESlASTlC.\
1755 232 1803 257 ﬂat

64 291 155 318 rabilis
183 292 371 319 Ereinboldus
394 291 477 325 abba,
500 300 531 319 ex
561 293 732 319 monasterio
753 293 904 325 Gandensi,
920 294 942 320 Α
962 293 1054 328 plagis
1079 300 1110 319 ac
1139 292 1301 326 territoriis,
1343 292 1428 327 infra.
1444 292 1581 320 ditionem
1606 293 1721 328 imperii
1752 303 1802 320 um

64 336 136 369 quod
153 339 196 362 est
206 336 296 363 situm
313 336 360 362 ubi
388 336 494 363 Scaldis
510 336 613 363 fluvius
630 337 721 371 Legio:
738 337 823 363 ﬂuvio
836 339 908 371 jun-

64 380 146 413 gitur,
163 383 360 406 constructum
377 388 390 406 a
409 381 436 406 Β.
454 380 583 407 Amaudo
599 382 732 415 pontiﬁce
753 381 782 407 in
799 382 909 407 honore

64 424 86 449 S.
106 423 183 449 ιλιι-ἱ
198 423 339 458 principis
369 424 574 458 apostolorum,
602 424 649 450 ubi
674 425 758 450 etiam
790 424 908 459 insignis

67 468 137 493 Bavo
154 468 302 493 confessor
325 467 430 494 Christi
445 467 575 502 quiescit,
598 467 698 494 obtulit
714 468 795 493 nobis
810 470 908 493 aucto-

67 511 180 537 ritatem
197 511 389 537 immunitatis
405 511 503 537 domui
519 511 705 537 antecesseris
729 511 827 541 nostri,
854 511 909 537 sci-

68 555 132 581 licet
145 555 256 581 Ottouis
269 555 449 581 invictissimi
465 555 653 589 imperatoris.

100 599 132 624 In
155 607 212 633 qua
233 599 435 625 continebatur
454 599 592 625 insertum
624 599 748 633 qualiter
775 600 843 633 ipse,
873 599 909 625 ob

66 651 192 669 amorem
213 643 263 669 Dei
279 647 306 669 et
326 643 476 677 priemium
492 646 605 669 aeternae
623 643 826 675 retributionis,
846 652 910 678 pro-

67 690 199 721 prietates
225 695 332 718 rerum,
360 688 552 721 quorumdam
577 687 726 721 tyrannica
760 687 909 713 invasioue

67 731 169 764 injuste
199 734 369 765 praereptas,
394 730 487 756 eidem
529 731 703 757 monasterio
742 731 909 764 restituerit,

67 774 176 808 hucque
204 782 263 800 sua:
293 774 519 801 conﬁrmationis
543 775 648 809 scripto
674 775 858 808 roboraverit,
884 778 913 802 et

66 818 142 852 quod
159 818 281 852 gratiam
296 818 428 844 fraterna:
445 818 585 844 societatis
601 818 630 845 in
651 818 751 845 eodem
770 823 910 845 monaste-

67 862 106 888 rio
121 862 178 888 sibi
206 870 370 888 concessam
396 862 539 896 habuerit,
567 863 611 889 vel
637 863 759 897 qualiter
783 863 912 889 omnium

66 906 227 932 exactiones
242 905 424 932 teloneorum
439 905 600 932 indulserit.

100 950 156 976 Pro
165 949 310 976 ﬁrmitatis
330 957 454 984 namque
465 950 558 976 studio
569 950 679 985 rogavit
691 958 742 976 nos
760 951 912 984 praedictus

68 993 257 1020 Eremboldus
281 993 367 1019 abbas
388 1001 449 1020 eam
474 994 612 1023 renovari,
638 994 743 1021 scilicet
758 997 799 1027 ut,
824 997 912 1021 tantae
928 1014 937 1020 ς

67 1037 211 1063 ﬁrmitatis
234 1038 327 1072 gratia
356 1040 481 1063 nostram
515 1045 628 1072 quoque
656 1038 912 1072 superadderemus

67 1080 279 1107 auctoritatem.
319 1080 406 1114 Cujus
445 1080 577 1115 petitioni
619 1081 743 1108 libenter
765 1090 912 1108 assensum

67 1128 239 1157 annneutes,
257 1124 436 1151 decrevimus
466 1124 551 1159 regia:
578 1124 724 1159 dignitatis
738 1128 912 1159 praeceptum

67 1169 137 1201 ﬁeri,
170 1168 303 1195 videlicet
325 1171 356 1194 ut
385 1168 592 1195 monasterium
634 1177 679 1195 res
717 1177 782 1195 suas
819 1169 914 1204 quiete

67 1212 221 1247 possideat,
239 1220 360 1247 quarum
379 1212 439 1238 haec
451 1215 517 1238 sunt
531 1212 666 1238 vocabula
683 1221 688 1238 :

102 1257 162 1283 Hoc
174 1259 218 1282 est
234 1256 263 1282 in
280 1263 354 1290 pago
368 1256 555 1290 Baagbatensi
570 1256 665 1282 villam
683 1256 828 1283 Suolmain
840 1256 913 1291 (l03)

66 1308 131 1326 cum
152 1300 281 1326 ecclesiis
297 1300 408 1326 duabus
423 1303 451 1326 et
465 1300 599 1326 omnibus
622 1300 788 1333 adjacentiis
803 1300 872 1332 suis,
889 1303 916 1326 et

66 1343 166 1369 villam
184 1343 318 1369 Holthem
334 1342 407 1377 (lO-i)
425 1351 490 1369 cum
504 1343 622 1369 ecclesia
637 1351 668 1369 ac
683 1343 763 1377 silva,
780 1346 807 1369 et
827 1344 914 1370 Mere—

65 1387 157 1419 shem,
177 1389 206 1413 et
223 1387 404 1421 Fliethersele
419 1387 489 1420 (105)
506 1395 570 1413 cum
587 1387 710 1413 ecclesiis
734 1390 761 1413 et
785 1388 916 1413 omnibus

66 1430 248 1464 appendiciis
259 1438 371 1463 eorum,
380 1429 442 1456 etin
454 1430 553 1456 eodem
565 1439 639 1464 pago
647 1431 726 1456 villas
737 1431 780 1456 his
791 1431 915 1457 nomini—

65 1474 117 1499 bus
129 1473 234 1505 dictas,
248 1474 350 1500 Merem
362 1477 389 1499 et
400 1473 534 1500 Lietbeka
545 1477 573 1500 et
584 1474 699 1500 Setteka
710 1478 738 1500 et
752 1474 915 1506 Cranihom,

65 1520 92 1542 et
107 1517 138 1543 in
159 1518 229 1544 Rien
243 1516 341 1543 ΒοΙιοιι
357 1517 440 1550 (106).
459 1517 527 1543 Cum
544 1518 667 1543 ecclesiis
696 1518 826 1552 singulis,
841 1518 917 1544 silvis

966 337 1115 371 stri,juste
1128 345 1159 363 ac
1183 336 1312 370 legaliter
1339 336 1473 371 possidet,
1505 338 1547 363 vel
1576 345 1640 372 quin
1670 338 1803 371 deinceps

964 381 1065 415 injure
1085 380 1174 415 ipsius
1197 379 1286 406 sancti
1315 380 1366 406 loci
1382 381 1503 406 voluerit
1518 380 1613 406 divina
1638 381 1726 415 pietas
1754 392 1805 406 uu-

965 425 1035 459 geri,
1056 426 1090 451 ad
1110 432 1207 451 causas
1226 424 1381 450 audiendas
1412 425 1454 450 vel
1476 424 1555 450 freda
1584 425 1733 459 exigenda,
1758 428 1802 450 Ulli

964 477 1127 495 mansiones
1143 469 1185 494 vel
1201 471 1311 502 paratas
1323 469 1475 500 faciendas,
1488 471 1537 494 aut
1553 469 1733 502 ﬁlejussores
1751 471 1787 494 tul

965 512 1072 545 lendus,
1085 515 1131 539 aut
1149 512 1277 538 homines
1293 512 1368 538 illius
1392 512 1454 544 loci,
1471 515 1529 538 tam
1554 512 1695 546 ingenuos
1721 521 1805 547 quam

964 564 1068 586 servos.
1099 564 1184 590 super
1200 560 1304 582 terram
1329 556 1417 589 ipsius
1446 559 1662 582 commaneutes
1688 556 1804 582 distrin-

966 601 1082 634 gendos,
1108 608 1159 627 nec
1188 601 1260 626 ullas
1283 600 1488 626 redliibitiones
1515 603 1565 626 aut
1592 599 1703 626 illicitas
1727 609 1804 626 Ot't't-

966 644 1059 670 siones
1087 644 1284 678 requirendus,
1315 644 1418 670 nostris
1445 652 1477 670 ac
1505 643 1606 670 futuris
1630 645 1806 677 temporibus

966 688 1078 722 ingredi
1102 687 1213 719 audeat,
1246 688 1290 713 vel
1310 695 1342 713 ea
1365 695 1429 722 qum
1457 695 1542 722 supra
1564 690 1722 714 memorata
1742 690 1805 712 sunt

967 733 1081 766 penitus
1097 732 1209 766 exigere
1224 734 1392 766 praesumat.

1002 776 1054 802 Sed
1067 778 1095 801 et
1104 778 1260 802 memorato
1271 775 1452 806 monasterio,
1469 783 1517 809 spe
1528 774 1712 801 beatitudinis
1722 778 1805 801 aelur—

968 828 1022 853 naa,
1039 823 1070 846 ut
1082 820 1116 845 ad
1132 820 1252 845 salutem
1268 819 1371 845 anima:
1388 827 1456 844 mem
1468 819 1497 844 in
1511 822 1616 845 aeterna
1633 819 1727 853 quiete
1746 828 1806 853 pro-

969 864 1070 897 veniat,
1087 871 1152 889 cuni
1165 863 1249 889 ceseis
1264 862 1359 895 fredis,
1389 862 1519 889 omnium
1544 863 1715 889 tcloniornm
1740 873 1806 889 em—

970 907 1077 934 ctiones
1092 907 1215 933 indultus
1235 915 1295 933 esse
1314 907 1442 933 volumus
1465 914 1496 933 ac
1511 906 1654 939 remissas,
1680 907 1750 933 sicut
1780 908 1804 932 iu

967 954 1109 986 praecepto
1125 950 1308 977 antecesseris
1323 950 1377 977 mei
1393 950 1556 977 continetur
1585 959 1590 976 :
1620 950 1659 977 ita
1674 953 1706 977 ut
1734 959 1806 985 quu—

966 995 1020 1021 ties
1038 1003 1090 1029 pro
1107 994 1229 1020 utilitate
1250 994 1414 1020 monasterii
1441 1002 1472 1020 ac
1486 994 1606 1021 fratrum
1631 994 1743 1029 aliquas
1765 995 1806 1020 til-

968 1039 1020 1073 rigi
1034 1038 1194 1072 contigerit,
1211 1046 1262 1072 per
1278 1038 1387 1064 diversa
1412 1038 1473 1064 loca
1497 1038 1609 1072 imperii
1632 1038 1723 1064 nostri
1737 1047 1805 1064 euu—

967 1083 1043 1110 tibiis
1058 1086 1086 1109 et
1105 1082 1320 1114 revertentibus,
1349 1082 1454 1116 absque
1471 1082 1526 1108 ulla
1543 1081 1747 1107 sollicitationis
1764 1083 1805 1107 iu-

967 1126 1145 1161 quietudine,
1170 1126 1314 1160 negotium
1340 1133 1424 1151 suum
1448 1125 1529 1151 liceat
1548 1133 1676 1151 exercere
1709 1128 1805 1160 quate-

968 1179 1020 1197 nus
1044 1171 1118 1204 ipsos
1143 1178 1237 1196 servos
1255 1169 1303 1196 Dei
1323 1169 1427 1195 ibidem
1448 1169 1617 1195 famulantes
1643 1177 1694 1202 pro
1710 1177 1754 1195 me
1771 1174 1804 1194 ut-

968 1223 1022 1249 que
1039 1217 1114 1240 statu
1131 1213 1211 1248 regni
1226 1222 1241 1239 a
1257 1214 1312 1240 Deo
1328 1213 1398 1239 mihi
1414 1212 1550 1244 concessi,
1570 1213 1679 1247 jugitei'
1696 1212 1804 1239 miscri-

968 1257 1094 1284 cordiam
1117 1257 1166 1284 Dei
1178 1264 1294 1283 exorare
1311 1256 1441 1283 delectet.
1464 1257 1498 1283 Ut
1513 1259 1608 1283 autem
1625 1256 1710 1290 hujus
1726 1263 1805 1281 rvuir

968 1301 1088 1327 vationis
1118 1309 1149 1327 ac
1174 1300 1397 1327 conﬁrmationis
1428 1300 1581 1326 auctoritas
1610 1300 1748 1334 majorem
1782 1309 1807 1324 ιιι

971 1345 1019 1371 Dei
1031 1344 1146 1370 nomine
1163 1344 1289 1370 obtineat
1304 1344 1439 1378 vigorem,
1466 1351 1553 1369 manu
1577 1343 1694 1378 propria
1713 1343 1809 1369 sublm-

969 1388 1143 1420 conﬁrmavi,
1172 1388 1327 1422 anuiilique
1349 1387 1534 1421 impressione
1560 1386 1699 1422 assignari
1724 1387 1793 1421 jussu

1004 1432 1118 1463 Signum
1135 1432 1241 1457 Domini
1257 1432 1365 1458 Henrici
1379 1432 1451 1464 regis
1466 1432 1647 1457 invictissimi.

1006 1475 1164 1509 Egilbertus
1179 1475 1374 1506 cancellarius,
1395 1475 1454 1501 vice
1481 1474 1610 1509 Willigisi
1632 1474 1801 1507 archicapel-

970 1519 1038 1550 lani,
1051 1518 1224 1553 recognovit.

64 1564 92 1586 et
106 1560 247 1587 omnibus
263 1561 440 1595 appendiciis
462 1561 605 1595 propriis;
622 1569 691 1595 quas
702 1562 817 1596 quidem
837 1562 916 1588 villas
933 1562 952 1589 C
1006 1563 1076 1589 Data
1103 1563 1188 1589 Nonis
1205 1561 1359 1595 Februarii,
1390 1570 1465 1588 anno
1492 1561 1647 1588 Dominica:
1674 1561 1807 1587 incarna-

64 1612 129 1631 cum
146 1604 215 1630 aliis
230 1604 326 1633 rebus.
341 1605 532 1639 quorumdam
560 1604 657 1631 hostili
680 1605 854 1639 praedatione
869 1606 916 1632 in—

60 1648 138 1682 juste
157 1648 306 1682 abreptas,
324 1648 457 1674 dominus
477 1651 638 1675 antecessor
659 1652 755 1675 noster
777 1649 917 1683 gloriosus

64 1692 230 1726 imperator
242 1692 309 1726 jure
324 1700 356 1718 ac
371 1692 418 1726 pie
435 1692 597 1718 redonavit.

100 1736 132 1763 Et
147 1736 180 1762 in
203 1736 275 1763 Rien
291 1736 387 1762 villam
404 1736 555 1768 Frunethe,
572 1744 636 1762 cum
661 1737 778 1762 ecclesia
803 1740 831 1763 et
853 1745 917 1764 om-

65 1780 149 1806 nibus
164 1780 345 1814 appenditiis
361 1780 492 1814 propriis.
514 1781 545 1806 Et
560 1788 660 1806 nemus
676 1780 784 1806 Summi
796 1781 918 1807 Gerotha

63 1823 136 1849 etin
154 1823 280 1849 Witrika
309 1823 457 1850 ecclesiam
492 1832 557 1850 cum
585 1825 766 1859 appenditiis.
797 1825 829 1851 In
844 1833 917 1859 pago

63 1875 184 1902 quoque
199 1867 311 1894 Scaldis
331 1868 537 1902 possessionem
557 1868 693 1894 vocabulo
711 1869 803 1900 Erika,
820 1871 848 1895 et
866 1869 915 1895 Pa-

63 1911 225 1946 pingolant
239 1919 305 1937 cum
319 1911 436 1937 ecclesia
453 1914 480 1938 et
496 1912 630 1938 omnibus
663 1912 834 1946 appenditiis
849 1920 918 1947 pro-

63 1955 144 1989 priis,
162 1957 194 1982 et
211 1963 301 1989 super
319 1955 477 1982 Udrorstiet
493 1958 610 1986 terram,
629 1956 658 1982 in
673 1964 730 1990 qua
746 1959 866 1990 possunt
881 1956 918 1982 ali

61 2007 127 2025 oves
151 1999 340 2034 quingentie,
358 2002 385 2025 et
401 1999 542 2034 quidquid
570 2008 600 2025 ex
617 2000 725 2026 ditioue
746 2000 772 2027 S.
799 2001 919 2027 Bavonis

61 2044 89 2069 in
107 2044 279 2070 Bevelanda
303 2043 376 2075 (107)
401 2047 429 2069 et
455 2043 485 2069 in
501 2044 636 2076 Walacra,
664 2047 692 2070 et
717 2044 746 2070 in
770 2044 917 2071 Bruinsela

60 2087 210 2114 contineri
227 2087 417 2121 dignoseitur,
433 2090 461 2113 et
489 2087 517 2113 in
532 2087 659 2122 Essperia
672 2090 776 2114 terram
803 2088 832 2114 in
862 2096 918 2123 qua

59 2134 183 2165 possunt
199 2131 283 2165 pasci
316 2138 445 2157 Verveces
472 2138 543 2162 cccc,
574 2132 645 2157 etin
664 2131 720 2158 alio
748 2132 810 2158 loco
834 2140 863 2158 cc
891 2135 918 2158 et

60 2176 87 2201 in
105 2175 243 2201 Holfcols
255 2182 341 2209 super
354 2174 474 2201 ﬂuvium
491 2175 561 2201 Lora
576 2183 645 2201 cccc.

94 2220 152 2246 Hoc
179 2227 270 2253 ergo,
299 2226 364 2245 cum
384 2218 462 2245 omni
477 2227 573 2245 rerum
602 2220 636 2246 ad
667 2227 695 2246 se
711 2219 916 2254 pertinentium

58 2271 175 2290 summa
196 2263 383 2297 integritate,
408 2263 612 2289 conﬁrmamus
641 2263 806 2298 perenniter
822 2264 919 2290 usibus

57 2308 182 2334 fratrum
216 2306 336 2341 praefati
351 2307 482 2339 cmnobii,
503 2307 555 2333 sub
570 2310 707 2341 perpetua
730 2307 920 2334 immunitatis

57 2352 246 2383 defensione,
266 2358 297 2376 ac
324 2352 431 2376 nostra:
447 2350 624 2377 celsitudinis
639 2351 711 2377 facto
736 2354 916 2378 testamento.

58 2396 109 2422 Per
140 2395 225 2431 quod
263 2394 400 2428 jubemus
430 2396 516 2428 atque
538 2395 733 2431 praecepimus
767 2398 799 2421 ut
825 2395 920 2421 nullus

55 2448 152 2466 comes
170 2441 226 2465 aut
245 2438 338 2472 judex
356 2437 498 2471 publicus,
526 2438 655 2469 vicarius,
684 2439 846 2472 advocatus,
870 2447 920 2465 seu

55 2484 180 2518 quilibet
212 2490 252 2509 ex
283 2481 437 2514 judiciai'ia
471 2484 607 2516 potestate
634 2482 663 2508 in
688 2482 826 2513 ecclesias,
872 2485 921 2508 aut

55 2529 114 2554 loca
142 2529 188 2554 vel
220 2534 326 2561 agros,
356 2533 405 2551 seu
434 2525 561 2560 reliquas
589 2526 781 2560 possessiones
809 2526 920 2560 praefati

55 2571 246 2603 monasterii,
275 2577 348 2604 quas
371 2569 508 2595 moderno
537 2571 666 2603 tempore
692 2569 721 2596 in
746 2570 921 2604 quibuslibet

89 2626 165 2658 (103)
175 2623 251 2652 Suo]
259 2629 352 2653 mam,
362 2621 446 2647 hodie
462 2622 592 2648 Muninex
603 2622 710 2654 Swolm,
725 2621 803 2647 vicus
831 2630 920 2656 prope

55 2660 291 2691 Sollegemium.

88 2697 162 2726 (104)
182 2695 319 2722 Holtem.
339 2692 424 2726 vulgo
441 2692 580 2721 Hanthem,
599 2692 675 2718 vicus
688 2691 769 2717 tertio
787 2691 920 2718 milliario

55 2740 69 2756 a
88 2725 233 2758 Candavo
250 2729 285 2754 in
314 2725 399 2760 cujus
413 2726 525 2752 baSilica
548 2726 702 2760 parochiali
728 2726 796 2752 olim
826 2727 918 2760 sepul-

55 2771 112 2793 tum
128 2767 186 2793 fuit
203 2770 322 2797 corpus
352 2763 380 2789 S.
408 2761 499 2797 Livini
526 2761 652 2795 episcopi
678 2764 706 2787 et
727 2761 919 2797 Gaudeusium

56 2802 181 2835 patroni,
201 2796 388 2831 videturque
404 2796 562 2835 etiamnum
591 2797 718 2822 tumulus
748 2796 852 2835 ibidem
873 2797 920 2835 in_-

56 2831 146 2873 gentis
163 2835 271 2868 molis,
292 2839 373 2866 cum
400 2839 484 2858 cavea
497 2831 681 2858 subterranea
698 2839 704 2858 :
734 2834 764 2857 ut
778 2831 808 2857 in
832 2831 921 2858 Fastis

971 1606 1055 1632 tionis
1072 1606 1222 1633 millesimo
1250 1606 1344 1637 tertio,
1374 1606 1527 1633 indictione
1553 1606 1655 1640 prima,
1668 1614 1742 1631 anno
1769 1614 1807 1630 se

972 1650 1064 1676 cundo
1080 1650 1177 1677 domui
1194 1650 1304 1677 Henrici
1319 1650 1427 1685 regisII.

1008 1696 1106 1720 Actum
1120 1694 1148 1720 in
1158 1694 1335 1729 Aquisgrano
1350 1694 1455 1729 palatio
1470 1693 1597 1720 feliciter.

1360 1738 1424 1764 XIX.

972 1782 1097 1816 Diploma
1114 1782 1184 1814 regis
1220 1782 1330 1808 Henrici
1372 1783 1417 1814 II,
1449 1782 1613 1808 concedentis
1642 1781 1808 1807 Adalbt'rulu

1121 1826 1212 1851 comiti
1222 1825 1339 1852 bannum
1351 1833 1431 1859 super
1445 1828 1562 1858 agrestes
1573 1826 1660 1857 ferus.

1224 1868 1317 1903 (Anno
1339 1870 1415 1899 1003,
1432 1870 1464 1895 30
1480 1868 1559 1903 Jun.)

1194 1912 1282 1945 lRied,
1297 1913 1344 1938 ubi
1366 1920 1459 1946 supra,
1476 1921 1503 1946 p.
1523 1912 1594 1948 122]

1008 1957 1036 1983 Ιι]
1052 1956 1167 1982 nomine
1183 1958 1285 1982 sanctm
1315 1958 1343 1981 et
1357 1955 1514 1982 individuzn
1529 1954 1686 1987 Trinitatis,
1703 1955 1811 1981 Hamu-

973 2008 1019 2025 cus
1033 1999 1126 2025 divina
1142 1999 1252 2025 favente
1268 1998 1422 2024 clementia
1439 2005 1496 2025 rex.

1008 2043 1112 2069 Notum
1136 2042 1172 2068 sit
1201 2042 1334 2068 omnibus
1353 2042 1457 2068 nostris
1473 2041 1614 2075 ﬁdelibus,
1627 2041 1813 2075 praesentibus

974 2087 1078 2114 scilicet
1093 2089 1120 2113 et
1135 2086 1247 2127 futuris,
1263 2086 1385 2120 qualiter
1407 2094 1470 2118 nos,
1486 2085 1570 2112 ﬁdele
1583 2093 1633 2120 per
1645 2084 1739 2110 omnia
1756 2092 1812 2109 sei"

974 2130 1073 2156 vitium
1102 2129 1196 2156 dilecti
1224 2130 1307 2156 nobis
1335 2129 1446 2156 comitis
1472 2129 1602 2155 videlicet
1629 2128 1814 2155 Adalberouis

975 2175 1129 2207 intuentes,
1144 2176 1230 2208 atque
1247 2173 1336 2208 ipsius
1355 2173 1590 2207 supplicationem
1604 2181 1653 2207 per
1671 2172 1812 2198 intervalli

975 2222 1037 2246 tum
1053 2217 1206 2244 venerandi
1225 2217 1355 2252 praesulis
1371 2216 1543 2244 Gotescalchi
1559 2216 1745 2246 attendentes,
1762 2217 1813 2241 sibi

976 2265 1060 2297 prout
1075 2262 1136 2297 ipse
1151 2262 1350 2296 postulaverat,
1365 2261 1432 2295 quia
1447 2260 1578 2295 legaliter
1603 2259 1756 2294 potuimus,
1775 2268 1815 2284 ιϊ-

976 2306 1047 2341 galis
1066 2306 1199 2340 potentias
1216 2305 1343 2331 bannum
1368 2312 1452 2338 super
1475 2306 1599 2338 agrestes
1612 2304 1685 2329 feras
1700 2311 1812 2329 concvs—

975 2350 1064 2376 simus
1078 2349 1153 2376 inter
1165 2349 1234 2375 duos
1250 2348 1351 2375 ﬂuvios
1364 2349 1450 2375 Ysara
1463 2351 1489 2374 et
1507 2347 1625 2374 Liubasa
1649 2350 1707 2373 tam
1731 2355 1814 2380 stipt‘i‘

975 2393 1119 2429 propriam
1142 2393 1240 2427 ipsius,
1266 2392 1315 2427 qui
1331 2392 1465 2427 praefatus
1479 2394 1530 2424 est,
1545 2391 1732 2418 Adalberonis
1761 2394 1815 2415 ti'r-

975 2446 1047 2470 rain,
1064 2444 1150 2472 quam
1165 2444 1251 2470 super
1267 2436 1416 2463 domorum
1434 2436 1641 2470 pontiﬁcalium
1656 2435 1699 2461 νει
1716 2443 1813 2461 mou.»

976 2480 1161 2507 stcriorumin
1174 2480 1308 2513 abbaciis,
1322 2488 1386 2515 quas
1399 2480 1437 2507 ibi
1448 2480 1527 2507 nobis
1543 2480 1696 2514 pertinent,
1714 2481 1813 2508 terms,

975 2526 1032 2552 sive
1052 2524 1182 2552 omnium
1205 2524 1319 2551 illorum
1334 2524 1484 2551 hominum
1513 2527 1611 2554 terras.
1628 2523 1677 2558 qui
1703 2523 1731 2549 in
1752 2531 1814 2556 pre-

975 2569 1047 2596 senti
1059 2570 1102 2595 vel
1117 2569 1147 2595 in
1165 2568 1260 2595 futuro
1272 2568 1439 2603 hujusmodi
1453 2576 1513 2595 rem
1538 2576 1602 2594 cum
1618 2576 1650 2594 eo
1674 2566 1815 2593 collauda-

977 2622 1094 2655 Belginis
1111 2623 1143 2648 12
1159 2621 1225 2647 Nov.
1242 2620 1331 2647 fusius
1345 2620 1477 2654 explicui.

1013 2654 1086 2691 (1'05)
1116 2656 1306 2688 Fliethersele,
1336 2656 1420 2682 hodie
1463 2655 1621 2682 Vliedersele
1657 2661 1705 2680 seu
1723 2654 1813 2686 vulgo

980 2693 1129 2723 Vlierzeels,
1146 2691 1269 2728 secundo
1284 2691 1378 2728 lapide
1393 2691 1428 2717 ab
1444 2691 1549 2716 Alosto.
1573 2723 1578 2727 _
1600 2723 1629 2728 Ν
1687 2723 1692 2727 .

1011 2728 1081 2760 (108)
1102 2726 1224 2758 Bocbolt,
1240 2724 1385 2757 Bouchout.
1411 2733 1500 2759 pagus
1520 2724 1580 2758 agri
1599 2724 1709 2750 Riensis
1725 2731 1811 2757 prope

979 2762 1071 2788 Lirum
1084 2761 1117 2787 de
1134 2769 1190 2796 quo
1207 2769 1304 2797 supra,
1321 2761 1442 2797 pagi2‘9.

1011 2797 1085 2829 (107)
1115 2793 1272 2822 Βὲνθῑεηᾶίι
1298 2793 1331 2822 et
1362 2793 1496 2826 Walacra,
1524 2793 1624 2819 insulae
1662 2793 1812 2820 Zelandiuu

977 2832 1117 2858 Beuerlant
1127 2833 1152 2857 et
1169 2831 1309 2858 Valchren.
