3980 6426
203 426 305 477 255

1499 422 1552 475 5.
1599 421 1889 476 HENRICI
1931 421 2002 475 ΙΜ
2013 420 2404 474 ΡΕΒΑΤΟΒΙδ

3606 425 3716 475 '256

204 544 426 598 huntm
459 543 730 598 comitatu
752 540 1036 606 Friderici,
1078 541 1176 610 qui
1200 541 1422 612 judicat
1448 541 1507 595 in
1542 543 1898 611 Hachingun.
1945 546 1985 597 A
2016 540 2301 596 videntur.
2336 541 2493 605 Quod
2536 558 2639 596 nos
2685 541 2959 610 petitione
3013 541 3311 596 Theodrici
3338 541 3716 597 Mimidonen~

203 635 263 687 in
295 649 442 704 pago
477 633 861 702 Sundergowe
892 650 908 684 :
943 630 1194 701 primum
1246 632 1316 685 ab
1367 630 1548 684 hostio
1603 631 1903 701 praedicto-

208 738 333 774 rum
395 721 732 786 ﬂuviorum,
796 723 1025 775 Ysaram
1080 735 1307 772 sursum
1364 736 1556 772 versus
1595 735 1775 788 usque
1833 719 1905 773 ad

210 810 582 877 tlohcnberg;
638 808 770 862 inde
831 808 902 860 ad
971 808 1375 876 Huggenberg.
1418 807 1486 860 ad
1546 807 1904 870 Cumizdorf;

206 897 339 951 inde
370 897 439 950 ad
472 898 720 966 Carphse
749 901 805 949 et
865 895 1194 960 Winidowe,
1249 895 1564 948 secundum
1614 910 1748 947 vero
1808 895 1904 946 de-

213 1001 444 1039 cursum
506 983 765 1038 ﬂuminis
808 983 1050 1036 Liubase
1090 983 1358 1052 (Loisach)
1391 975 1570 1051 usque
1625 982 1693 1035 ad
1756 981 1903 1034 Wol-

213 1073 665 1127 veradeshusun.
700 1073 899 1126 Nostra
930 1071 1108 1140 igitur
1139 1070 1337 1138 regali,
1393 1075 1458 1124 ut
1506 1069 1908 1140 praescriptum

209 1167 315 1227 est,
357 1159 712 1225 auctoritate,
769 1160 918 1213 inter
951 1159 1397 1229 praenominatos
1463 1157 1667 1212 ﬂuvios
1700 1163 1757 1210 et
1785 1164 1907 1211 ter-

210 1249 399 1302 minos
427 1249 680 1301 baunum
717 1247 1026 1317 agrestium
1081 1247 1330 1300 ferarum
1361 1247 1413 1299 ei
1471 1245 1812 1299 tradidimus
1851 1249 1909 1298 et

211 1353 314 1407 per
346 1337 452 1390 hoc
477 1341 827 1405 praeceptum
862 1333 1289 1403 largitisumus,
1312 1334 1472 1403 regio
1504 1333 1675 1386 verbo
1717 1333 1908 1386 omni-

213 1425 378 1478 mode
406 1423 806 1477 interdicentes
836 1428 1139 1491 quatenus,
1198 1423 1304 1476 hoc
1335 1423 1575 1486 ambitu,
1637 1421 1760 1474 sine
1801 1437 1904 1474 sua

210 1513 390 1583 ipsius
423 1510 822 1576 licentia,feras
855 1511 1002 1573 illas,
1039 1527 1169 1580 quae
1219 1510 1278 1563 in
1310 1510 1436 1564 aliis
1469 1509 1909 1564 dominicalibus

210 1598 436 1654 forestis
467 1599 525 1652 in
553 1599 744 1653 hanno
775 1605 909 1652 sunt
940 1598 1165 1668 positae,
1207 1599 1397 1652 nullus
1453 1599 1647 1660 aliquo
1676 1596 1909 1668 ingenio

215 1689 298 1742 vel
330 1703 540 1758 genere
592 1686 837 1740 venandi
887 1687 1094 1740 audeat
1113 1686 1386 1756 deinceps
1433 1691 1682 1756 captare.
1730 1687 1793 1740 Et
1847 1690 1912 1739 ut

215 1777 337 1830 haec
368 1781 578 1829 nostra:
603 1774 986 1829 concessionis
1015 1774 1323 1828 auctoritas
1353 1773 1572 1828 stabilis
1601 1778 1659 1826 et
1697 1771 1906 1826 incon-

215 1864 375 1918 vulsa
431 1868 787 1932 permaneat,
849 1863 1000 1916 hanc
1048 1861 1320 1933 praecepti
1389 1861 1566 1915 nostri
1633 1861 1907 1931 paginam

219 1967 394 2005 manu
425 1951 658 2021 propria
687 1951 1050 2016 roborantes,
1084 1951 1250 2021 signo
1281 1949 1776 2018 nostrasimaginis
1805 1949 1914 2002 im-

212 2039 385 2110 primi
408 2039 707 2110 jussimus.

283 2128 510 2193 Signum
575 2128 764 2181 damni
808 2128 1032 2180 Henrici
1103 2127 1247 2192 regis
1286 2127 1652 2180 invictissimi.
1700 2125 1916 2194 (Mono-

215 2215 508 2284 gramma.)

288 2303 606 2372 Egilhertus
658 2301 1033 2356 cancellarius
1085 2301 1205 2355 vice
1247 2301 1510 2373 Willigisi
1569 2300 1913 2372 archicapel-

220 2390 338 2443 lani
372 2389 694 2459 recognovi.

291 2479 431 2531 Data
465 2494 504 2531 ιι
541 2477 662 2531 Kal.
720 2476 877 2541 Julii,
939 2492 1090 2530 anno
1125 2475 1436 2530 Dominicae
1506 2476 1921 2533 incarnationis

229 2568 380 2631 l003,
442 2565 640 2619 indict.
675 2583 712 2631 ι,
745 2581 896 2618 anno
928 2581 1062 2618 vero
1113 2565 1311 2618 domni
1371 2565 1625 2620 Heinrici
1685 2565 1923 2620 secundi

222 2668 388 2721 regn.
423 2652 697 2717 secundo,
728 2657 933 2706 Actum
965 2652 1316 2721 Radespone.

507 2741 639 2796 Cum
671 2739 856 2808 sigillo
887 2740 1135 2794 maxima
1157 2755 1224 2792 ea:
1250 2744 1410 2808 parte
1436 2743 1633 2804 fracto.

1033 2863 1137 2917 ΧΧ.

232 2973 291 3025 S.
353 2971 593 3024 Heinrici
628 2969 978 3038 privilegium
1051 2968 1371 3022 Fredcruna:
1431 2968 1722 3023 abbatissa:
1798 2985 1919 3022 con-

967 3071 1188 3110 cessum.

867 3164 1049 3232 (Anno
1104 3163 1279 3232 1004.)

656 3266 930 3335 [Dronke,
959 3268 1055 3320 ubi
1084 3282 1276 3335 supra,
1297 3282 1352 3336 p.
1383 3265 1496 3336 60.]

302 3372 360 3425 C.
418 3372 480 3425 In
539 3372 777 3427 nomine
835 3376 1045 3426 sanctae
1108 3377 1166 3424 et
1241 3369 1556 3424 individua:
1607 3369 1921 3433 Trinitatis,

233 3459 533 3515 Hemmcns
561 3460 754 3514 divina
783 3460 1006 3514 favente
1038 3459 1339 3513 clementia
1380 3474 1494 3512 rex.

301 3547 570 3602 Omnium
616 3552 827 3602 sanctaa
869 3547 966 3601 Dei
997 3545 1260 3600 Ecclesiae
1289 3550 1736 3616 nostrorumque
1775 3545 1924 3600 iide-

229 3635 371 3688 lium
400 3635 764 3705 praesentium
787 3652 851 3689 ac
872 3635 1198 3689 futurorum
1215 3633 1532 3704 comperiat
1561 3634 1924 3700 universitas,

229 3724 474 3791 qualiter
545 3725 759 3778 domna
839 3723 1164 3778 Frederuna
1228 3722 1574 3777 venerabilis
1635 3723 1921 3776 abbatissa

231 3811 468 3882 ejusque
506 3829 670 3866 soror
695 3814 873 3867 Imma
908 3811 1219 3878 comitissa,
1253 3813 1475 3866 Gerone
1532 3810 1738 3865 comite
1773 3811 1931 3881 adju-

233 3905 422 3965 vante,
493 3906 938 3954 construxerunt
1015 3899 1303 3970 quoddam
1391 3900 1800 3953 monasterium
1857 3899 1930 3952 ad

233 3986 510 4040 honorem
543 3993 753 4040 sanctae
786 3987 888 4041 Dei
938 3987 1235 4056 genitricis
1273 3991 1329 4040 et
1359 3990 1652 4057 perpetua:
1693 3985 1931 4054 virginis

235 4072 422 4127 Mariae
450 4073 794 4139 dedicatum,
819 4075 889 4128 ad
925 4074 1078 4143 quod
1108 4089 1339 4126 omnem
1371 4072 1791 4136 haereditatem,
1823 4073 1933 4126 hoc

235 4164 321 4213 est
372 4160 734 4220 Keminetan.
771 4162 1012 4231 Haagen,
1069 4159 1278 4230 Barigi,
1321 4160 1661 4225 Tundiriun,
1697 4159 1926 4226 Othere,

234 4250 356 4302 haec
381 4254 514 4302 sunt
553 4247 614 4302 in
643 4248 858 4316 Tilithi,
904 4249 1141 4302 Varstan
1173 4249 1232 4300 in
1259 4252 1435 4317 Auga,
1490 4247 1698 4311 Bothe,
1729 4247 1789 4300 in
1821 4249 1930 4302 Wi-

239 4337 574 4402 kanavelde,
636 4337 978 4399 Bardenwic,
1047 4339 1536 4403 Hotmannessun,

241 4425 522 4496 Britlingi,
547 4425 1058 4495 Biangibudiburg.
1082 4423 1543 4494 Adduncsthorp,
1570 4423 1927 4488 Hatherbiki,

243 4513 638 4568 Bodanhuson.
685 4513 1059 4582 Sutherhurg,
1101 4513 1162 4566 in
1222 4512 1542 4582 Bardan’ga,
1592 4511 1836 4576 Claniki,
1876 4512 1936 4565 in

240 4602 502 4668 Drevani,
565 4602 1172 4674 Wigmannesburstal,
1223 4601 1668 4669 Bennedestorp,
1710 4600 1769 4653 in
1818 4600 1937 4653 Mo-

240 4689 370 4756 sidi,
433 4691 654 4757 Widila,
726 4691 1085 4756 Waldersidi,
1158 4689 1491 4755 Kokerbiki,
1550 4688 1608 4741 in
1642 4688 1934 4756 Heilanga,

241 4778 480 4842 Holana,
530 4779 679 4843 Aun,
713 4778 910 4843 Setila,
967 4778 1027 4831 in
1063 4779 1418 4848 Hogtrunga,
1464 4775 1744 4845 Hepstidi,
1788 4775 1937 4829 Sini-

240 4881 362 4934 gas,
393 4871 708 4935 cunctaque
741 4882 937 4919 earum
989 4866 1080 4919 hic
1109 4869 1534 4934 prcmemorata
1584 4864 1786 4933 predia
1815 4879 1940 4932 gra-

241 4952 462 5008 tissima
515 4953 806 5005 voluntate
837 4952 1221 5018 tradiderunt,
1254 4968 1385 5022 quae
1417 4967 1548 5004 vero
1581 4950 1686 5004 sita
1711 4956 1846 5004 sunt
1876 4951 1935 5004 in

244 5048 519 5102 comitatu
553 5048 866 5103 Bernhardi
911 5049 1092 5115 ducis,
1152 5048 1326 5115 unde,
1385 5053 1636 5101 nostram
1688 5048 1940 5118 regalem

245 5153 528 5208 aggressa:
561 5138 940 5206 majestatem,
973 5135 1262 5206 supplices
1284 5140 1630 5205 rogaverunt
1659 5141 1721 5189 ut
1751 5136 1941 5205 ipsum

245 5225 660 5279 monasterium
692 5224 752 5278 in
805 5224 989 5277 nostri
1043 5223 1456 5277 mundiburdio
1496 5223 1938 5292 susciperemus,

244 5314 490 5384 talisque
540 5312 818 5367 libertatis
847 5328 912 5365 ac
942 5311 1086 5382 legis
1112 5311 1424 5382 primatum
1476 5313 1939 5376 concederemus,

245 5402 475 5472 quelem
507 5401 910 5464 Gandesheim,
960 5399 1371 5470 Quitilinburg,
1408 5399 1707 5455 Heriwurti
1746 5407 1944 5454 tenere

323 5576 471 5645 (108)
534 5576 688 5629 Istud
749 5575 1162 5628 monasterium
1230 5591 1495 5628 successu
1550 5575 1823 5643 temporis
1884 5575 1945 5628 in

255 5649 693 5718 praeposituram
725 5647 980 5700 Corheiaa
1038 5662 1203 5699 novae
1233 5662 1592 5714 conversum,
1622 5646 1946 5700 faventibus

1623 4336 1928 4425 Ψίιηεοιῖρν
1959 4373 2001 4425 o

2017 629 2092 683 sis
2119 631 2373 700 episcopi
2408 629 2626 697 fecisse,
2663 630 2925 683 omnium
2961 639 3163 684 noscat
3193 630 3532 683 universitas
3563 631 3714 685 tide-

2015 719 2180 774 lium.
2250 719 2333 773 Ad
2391 719 2514 773 haec
2571 719 2878 772 statuimus
2926 719 3078 771 utin
3115 718 3348 787 prefatm
3407 719 3716 788 abbatissae

2017 823 2254 877 suasque
2293 807 2505 861 sororis
2531 807 2834 860 comitissre
2875 811 3159 876 potestate
3211 807 3526 876 predictum
3595 823 3717 859 mo-

2018 895 2334 950 na-lerium
2367 901 2424 949 et
2466 895 2694 949 abbatia
2744 902 2940 966 nostro
2973 897 3244 965 persistat
3289 911 3555 948 concessu
3590 895 3718 948 die-

2017 984 2123 1038 bus
2152 985 2283 1037 vitae
2315 999 2548 1048 earum;
2586 989 2715 1051 post
2763 984 2982 1037 obitum
3016 999 3150 1036 vero
3183 990 3556 1053 utrarumque
3615 999 3718 1036 ea-

2018 1089 2145 1126 rum
2169 1073 2240 1126 ad
2273 1077 2527 1125 nostrum
2561 1072 2852 1141 publicum
2885 1072 3084 1126 eadem
3109 1071 3337 1125 abbatia
3361 1072 3458 1141 jus
3488 1072 3544 1123 in
3577 1086 3716 1141 per-

2018 1168 2254 1230 petuum
2282 1160 2584 1230 pertineat.
2617 1161 2860 1230 Insuper
2894 1167 3086 1214 autem
3129 1161 3391 1213 volumus
3438 1166 3499 1212 ut
3557 1161 3717 1212 nulla

2019 1249 2205 1317 major
2237 1249 2354 1301 sive
2381 1248 2569 1300 minor
2607 1248 2768 1316 regni
2802 1248 2976 1300 nostri
3011 1263 3256 1317 persona
3291 1247 3348 1300 in
3371 1247 3568 1300 eadem
3611 1248 3717 1299 ab-

2024 1337 2176 1390 batia
2211 1336 2481 1406 placitum
2515 1336 2697 1389 facere
2724 1343 2823 1388 aut
2850 1336 3104 1405 aliquam
3133 1335 3240 1388 sibi
3273 1334 3592 1388 molestiam
3629 1335 3716 1387 in-

2018 1425 2167 1478 ferre
2196 1425 2282 1478 vel
2316 1424 2605 1494 publicam
2633 1423 2994 1477 funccionem
3043 1438 3323 1487 exercere,
3383 1422 3492 1476 nisi
3538 1423 3713 1475 advo—

2019 1517 2176 1565 catus
2202 1512 2505 1566 abbatissaa
2536 1518 2979 1582 sanctarumque
3009 1511 3368 1564 monialium.
3403 1512 3514 1565 Hoc
3541 1511 3716 1564 etiam

2020 1605 2212 1654 nostra
2243 1601 2420 1670 regali
2468 1601 2809 1653 auctoritate
2831 1600 3016 1652 eidem
3051 1599 3419 1652 concedimus
3473 1599 3715 1652 abhatia:

2021 1694 2086 1742 ut
2138 1693 2345 1742 sancta:
2386 1689 2664 1742 moniales
2703 1688 2958 1757 ejusdem
3015 1687 3368 1749 monasterii,
3422 1688 3710 1741 abbatissa

2021 1776 2307 1839 defuncta,
2353 1776 2640 1830 licentiam
2693 1775 2944 1829 habeant
2969 1775 3222 1845 eligendi
3273 1775 3446 1829 aliam
3479 1775 3548 1828 ad
3608 1775 3721 1828 hoc

2027 1865 2313 1918 idoneam.
2345 1866 2407 1918 Et
2436 1870 2500 1918 ut
2527 1865 2702 1933 hujus
2735 1869 2943 1918 nostrae
2974 1863 3332 1917 auctoritatis
3361 1869 3718 1933 prmeeptum

2025 1952 2250 2006 tirmius
2263 1952 2692 2022 omnitempore
2715 1957 3061 2021 perseveret,
3084 1952 3228 2004 hanc
3245 1951 3516 2020 paginam
3539 1967 3715 2004 manu

2026 2041 2262 2112 propria
2317 2041 2674 2106 roborantes,
2725 2039 2914 2110 sigillo
2965 2043 3158 2092 nostro
3232 2039 3508 2108 jussimus
3579 2038 3721 2092 insi-

2026 2129 2197 2200 gniri.

2096 2217 2330 2283 Signum
2375 2216 2560 2270 damni
2613 2216 2853 2269 Heinrici
2899 2215 3085 2281 (L.M.)
3136 2217 3281 2280 regis
3355 2216 3725 2269 invictissimi.

2101 2305 2424 2374 Egilbertus
2471 2303 2840 2357 cancellarius
2887 2302 3006 2355 vice
3064 2302 3328 2373 Willigisi
3378 2302 3729 2372 archicapel-

2029 2393 2140 2446 lani
2175 2392 2390 2445 notavi.

2103 2481 2240 2534 Data
2271 2496 2369 2533 un.
2406 2481 2548 2534 Non.
2581 2478 2909 2542 Novembr.,
2937 2493 3090 2531 anno
3127 2477 3435 2531 Domimcze
3467 2475 3728 2530 incarna-

2033 2568 2200 2622 tionis
2235 2569 2390 2632 1004,
2425 2566 2742 2620 indictione
2791 2583 2850 2627 ιι,
2907 2582 3059 2618 anno
3123 2581 3255 2618 vero
3318 2564 3517 2618 domni
3559 2565 3728 2618 Hein-

2029 2656 2132 2710 rici
2162 2658 2213 2709 Il
2245 2655 2396 2725 regis
2427 2672 2505 2708 ιιι.
2538 2657 2742 2709 Actum
2768 2653 3162 2723 Magadeburc.

2811 2777 2941 2830 XXI.

2032 2888 2278 2955 Diploma
2309 2885 2364 2939 S.
2397 2885 2622 2938 Ilenrici
2662 2882 3048 2936 Keminadensi
3074 2883 3351 2948 virginum
3404 2883 3729 2935 monasterio

2714 2985 3015 3024 concessum
3027 3008 3042 3022 .

2677 3077 2865 3142 (Anno
2919 3074 3094 3140 tOO-i.)

2034 3184 2431 3237 Monasterium
2481 3181 2579 3235 sub
2636 3195 2738 3233 sua
2786 3180 3118 3247 proiectione
3170 3178 3401 3244 suscipit
3426 3180 3476 3228 et
3518 3176 3729 3227 monia—

2197 3270 2337 3323 Iibus
2366 3273 2683 3337 potestatem
2710 3267 2966 3334 eligenda
2991 3266 3274 3318 abbatissm
3306 3263 3560 3317 concedit.

2353 3355 2644 3427 [Martene,
2673 3357 2864 3424 Ampi.
2935 3355 3147 3411 Collect.
3186 3355 3226 3418 Ι,
3261 3354 3405 3417 365.]

2107 3466 2165 3518 ln
2198 3463 2433 3517 nomine
2472 3468 2682 3516 sanctae
2737 3468 2788 3516 et
2841 3461 3151 3514 individua:
3203 3458 3518 3524 Trinitatis,
3573 3458 3728 3510 Hen-

2034 3567 2186 3606 iucus
2211 3550 2404 3605 divina
2434 3551 2659 3605 favente
2689 3549 2992 3604 clementia
3011 3565 3128 3602 rex.

2106 3638 2376 3694 Omnium
2389 3643 2597 3692 sanctae
2615 3637 2713 3691 Dei
2730 3637 2985 3691 Ecclesiae
3000 3641 3438 3704 nostrorumque
3451 3631 3729 3698 ﬁdelium,

2034 3725 2406 3796 praesentium
2437 3741 2502 3779 ac
2529 3723 3206 3792 futurorum,comperiat
3231 3720 3575 3776 universitas
3599 3735 3734 3789 qua-

2035 3815 2167 3869 liter
2186 3814 2422 3867 domina
2440 3813 2752 3867 Frideruna
2765 3828 2987 3865 necnon
3003 3810 3308 3868 abbatissa.
3324 3811 3559 3878 ejusque
3573 3823 3734 3860 soror

2038 3904 2220 3957 Imma
2241 3901 2543 3964 comitissa,
2568 3903 2790 3955 Gerone
2816 3899 3023 3953 comite
3045 3899 3370 3969 adjuvante,
3403 3901 3734 3950 construxe-

2041 3997 2176 4044 runt
2198 3990 2488 4060 quoddam
2521 3988 2664 4059 (t08)
2695 3988 3107 4042 monasterium
3137 3987 3196 4040 in
3220 3987 3495 4040 honorem
3523 3988 3732 4036 sanctae

2043 4079 2142 4132 Dei
2159 4077 2448 4147 genitricis
2461 4083 2517 4130 et
2537 4083 2829 4148 perpetua:
2841 4075 3080 4146 virginis
3095 4074 3280 4129 Mariae
3299 4073 3647 4137 dedicatum,
3665 4071 3734 4125 ad

2041 4167 2195 4236 quod
2224 4182 2455 4219 omnem
2480 4165 2894 4231 hazreditatem,
2929 4166 3034 4217 hoc
3056 4169 3140 4216 est
3193 4161 3594 4224 Keminadam,
3630 4161 3734 4214 Ho-

2042 4270 2176 4324 gen,
2224 4253 2432 4323 Barigi,
2463 4252 2828 4316 Tundivium,
2851 4253 3092 4319 Othere;
3124 4252 3245 4304 haec
3274 4254 3409 4302 sunt
3445 4249 3506 4302 in
3535 4247 3734 4302 Tilicbi

2041 4344 2320 4396 Warstan.
2380 4343 2442 4395 in
2497 4345 2660 4411 Auga
2693 4341 2942 4406 Rohten,
2975 4340 3032 4393 in
3065 4337 3469 4392 Wakenafalde
3531 4336 3734 4389 Barde-

2043 4431 2174 4497 wik,
2227 4431 2756 4492 Hottmannessum,
2809 4427 3091 4497 Wintorp,
3169 4425 3452 4494 Britlingi,
3514 4423 3733 4493 Biangi,

2046 4518 2361 4588 Budiburg,
2433 4517 2858 4587 Addunestorp,
2935 4515 3272 4579 Hatterbiki,
3335 4513 3736 4578 Bodenhusen,

2044 4606 2381 4671 Suterburg,
2444 4605 2504 4658 in
2553 4606 2851 4675 Gardanga
2911 4603 3210 4673 Clomkey;
3242 4602 3302 4656 in
3344 4603 3566 4655 Drevan
3595 4599 3741 4670 Wig-

2047 4693 2576 4764 manueshurgscal,
2655 4695 3045 4761 Bennestorp;
3130 4691 3189 4744 in
3251 4688 3452 4744 Mosidi
3515 4687 3736 4751 Widila,

2047 4781 2404 4848 Waldersidi,
2435 4780 2804 4845 Kokerbilki;
2835 4781 2894 4832 in
2929 4779 3204 4847 Heilanga
3251 4777 3488 4838 Holana,
3519 4779 3732 4829 Aunse-

2047 4871 2180 4935 tila;
2222 4869 2282 4922 in
2332 4871 2657 4938 Hostrunga
2700 4866 3053 4938 Hepenstidi,
3110 4864 3366 4935 Sungad,
3429 4867 3742 4933 cunctaque

2049 4973 2246 5011 eorum
2277 4956 2368 5010 hic
2399 4962 2837 5027 praememorata
2865 4953 3102 5024 {praedia
3160 4951 3486 5023 gratissima
3540 4951 3742 5002 volun—

2048 5050 2163 5099 tate
2212 5045 2588 5099 tradideruut.
2640 5043 2779 5108 Quae
2825 5058 2959 5095 vero
3017 5042 3127 5094 sita
3183 5038 3406 5093 suntin
3465 5036 3738 5090 comitatu

2053 5132 2286 5187 Bevardi
2317 5133 2497 5198 ducis,
2531 5133 2701 5197 unde,
2739 5136 2993 5185 nostram
3028 5129 3284 5199 regalem
3313 5140 3597 5196 aggressa:
3631 5140 3740 5177 ma-

2043 5222 2336 5292 jestatem,
2374 5222 2659 5291 supplices
2713 5223 3082 5289 rogaverunt,
3127 5222 3190 5270 ut
3220 5215 3411 5286 ipsum
3451 5216 3739 5267 monaste-

2052 5309 2202 5362 rium
2236 5309 2296 5362 iu
2326 5314 2523 5363 nostro
2565 5306 2979 5376 mundiburgio
3011 5304 3452 5374 susciperemus,
3503 5299 3744 5370 talisque

2053 5398 2336 5453 libertatis
2381 5414 2446 5452 ac
2503 5397 2641 5471 legis
2695 5396 3008 5466 primatum
3067 5393 3536 5458 concederemus,
3606 5404 3744 5458 qua-

2055 5571 2320 5648 conrado
2363 5573 2407 5648 ll
2431 5570 2778 5648 imperatore
2831 5575 2887 5648 et
2925 5567 3181 5648 Eugenio
3210 5583 3360 5637 papa
3396 5567 3491 5630 lll,
3520 5563 3748 5617 tandem

2059 5646 2126 5699 ad
2155 5641 2604 5696 Brunswiceuses
2634 5641 2804 5694 duces
2829 5641 3075 5693 transiit.
