3980 6416
168 360 273 411 257

166 575 368 625 tenere
398 570 682 623 viderunt.
729 569 890 634 Quod
927 586 1026 623 nos
1056 570 1333 640 petitione
1376 570 1712 623 Theoderici
1745 570 1889 624 Min-

167 659 444 712 donensis
486 659 738 729 episcopi
795 657 993 712 fecisse
1035 658 1272 712 omnino
1303 664 1500 711 noscat
1546 658 1889 712 universitas

167 746 450 801 ﬁdelium.
494 746 578 801 Ad
628 747 737 801 hoc
770 746 1079 799 statuimus
1110 751 1170 799 ut
1202 746 1262 799 in
1294 746 1547 817 praefatae
1586 746 1887 800 abbatissa:

168 851 408 906 suaeque
462 834 673 888 sororis
729 834 1035 888 comitissae
1085 834 1422 905 praedictum
1468 835 1888 888 monasterium

168 927 225 977 et
281 923 513 976 abbatia
574 928 770 977 nostro
833 924 1105 992 persistat
1158 939 1439 976 consensu
1495 922 1697 977 diebus
1758 922 1889 975 vitm

168 1026 411 1076 eorum;
473 1014 605 1080 post
663 1010 884 1065 obitum
936 1027 1071 1064 vero
1124 1017 1502 1081 utrarumque
1551 1027 1752 1064 earum
1816 1010 1887 1064 ad

166 1104 431 1152 nostrum
463 1098 760 1169 publicum
792 1099 994 1153 eadem
1034 1099 1260 1153 abbatia
1303 1100 1399 1169 jus
1441 1099 1499 1153 in
1546 1103 1888 1169 perpetuum

167 1188 477 1257 pertineat.
531 1188 774 1257 Insuper
825 1192 1017 1241 autem
1067 1188 1337 1249 volumus,
1386 1191 1449 1241 ut
1496 1187 1653 1240 nulla
1704 1186 1892 1256 major

166 1282 269 1329 aut
315 1277 508 1329 minor
556 1276 719 1346 regni
767 1276 947 1329 nostri
1005 1291 1252 1345 persona
1296 1276 1356 1328 in
1411 1275 1610 1329 eadem
1661 1274 1889 1328 abbatia

167 1363 449 1433 placitum
482 1364 688 1430 facere,
732 1370 832 1416 aut
879 1364 1131 1434 aliquam
1163 1363 1269 1417 sibi
1301 1363 1624 1417 molestiam
1654 1363 1885 1427 inferre,

168 1452 259 1504 vel
291 1452 581 1521 publicam
624 1451 978 1505 functionem
1010 1452 1237 1521 exigere
1272 1450 1500 1520 [suppl.,
1531 1452 1886 1521 prmsumat],

168 1539 285 1593 nisi
339 1542 647 1594 advocatus
692 1540 993 1594 abbatissa:
1028 1546 1481 1611 cunctarumque
1528 1541 1886 1594 monialium.

169 1628 288 1682 Hoc
338 1629 510 1682 etiam
560 1635 752 1682 nostra
795 1629 974 1697 regali
1034 1629 1368 1681 auctoritate
1410 1629 1478 1682 ad
1532 1629 1641 1682 hoc
1688 1644 1889 1682 conce-

165 1719 366 1774 dimus
418 1718 684 1780 abbatim,
749 1722 809 1769 ut
856 1717 1319 1769 sanctimoniales
1373 1718 1629 1786 ejusdem
1686 1733 1884 1770 mona-

165 1806 356 1869 sterii,
400 1806 680 1858 al-batissa
722 1804 1008 1866 defuncta,
1042 1805 1331 1858 licentiam
1363 1805 1611 1858 habeant
1642 1804 1890 1874 eligendi

166 1894 347 1947 aliam
403 1894 474 1946 ad
531 1894 638 1946 hoc
697 1894 984 1946 idoneam.
1046 1895 1109 1947 Et
1164 1898 1226 1946 ut
1279 1899 1486 1946 nostrte
1535 1894 1891 1947 auctoritatis

166 1988 532 2053 praeceptum
579 1981 805 2035 ﬁrmius
850 1981 1008 2034 omni
1057 1987 1317 2052 tempore
1358 1986 1699 2051 perseveret,
1744 1982 1891 2035 hanc

166 2071 449 2141 paginam
483 2086 658 2123 manu
702 2070 938 2139 propria
978 2069 1313 2123 robor-antes
1345 2070 1509 2139 signo
1541 2074 1739 2123 nostro
1766 2070 1893 2139 jus-

170 2161 362 2211 sinius
396 2158 683 2227 insigniri.

244 2244 479 2310 Signum
500 2243 687 2296 damni
710 2245 928 2297 Henrici
950 2244 1093 2310 regis
1115 2243 1483 2295 invictissimi.

248 2332 550 2399 Egibertns
601 2330 973 2384 cancellarius
1012 2346 1129 2383 vxce
1167 2328 1425 2399 Willigisi
1454 2329 1894 2399 archicapellani

167 2420 389 2472 notavi.

249 2508 391 2561 Data
440 2523 490 2560 IV
534 2508 722 2560 Nonas
756 2506 1113 2570 Novembris,
1160 2522 1313 2559 anno
1349 2505 1663 2560 Dominicaa
1708 2506 1892 2559 incar-

166 2595 433 2649 nationis
479 2597 633 2663 lOOi»,
669 2595 983 2649 indictione
1032 2610 1090 2659 ιι,
1134 2610 1285 2648 anno
1338 2610 1471 2647 vero
1509 2594 1706 2648 domni
1744 2595 1895 2649 Ilen-

172 2685 276 2737 rici
313 2684 485 2753 regis.
534 2728 545 2737 .
594 2724 605 2737 .
655 2724 667 2737 .

243 2777 450 2825 Actum
485 2771 891 2841 Magadebnrg.

990 2860 1145 2913 XXII.

244 2950 304 3001 S.
366 2948 643 3002 Henricus
692 2949 944 3003 Ecclesiae
989 2949 1257 3003 Comensis
1287 2947 1581 3015 privilegia
1612 2946 1897 3011 conﬁrmat

719 3041 769 3089 et
783 3039 1145 3106 possessiones
1175 3040 1356 3102 auget.

841 3126 1025 3193 (Anno
1062 3122 1240 3192 1004.)

555 3212 832 3283 [Ughelli,
868 3214 1043 3266 Italia
1080 3227 1258 3277 sacra,
1294 3211 1352 3273 V,
1382 3211 1531 3279 280]

251 3303 315 3355 In
348 3301 587 3355 nomine
615 3308 826 3354 sanctae
852 3307 908 3354 et
931 3299 1245 3355 individua:
1263 3299 1577 3363 Trinitatis,
1616 3301 1900 3354 llexmcrs

182 3391 536 3443 Francorum
565 3392 895 3460 pariterque
920 3388 1424 3458 Longobardorum
1453 3387 1645 3440 divina
1676 3387 1899 3441 favente

180 3478 495 3531 clementia
526 3494 646 3531 rex.
1090 3482 1097 3489 ’

252 3567 468 3619 Notum
514 3566 587 3618 sit
638 3564 907 3619 omnibus
964 3562 1171 3617 nostris
1222 3562 1483 3617 lidelibus
1512 3560 1670 3631 quia,
1724 3561 1900 3615 inter-

183 3660 358 3708 ventu
418 3652 686 3706 Everardi
735 3652 977 3706 Cumani
1008 3651 1261 3722 episcopi
1308 3650 1502 3705 divino
1536 3654 1818 3719 respectu,
1847 3655 1905 3703 et

182 3742 445 3795 remedio
498 3740 1047 3810 gloriosissimorum
1095 3754 1522 3792 antecessorum
1574 3744 1900 3789 nostrorum

184 3829 630 3900 imperatorum,
661 3833 715 3881 et
748 3828 1163 3897 propagatione
1194 3825 1357 3895 regni
1408 3824 1606 3889 nostri,
1639 3824 1904 3877 dedimus

183 3918 242 3971 in
286 3920 584 3987 integrum
634 3934 699 3970 ac
744 3918 802 3969 in
850 3922 1195 3985 perpetuum
1248 3915 1303 3968 S.
1359 3913 1626 3967 Abundio
1670 3928 1902 3965 omnem

187 4008 340 4060 illam
379 4013 604 4076 partem
638 4005 707 4058 de
757 4011 941 4057 castro
986 4003 1315 4066 Berinzona,
1367 4017 1496 4071 quae
1537 4001 1603 4054 ad
1650 4006 1901 4053 nostram

188 4096 480 4163 publicam
515 4092 796 4163 pertinuit
833 4099 951 4145 tam
980 4091 1137 4144 intus
1166 4106 1339 4161 quam
1372 4089 1529 4152 foris,
1557 4104 1685 4141 cum
1718 4087 1902 4140 omni-

188 4183 286 4236 bus
326 4181 686 4253 appendiciis
736 4187 794 4234 et
835 4179 1196 4251 pertinentiis
1244 4178 1382 4244 suis,
1433 4194 1562 4230 cum
1616 4177 1944 4237 merentis,-

188 4271 496 4332 tlieloneis,
542 4285 674 4322 cum
727 4268 993 4321 omnibus
1043 4266 1288 4336 publicis
1335 4265 1615 4319 reditibus
1663 4270 1718 4318 et
1771 4264 1902 4317 fun-

189 4360 496 4424 ctionibus,
530 4374 660 4411 cum
701 4356 825 4426 ipsa
850 4369 1082 4427 quoque
1122 4362 1306 4425 porta,
1349 4369 1479 4424 quas
1509 4354 1738 4423 publico
1772 4352 1901 4405 usui

190 4446 468 4502 hactenus
497 4444 825 4508 deservivit,
877 4451 941 4496 ut
987 4444 1185 4506 libere,
1230 4458 1448 4505 secure,
1483 4442 1698 4511 quiete,
1746 4440 1899 4510 paci-

192 4538 289 4589 tice
321 4552 458 4589 cum
502 4534 664 4599 omni
698 4538 1016 4603 potestate;
1051 4537 1107 4584 et
1152 4530 1306 4584 idem
1343 4530 1652 4583 Everardus
1685 4530 1901 4599 episco-

193 4641 291 4695 pus
322 4627 641 4688 Cumanus,
678 4638 782 4692 pro
823 4622 1155 4690 integritate
1201 4635 1316 4672 suae
1370 4618 1504 4672 lidei
1555 4623 1609 4671 et
1653 4618 1903 4688 puritate

195 4714 431 4779 servitii,
462 4718 520 4764 et
551 4727 755 4765 omnes
788 4708 873 4762 sui
899 4724 1252 4762 successores
1284 4707 1535 4761 habeant
1562 4712 1621 4762 et
1648 4709 1901 4769 teneant,

196 4807 247 4854 et
282 4800 567 4873 quidquid
620 4814 822 4853 eorum
879 4798 1138 4850 voluntas
1187 4796 1520 4859 decreverit,
1576 4794 1645 4847 ad
1688 4795 1904 4847 cultum

198 4889 447 4944 dixinum
480 4888 733 4951 faciant;
765 4885 899 4957 quia
934 4886 1268 4955 praedictum
1307 4889 1556 4937 castrum
1606 4882 1908 4936 Biriuzona

198 4992 315 5031 cum
367 4978 645 5033 omnibus
694 4991 823 5045 qua:
876 4979 945 5029 ad
1001 4974 1144 5029 illud
1205 4974 1360 5027 intus
1415 4978 1513 5026 aut
1544 4971 1679 5025 foris
1731 4970 1907 5041 perti-

202 5077 465 5131 nuerunt,
520 5082 554 5119 a
609 5070 801 5118 nostro
853 5064 986 5133 jure
1048 5070 1105 5116 et
1158 5061 1441 5127 dominio,
1499 5066 1557 5114 et
1626 5059 1697 5113 ab
1749 5058 1909 5112 omni

202 5156 417 5222 publica
452 5153 817 5224 repetitione,
861 5153 920 5205 in
945 5152 1041 5222 jus
1081 5157 1138 5205 et
1185 5150 1507 5205 dominium
1555 5147 1610 5203 S.
1656 5145 1911 5201 Abundii

271 5332 408 5397 (109)
442 5327 864 5385 Canderslieim
896 5326 1319 5381 nobilissimum
1361 5324 1655 5397 virginum
1683 5321 1917 5397 Benedi-

208 5393 477 5457 ctiuaruui
546 5406 962 5453 monasterium
1021 5400 1079 5451 in
1139 5398 1345 5451 ducatu
1410 5393 1821 5449 Brunswicensi
1883 5409 1913 5445 a

212 5468 498 5543 Liutolpho
548 5473 838 5523 Saxonum
885 5472 1027 5543 duce
1062 5473 1129 5543 _et
1177 5471 1295 5522 Uda
1333 5467 1456 5537 ejus
1496 5467 1741 5535 Coujugc
1789 5462 1914 5517 fun-

212 5540 393 5597 datuui
422 5546 527 5599 l'uit
565 5544 634 5596 cis
654 5558 718 5593 ca
745 5555 957 5593 annum
985 5541 1108 5593 852.

276 5618 413 5686 (110)
450 5614 606 5669 Istud
638 5611 1050 5666 monasterium
1090 5607 1348 5663 condidit
1378 5606 1666 5663 Mathildis
1696 5604 1915 5675 regina,

1441 359 1837 414 DIPLOSIATA
1877 356 2436 414 ECCLESIASTICA.

166 484 282 537 lem
318 484 469 553 (l09)
494 480 905 536 Gandersbeim
927 483 1099 552 (ΗΟ),
1136 480 1544 551 Guintiliburg,
1583 482 1886 537 Gernivisti
1923 485 1971 536 Α
2000 481 2239 536 omnino
2308 480 2781 546 transfundimus,

3602 363 3707 413 258

2860 480 3139 540 dedimus,
3221 481 3580 549 donavimus,
3645 490 3711 537 ut

1996 570 2212 641 absque
2240 569 2358 623 ullo
2403 575 2662 639 respectu
2718 574 2774 623 et
2818 569 2939 622 sine
3001 570 3159 623 omni
3214 570 3445 640 publica
3488 571 3711 642 inquie-

1995 659 2216 725 tudine,
2265 657 2459 711 omnia
2506 658 2830 728 supradicta
2870 657 3217 728 pertinentia
3262 674 3392 711 cum
3434 660 3611 711 servis
3655 664 3713 712 et

1997 747 2215 801 ancillis
2249 746 2326 800 ita
2356 752 2610 807 teneant,
2646 746 2927 816 judicent,
2972 746 3263 811 ordinent,
3315 746 3458 800 sicut
3505 752 3712 801 caetera

1995 836 2137 899 loca,
2181 850 2310 905 qua;
2358 840 2489 888 ante
2546 841 2779 888 centum
2833 850 3012 887 annos
3066 836 3308 888 ecclesia
3354 834 3408 888 S.
3459 834 3709 888 Abundii

1998 922 2318 995 acquisivit,
2356 928 2412 976 et
2442 922 2644 976 tenuit.
2683 923 2851 975 Decet
2883 922 3036 975 enim
3079 928 3136 975 et
3167 938 3347 993 regno
3380 929 3580 993 nostro
3626 928 3711 975 est

1996 1012 2416 1065 incrementum
2460 1011 2529 1065 de
2573 1011 2644 1064 iis
2684 1027 2814 1081 quae
2866 1011 3015 1064 Deus
3060 1010 3242 1077 dedit,
3282 1010 3524 1075 donare,
3569 1015 3627 1064 et
3659 1010 3711 1064 ei

1998 1101 2278 1154 honorem
2321 1100 2642 1154 retribuere
2700 1099 2801 1169 qui
2862 1098 3041 1169 gratis
3091 1098 3353 1161 honorat,
3404 1104 3461 1153 et
3508 1114 3542 1151 a
3594 1114 3709 1169 quo

1999 1188 2188 1243 omnis
2218 1189 2404 1242 honor
2423 1188 2700 1257 procedit.
2736 1188 3090 1241 Honoremus
3122 1203 3260 1257 ergo
3289 1192 3534 1255 sanctos,
3566 1187 3709 1241 dite-

1999 1293 2127 1331 mus
2159 1278 2281 1331 loca
2311 1282 2662 1344 sanctorum,
2713 1281 2769 1329 et
2811 1276 2963 1345 ipsos
3007 1276 3160 1345 apud
3209 1277 3388 1329 Deum
3422 1277 3711 1345 adjutores

1999 1367 2313 1421 habeamus
2363 1372 2420 1420 et
2468 1366 2896 1419 intercessores.
2947 1366 3053 1418 Per
3110 1365 3218 1418 hoc
3273 1364 3428 1417 enim
3486 1366 3710 1433 praede-

1998 1470 2246 1509 cessores
2290 1454 2472 1507 nostri
2505 1454 2751 1507 multum
2788 1455 2902 1507 Deo
2944 1453 3311 1522 placuerunt,
3351 1468 3456 1522 per
3498 1452 3607 1504 hoc
3658 1457 3714 1505 et

2000 1560 2104 1597 nos
2143 1559 2438 1614 speramus
2477 1548 2536 1598 et
2578 1543 2707 1595 vita:
2740 1542 2981 1595 salutem
3023 1546 3078 1593 et
3108 1541 3271 1610 regni
3302 1546 3705 1608 augmentum,

1999 1638 2057 1687 et
2085 1633 2241 1702 pacis
2286 1631 2793 1701 prosperitatisque
2827 1631 3133 1683 honorem.
3188 1630 3462 1683 Jubemus
3508 1628 3707 1698 igitur,

2000 1726 2063 1774 ut
2108 1721 2301 1774 nullus
2351 1720 2482 1785 dux,
2544 1720 2815 1783 marchio,
2872 1734 3083 1783 comes,
3133 1717 3465 1782 vicecomes,
3517 1719 3713 1770 nullus

2004 1810 2255 1875 Latinus,
2308 1809 2499 1862 nullus
2529 1810 2935 1873 Tlieutonicus,
2971 1809 3129 1859 nulla
3177 1807 3341 1875 regni
3374 1806 3554 1859 nostri
3584 1822 3712 1859 ma-

2001 1916 2112 1968 gna
2143 1900 2228 1951 vel
2274 1914 2446 1969 parva
2486 1913 2731 1967 persona
2775 1897 3043 1966 deinceps
3094 1896 3164 1949 de
3210 1896 3483 1965 praedicto
3524 1903 3711 1949 castro

2003 1986 2326 2053 Birinzona,
2355 1991 2455 2039 aut
2486 1986 2554 2039 de
2586 1986 2777 2056 aliqua
2817 1985 2939 2055 ejus
2969 1985 3341 2055 pertinentia,
3394 1990 3492 2037 aut
3534 1986 3710 2045 intus,

2001 2081 2101 2129 aut
2148 2076 2284 2129 foris
2334 2076 2450 2128 ullo
2489 2075 2547 2127 in
2587 2080 2847 2143 tempore
2887 2090 2988 2142 per
3033 2074 3266 2143 aliquod
3317 2072 3618 2141 ingenium
3653 2089 3710 2125 se

2003 2165 2384 2218 intromittere
2410 2164 2616 2217 audeat
2647 2180 2749 2216 nec
2781 2178 3032 2233 unquam
3067 2162 3381 2215 ecclesiam.
3416 2162 3473 2215 S.
3517 2162 3710 2215 Abun.

2003 2252 2081 2306 dii
2130 2251 2260 2305 inde
2309 2252 2604 2305 disvestire
2659 2255 2995 2321 prmsumat,
3054 2254 3152 2302 aut
3211 2250 3554 2302 Everardum
3613 2266 3713 2301 no-

2004 2346 2182 2394 strum
2230 2340 2629 2394 ﬁdelissimum
2679 2340 3013 2409 episcopum
3062 2340 3404 2401 Cumanum,
3447 2345 3546 2391 aut
3594 2339 3717 2405 ejus

2004 2430 2184 2483 ullum
2234 2445 2615 2482 successorem
2669 2428 2801 2481 inde
2850 2427 3190 2498 inquietare,
3242 2428 3566 2492 molestare,
3619 2432 3717 2478 aut

2004 2519 2291 2589 perillum
2327 2518 2599 2588 placitum
2652 2517 2891 2587 fatigare
2937 2516 3261 2570 contendat.
3317 2516 3373 2570 Si
3430 2516 3560 2586 quis
3618 2532 3716 2567 au-

2005 2614 2118 2660 tem
2150 2606 2366 2672 fecerit,
2394 2607 2550 2659 mille
2584 2607 2759 2659 libras
2799 2604 3184 2675 probatissimi
3215 2603 3341 2656 auri
3381 2609 3714 2671 eoinponat,

2008 2694 2374 2749 medietatem
2421 2694 2603 2759 nobis,
2654 2699 2711 2747 et
2757 2693 2810 2747 S.
2867 2692 3130 2746 Abundio
3179 2694 3456 2753 alteram;
3505 2697 3561 2745 et
3610 2694 3714 2745 hoc

2007 2789 2357 2853 praeceptum
2430 2782 2788 2853 temporibus
2854 2781 3126 2836 omnibus
3190 2781 3248 2833 in
3308 2797 3410 2834 sua
3488 2787 3719 2833 maneat

2006 2872 2295 2925 ﬁrmitate.
2353 2870 2512 2934 Quod
2573 2874 2635 2923 ut
2687 2870 2877 2923 verius
2928 2871 3215 2934 credatur,
3269 2874 3325 2922 et
3376 2868 3715 2937 diligentius

2006 2958 2355 3023 observetur,
2406 2960 2515 3011 hoc
2569 2964 2922 3028 prteceptum
2975 2956 3144 3009 scribi
3194 2955 3493 3023 jussimus,
3541 2972 3715 3009 manu

1936 3041 1975 3094 C
2011 3052 2205 3101 nostra
2256 3046 2633 3113 ﬁrmavimus,
2685 3052 2743 3099 et
2784 3051 2978 3099 nostro
3037 3044 3226 3114 sigillo
3269 3044 3518 3113 insignia
3565 3060 3719 3114 prte-

2009 3136 2284 3206 cepimus.

2081 3226 2305 3291 Signum
2328 3227 2390 3277 D.
2422 3225 2645 3278 Ilenrici
2672 3224 3021 3277 invictissimi
3050 3224 3217 3286 regis.

2081 3313 2400 3383 Egilbertus
2449 3312 2819 3366 cancellarius
2868 3312 2936 3363 ad
2987 3310 3167 3364 vicem
3222 3308 3482 3378 Villigisii
3528 3308 3716 3362 archi-

2009 3400 2291 3470 capellani
2330 3400 2682 3468 recognovit.

2083 3490 2206 3543 Dat.
2263 3505 2301 3541 ll
2362 3488 2438 3541 Id.
2493 3486 2671 3551 Junii,
2731 3502 2882 3539 anno
2935 3485 3246 3539 Dominicae
3296 3484 3710 3539 incarnationis

2010 3577 2315 3630 millesimo
2348 3583 2575 3646 quarto,
2610 3574 2923 3628 indictione
2969 3574 3237 3636 secunda,
3292 3589 3443 3627 anno
3485 3588 3618 3625 vero
3652 3572 3712 3624 D.

2013 3664 2243 3720 Henrici
2303 3664 2354 3717 Il
2413 3664 2564 3729 regis
2622 3664 2808 3717 tertio.
2872 3668 3079 3716 Actum
3133 3662 3189 3715 in
3247 3663 3610 3717 Lacunavara
3661 3660 3716 3713 in

2015 3754 2114 3807 Dei
2144 3752 2372 3807 nomine
2412 3752 2674 3805 feliciter.
2715 3755 2911 3805 Amen.

2778 3839 2963 3894 XXIII.

2087 3948 2143 4002 S.
2175 3949 2395 4001 Henrici
2426 3946 2669 4015 diploma
2712 3962 2811 4015 per
2860 3944 3005 4014 quod
3049 3944 3321 4014 prmdium
3358 3942 3731 4012 Pipinesdorﬂ

2228 4036 2485 4089 Ecclesiae
2532 4034 3239 4089 Wormatimszliberalitcr
3277 4034 3505 4097 con/“ert.

2668 4143 2852 4211 (Anno
2898 4140 3076 4210 lOOi.)

2215 4250 2540 4317 {Schannah
2581 4248 2941 4316 Episcopatus
2982 4247 3270 4309 Wormat.,
3302 4247 3376 4306 Il,
3411 4242 3520 4315 36.]

2086 4351 2148 4402 In
2178 4348 2408 4403 nomine
2433 4350 2641 4399 sanctae
2663 4353 2719 4399 et
2744 4346 3054 4399 individum
3077 4345 3392 4411 Trinitatis,
3430 4345 3727 4398 HEINBICL‘S

2014 4438 2207 4492 divina
2241 4437 2461 4489 favente
2488 4434 2793 4487 clementia
2823 4449 2940 4486 rex.

2087 4525 2143 4577 Si
2188 4526 2309 4577 loca
2353 4530 2682 4575 sanctorum
2731 4520 3161 4573 muniticientize
3209 4518 3416 4587 regalis
3462 4517 3724 4587 largitate

2015 4612 2410 4674 sublimamus,
2447 4611 2553 4663 hoc
2581 4610 2746 4662 nobis
2768 4616 2882 4662 tam
2908 4610 2965 4661 in
2997 4607 3294 4677 praesentis
3326 4607 3453 4660 vitae
3485 4607 3727 4665 decursu

2016 4717 2191 4771 quam
2232 4700 2289 4752 in
2325 4700 2531 4752 futura:
2564 4697 2762 4767 gloriae
2794 4702 2945 4750 statu
2983 4696 3250 4765 prodesse
3284 4695 3503 4765 liquido
3537 4696 3717 4765 profi-

2016 4796 2225 4843 temur.
2288 4785 2532 4840 Proinde
2590 4786 2809 4839 noverit
2865 4784 3129 4837 omnium
3190 4791 3401 4838 sanctae
3465 4785 3562 4837 Dei
3622 4785 3723 4838 Ec-

2018 4878 2200 4931 clesia)
2262 4881 2707 4944 nostrorumque
2768 4874 3025 4927 tidelium
3096 4872 3399 4937 industria,
3481 4873 3731 4943 qualiter

2022 4964 2377 5020 Burchardus
2425 4971 2634 5016 sanctae
2685 4962 3115 5016 Wormatiensis
3178 4963 3436 5015 Ecclesia:
3491 4977 3735 5015 venera-

2020 5054 2149 5107 bilis
2179 5054 2410 5122 prassul,
2461 5057 2713 5104 nostram
2772 5051 2991 5120 regiam
3046 5050 3187 5103 adiit
3234 5050 3531 5103 humiliter
3571 5049 3734 5101 obsc-

2021 5158 2187 5196 crans
2225 5140 2633 5202 excellentiam.
2667 5144 2731 5193 ut
2762 5140 3045 5210 praedium
3083 5139 3236 5209 quod
3267 5138 3479 5191 habere
3509 5138 3569 5190 in
3602 5137 3736 5190 villa

2026 5318 2256 5372 Henrici
2297 5317 2546 5388 Aucupis
2593 5316 2747 5386 regis
2793 5316 3211 5388 Germanorum
3244 5311 3476 5388 conjux,
3529 5310 3585 5388 in
3635 5326 3735 5388 co-

2025 5406 2137 5459 que
2197 5389 2300 5441 sub
2358 5382 2629 5459 seec'ulari
2665 5382 2868 5440 habitu
2931 5385 3253 5459 religiusam
3289 5382 3521 5459 ⁸γννὶιιεῐηΔ
3553 5383 3731 5459 duxit.

2024 5451 2207 5513 Situm
2248 5465 2332 5512 est
2374 5469 2567 5512 autem
2618 5458 2676 5511 in
2718 5457 2946 5510 dtOcceSI
3010 5451 3432 5509 Haberstatensi
3476 5456 3531 5504 et
3580 5451 3639 5504 in
3670 5468 3736 5503 eo

2028 5547 2143 5584 una
2173 5546 2305 5584 cum
2332 5530 2574 5583 Henrico
2602 5543 2737 5598 rege
2760 5527 3019 5599 quiescit.
