3980 6446
318 370 420 421 259

1623 369 1677 420 S.
1722 366 2004 421 HENRICI
2047 366 2520 425 IMPERATORIS

3725 372 3827 426 260

315 497 687 566 nuncupante
735 491 1117 564 Pipiuesdorﬂ'
1153 492 1434 559 videmur,
1474 508 1577 546 suo
1625 491 1912 562 episcopio
1951 507 2015 544 ac
2044 493 2091 545 A
2128 495 2270 546 tum.
2327 492 2488 557 Quod
2555 497 2620 548 ut
2687 493 2877 547 verius
2931 494 3210 560 credatur,
3268 493 3717 566 diligentiusque
3760 496 3828 550 ab

316 590 525 640 sanctae
581 581 982 636 Wormatiensi
1041 581 1303 635 Ecclesiae
1357 581 1419 635 in
1477 581 1757 634 honorem
1833 579 2014 633 sancti

316 673 471 729 Petri
519 671 905 743 apostolorum
961 669 1237 740 principis
1295 670 1590 735 dedicatae,
1644 667 1858 738 largiri,
1911 683 2012 721 uo-

317 768 445 816 stras
492 777 598 831 pro
630 759 882 813 remedio
914 758 1144 823 animis,
1177 758 1565 826 dignaremur.
1600 756 1773 826 Cujus
1819 754 2013 826 itaque

315 849 605 922 petitioni,
637 864 742 919 per
771 847 1155 900 interventum
1180 845 1534 915 Cunigundas
1558 850 1764 898 nostras
1794 844 2012 897 dilectte

315 938 578 1008 conjugis
619 936 883 990 videlicet
920 935 1156 1004 reginae,
1202 950 1266 987 ac
1297 949 1401 1003 pro
1443 933 1651 986 futurae
1681 947 2012 985 remunera-

315 1025 487 1080 tionis
540 1028 872 1095 augmento,
925 1037 1219 1075 assensum
1288 1020 1632 1090 praebentes,
1710 1020 2012 1089 praefatum

268 1132 269 1135 ‘
312 1112 620 1185 praedium,
668 1111 825 1182 quod
872 1115 957 1164 est
994 1108 1167 1163 situm
1215 1108 1276 1161 in
1322 1107 1456 1161 villa
1499 1107 1904 1178 Pipinesdorﬂ‘,
1953 1107 2014 1161 in

312 1218 464 1273 pago
498 1200 857 1269 Mulselgowe
884 1198 945 1252 in
989 1197 1264 1251 comitatu
1306 1212 1440 1250 vero
1483 1238 1495 1249 .
1542 1239 1553 1250 .
1601 1238 1612 1249 .
1660 1238 1671 1249 .
1718 1238 1731 1250 .
1790 1196 2014 1266 integre

315 1307 445 1345 cum
496 1287 714 1343 cunctis
760 1287 878 1340 suis
921 1285 1306 1356 pertinentiis,
1355 1285 1461 1339 hoc
1516 1290 1604 1338 est
1644 1284 1811 1351 areis,
1868 1285 2013 1338 aedi-

318 1379 481 1444 ficiis,
552 1375 729 1430 servis
792 1381 849 1429 et
894 1374 1131 1440 ancillis,
1200 1373 1366 1427 terris
1418 1373 1585 1427 cultis
1655 1377 1712 1427 et
1780 1372 2012 1426 incultis

311 1464 508 1535 pratis,
535 1461 782 1532 pascuis,
812 1459 984 1524 silvis,
1017 1457 1437 1522 venationibus,
1465 1462 1595 1521 etc.,
1624 1457 1743 1528 jam
1773 1472 2013 1528 praeme-

313 1557 551 1605 moratas
609 1548 856 1602 ecclesia!
912 1547 1089 1601 sancti
1148 1545 1322 1610 Petri,
1382 1547 1619 1616 ejusque
1675 1544 2009 1612 rectoribus,

311 1638 413 1708 qui
451 1654 556 1708 pro
586 1642 845 1706 tempore
881 1634 956 1689 ibi
988 1634 1236 1688 ordinati
1283 1633 1517 1696 fuerint,
1556 1634 1731 1702 regali
1764 1638 1820 1687 et
1859 1649 2007 1702 prae-

307 1727 513 1796 ceptali
560 1727 664 1779 hac
712 1726 921 1795 pagina
958 1722 1362 1786 conceSsimus,
1420 1727 1475 1775 et
1522 1722 1594 1776 de
1644 1726 1838 1774 nostro
1880 1722 2011 1791 jure

305 1814 366 1867 in
421 1815 545 1883 ejus
567 1815 664 1883 jus
710 1854 724 1867 .
775 1853 789 1866 .
832 1852 845 1865 .
888 1855 902 1866 .
949 1853 960 1865 .
1008 1852 1020 1864 .
1067 1813 1133 1864 ut
1163 1812 1284 1864 haec
1322 1810 1627 1864 auctoritas
1677 1815 1870 1862 nostra
1920 1809 2011 1861 in-

303 1902 631 1956 violabilem
667 1902 722 1954 in
752 1901 850 1954 Dei
874 1900 1108 1953 nomine
1136 1898 1388 1952 obtineat
1413 1898 1805 1962 stabilitatem,
1837 1912 2007 1950 manu

304 1996 499 2044 nostra
549 1990 905 2055 roborantes,
955 2004 1081 2042 eam
1125 1987 1312 2056 sigillo
1356 1992 1547 2041 nostro
1595 1986 1791 2040 subter
1834 1986 2007 2055 jussi-

306 2094 435 2132 mus
466 2077 753 2147 insigniri.

376 2167 603 2232 Signum
630 2165 815 2219 domni
834 2163 1086 2217 .Heinrici
1112 2163 1461 2216 invictissimi
1487 2162 1651 2229 regis.

374 2253 697 2322 Egilbertus
744 2248 1114 2304 caucellarius
1171 2250 1292 2303 vice
1340 2249 1601 2320 Willigisi
1660 2247 2007 2319 archicapel-

301 2340 418 2392 lani
449 2338 800 2408 recognovit.

379 2428 496 2480 Dat.
531 2442 564 2477 v
593 2425 832 2481 Kalend.
874 2423 1152 2489 Januarii,
1187 2440 1339 2478 anno
1385 2424 1694 2479 Dominicaz
1724 2424 2003 2479 incarnat.

306 2514 462 2579 1004,
502 2513 698 2568 indict.
742 2529 801 2579 ιι,
852 2528 1004 2566 anno
1042 2528 1177 2567 vero
1228 2511 1427 2566 domui
1470 2512 1720 2567 Heinrici
1770 2512 2005 2566 secundi

300 2602 466 2671 regni
505 2618 584 2655 ιιι.

371 2693 575 2744 Actum
606 2689 950 2759 Dhornburg
991 2688 1051 2742 in
1085 2688 1183 2742 Dei
1235 2687 1470 2759 nomine
1522 2688 1781 2751 feliciter,
1813 2704 1997 2743 amen.

1063 2776 1241 2830 XXIV.

886 2866 1061 2934 Super
1087 2867 1404 2919 emunitate.

948 2958 1139 3020 (Anno
1178 2955 1355 3018 1004.)

471 3042 659 3113 [Apud
686 3041 976 3111 Ludewig,
1008 3043 1209 3110 Script.
1240 3056 1353 3096 rer.
1389 3042 1578 3096 Germ.
1619 3043 1663 3108 Ι,
1691 3042 1838 3110 330.]

370 3132 431 3185 ln
462 3131 695 3184 nomine
727 3138 937 3184 sanctas
972 3134 1029 3184 ct
1054 3129 1366 3183 individua:
1409 3129 1723 3191 Trinitatis,
1767 3130 1998 3184 Hamm—

301 3234 397 3271 cus
425 3218 619 3272 divina
640 3219 865 3272 favente
886 3217 1206 3283 clemenlia,
1238 3233 1355 3270 rex.

370 3306 512 3369 Quia
540 3305 587 3359 si
607 3306 719 3375 piis
746 3305 847 3358 Dei
878 3305 1280 3359 famulantium
1305 3303 1758 3374 ﬂagitationibus
1782 3319 2001 3358 accom-

299 3394 603 3446 modamus
650 3392 965 3462 benignum
1019 3392 1301 3458 auditum,
1347 3408 1587 3445 summa;
1627 3391 1825 3445 salutis
1868 3393 1999 3447 inde

296 3481 602 3552 provenire
642 3480 807 3534 nobis
845 3480 1243 3533 incunctanter
1290 3479 1580 3534 credimus
1625 3479 1946 3534 remedium
1980 3497 1992 3534 :

298 3570 509 3624 idcirco
540 3568 802 3624 omnium
851 3572 1058 3622 sancta:
1095 3568 1194 3622 Dei
1239 3567 1499 3622 Ecclesiae
1529 3568 1786 3623 fidelium
1820 3584 1999 3622 nove-

296 3658 371 3712 rit
398 3657 760 3729 religiositas,
795 3657 1086 3728 quoniam,
1136 3661 1254 3711 tam
1301 3656 1511 3710 animas
1539 3662 1747 3711 nostra)
1783 3672 1995 3710 consu-

296 3748 497 3813 lentes,
533 3761 704 3817 quam
749 3745 922 3800 etiam
963 3745 1153 3800 dilecti
1196 3744 1378 3798 nostri
1423 3744 1745 3799 Godehardi
1778 3745 1998 3799 abbatis

294 3834 669 3905 petitionibus
739 3833 1222 3903 obtemperantes,
1291 3833 1683 3887 venerabilem
1751 3834 1997 3887 Mauritii

297 3921 563 3991 martyris
602 3921 888 3975 abbatiam
917 3920 1121 3974 Altaha
1164 3926 1575 3990 nuncupatam,
1629 3920 1736 3974 sub
1782 3925 1995 3974 nostrae

296 4008 646 4063 defensionis
670 4008 1144 4062 mundiburdium
1183 4023 1248 4061 ac
1278 4007 1606 4072 tuitionem,
1647 4023 1777 4061 cum
1810 4008 1995 4061 omni-

298 4099 400 4151 bus
433 4096 619 4150 eidem
652 4096 902 4167 praefata:
936 4095 1177 4151 abbatia:
1204 4096 1397 4165 aliquo
1431 4096 1603 4150 modo
1650 4096 1993 4150 adhaerenti-

298 4185 423 4251 bus,
451 4183 599 4237 villis
630 4200 763 4236 vero
812 4182 1105 4248 Iseraliotf,
1154 4182 1489 4250 Suartzaha,
1530 4183 1724 4249 lela,
1753 4183 1990 4252 Gunzia,

298 4271 693 4361 Munichdorif,
746 4270 1063 4361 AP-u‘ecboif,
1121 4269 1535 4361 _O‘bgeranhaus,
1611 4271 1991 4361 Dsterliiigen,
2022 4307 2064 4361 Β

297 4360 669 4429 Gotuolting,
733 4358 1046 4428 Otilingen,
1120 4358 1546 4423 Richerisdoril‘,
1631 4358 1997 4429 Boltheringa

296 4448 658 4519 nuncupatis,
707 4463 808 4501 seu
876 4446 1048 4500 etiam
1103 4446 1325 4500 caeteris
1378 4446 1682 4516 cujuslibet
1738 4446 1997 4501 utilitatis

296 4534 819 4602 commoditatibus,
850 4535 1108 4596 familiis.
1157 4534 1406 4601 tributis,
1439 4534 1775 4601 tributariis,
1827 4534 1998 4588 rebus

297 4623 606 4677 mobilibus
640 4630 694 4676 et
726 4623 1138 4687 immobilibus,
1178 4622 1307 4690 viis,
1339 4622 1527 4687 inviis,
1559 4622 1735 4689 silvis,
1758 4622 1995 4690 saginis,

295 4711 481 4781 aquis,
549 4711 980 4782 piscatiouibus,
1060 4711 1247 4775 molis,
1324 4710 1688 4775 molendinis,
1751 4710 1993 4781 pascuis,

293 4799 668 4869 compescuis,
717 4800 833 4853 sive
876 4799 1072 4868 apium
1124 4800 1363 4870 pascuis,
1405 4800 1662 4870 quesitis
1716 4805 1773 4853 et
1814 4799 2000 4869 inqui‘

296 4887 506 4948 reudis,
554 4902 654 4940 nec
704 4903 815 4940 non
862 4889 1013 4956 justa
1068 4888 1439 4958 acquisitione
1500 4888 1684 4941 eidem
1741 4887 1997 4958 praefatae

293 4975 539 5029 abbatis:
565 4975 948 5044 pertinentiis.
984 4975 1387 5045 Pra>cipientes
1414 4975 1593 5045 igitur
1620 4972 1799 5046 regali
1848 4992 2001 5030 sum-

251 5064 491 5118 ‘mitate
548 5062 827 5116 edicimus
880 5067 945 5116 ut
1014 5064 1208 5116 nullus
1265 5064 1399 5123 dux.
1462 5064 1735 5129 marchio,
1788 5080 1996 5129 comes,

293 5152 627 5217 vicecomes,
705 5148 1046 5216 schuldasio,
1103 5150 1320 5220 scapio,
1378 5167 1479 5204 seu
1536 5151 1727 5221 aliqua
1791 5167 2000 5219 magna

294 5240 381 5293 vel
440 5256 616 5311 parva
664 5254 931 5309 persona,
985 5239 1255 5293 eumdem
1298 5239 1413 5309 jam
1459 5238 1675 5293 dictum
1736 5240 1998 5293 abbatem

295 5344 544 5399 suosque
590 5343 944 5382 successores
999 5326 1352 5396 praescriptis
1412 5327 1581 5381 rebus
1651 5327 1997 5397 inquietare,

296 5417 620 5484 molestare,
680 5416 765 5470 vel
825 5415 1122 5469 disvestire
1180 5421 1510 5485 prmsumat.
1579 5415 1637 5469 Si
1689 5416 1819 5487 quis
1868 5432 2000 5469 vero

289 5504 465 5574 hujus
490 5504 810 5575 praescripti
842 5503 1041 5569 nostri,
1076 5503 1229 5573 quod
1262 5503 1443 5557 absit!
1495 5503 1740 5557 violetur
1775 5503 2001 5557 exstite-

293 5592 382 5659 rit,
444 5593 583 5646 sciat
630 5609 690 5647 se
737 5592 1195 5663 compositurum
1235 5590 1363 5645 auri
1394 5591 1601 5661 Optimi
1650 5591 1825 5645 libras
1874 5607 2000 5644 cen-

2122 580 2393 635 omuibus
2422 582 2773 649 observetur,
2807 581 2954 634 hanc
2990 581 3247 636 chartam
3286 581 3420 635 inde
3448 582 3827 653 conscriptam

2121 684 2299 723 manu
2327 671 2559 741 prOpria
2593 671 2924 725 roborautes
2957 670 3245 741 sigillique
3276 671 3458 724 nostri
3490 671 3826 743 impressio-

2121 772 2193 811 ne
2212 757 2492 828 jussimus
2517 752 2807 829 insigniri.

2198 847 2399 899 Datum
2431 864 2485 900 vr
2513 848 2636 901 Kal.
2685 847 2871 907 Febr.,
2914 846 3035 901 ind.
3087 864 3146 909 ιι,
3207 864 3359 902 anno
3394 848 3704 902 Dominicte
3745 848 3829 902 in-

2122 935 2465 989 carnationis
2500 937 2671 1002 1004;
2721 952 2873 989 anno
2915 952 3050 989 vero
3079 936 3275 990 domui
3314 936 3539 992 Heurici
3584 938 3633 991 ΙΙ
3678 936 3831 1006 regis

2123 1039 2200 1076 ιιι.
2227 1026 2432 1077 Actum
2459 1023 2732 1091 Altisteri,
2779 1024 2840 1078 in
2883 1024 2981 1078 Dei
3013 1025 3245 1079 nomine
3303 1025 3561 1079 feliciter.
3617 1027 3825 1080 Amen.

2902 1114 3052 1167 XXV.

2122 1199 2243 1253 Rea:
2272 1201 2536 1253 Henricus
2566 1200 2734 1253 donat
2780 1203 2947 1253 veteri
2987 1202 3204 1269 capellae
3252 1202 3528 1269 quoddam
3574 1204 3663 1255 sui
3682 1204 3830 1273 juris

2182 1286 2453 1355 par-mdium
2498 1288 2556 1340 in
2600 1289 2898 1353 Nortgowe,
2940 1293 2991 1341 et
3020 1288 3292 1356 quidquid
3329 1291 3387 1342 in
3430 1288 3641 1344 duabus
3682 1290 3829 1343 villis

2192 1376 2402 1427 Durnin
2431 1380 2482 1428 et
2509 1376 2830 1429 Mantalahi
2847 1375 3182 1443 possidebat.

2770 1463 2956 1533 (Auno
2994 1463 3174 1533 1001.)

2586 1549 2773 1621 [Ried,
2807 1551 2904 1603 ubi
2921 1566 3091 1620 supra
3120 1567 3177 1621 p.
3213 1550 3353 1622 £23.]

2195 1637 2257 1689 In
2309 1636 2546 1689 nomine
2591 1643 2799 1691 sanctas
2848 1642 2904 1691 et
2950 1638 3263 1691 individuus
3310 1637 3603 1692 Trinitatis
3654 1641 3824 1694 Hum-

2122 1740 2275 1777 mcus
2307 1725 2499 1778 divina
2528 1725 2753 1778 favente
2776 1725 3081 1778 clementia
3111 1741 3225 1780 rex.

2193 1813 2400 1865 Notum
2424 1812 2498 1865 sit
2539 1813 2807 1866 omnibus
2849 1812 3113 1867 ﬁdelibus
3161 1814 3394 1879 nostris,
3442 1814 3828 1884 praesentibus

2121 1899 2333 1953 scilicet
2359 1904 2416 1953 et
2445 1900 2671 1962 futuris,
2721 1900 2970 1970 qualiter
3013 1917 3117 1953 nos
3161 1902 3229 1954 ad
3281 1902 3499 1970 regiam
3545 1904 3825 1973 capellam

2121 1988 2276 2041 intus
2307 1988 2362 2041 in
2405 1987 2630 2041 civitate
2662 1988 3090 2058 Radesponensi
3128 1989 3187 2042 in
3235 1989 3512 2043 honorem
3560 1992 3822 2044 sacratis-

2120 2076 2279 2129 simas
2329 2076 2597 2145 Virginis,
2636 2075 2736 2129 Dei
2769 2075 3060 2145 genitricis
3091 2075 3301 2142 Mariae,
3343 2093 3372 2129 a
3404 2078 3565 2131 nobis
3591 2094 3822 2148 repara-

2116 2167 2233 2217 tam
2273 2164 2561 2235 quoddam
2611 2165 2786 2217 nostri
2818 2163 2966 2232 juris
3004 2164 3284 2234 praedium
3336 2167 3394 2218 in
3438 2167 3737 2236 Nortgowe
3767 2172 3824 2220 et

2117 2250 2176 2304 in
2216 2253 2485 2305 comitatu
2521 2252 2911 2306 Ondalscalchi
2960 2254 3189 2306 comitis
3238 2256 3436 2319 situm,
3480 2255 3615 2307 item
3649 2256 3820 2325 quid-

2117 2339 2256 2410 quid
2305 2340 2366 2393 iu
2410 2340 2634 2394 duabus
2676 2340 2822 2394 villis
2852 2341 3084 2394 nomine
3143 2341 3363 2395 Durnin
3408 2346 3465 2395 et
3512 2343 3821 2397 Mantalahi

2114 2428 2404 2497 possidere
2455 2428 2559 2481 visi
2590 2444 2807 2492 sumus,
2854 2428 3269 2483 interveniente
3314 2430 3607 2499 Tagiuoue
3631 2431 3819 2501 Mage-

2114 2516 2491 2586 deburgeusis
2532 2517 2814 2570 Ecclesiae
2855 2517 3300 2588 archiepiscopo,
3334 2519 3626 2588 quondam
3673 2521 3820 2588 ejus-

2113 2602 2244 2656 dem
2291 2604 2524 2671 capella:
2566 2603 2897 2674 praeposito,
2931 2620 3033 2675 per
3063 2605 3168 2658 hoc
3216 2604 3406 2673 regale
3461 2612 3820 2674 praeceptum

2112 2696 2392 2760 perpetua
2431 2691 2554 2760 lege
2595 2692 2934 2745 tradidimus
2980 2709 3109 2746 cum
3147 2693 3415 2745 omnibus
3453 2693 3819 2762 pertinentiis

2112 2783 2170 2831 et
2198 2778 2541 2832 utilitatibus
2586 2780 2724 2847 suis,
2768 2779 2875 2834 hoc
2915 2786 2999 2833 est
3036 2780 3209 2845 areis,
3241 2778 3521 2845 aedificiis,
3553 2780 3731 2834 servis
3760 2785 3819 2834 et

2114 2866 2358 2931 ancillis,
2394 2867 2567 2937 agris,
2613 2868 2850 2936 campis,
2884 2868 3049 2921 terris
3091 2869 3256 2922 cultis
3286 2874 3341 2922 et
3382 2868 3631 2934 incultis,
3680 2884 3815 2939 pra-

2109 2954 2202 3018 tis,
2266 2955 2488 3022 pascuis
2541 2955 2658 3008 sive
2717 2955 3092 3025 compascuis,
3157 2956 3329 3021 silvis,
3390 2956 3811 3016 venationibus,

2025 3036 2065 3089 C
2104 3042 2282 3110 aquis,
2321 3058 2717 3114 aquarumque
2747 3044 3103 3111 decursibus,
3135 3044 3498 3107 molendinis,
3540 3045 3812 3112 piscatio-

2110 3128 2300 3195 nibus,
2351 3131 2458 3184 viis
2501 3135 2558 3185 et
2615 3130 2804 3197 inviis,
2836 3131 3077 3184 exitibus
3116 3136 3172 3184 et
3202 3131 3499 3199 reditibus,
3558 3132 3815 3201 quaesitis

2110 3221 2168 3269 et
2196 3216 2575 3286 inquirendis,
2602 3233 2702 3270 seu
2723 3217 2943 3270 caeteris
2970 3216 3409 3287 quibuscunque
3434 3219 3817 3286 perninentiis

2110 3302 2168 3355 in
2217 3308 2529 3373 perpetuos
2558 3304 2821 3357 (ecclesia:
2851 3308 2907 3357 et
2944 3304 3405 3374 congregationis
3447 3304 3663 3358 ibidem
3700 3307 3816 3359 Deo

2109 3391 2381 3444 canonice
2423 3391 2724 3445 militantis
2755 3408 2911 3445 usus.
2955 3392 3023 3445 Et
3072 3397 3132 3446 ut
3172 3393 3292 3445 hac
3342 3398 3533 3446 nostra
3580 3394 3816 3447 traditio

2110 3478 2330 3532 stabilis
2398 3484 2455 3533 et
2530 3480 2859 3533 inconvulsa
2933 3486 3288 3551 permaneat,
3374 3480 3519 3534 hanc
3593 3487 3811 3536 cartam

2109 3581 2283 3621 manu
2315 3568 2550 3639 propria
2570 3568 2914 3635 roboratam,
2960 3568 3149 3637 sigillo
3179 3572 3374 3621 nostro
3404 3568 3664 3638 imprimi
3694 3567 3819 3635 jus-

2109 3654 2309 3710 simus.

2181 3743 2407 3810 Signum
2458 3744 2645 3798 domui
2690 3746 2937 3798 Heinrici
2981 3746 3124 3812 regis
3186 3746 3553 3798 invictissimi.
3604 3744 3819 3813 (Mono-

2119 3830 2413 3900 gramma.)

2178 3918 2502 3988 Egilbertus
2551 3919 2926 3973 caucellarius
2969 3918 3090 3972 vice
3145 3917 3409 3987 Willigisi
3472 3919 3819 3990 archicapel-

2105 4006 2227 4059 lani
2256 4006 2577 4077 recognovi.

2180 4095 2315 4148 Data
2368 4112 2422 4148 vi
2470 4096 2552 4149 Id.
2610 4096 2773 4150 Febr.
2826 4111 2977 4149 anno
3028 4096 3310 4149 incarnat.
3369 4094 3599 4149 Domin.
3654 4097 3817 4159 1004,

2103 4182 2299 4237 indict.
2340 4198 2383 4247 1,
2410 4199 2563 4237 anno
2597 4200 2731 4238 vero
2760 4184 2958 4238 domui
2990 4183 3246 4237 Heinrici
3275 4183 3509 4237 secundi
3553 4198 3717 4253 regn.
3754 4200 3815 4238 ιι.

2172 4272 2375 4324 Actum
2406 4270 2464 4323 in
2499 4270 2750 4325 Vuarim.

2435 4360 2687 4426 Sigillum
2713 4361 2942 4414 illaesum
2966 4362 3113 4414 intus
3137 4362 3477 4429 impressum.

2865 4449 3040 4502 XXVI.

2107 4538 2220 4591 Rea:
2249 4537 2511 4590 Henricus
2561 4536 2617 4591 ΙΙ
2664 4536 2831 4590 donat
2884 4538 3209 4590 monasterio
3260 4537 3517 4601 inferiori
3540 4536 3815 4604 praedium

2175 4626 2235 4677 in
2272 4625 2515 4678 curtibus
2571 4624 2852 4679 Ratisbon.
2886 4623 2947 4677 id
2994 4628 3072 4677 est
3099 4626 3159 4678 in
3206 4623 3615 4691 Regensburger
3642 4624 3817 4690 Burg-

2176 4712 2408 4777 frieden.

2761 4800 2947 4868 (Anno
2981 4800 3114 4853 1005
3144 4799 3159 4869 )

2634 4887 2817 4957 [Ried,
2848 4887 3012 4952 ibid,
3045 4904 3101 4956 p.
3142 4886 3284 4956 πει]

2178 4975 2243 5028 In
2294 4974 2529 5029 nomine
2576 4980 2785 5028 sanctae
2844 4980 2901 5028 et
2946 4974 3258 5028 individua:
3304 4972 3620 5038 Trinitatis,
3654 4974 3824 5028 Ham-

2110 5078 2262 5117 mcus
2285 5063 2477 5116 divina
2507 5063 2728 5117 favente
2759 5063 3063 5116 clementia
3099 5078 3217 5116 rex.

2178 5150 2237 5205 Si
2292 5150 2404 5220 piis
2465 5150 2562 5204 Dei
2614 5151 3019 5204 famulantium
3075 5149 3451 5219 petitionibus
3492 5148 3823 5219 praebemus

2110 5254 2427 5305 assensum,
2457 5244 2689 5292 aeternas
2718 5238 3204 5292 remunerationis
3234 5239 3431 5307 procul
3468 5237 3644 5291 dubio
3679 5238 3815 5293 inde

2109 5327 2324 5381 oboriri
2377 5327 2542 5380 nobis
2588 5342 2885 5397 speramus
2916 5327 3258 5380 remedium.
3294 5325 3510 5379 Idcirco
3553 5325 3821 5381 omnium

2109 5422 2320 5470 sanctae
2372 5415 2471 5469 Dei
2522 5416 2783 5469 Ecclesiae
2836 5414 3120 5478 ﬁdelium,
3170 5413 3543 5484 praesentium
3602 5416 3821 5469 scilicet

2108 5509 2165 5558 et
2194 5493 2542 5567 futurorum,
2571 5504 2792 5556 noverit
2820 5502 3103 5557 industria
3132 5502 3383 5572 qualiter
3412 5517 3537 5567 nos,
3571 5506 3687 5555 tam
3714 5519 3819 5573 pro

2110 5591 2316 5646 anima:
2353 5597 2565 5646 nostra:
2614 5591 2878 5645 consultu
2932 5606 3103 5661 quam
3141 5590 3313 5644 etiarn
3362 5606 3466 5659 pro
3507 5590 3815 5644 dilectissi—
