3980 6408
164 327 252 377 261
1442 328 1831 385 DlPLOMATA
1875 330 2430 391 ECCLESIASTICA.

3596 358 3698 408 262

160 463 264 545 mae
295 447 640 545 “contectalis
671 452 903 512 nostrae,
939 448 1601 545 Cunigundas-videlicet
1634 452 1871 523 reginae,
1911 456 1957 509 A
1991 454 2300 528 [Newgart,
2338 461 2474 545 Cod.-
2500 462 3110 545 diplom._.fi_lemg_nniae
3168 488 3233 545 er
3266 474 3573 545 ioriginali
3603 495 3693 531 ar-

158 536 310 589 dulci
350 536 635 606 appetitu,
695 553 799 591 nec
844 552 961 591 non
1015 538 1363 593 venerabilis
1411 540 1878 610 Radesponensis

158 622 485 688 abbatissae,
520 627 682 678 Uutae
714 625 977 679 videlicet
1030 633 1397 698 nuncupatas,
1451 628 1649 682 sedulo
1697 629 1875 683 inter-

159 719 361 777 ventu,
387 713 680 784 quoddam
696 715 1040 782 nostrijuris
1067 716 1373 786 praedium,
1396 718 1548 787 quod
1566 717 1877 771 Macelinus

158 801 405 855 clericus
452 802 645 855 vivens
695 802 756 856 in
804 803 1065 856 curtibus
1122 804 1551 874 Radesponens.
1615 806 1879 859 Ekmulla

159 891 427 943 condicta
458 894 514 944 et
542 890 601 943 in
631 894 912 944 comitatu
970 892 1286 946 Roudberti
1317 893 1544 946 comitis
1590 895 1743 948 visus
1792 899 1878 948 est

160 977 501 1031 investitura
549 979 846 1048 potestatis
892 979 1211 1049 possidere,
1257 980 1693 1050 Radesponensi
1745 998 1875 1035 san-

160 1072 268 1120 ctas
315 1066 504 1120 Mariae
573 1067 943 1133 monasterio,
1026 1068 1181 1138 quod
1250 1069 1584 1123 diﬂ‘erenter
1639 1070 1878 1124 inferius

161 1155 395 1225 dicitur,
427 1155 716 1209 tradentes
745 1156 805 1209 in
834 1157 1136 1227 proprium
1185 1157 1531 1211 donavimus
1587 1163 1759 1229 atque
1817 1159 1878 1211 in

162 1250 547 1314 augmentum
576 1245 755 1298 victus
794 1245 1134 1299 monialium
1193 1246 1338 1299 inibi
1392 1246 1729 1316 degentium
1770 1247 1877 1301 sub

162 1333 367 1402 regula
399 1332 580 1385 sancti
612 1333 903 1386 Benedicti
929 1332 1258 1387 firmissima
1284 1335 1594 1389 donatione
1612 1336 1875 1405 proprie-

163 1420 411 1472 tavimus
442 1436 571 1475 cum
603 1421 872 1475 omnibus
904 1422 1161 1491 ejusdem
1207 1422 1406 1492 praedii
1459 1423 1795 1476 utensilibus
1821 1428 1879 1477 et

161 1508 539 1577 appendiciis,
574 1508 745 1563 rebus
770 1510 986 1563 scilicet
1011 1510 1326 1564 mobilibus
1359 1516 1414 1564 et
1462 1511 1873 1575 immobilibus,

162 1594 402 1648 familiis
434 1596 734 1667 utriusque
759 1614 945 1663 sexus,
995 1599 1162 1665 areis,
1188 1597 1465 1665 aediliciis,
1502 1599 1671 1652 terris
1709 1600 1874 1653 cultis

161 1687 219 1735 et
257 1683 507 1750 incultis,
566 1687 764 1756 pratis,
826 1687 1049 1755 pascuis
1117 1687 1235 1740 sive
1305 1688 1683 1757 compascuis,
1744 1689 1867 1752 viis,

162 1771 357 1836 inviis,
390 1772 658 1839 exitibus,
689 1779 745 1827 et
769 1773 1073 1842 reditibus,
1106 1776 1364 1845 quaasitis
1395 1782 1453 1829 et
1491 1775 1871 1846 inquirendis,

160 1860 330 1930 aquis
358 1876 711 1931 aquarumve
743 1861 1105 1926 decursibus,
1132 1879 1232 1916 seu
1264 1879 1393 1916 cum
1428 1863 1717 1930 omnibus,
1745 1881 1874 1935 quas

160 1950 273 2002 rite
306 1949 416 2002 dici
448 1950 535 2002 vel
568 1950 737 2002 scribi
783 1956 1025 2021 possunt
1074 1951 1329 2022 quolibet
1368 1952 1560 2017 modo,
1612 1952 1873 2007 utilitati-

161 2038 290 2103 bus,
348 2054 416 2091 eo
478 2039 742 2092 videlicet
805 2040 1085 2093 donantes
1161 2044 1361 2094 tenore
1426 2041 1699 2110 quatinus
1753 2043 1873 2111 jam

164 2126 319 2178 dicta
358 2126 647 2179 abbatissa
692 2127 931 2197 ejusque
986 2128 1349 2181 succestrices
1379 2128 1618 2181 liberam
1668 2129 1875 2182 dehinc

163 2214 418 2267 habeant
446 2219 786 2283 potestatem
832 2216 1182 2285 possidendi,
1218 2216 1632 2283 commutandi,
1683 2219 1876 2271 colen—

163 2302 246 2367 di,
297 2303 681 2372 precariandi,
735 2320 801 2357 su
881 2304 1155 2374 quicquid
1219 2305 1329 2358 sibi
1380 2304 1557 2357 libeat
1604 2307 1874 2360 omnibus

166 2391 349 2443 modis
382 2390 452 2444 de
484 2390 689 2445 eodem
722 2392 940 2461 praedio
982 2392 1051 2445 ad
1112 2392 1418 2446 utilitatem
1451 2393 1869 2447 Sanctimonia-

162 2479 309 2532 lium
348 2479 613 2534 faciendi.
676 2480 742 2533 Et
771 2486 835 2533 ut
884 2481 1006 2533 haec
1042 2480 1365 2534 traditionis
1411 2482 1719 2535 auctoritas
1767 2488 1874 2536 sta-

162 2567 296 2619 bilis
354 2570 412 2620 et
466 2567 802 2621 inconvulsa
852 2568 914 2620 in
974 2574 1257 2622 aeternum
1312 2575 1668 2638 permaneat.
1730 2571 1873 2623 hanc

159 2662 375 2708 cartam
422 2656 554 2710 inde
611 2656 992 2725 conscriptam
1046 2672 1221 2709 manu
1254 2658 1489 2727 propria
1533 2657 1872 2712 roborantes

164 2743 339 2812 sigilli
371 2745 553 2797 nostri
585 2744 961 2814 impressione
992 2744 1260 2814 insigniri
1280 2746 1581 2815 jussimus.

229 2833 467 2898 Signum
520 2832 707 2886 domm"
763 2833 1014 2887 Heinrici
1065 2836 1209 2899 regis
1258 2834 1625 2889 invictissimi.
1663 2835 1865 2904 (Mono-

158 2937 318 2987 gram
323 2937 409 2974 ma
419 2964 428 2973 .
440 2920 457 2989 )

2387 533 2535 586 chivi
2571 536 2898 605 reipublicze
2933 541 3303 613 Turicensis].

2061 617 2127 670 In
2152 618 2386 673 nomine
2444 627 2651 676 sancta
2695 630 2751 677 et
2780 625 3093 681 individuaa
3123 631 3436 699 Trinitatis,
3467 635 3696 688 Hamm-

1990 719 2084 757 cus
2118 705 2311 760 divina
2334 707 2556 763 favente
2579 713 2886 768 clementia
2914 731 3040 771 rex.

2063 793 2345 856 Quoniam
2388 799 2711 869 principem
2779 818 2843 855 ac
2900 804 3260 860 defensorem
3302 808 3688 864 aacclesiarum

1988 897 2091 935 nos
2121 882 2254 936 fecit
2282 885 2577 953 Dominus,
2629 904 2700 942 ne
2763 891 2886 960 ejus
2940 895 3141 963 gratia:
3188 895 3401 963 ingrati
3459 915 3578 952 esse
3619 900 3695 953 vi-

1989 970 2247 1037 deamur,
2317 975 2620 1030 servieium
2697 977 2876 1047 ipsius
2957 991 3331 1051 augmentare
3398 988 3687 1043 aecclesias

1988 1059 2392 1147 multiplicare,
2422 1063 2569 1118 bene
2610 1072 2666 1119 et
2710 1074 3035 1137 opportune
3084 1078 3326 1126 structas
3360 1074 3690 1144 defendere,

1989 1146 2302 1202 destructas
2330 1167 2465 1206 vero
2492 1169 2595 1207 uos
2616 1161 2841 1224 Oportet
2862 1163 3209 1214 restaurare.
3263 1162 3421 1217 Unde
3457 1166 3689 1218 moder-

1989 1251 2060 1288 no
2090 1240 2347 1307 tempore
2378 1242 2863 1297 constructionem
2897 1262 3009 1299 non
3040 1247 3308 1316 ignobilis
3352 1254 3689 1307 monasterii

1986 1326 2047 1378 in
2078 1326 2200 1380 istis
2230 1326 2582 1381 Alemannias
2604 1330 2861 1399 partibus
2891 1332 3055 1401 juxta
3116 1335 3303 1405 ripam
3336 1338 3523 1391 Rheni
3560 1340 3685 1393 loco

1986 1414 2177 1469 Steine
2209 1417 2289 1485 (11
2312 1419 2356 1482 1)
2379 1416 2529 1469 dicto
2561 1418 2946 1487 disposuimus
2976 1420 3124 1489 fieri,
3156 1423 3215 1476 in
3245 1424 3464 1479 honore
3495 1426 3693 1481 videli-

1986 1508 2076 1557 cet
2106 1504 2325 1558 Sancta:
2354 1504 2543 1558 Mariae
2572 1511 2628 1559 et
2658 1507 2886 1560 Storum
2910 1515 3230 1580 martyrum
3253 1513 3484 1584 Georgii
3513 1520 3568 1568 et
3593 1517 3691 1586 Cy-

1985 1591 2117 1646 rilli.
2146 1593 2405 1658 Ipsorum
2439 1594 2593 1647 enim
2636 1595 2894 1666 reliquim
2927 1598 3062 1652 illuc
3100 1607 3416 1655 noscuntur
3438 1604 3691 1657 transla-

1986 1686 2058 1733 ta:
2090 1680 2159 1734 de
2192 1687 2390 1735 monte
2415 1682 2612 1736 Duello
2641 1685 2812 1752 (112),
2852 1685 3195 1756 antiquioris
3248 1690 3463 1744 scilicet
3484 1707 3690 1745 mona-

1986 1770 2142 1823 sterii
2170 1770 2317 1823 loco.
2375 1771 2535 1824 Prius
2578 1772 2808 1842 quidem
2867 1774 3005 1839 illic,
3049 1782 3275 1844 patratu
3331 1779 3490 1833 ducis
3548 1781 3686 1833 Pur-

1987 1858 2184 1911 chardi
2228 1858 2464 1927 ejusque
2494 1860 2754 1929 conjugis
2783 1861 3123 1933 Hadewigae,
3172 1864 3305 1918 satis
3363 1865 3679 1921 honorilica

1988 1946 2401 1999 monachorum
2437 1948 2760 2001 habitacula
2806 1950 2903 2003 sed
2939 1967 3051 2004 non
3088 1954 3281 2006 multas
3311 1956 3687 2009 commodita-

1985 2034 2057 2088 tis
2088 2040 2253 2088 erant
2286 2040 2609 2088 constructa
2668 2037 2839 2105 (113).
2893 2042 2963 2091 At
3015 2046 3320 2110 postquam
3352 2058 3442 2096 res
3488 2059 3685 2097 eorum

1987 2128 2196 2176 nostrae
2218 2123 2598 2177 dominationi
2629 2141 2873 2193 cessere,
2904 2127 3098 2181 habita
3127 2145 3255 2181 cum
3320 2131 3602 2201 episcopis
3633 2139 3688 2184 et

1986 2212 2148 2282 regni
2214 2212 2566 2283 principibus
2648 2214 3084 2283 deliberatione,
3153 2217 3337 2270 visum
3381 2224 3466 2272 est
3522 2220 3691 2273 nobis

1985 2300 2330 2369 oportunius
2378 2301 2569 2354 locum
2627 2303 2960 2355 monasterii
3017 2310 3424 2370 transmutare,
3487 2324 3688 2361 secun-

1984 2388 2121 2442 dum
2156 2389 2310 2458 quod
2366 2389 2546 2458 ipsius
2592 2390 2700 2443 loci
2758 2392 3072 2446 coenobitas
3103 2399 3159 2447 et
3199 2395 3419 2448 aCColas
3468 2398 3681 2450 montis

1981 2477 2251 2547 perardui
2281 2478 2677 2532 difficultatem
2737 2480 3025 2549 culpando
3071 2482 3397 2536 audivimus
3452 2484 3683 2538 deside-

1982 2581 2128 2619 rare.
2167 2567 2327 2619 Nunc
2367 2566 2546 2636 igitur
2584 2573 2647 2620 ut
2694 2570 3166 2623 commemoratio
3204 2577 3261 2624 et
3298 2571 3487 2625 honor
3523 2574 3684 2642 prio-

1982 2670 2113 2707 rum
2143 2655 2399 2723 ejusdem
2459 2656 2572 2708 loci
2620 2656 3016 2722 dominorum,
3076 2660 3259 2712 nostri
3318 2661 3530 2714 scilicet
3556 2662 3689 2715 lide-

1982 2742 2126 2797 lium
2190 2748 2247 2796 et
2293 2750 2670 2813 cognatorum
2729 2746 3070 2811 stabiliatur,
3120 2747 3337 2816 placuit
3392 2750 3688 2802 serenitati

1983 2836 2192 2885 nostra
2224 2848 2399 2902 opera
2456 2832 2751 2902 religionis
2793 2834 3053 2903 ipsorum
3094 2834 3250 2904 regia
3285 2836 3462 2888 nostri
3492 2842 3686 2889 aucto-

1981 2920 2149 2974 ritate
2193 2920 2383 2973 taliter
2440 2920 2729 2990 adjuvare,
2791 2928 2851 2975 ut
2899 2922 3098 2975 famuli
3143 2924 3242 2976 Dei
3294 2939 3396 2992 per
3432 2931 3689 2979 nostram

232 3009 600 3065 Eberhardus
629 3008 1001 3063 cancellarius
1044 3010 1159 3065 vice
1197 3010 1461 3080 Willigisi
1519 3012 1868 3083 archicapel-
1903 3012 1943 3067 C
1982 3008 2420 3078 dispositionem
2469 3009 2650 3079 optati
2682 3009 2789 3063 loci
2848 3011 3236 3080 oportunioris
3291 3012 3689 3082 adipiscantur

157 3098 277 3150 lani
320 3098 654 3167 recognovi.

232 3186 377 3238 Data
409 3201 461 3238 iv
494 3187 627 3239 ldus
653 3185 829 3252 Junii,
863 3186 1059 3240 indict.
1102 3202 1180 3249 ιιι,
1223 3202 1376 3240 anno
1436 3188 1750 3243 Dominicaa
1781 3190 1867 3245 in-

156 3279 379 3327 carnat.
419 3276 573 3328 1005.
608 3292 761 3329 anno
793 3292 821 3325 ν
854 3275 1053 3329 domni
1084 3274 1334 3329 Heinrici
1370 3276 1418 3329 II
1442 3278 1758 3347 regnantis.

228 3367 438 3417 Actum
464 3364 905 3418 Puozinesheim
935 3363 1197 3418 feliciter.
1234 3370 1438 3419 Amen.

698 3453 843 3505 Cum
864 3454 1046 3519 sigillo
1076 3453 1349 3521 majestat.

912 3576 1112 3630 XXVII.

153 3667 551 3719 Monasterium
611 3665 909 3732 Steinense,
991 3680 1058 3718 ea:
1127 3665 1342 3718 Duellio
1397 3667 1745 3731 translatum,
1802 3668 1869 3720 ab

227 3754 487 3809 Heinrico
535 3755 587 3808 11
644 3756 707 3809 Β.
763 3755 829 3808 Β.
890 3752 1115 3807 dotatur
1171 3758 1223 3807 et
1294 3755 1545 3808 Ecclesiae
1609 3756 1869 3809 Bambcr-

225 3846 385 3910 pensi
402 3843 717 3908 subjicitur.

675 3930 1047 3997 (Anno1005,
1082 3934 1100 3984 1
1138 3930 1359 3999 Octob.)

228 4039 382 4103 (111)
415 4037 572 4091 Stein
621 4037 1005 4106 municipium
1054 4037 1385 4106 reipublicae
1426 4036 1751 4091 Turicensis
1799 4038 1867 4091 ad

153 4109 416 4162 dextram
448 4109 632 4177 ripam
672 4108 855 4161 Rheni
900 4124 1073 4178 supra
1112 4108 1492 4162 Seafbusium.
1523 4110 1704 4163 Ponte
1728 4111 1867 4180 jun-

153 4181 316 4249 gitur
334 4180 412 4232 Tu
425 4180 653 4247 rgovia».

228 4251 379 4317 (112)
413 4251 699 4314 Duellum,
760 4249 1066 4315 Duellium,
1121 4250 1291 4303 Dwiel
1348 4248 1719 4312 Hohendwiel,
1762 4265 1862 4303 arx

154 4330 433 4374 montana
482 4321 539 4373 in
595 4320 860 4389 Hegovia,
922 4319 1286 4373 serenissimo
1326 4320 1456 4373 duci
1490 4320 1865 4373 Wirtember-

155 4395 268 4459 βίω
302 4392 577 4455 subjecta.
608 4392 800 4444 Judice
829 4391 1136 4444 Goldstado
1159 4406 1372 4444 nomen
1403 4407 1436 4442 a
1466 4390 1598 4443 bello
1628 4391 1863 4459 accepit.

155 4463 332 4514 Vetus
362 4462 515 4514 enim
570 4461 915 4523 glossarium
980 4463 1193 4515 habet:
1238 4482 1266 4510 ‹‹
1330 4460 1615 4525 Duellum,
1650 4461 1864 4525 bellum,

155 4534 322 4602 quasi
366 4532 659 4585 (labellum.
706 4533 1011 4599 Duellium,
1075 4532 1230 4585 locus
1262 4532 1320 4585 in
1364 4548 1479 4602 quo
1525 4531 1788 4596 bellatur,
1813 4537 1870 4584 et

154 4606 255 4656 ubi
287 4604 494 4655 milites
547 4611 981 4672 perseveranter
1008 4604 1217 4655 durart
1270 4604 1328 4655 in
1386 4602 1559 4664 bello,
1589 4618 1623 4654 a
1670 4603 1776 4655 duo
1811 4608 1869 4655 et

155 4674 359 4727 bellum
413 4674 797 4739 componitur,
846 4674 1006 4742 quasi
1055 4674 1370 4739 dubellium,
1416 4672 1551 4743 quia
1603 4673 1757 4725 intus
1812 4678 1868 4727 et

154 4745 295 4797 fori~
328 4745 550 4803 geritur
580 4746 813 4797 bellum.
851 4764 877 4791 η

227 4817 379 4878 (113)
417 4816 593 4881 Hujus
625 4812 1000 4875 fundationis,
1045 4817 1141 4866 aut
1191 4813 1381 4881 potius
1430 4812 1865 4866 rcslaurationis

152 4894 426 4938 meminit
476 4902 803 4953 anonyums
867 4884 1318 4938 Petershusanus
1355 4884 1412 4936 in
1445 4884 1712 4937 Chrinico
1763 4900 1855 4951 ap.

151 4956 212 5009 P.
255 4957 600 5011 Ussermatlll
632 4957 820 5010 Germ.
868 4972 980 5009 sac.
1041 4956 1335 5025 prodrom.
1393 4961 1528 5007 tom.
1569 4955 1607 5020 Ι,
1647 4971 1700 5023 p.
1737 4956 1859 5015 319.

146 5037 200 5079 et
238 5028 615 5081 Ekkehaidus
640 5027 767 5096 juu.
811 5027 884 5079 De
916 5042 1026 5079 eas.
1077 5027 1130 5080 S.
1185 5026 1330 5080 Galli
1390 5042 1438 5080 c.
1487 5027 1575 5090 10,
1615 5041 1706 5095 ap.
1742 5026 1863 5078 Col-

148 5098 295 5151 dasL

217 5170 372 5233 (114)
403 5167 689 5222 Successit
717 5166 1132 5228 Wurinherius,
1166 5167 1242 5219 al.
1302 5164 1715 5224 Werinharius.
1759 5181 1859 5218 seu

146 5240 495 5293 Wernberus
539 5244 730 5303 gluma?
772 5242 971 5292 Divitis
1003 5238 1180 5290 abbas
1210 5238 1451 5290 Alawico
1487 5254 1620 5290 anu.
1672 5237 1808 5289 1000
1842 5253 1855 5298 ;

143 5310 234 5365 hic
266 5328 401 5363 Vero
458 5310 786 5361 Wideroldo
824 5310 1213 5377 Argentinensi
1249 5308 1539 5375 episcopo,
1588 5308 1645 5359 in
1699 5306 1858 5360 Italia

142 5382 413 5436 defuncto
491 5382 686 5434 Herm.
750 5380 941 5433 Contr.
986 5381 1057 5433 ad
1099 5380 1154 5433 h.
1207 5396 1259 5433 a.
1291 5379 1372 5432 Cf.
1433 5378 1613 5432 Gallia
1660 5379 1852 5431 christ.

208 5470 837 5595 (1v1.5)‘.ll::(inannusll
891 5520 1164 5575 ducatum
1214 5518 1569 5575 Alamanniae
1608 5517 1857 5589 suscepit

140 5612 185 5649 a.
205 5599 326 5651 997.

1982 3097 2479 3167 tranquillitatem.
2532 3098 2739 3151 Notum
2785 3099 2858 3151 sit
2917 3114 3053 3167 ergo
3104 3099 3376 3153 omnibus
3426 3101 3687 3154 Ecclesiae

1986 3187 2085 3240 Dei
2117 3186 2271 3256 quia,
2303 3190 2701 3254 praesentaneo
2736 3192 3067 3239 nostrorum
3095 3188 3497 3257 episcoporum
3531 3189 3683 3243 vide-

1982 3276 2113 3329 licet
2137 3281 2193 3328 et
2221 3275 2490 3329 abbatum
2524 3274 2732 3339 favore,
2755 3274 2849 3327 sed
2880 3274 3164 3345 praecipue
3185 3276 3460 3344 Augiensi
3484 3276 3688 3330 abbate

1981 3363 2339 3417 Warinherio
2371 3363 2517 3433 (114)
2548 3369 2605 3417 et
2633 3363 2777 3417 duce
2810 3364 3159 3417 Herimanno
3214 3366 3356 3434 (115)
3391 3366 3684 3419 adnitente

1979 3453 2220 3523 aliisque
2251 3453 2470 3507 Sueviaa
2518 3452 2899 3522 principibus,
2940 3452 3011 3505 ad
3060 3452 3213 3505 idem
3272 3455 3683 3507 monasterium

1979 3543 2169 3597 Steine
2202 3547 2602 3611 nuncupatum
2630 3546 2842 3594 nostras
2903 3540 3258 3593 haereditatis
3307 3542 3525 3610 praedia
3552 3557 3685 3595 con-

1979 3631 2259 3685 tradimus
2272 3646 2400 3699 qua:
2436 3630 2494 3682 in
2521 3628 2758 3682 diversis
2780 3628 2942 3698 pagis
2963 3633 3019 3681 et
3034 3628 3398 3681 comitatibus
3425 3629 3532 3682 sita
3555 3634 3687 3683 sunt

1977 3736 2041 3772 ac
2073 3719 2209 3773 locis
2228 3720 2397 3772 Arola
2426 3718 2598 3785 (116),
2620 3718 3011 3783 Ezzewilare(1
3032 3716 3135 3785 t7),
3170 3716 3679 3788 Hiltesinga(118),

1981 3807 2217 3878 Nagelta
2274 3808 2435 3875 (119),
2491 3805 2802 3875 Epfendorf
2843 3806 3016 3875 (120),
3062 3804 3339 3873 Phisgina
3370 3805 3518 3875 (121)
3551 3822 3681 3859 cum

1979 3898 2134 3950 fonte
2157 3895 2310 3961 salis,
2346 3894 2624 3964 erninga
2647 3892 3168 3962 (122),A1l‘raninga
3190 3894 3356 3962 (123),
3384 3894 3685 3949 Rahtfelda

1980 3986 2145 4054 (12$),
2167 3984 2534 4038 Sindelstetta
2553 3986 2717 4052 (125),
2745 3984 3075 4036 Hoenstetta
3095 3984 3241 4053 (126)
3261 3983 3476 4037 Rieden
3511 3984 3680 4053 (127),

2050 4091 2193 4159 (116)
2226 4092 2419 4155 Arlen,
2447 4090 2516 4143 ad
2551 4091 2763 4144 Acham
2806 4090 2863 4143 fl.
2912 4089 3063 4143 inter
3089 4088 3257 4143 Stein
3280 4093 3333 4141 et
3366 4089 3678 4143 Duellium.

2048 4164 2197 4230 (117)
2228 4162 2446 4225 Ezweil,
2478 4162 2536 4213 in
2578 4162 2889 4231 Alpegovia
2916 4160 3352 4230 Nigra-Silvane.
3386 4162 3455 4214 ad
3477 4162 3678 4214 Albam

1980 4236 2031 4287 fl.
2066 4250 2258 4285 versus
2294 4234 2579 4286 Rhenum.

2080 4306 2196 4371 118)
2233 4304 2486 4368 Hiltisen,
2518 4318 2699 4372 prope
2726 4301 2916 4355 Arlam
2949 4306 3347 4354 memoratam.

2084 4377 2201 4440 119)
2257 4374 2478 4442 Nagolt.
2521 4371 2815 4442 ’oppidum
2846 4372 2907 4424 in
2948 4371 3417 4440 Wurtembergiae
3449 4371 3676 4436 ducatu,

1982 4446 2049 4499 ad
2068 4446 2302 4497 fluvium
2327 4444 2753 4511 cognominem.

2052 4517 2201 4586 (120)
2232 4515 2560 4585 Epfendort‘.
2596 4514 2743 4586 infra
2775 4511 3094 4586 Rotwilam.

2050 4581 2200 4651 (121)
2239 4581 2597 4654 Fischingen,
2639 4584 2787 4636 infra
2837 4581 3115 4651 oppidum
3150 4582 3305 4649 Sulz,
3358 4581 3457 4634 ubi
3510 4582 3680 4635 hodie

1979 4661 2179 4711 salina.

2051 4727 2192 4795 (122)
2254 4725 2394 4780 110d.
2457 4726 2729 4792 Avingen,
2786 4722 2843 4775 in
2902 4722 3241 4792 praefectura
3298 4722 3680 4791 Munsingana

1982 4796 2455 4865 Wirtembergim.

2049 4871 2197 4946 (1:23)
2226 4862 2539 4946 Επιὲτειςοην
2581 4862 3113 4946 ρπρρωνίιάρθιῖετ

2048 4940 2191 5008 (121)
2224 4939 2547 5008 Rotfelden,
2582 4934 2729 4989 inter
2774 4936 3056 5008 Nagoltet
3111 4934 3403 5008 Wildberg
3443 4935 3675 5005 oppida.

2047 5006 2191 5079 (1‘25)
2233 5012 2406 5063 Locus
2447 5007 2586 5061 mihi
2628 5009 2858 5079 ignotus
2891 5022 2905 5069 ;
2936 5006 3047 5079 nisi
3072 5006 3180 5079 sit
3206 5006 3556 5079 Zmdelsleiu,
3584 5023 3675 5057 arx

1974 5080 2162 5134 diruta
2197 5096 2373 5149 prope
2431 5078 2706 5148 oppidum
2748 5078 3114 5143 Felirenbach,
3170 5078 3229 5129 in
3292 5079 3432 5149 silva
3481 5078 3674 5149 Nigra,

1973 5151 2077 5206 dit.
2118 5146 2543 5219 Famemher‘g‘,
2575 5151 2658 5202 vel
2688 5151 3005 5201 Samstettcn
3063 5149 3123 5201 in
3162 5148 3506 5217 praefectura
3545 5146 3675 5200 llei-

1970 5223 2369 5295 deuheimAeusi
2416 5222 2885 5295 Wirtembergiw:
3190 5268 3235 5295 η,
3277 5288 3325 5295 ,Α
3410 5284 3422 5295 .
3520 5286 3532 5295 .
3616 5285 3627 5295 .

2040 5297 2189 5357 1126)
2214 5293 2569 5357 Honstetten,
2648 5284 2798 5344 inter
2845 5288 3154 5359 Duliingen
3188 5293 3246 5341 et
3274 5284 3576 5350 Stockach,
3612 5285 3667 5339 in

1972 5365 2242 5420 llPuovia.

2038 5382 2510 5504 (igiahiethen,
2572 5448 2689 5503 quo
2734 5431 2971 5487 nomine
3019 5429 3186 5500 plura
3226 5430 3429 5496 patent
3460 5425 3583 5479 loca
3613 5426 3672 5479 in

1969 5515 2165 5559 nostra
2193 5504 2441 5559 dioecesi.
