3980 6424
348 352 448 404 263
1650 348 1704 400 S.
1753 344 2045 401 IIENRICI
2091 344 2565 400 IMI’ERATORIS

3749 349 3854 400 264

347 473 643 543 Suaninga
675 472 846 542 (I28),
881 470 1065 526 Purch
1091 470 1253 537 (l29),
1297 469 1608 524 nominatis
1634 485 1763 523 cum
1795 468 2046 522 ecclesiis
2085 471 2124 523 A
2159 474 2358 523 statem
2407 473 2704 540 presumat
2749 468 3039 523 vindicare
3092 470 3179 524 vel
3228 469 3390 540 quasi
3439 470 3854 524 hereditarium

347 567 403 616 et
436 561 693 626 decimis,
728 561 878 614 villis
901 564 958 612 et
987 557 1368 622 censualibus,
1393 558 1722 612 hominibus
1745 573 1808 609 ac
1837 555 2046 610 manci-

346 649 458 720 piis
489 649 789 720 utriusque
833 663 1018 713 sexus,
1074 663 1203 700 cum
1261 647 1424 700 terris
1474 646 1638 700 cultis
1687 649 1742 698 et
1795 644 2043 710 incultis,

347 739 595 808 pascuis,
628 737 826 808 pratis,
851 735 1026 799 silvis,
1077 751 1206 788 cum
1258 734 1512 804 quasitis
1569 738 1624 786 et
1661 732 2043 802 inquirendis,

347 825 657 879 mobilibus
687 831 744 878 et
769 822 1175 885 immobilibus,
1231 839 1359 876 cum
1392 821 1642 874 vassallis
1699 819 2044 873 ministeria-

342 914 496 967 Iibus
527 913 910 982 omnibusque
933 912 1184 982 ipsorum
1211 909 1686 980 possessionibus.
1731 909 1840 961 Ista
1870 909 2048 977 igitur

342 1017 472 1055 cum
506 1001 772 1055 omnibus
804 999 1156 1070 appendiciis
1177 999 1315 1065 suis,
1348 1003 1404 1050 et
1447 1012 1809 1067 quacunque
1859 997 2046 1050 adhuc

339 1089 631 1143 nominari
653 1095 907 1160 possunt,
943 1086 1310 1141 concedimus
1341 1091 1399 1138 et
1429 1085 1686 1154 legitime
1736 1084 2046 1138 conﬁrma-

344 1193 474 1231 mus
507 1178 577 1231 ad
609 1177 882 1246 reliquias
928 1181 1254 1228 sanctorum
1309 1173 1620 1228 Steinensis
1681 1173 1957 1238 ecclesia,
1984 1176 2050 1225 ut

341 1281 446 1335 per
502 1279 856 1317 successuras
943 1267 1119 1314 etates
1186 1261 1284 1314 ille
1347 1261 1522 1314 abbas
1570 1260 1682 1314 illis
1717 1261 2049 1314 dominetur

343 1353 443 1423 qui
472 1354 541 1406 ad
562 1351 820 1421 ejusdem
843 1350 1094 1404 ecclesia:
1122 1350 1384 1418 regimen
1407 1354 1461 1402 et
1491 1365 1686 1402 curam
1710 1365 2043 1418 promovea-

344 1447 461 1508 tur,
491 1445 547 1494 et
575 1455 706 1493 cum
749 1439 864 1492 suis
900 1437 1194 1492 monachis
1226 1453 1329 1508 pro
1371 1437 1536 1491 nobis
1566 1443 1622 1490 ct
1668 1436 2047 1490 antecessori-

346 1531 452 1582 bus
480 1528 687 1582 nostris
720 1528 970 1582 divinam
1007 1527 1278 1596 pietatem
1326 1525 1552 1579 assidue
1595 1525 1900 1596 implorare
1932 1541 2046 1578 non

344 1617 670 1688 pigritetur.
706 1617 784 1670 Ad
814 1618 936 1670 hac
967 1631 1194 1685 quoque
1223 1615 1482 1667 omnium
1523 1614 1824 1668 hominum
1857 1613 2046 1666 ﬁdeli-

343 1706 444 1758 tati
496 1707 758 1758 volumus
826 1704 1123 1757 notilicare
1163 1703 1298 1772 quia
1381 1706 1628 1754 castrum
1691 1701 2043 1754 Babinberch

349 1793 586 1858 dictum,
622 1793 678 1846 in
710 1791 1142 1846 Austrifrancia
1176 1795 1335 1861 parte
1383 1789 1577 1848 situm,
1601 1790 1720 1858 jam
1771 1790 2046 1842 molimur

345 1881 405 1934 in
437 1883 634 1936 sedem
695 1881 1054 1950 episcopatus
1101 1879 1434 1942 sublimare,
1491 1893 1668 1948 quare
1702 1893 1931 1931 necesse
1963 1882 2048 1930 est

344 1985 447 2022 nos
480 1969 811 2039 prediorum
860 1967 1270 2021 donationibus
1321 1971 1378 2020 et
1431 1981 1620 2019 rerum
1653 1965 1832 2036 copiis
1863 1965 2042 2018 unde-

341 2073 570 2128 cunque
625 2055 1095 2128 provenientibus
1135 2054 1372 2108 ditando
1414 2053 1782 2124 ampliﬁcare.
1843 2054 2046 2106 Decre-

344 2145 529 2199 vimus
562 2161 698 2216 ergo
737 2151 794 2198 et
855 2149 1074 2197 certum
1135 2143 1328 2196 animo
1383 2143 1682 2212 posuimus
1735 2158 1800 2194 ea
1849 2142 2046 2212 predia

344 2234 480 2288 illuc
527 2234 864 2288 contradere
922 2248 1051 2302 qua
1103 2232 1266 2285 nobis
1317 2231 1665 2284 hereditario
1710 2230 1839 2300 jure
1870 2231 2046 2282 conti-

343 2327 553 2391 gerunt
607 2321 667 2374 in
724 2321 842 2374 istis
891 2321 1148 2389 partibus
1218 2319 1574 2374 Alemannia
1618 2324 1746 2388 post
1799 2325 2045 2371 mortem

349 2409 647 2476 lladewige
703 2409 1013 2463 Purchardi
1073 2407 1232 2460 ducis
1297 2408 1507 2460 vidua.
1570 2407 1764 2476 Ipsum
1817 2423 2046 2477 quoque

347 2498 762 2550 monasterium
798 2497 1012 2559 Steine,
1041 2495 1110 2548 de
1137 2497 1298 2564 cujus
1329 2501 1478 2548 statu
1509 2501 1564 2548 et
1621 2495 2046 2549 modilicatione

339 2586 459 2654 jam
493 2585 734 2654 egimus,
771 2583 1245 2653 Babinbergensis
1276 2584 1422 2637 sedis
1453 2583 1736 2654 episcopis
1767 2585 2047 2655 subjicere

344 2674 625 2727 volumus.
657 2675 736 2728 Eo
786 2678 978 2726 tamen
1037 2679 1202 2743 pacto
1262 2678 1318 2726 et
1356 2673 1578 2725 ratione
1626 2677 1688 2726 ut
1739 2673 1932 2725 nullus
1959 2673 2046 2726 vel

343 2762 600 2831 ipsorum
627 2762 1028 2832 episcoporum
1054 2767 1151 2814 aut
1176 2761 1422 2814 aliorum
1475 2765 1776 2831 potentum
1826 2777 2043 2831 prasu-

343 2855 463 2904 mat
536 2850 778 2920 alicujus
841 2849 1056 2917 iniqua
1106 2849 1417 2902 exactionis
1466 2851 1551 2902 vel
1606 2850 2045 2903 constructionis

339 2937 671 3006 gravamina
701 2937 786 2990 vel
823 2937 1034 2990 damna
1094 2937 1202 3006 ipsi
1247 2938 1366 2989 loco
1421 2941 1520 2990 aut
1576 2940 1700 3004 ejus
1732 2935 2044 2991 abbatibus

2157 557 2450 624 invadere,
2480 557 2590 610 nisi
2621 573 2686 611 ex
2717 556 2936 611 abbatis
3001 557 3427 611 constitutione.
3471 557 3856 612 Ministeriali-

2156 644 2264 699 bus
2295 661 2527 716 quoque
2555 645 2806 699 vassallis
2825 661 2967 715 quos
2989 645 3331 699 tradidimus
3353 646 3536 699 eidem
3563 646 3853 710 acclesia,

2159 732 2344 794 liceat,
2377 749 2506 786 cum
2530 733 2618 787 his
2645 749 2790 804 quos
2818 733 2886 787 ad
2919 735 3312 802 episcopatum
3347 734 3684 804 pradictum
3721 735 3857 788 dare

2157 821 2530 887 decrevimus,
2554 827 2826 875 consueto
2867 821 3124 875 honesta
3165 821 3454 875 societatis
3493 838 3652 876 more
3682 822 3855 875 vitam

2158 925 2348 977 agere,
2383 915 2581 963 mutuo
2614 910 2760 964 tilias
2793 927 2922 963 suas
2979 910 3039 963 in
3091 911 3428 980 conjugium
3482 911 3619 965 dare
3650 927 3854 964 secun-

2158 998 2295 1052 dum
2333 1014 2698 1052 communem
2757 998 3013 1066 libitum,
3045 1003 3102 1052 et
3156 999 3459 1070 accipere;
3517 1000 3857 1070 sobolesque

2158 1102 2354 1140 earum
2411 1087 2562 1157 apud
2623 1088 2928 1141 alterutros
2985 1087 3268 1141 stabiliter
3320 1089 3378 1141 in
3422 1087 3576 1142 illius
3603 1088 3858 1141 ecclesia

2157 1181 2533 1245 permaneant
2580 1175 2951 1246 proprietate,
2993 1175 3064 1229 ad
3107 1176 3267 1244 cujus
3324 1182 3511 1247 partes
3569 1176 3708 1246 ipsa
3755 1192 3861 1246 per

2160 1263 2514 1316 matrimonii
2534 1263 2744 1316 dantur
2773 1265 3221 1333 copulationem.
3263 1267 3394 1320 Hac
3423 1265 3603 1335 igitur
3632 1265 3861 1318 decreta

2157 1355 2366 1404 nostra
2396 1351 2737 1414 traditionis,
2763 1357 2820 1404 et
2836 1352 3225 1406 corroboratio
3258 1359 3466 1405 nostra
3511 1353 3857 1415 autoritatis,

2157 1445 2223 1493 ut
2261 1439 2482 1492 ﬁrmior
2521 1440 2578 1493 in
2611 1441 3044 1494 succedentibus
3093 1442 3371 1494 habeatur
3399 1441 3567 1494 annis
3618 1446 3673 1493 et
3725 1441 3858 1494 dili-

2157 1527 2386 1598 gentius
2417 1529 2768 1594 observetur,
2832 1529 3066 1601 propria
3118 1546 3295 1584 manu
3343 1547 3471 1584 eam
3501 1529 3860 1584 conﬁrmavi.

2157 1632 2304 1682 mus,
2341 1621 2396 1669 et
2427 1617 2615 1685 sigillo
2638 1623 2832 1671 nostro
2867 1619 3104 1688 sigillari
3130 1620 3428 1688 jussimus.

2229 1707 2460 1772 Signum
2492 1708 2698 1760 domini
2753 1710 2970 1761 Henrici
3010 1711 3356 1776 imperatoris
3386 1708 3626 1761 secundi.

2229 1795 2542 1862 Sigefridus
2572 1798 2717 1862 (130)
2741 1797 3116 1850 cancellarius
3153 1798 3208 1850 in
3247 1797 3368 1850 vice
3403 1795 3686 1850 Brunonis
3709 1797 3858 1865 (131)

2158 1883 2642 1937 archicancellarii
2666 1900 2897 1955 recogn.
2918 1886 3056 1938 Data
3081 1886 3202 1939 Kal.
3229 1885 3348 1939 Oct.
3376 1885 3570 1938 indict.
3595 1901 3653 1938 ιιι
3680 1886 3856 1954 U32),

2155 1985 2308 2023 anno
2340 1971 2529 2024 Dnica
2556 1971 2774 2024 incarn.
2803 1988 2852 2024 iv
2877 1971 3048 2040 (I33),
3085 1987 3235 2025 anno
3263 1971 3461 2025 domni
3494 1971 3646 2042 regis
3683 1972 3856 2026 Hein-

2155 2058 2260 2112 rici
2316 2075 2387 2111 1v.
2421 2062 2624 2113 Actum
2644 2063 2729 2112 est
2755 2060 2918 2113 Ulma
2948 2059 3206 2113 feliciter.

2893 2148 3121 2202 XXVIII.

2154 2235 2214 2288 S.
2245 2237 2508 2289 Henricus
2543 2238 2841 2305 imperator
2892 2238 3178 2306 conﬁrmat
3227 2235 3604 2302 fundatioan
3650 2237 3862 2302 collegii

2226 2327 2602 2377 canrmicorum
2679 2327 2739 2378 in
2811 2326 3028 2379 ecclesia
3103 2326 3313 2380 Sancta
3383 2325 3579 2378 Crucis
3651 2326 3858 2388 Leodii,

2224 2415 2377 2476 facta
2413 2429 2510 2482 per
2538 2415 2827 2482 Notgcrum
2853 2416 3160 2483 episcOpum
3181 2412 3546 2467 Leodiensem.

2804 2501 2998 2568 (Anno
3037 2501 3216 2570 1005.)

2516 2587 2780 2657 (Μίνωος,
2810 2589 2951 2657 Opp.
2977 2588 3225 2658 diplom.,
3255 2588 3324 2653 II,
3352 2587 3495 2660 808.]

2232 2677 2293 2729 In
2327 2677 2558 2730 nomine
2599 2681 2808 2731 sancta
2861 2686 2919 2730 et
2974 2677 3282 2730 individua
3340 2678 3656 2744 Trinitatis,
3717 2679 3859 2730 [les-

2156 2779 2318 2818 mcus
2346 2765 2535 2818 divina
2568 2765 2909 2834 disponente
2976 2766 3278 2820 clementia
3301 2784 3330 2820 a
3364 2766 3480 2819 Deo
3523 2772 3856 2822 coronatus.

2157 2861 2211 2908 et
2241 2855 2311 2907 ab
2334 2855 2490 2908 omni
2524 2855 2690 2925 plebe
2721 2855 2780 2909 in
2804 2871 3046 2923 regnum
3093 2855 3339 2925 gloriose
3367 2856 3670 2908 exaltatus.

2225 2943 2562 3014 Quicunque
2591 2944 2997 2997 catholicorum
3015 2985 3027 2997 .
3045 2984 3079 2998 ..

344 3027 427 3078 vel
460 3025 931 3095 procuratoribus
954 3041 1048 3078 seu
1094 3025 1262 3077 rebus
1293 3024 1528 3085 inferre,
1564 3030 1621 3077 et
1675 3039 1779 3077 nec
1808 3039 2044 3077 censum
2084 3031 2123 3085 C
2231 3033 2594 3102 Quapropter
2645 3037 2842 3086 notum
2896 3049 3016 3086 esse
3099 3032 3428 3102 cupimus...
3482 3032 3731 3101 qualiter
3776 3031 3862 3083 vir

343 3113 571 3181 exigere
611 3128 718 3166 uec
781 3112 1090 3182 quicquam
1150 3127 1353 3164 eorum
1443 3111 1642 3163 usibus
1721 3110 2040 3163 detrahere.

343 3201 764 3254 Tantummodo
836 3201 994 3252 enim
1077 3197 1465 3265 concedimus,
1515 3203 1596 3262 ut,
1625 3197 1893 3251 defuncto
1957 3197 2044 3268 ip-

344 3288 460 3341 sius
515 3287 974 3357 cougregationis
1057 3286 1280 3350 abbate,
1361 3286 1690 3356 quicunque
1759 3301 1788 3337 a
1852 3300 2047 3338 mona-

343 3375 464 3429 chis
521 3377 606 3428 vel
656 3375 807 3428 inter
886 3390 943 3426 se
1018 3374 1105 3426 vel
1159 3374 1228 3427 de
1279 3373 1392 3426 alio
1449 3388 1680 3443 quoque
1743 3377 1876 3425 noto
1923 3388 2048 3425 mo-

343 3462 595 3517 nasterio
651 3461 919 3516 canonice
987 3476 1348 3514 successurus
1407 3461 1672 3530 eligatur,
1733 3459 1866 3513 huic
1947 3475 2050 3531 per

343 3551 630 3621 pradicta
661 3551 812 3604 sedis
842 3549 1172 3620 episcopum
1201 3565 1338 3602 cura
1393 3547 1723 3602 monasterii
1752 3563 1876 3601 com
1889 3564 2046 3601 men-

342 3640 526 3695 detur.
551 3639 653 3692 Cui
693 3640 864 3693 etiam
907 3639 976 3692 ad
1039 3639 1183 3692 bene
1253 3637 1557 3692 vivendum
1603 3653 1667 3690 ac
1707 3637 2049 3706 regulariter

343 3745 474 3782 suos
505 3728 818 3798 regendum
849 3744 911 3781 ac
941 3727 1180 3798 perinde
1210 3727 1403 3780 omnia
1441 3726 1861 3796 disponendum
1895 3726 2044 3778 idem

343 3815 612 3885 deinceps
644 3816 893 3880 obediat,
941 3831 973 3868 a
1028 3831 1143 3886 quo
1196 3820 1253 3868 et
1300 3820 1518 3868 metum
1576 3813 1801 3880 habeat,
1854 3829 1926 3867 ne
1959 3830 2047 3866 res

341 3903 592 3957 ecclesia
649 3919 765 3957 sua
807 3903 1106 3972 dissipare,
1159 3903 1247 3956 vel
1316 3902 1512 3955 liberis
1567 3907 1666 3955 aut
1696 3901 2046 3971 quibuslibet

343 3990 544 4044 alienis
581 3991 916 4044 hominibus
944 3990 1223 4044 beneﬁcia
1252 4006 1317 4044 ex
1350 3989 2045 4060 possessionibusimpru-

342 4078 544 4132 denter
615 4078 928 4131 concedere
985 4082 1316 4146 prasumat.
1392 4078 1672 4131 Praterea
1721 4077 2046 4130 audivimus

342 4167 651 4236 plerosque
742 4180 941 4218 eorum
1021 4164 1123 4234 qui
1199 4164 1565 4218 ecclesiarum
1618 4164 2047 4218 constituuntur

2157 3136 2382 3190 magna
2414 3120 2729 3173 sanctitatis
2759 3125 2815 3172 et
2868 3121 3002 3174 satis
3035 3121 3223 3192 digna
3275 3121 3636 3186 reverentia,
3697 3119 3862 3174 dom-

2155 3223 2264 3261 nus
2297 3207 2581 3272 Notgerus
2633 3207 2933 3277 episcopus
2993 3209 3254 3262 Ecclesia
3301 3209 3355 3263 S.
3405 3208 3612 3274 Maria,
3645 3208 3861 3262 sancti—

2156 3312 2268 3367 que
2319 3295 2607 3350 I.amberti
2663 3297 2928 3366 martyris
2980 3297 3241 3366 provisor
3297 3302 3354 3350 et
3398 3303 3606 3361 custos,
3667 3297 3859 3351 studio

2156 3384 2331 3438 divini
2378 3385 2590 3437 amoris
2654 3401 2976 3450 succensus,
3055 3387 3349 3440 ecclesiam
3418 3386 3728 3458 quamdam
3799 3386 3859 3438 in

2156 3472 2296 3525 urbe
2331 3472 2540 3526 Leodio
2565 3474 2711 3540 (134)
2736 3489 2765 3524 a
2794 3472 3185 3527 fundamentis
3231 3475 3498 3536 extruxit,
3547 3474 3604 3526 in
3643 3488 3862 3526 memo-

2156 3559 2300 3614 riam
2331 3561 2593 3615 videlicet
2625 3565 2681 3614 et
2726 3560 2950 3614 laudem
3002 3563 3145 3631 ligni
3201 3562 3259 3617 S.
3319 3563 3532 3628 Crucis,
3579 3568 3635 3615 et
3683 3579 3857 3616 cano-

2155 3649 2415 3703 nicorum
2444 3649 2766 3703 canobium
2801 3649 3012 3704 ibidem
3047 3650 3317 3718 instituit,
3359 3656 3437 3715 et,
3489 3667 3591 3721 pro
3626 3667 3858 3721 prome-

2156 3737 2329 3791 renda
2355 3743 2570 3792 aterna
2610 3739 2745 3802 vita,
2779 3754 2841 3790 ex
2867 3738 3192 3808 sumptibus
3219 3739 3336 3791 suis
3385 3738 3444 3791 in
3501 3738 3704 3792 eodem
3736 3739 3859 3791 loco

2158 3825 2272 3878 Deo
2321 3825 2701 3878 militantibus
2757 3825 3087 3878 struendam
3152 3825 3418 3878 decenter
3477 3826 3737 3888 ornavit;
3773 3832 3857 3890 ut,

2157 3917 2479 3966 sanctorum
2544 3914 2776 3967 Patrum
2835 3913 3092 3966 instituta
3157 3919 3482 3984 sequentes,
3523 3913 3614 3967 die
3650 3921 3857 3967 noctu-

2156 4017 2266 4072 que
2289 4001 2536 4054 serviant
2573 4017 2677 4071 pro
2721 4017 2857 4072 pace
2897 4002 3062 4071 regni
3117 4002 3316 4067 nostri,
3367 4009 3424 4055 et
3462 4001 3860 4056 incolumitate

2154 4093 2348 4142 nostra
2373 4093 2428 4142 et
2451 4088 2835 4142 dilectissima
2871 4089 3131 4160 conjugis
3178 4095 3412 4154 nostra,
3448 4093 3505 4142 et.
3555 4104 3660 4159 pro
3711 4105 3859 4143 una-

2155 4176 2415 4230 nimitate
2447 4176 2780 4232 Christiana
2802 4177 2955 4243 ﬁdei,
2988 4180 3058 4232 ad
3092 4179 3270 4230 Deum
3302 4176 3696 4230 indesinenter
3733 4193 3865 4247 prop

341 4253 598 4307 advocati
629 4251 823 4306 debita
850 4256 1129 4321 potestate
1174 4252 1418 4305 multum
1452 4250 1630 4316 abuti,
1684 4257 1764 4315 ut,
1807 4251 1906 4322 qui
1944 4251 2044 4305 de-

2219 4281 2250 4318 :s
2298 4264 2564 4330 fundant,
2613 4281 2727 4318 una
2773 4265 2960 4319 cibum
3011 4265 3259 4336 capiant,
3301 4269 3517 4335 pariter
3541 4265 3861 4329 dormiant,

343 4341 545 4394 bere-nt
587 4356 707 4394 esse
763 4339 1003 4394 modesti
1057 4338 1406 4407 defensores,
1455 4339 1819 4409 impudenter
1863 4339 2043 4393 effecti

344 4428 456 4481 sint
488 4443 720 4498 rapaces
771 4436 826 4483 et
891 4426 1158 4497 injuriosi
1215 4433 1525 4494 exactores,
1582 4427 1796 4481 Idcirco
1840 4431 2047 4481 nostra

343 4516 555 4585 placuit
579 4516 950 4585 prmidentia
983 4515 1039 4568 in
1074 4515 1294 4569 abbatis
1323 4515 1476 4568 illius
1523 4519 1579 4568 et
1634 4514 1874 4568 fratrum
1907 4530 2046 4568 suo-

344 4619 474 4657 rum
509 4603 615 4657 boc
644 4604 1059 4674 perpetualiter
1094 4618 1308 4674 ponere
1353 4606 1652 4672 potestate,
1697 4607 1779 4666 ut,
1814 4603 2048 4673 sapien-

346 4695 468 4743 tum
500 4690 884 4752 usiconsiliis,
920 4707 987 4744 ex
1027 4691 1107 4744 eis
1153 4707 1298 4761 quos
1344 4690 1495 4743 inter
1540 4696 1797 4760 potentes
1854 4690 2049 4744 saculi

346 4778 612 4831 noverint
666 4795 786 4832 esse
846 4780 1134 4848 aequitatis
1193 4784 1249 4831 et
1321 4778 1617 4832 modestia
1697 4779 2048 4832 amantiores

350 4866 568 4935 eligant
593 4866 712 4919 suis
752 4874 1147 4936 competenter
1185 4866 1320 4920 locis
1357 4868 1659 4920 advocatos
1705 4872 1762 4920 et
1791 4866 2050 4920 defenso-

346 4970 453 5006 res.
494 4953 606 5006 Nec
647 4953 813 5007 aliter
851 4953 1156 5025 quisquam
1202 4953 1463 5009 omnium
1519 4954 1625 5007 sibi
1681 4955 1827 5008 hanc
1891 4961 2049 5024 pote-

417 5075 565 5144 (l‘28)
603 5075 983 5147 Swaningen,
1013 5076 1070 5128 in
1120 5077 1432 5147 Alpegovia
1483 5077 1932 5146 Nigra-Silvane,
1974 5093 2046 5130 an

345 5146 681 5211 Sweningen
725 5149 781 5199 in
813 5146 990 5200 veteri
1026 5146 1498 5201 BerthOldesbara
1527 5150 1904 5218 intelligatur,
1930 5164 2047 5201 non

347 5218 510 5270 facile
542 5220 804 5270 dixerim.

417 5290 563 5358 (P29)
599 5287 768 5358 Burg,
799 5287 961 5357 cujus
991 5288 1243 5342 nominis
1271 5293 1432 5341 vetus
1460 5293 1708 5342 castrum
1755 5287 1814 5341 in
1868 5289 2049 5357 [lego-

346 5359 756 5430 via;rvicusin
824 5359 1159 5426 Brisgovia;
1213 5360 1475 5430 aliusque
1532 5363 1656 5429 ejus
1716 5359 1966 5414 nominis
1987 5361 2046 5413 in

352 5429 819 5483 Bertholdesbara
850 5435 1092 5484 exstant.

417 5501 571 5568 (130)
596 5499 930 5570 Sigefridus,
963 5517 1051 5566 ep.
1085 5499 1583 5566 Monasteriensis.,

418 5572 560 5636 (l3l)
589 5571 797 5633 Bruno,
831 5588 1120 5626 successor
1175 5571 1441 5641 Siget'ridi
1467 5571 1527 5624 in
1575 5570 1904 5640 episcopatu
1930 5573 2043 5626 Au-

2163 4353 2424 4419 totosque
2455 4365 2512 4402 se
2536 4349 2729 4402 divino
2749 4349 2928 4403 cultui
2962 4349 3313 4419 mancipent.

2229 4437 2412 4501 Quare
2470 4437 2620 4491 idem
2698 4437 2969 4508 prafatus
3020 4437 3256 4490 antistes
3295 4435 3436 4489 adiit
3491 4435 3860 4506 prasentiam

2159 4526 2455 4596 dignitatis
2514 4532 2740 4585 nostra.
2796 4526 3094 4580 humiliter
3141 4525 3471 4596 supplicans
3523 4531 3586 4579 ut
3614 4525 3670 4578 id
3702 4526 3861 4595 quod

2157 4615 2438 4670 industria
2495 4615 2840 4685 pontiﬁcalis
2885 4615 3164 4686 sagaciter
3217 4614 3597 4684 disposuerat,
3649 4614 3865 4683 regalis

2158 4720 2363 4758 manus
2420 4703 2692 4759 ﬁrmitate
2735 4703 3131 4758 inconvulsum
3191 4707 3248 4756 et
3284 4701 3684 4756 indissolubile
3735 4718 3865 4772 per-

2158 4797 2407 4847 maneat.

2225 4881 2659 4952 Assignavimus
2699 4884 2891 4935 autem
2927 4880 3112 4935 eidem
3144 4879 3407 4933 Ecclesia
3438 4894 3542 4949 per
3577 4878 3866 4933 interven-

2156 4975 2279 5024 tum
2320 4970 2576 5040 ejusdem
2618 4969 2881 5040 prasulis
2925 4969 3048 5022 loca
3104 4969 3369 5038 quadam
3425 4968 3865 5038 congregationi

2157 5082 2422 5143 gustano,
2453 5075 2628 5129 frater
2662 5075 2906 5130 Heinrici
2944 5075 3113 5142 regis.
3146 5075 3282 5128 Tam
3335 5073 3652 5145 Sigefridus
3683 5091 3863 5145 quam

2160 5147 2435 5202 Brunoin
2479 5162 2718 5199 numero
2777 5146 3244 5199 cancellariorum
3296 5151 3352 5198 et
3409 5145 3863 5201 archicancella-

2158 5220 2372 5272 riorum
2407 5217 2938 5286 ap.Malinkrotiuin
2963 5217 3382 5270 desiderantur.

2229 5289 2374 5355 (t3?)
2411 5289 2648 5341 Indictio
2681 5304 2737 5341 Ill
2759 5289 3023 5341 convenit
3043 5303 3192 5340 anno
3237 5289 3390 5340 l005.

2229 5361 2374 5429 (l33)
2403 5359 2440 5411 Ι.
2461 5375 2510 5411 e.
2547 5360 2701 5423 l005,
2726 5360 2863 5412 Nam
2893 5375 2906 5410 ι
2937 5373 3066 5411 cum
3096 5358 3246 5429 linea
3274 5365 3598 5410 transversa
3645 5357 3703 5410 in
3733 5375 3863 5412 ver-

2157 5429 2290 5490 tice.
2322 5444 2493 5498 quam
2529 5430 2952 5499 autugraphum
2989 5428 3259 5498 exprimit
3307 5443 3616 5482 numerum
3673 5429 3862 5484 mille-

2157 5501 2384 5553 narium
2416 5499 2644 5552 indicat.

2231 5571 2377 5637 (154)
2445 5567 2771 5624 Leodiensis
2851 5567 3090 5624 ecclesia
3155 5567 3456 5638 collegiate
3538 5566 3592 5621 S.
3663 5569 3863 5624 Crucis
