3980 6412
56 432 139 481 263
1315 425 1709 489 DIPI.0.\IATA
1749 429 2303 493 ECCLESIASTICA.

3466 445 3569 498 266

53 570 141 623 pro
171 552 610 623 opportunitate
643 552 1127 619 administranda,
1181 554 1450 609 videlicet
1509 555 1567 610 in
1598 573 1747 627 pago
1778 560 1822 611 Α
1862 558 2127 625 fratrum,
2183 559 2319 630 quia
2388 559 2459 614 ob
2510 560 2615 613 hoc
2669 561 2978 630 prmdictus
3032 561 3204 616 abbas
3251 564 3569 634 requisivit,

54 642 368 695 Arduenna:
404 642 771 696 Berthoniam
803 642 1021 705 villam,
1063 647 1270 697 etc.....

114 732 173 783 Et
204 737 267 782 ut
300 732 423 784 hinc
472 730 701 784 collatio
738 730 956 783 Divina:
988 731 1245 784 servituti
1283 731 1508 785 addicta
1552 749 1754 787 secun-

57 821 178 872 dum
215 821 519 890 prrefatam
578 820 978 873 definitionem
1036 819 1384 874 inviolabilis
1416 826 1471 874 et
1506 822 1753 875 indisso-

57 908 235 960 lubilis
263 908 397 976 jure
454 911 815 977 permaneat,
872 906 1056 960 edicto
1094 907 1273 961 banni
1324 909 1503 962 nostri
1546 910 1755 963 confir-

60 996 189 1048 mari
220 997 527 1064 jussimus.
586 996 769 1049 ethos
801 996 989 1066 apices
1021 996 1335 1065 majestatis
1381 1002 1592 1051 nostra:
1623 998 1757 1052 inde

62 1082 172 1136 tieri
228 1086 633 1155 prmcepimus,
675 1101 779 1154 per
826 1101 972 1155 quos
995 1085 1370 1155 ﬁdecernimus
1401 1086 1758 1157 atquejube-

62 1188 176 1225 mus
204 1188 277 1226 ne
338 1173 469 1244 quis
527 1173 588 1226 in
638 1177 949 1243 posterum,
1009 1173 1201 1244 aliquo
1259 1174 1492 1228 stimulo
1524 1175 1758 1228 malitiae

63 1267 248 1326 tactus,
285 1260 423 1314 huic
454 1260 727 1332 prmcepti
785 1261 968 1314 nostri
1014 1261 1311 1316 traditioni
1366 1263 1574 1316 audeat
1621 1280 1759 1317 con-

61 1351 238 1403 traire.

124 1438 227 1492 Sed
259 1438 411 1493 sicut
463 1455 496 1492 a
524 1438 764 1509 praefato
810 1438 1059 1509 pressule
1090 1440 1405 1494 secundum
1450 1439 1549 1495 Dei
1582 1440 1759 1510 placi-

64 1532 172 1580 tum
197 1531 279 1579 est
332 1527 684 1589 ordinatum,
716 1526 793 1579 sic
826 1526 883 1579 in
916 1525 1070 1579 omni
1124 1528 1460 1580 succedente
1514 1529 1761 1597 posteri-

65 1621 168 1668 tate
226 1615 612 1668 indiscussum
644 1620 700 1667 et
727 1614 1161 1677 immutilatum,
1205 1616 1434 1669 decreto
1475 1615 1762 1670 ﬁrmitatis

67 1708 259 1756 nostra:
292 1704 728 1756 irrevocabilem
779 1703 837 1755 in
898 1703 998 1756 Dei
1027 1704 1263 1757 nomine
1297 1704 1554 1758 obtineat
1586 1705 1760 1759 stabi-

68 1794 294 1855 litatem,
359 1792 590 1845 dextera
646 1791 825 1861 regali
909 1791 1395 1861 consignavimus,
1466 1798 1521 1847 et
1590 1791 1761 1863 sigilli

70 1881 235 1933 nostri
271 1880 655 1950 impressione
678 1880 959 1948 jnssimus
992 1880 1275 1949 insigniri.

132 1957 263 2021 Data
296 1968 476 2021 Nonis
530 1969 765 2038 Aprilis,
825 1984 975 2020 anno
1012 1968 1319 2022 Dominicaa
1354 1967 1766 2022 incarnationis

72 2058 369 2110 millesimo
428 2058 655 2127 quinto,
719 2056 1034 2109 indictione
1095 2056 1284 2123 tertia,
1358 2073 1510 2110 anno
1564 2056 1764 2109 domni

76 2145 283 2198 Henrici
319 2146 553 2199 secundi
588 2145 740 2213 regis
772 2145 959 2199 tertio.

134 2238 329 2288 Actum
360 2234 707 2305 Aquisgrani
739 2234 797 2287 in
834 2233 931 2287 Dei
966 2233 1195 2288 nomine
1250 2234 1510 2288 feliciter.
1558 2237 1762 2288 Amen.

826 2359 998 2412 XXIX.

134 2465 185 2517 S.
265 2466 529 2518 Henricus
600 2464 814 2532 przdia
887 2463 1137 2532 quaedam
1201 2464 1371 2517 donat
1439 2468 1766 2520 monasterio

342 2552 662 2619 Altahensi,
694 2557 903 2621 petente
924 2552 1243 2607 Godehardo
1266 2552 1476 2607 abbate.

704 2658 892 2727 (Anno
937 2660 1119 2727 1005.)

197 2763 378 2836 {Apud
414 2765 707 2834 Ludewig,
736 2766 937 2834 Script.
972 2782 1078 2819 rer.
1114 2767 1296 2818 Germ.
1342 2765 1442 2829 IlI,
1480 2762 1631 2835 33L]

141 2854 193 2907 In
252 2854 487 2908 nomine
528 2859 735 2907 sanctae
786 2858 842 2907 et
882 2853 1188 2907 individua:
1235 2853 1544 2921 Trinitatis,
1604 2855 1766 2907 Hem-

83 2958 215 2995 murs
246 2943 438 2997 divina
472 2943 696 2996 favente
717 2942 1022 2995 clementia
1052 2958 1169 2995 rex.

142 3031 355 3097 Regalis
386 3032 541 3083 enim
576 3030 926 3083 excellentia!
973 3030 1135 3083 decet
1196 3030 1552 3097 majestatem
1586 3029 1760 3082 ratio-

1863 648 2138 717 quoniam
2211 654 2365 702 terra
2448 665 2685 703 arenosa
2765 655 2851 703 est
2930 650 3312 722 maceriaeque
3390 654 3569 708 utilis.

1861 736 2170 790 Tradentes
2222 736 2401 807 igitur
2440 738 2500 790 in
2549 738 2852 808 proprium
2900 738 2956 793 S.
3014 739 3260 793 Mauritii
3322 741 3573 795 subscri-

1862 828 2079 894 ptoque
2118 825 2313 879 abbati
2361 842 2465 879 nec
2506 842 2622 879 non
2658 832 2713 880 et
2770 827 2886 880 suis
2928 829 3369 893 successoribus,
3412 829 3574 900 quid-

1865 912 2000 982 quid
2032 912 2183 966 inter
2233 914 2450 967 Winter
2491 918 2548 967 et
2592 916 2963 970 Hofl'kirchen
2993 916 3220 971 videtur
3241 918 3450 987 jacere,
3485 919 3571 973 vel

1864 1001 2035 1054 etiam
2068 994 2139 1054 ad
2179 1007 2309 1055 ante
2340 1003 2613 1072 scriptum
2646 1005 3063 1058 monasterium
3099 1005 3241 1059 inibi
3269 1007 3571 1077 respicere,

1864 1105 1994 1143 cum
2020 1090 2288 1144 omnibus
2314 1092 2486 1144 rebus
2547 1092 2858 1146 mobilibus
2880 1098 2935 1147 et
2967 1093 3382 1158 immobilibus,
3407 1096 3574 1150 terris

1864 1178 2029 1231 cultis
2062 1178 2149 1230 vel
2198 1178 2445 1245 incultis,
2501 1178 2702 1244 vineis,
2750 1180 2977 1241 vinetis,
3024 1182 3392 1249 molendinis,
3445 1184 3571 1248 viis,

1866 1266 2053 1333 inviis,
2116 1266 2390 1330 azditiciis,
2443 1266 2687 1320 exitibus
2719 1273 2775 1321 et
2808 1269 3127 1336 reditibus;
3170 1271 3361 1339 sylvis,
3411 1288 3577 1325 vena-

1865 1354 2137 1419 tionibus,
2200 1354 2376 1425 pratis
2441 1355 2687 1424 pascuis,
2763 1358 3137 1426 compascuis,
3209 1359 3325 1412 sive
3379 1360 3573 1430 apium

1864 1442 2115 1511 pascuis,
2160 1442 2343 1513 aquis,
2394 1458 2793 1514 aquarumque
2851 1445 3207 1512 decursibus,
3249 1448 3577 1517 piscationi-

1868 1530 1995 1595 bus,
2030 1529 2262 1583 familiis
2315 1530 2617 1601 utriusque
2668 1548 2852 1599 sexus,
2905 1534 3167 1603 quaesitis
3193 1540 3249 1587 et
3277 1535 3574 1605 inquiren-

1869 1618 1975 1683 dis,
2009 1634 2109 1671 seu
2142 1618 2430 1683 omnibus,
2465 1635 2595 1689 quas
2629 1619 2740 1673 dici
2770 1621 2857 1673 vel
2890 1622 3060 1675 scribi
3099 1622 3445 1676 intrinsecus
3476 1640 3571 1676 seu

1870 1705 2221 1759 extrinsecus
2275 1706 2514 1775 possint,
2572 1708 2938 1777 pertinentiis
3000 1714 3058 1763 et
3088 1711 3458 1766 utilitatibus.
3514 1712 3578 1765 Et

1872 1799 1937 1847 ut
1975 1795 2096 1847 haec
2148 1800 2357 1847 nostra!
2413 1795 2739 1848 traditionis
2770 1798 3078 1850 auctoritas
3110 1799 3330 1853 stabilis
3381 1806 3437 1854 et
3488 1800 3576 1853 in-

1873 1884 2148 1936 convulsa
2202 1887 2557 1952 permaneat,
2617 1884 2761 1937 hanc
2807 1885 3074 1951 [chartam
3135 1886 3268 1941 inde
3327 1889 3575 1943 conscri-

1875 1976 2032 2041 ptam
2106 1987 2283 2025 manu
2358 1971 2595 2041 propria
2651 1972 2985 2026 roborantes
3050 1974 3337 2047 sigillique
3394 1978 3574 2032 nostri

1873 2060 2249 2129 impressione
2279 2059 2544 2129 insigniri
2570 2060 2864 2129 jussimus.

1948 2149 2087 2201 Data
2120 2147 2294 2202 Nonis
2348 2148 2700 2215 Novembris,
2760 2150 2955 2202 indict.
2992 2167 3029 2215 ι,
3081 2167 3232 2205 anno
3272 2153 3577 2207 Dominicaz

1875 2235 2288 2289 incarnationis
2345 2239 2500 2301 1005,
2544 2253 2696 2289 anno
2738 2254 2869 2289 vero
2910 2238 3131 2293 domini
3182 2240 3432 2294 Heinrici
3492 2259 3579 2295 se-

1874 2323 2047 2378 cundi
2102 2325 2252 2393 regis
2305 2341 2374 2378 IV.
2437 2327 2638 2378 Actum
2674 2326 2892 2379 Werda:
2946 2326 3003 2380 iu
3038 2328 3134 2382 Dei
3167 2328 3401 2383 nomine
3453 2329 3578 2384 feli-

1874 2412 2036 2465 citer.

2634 2485 2779 2538 ΧΧΧ.

1872 2570 1927 2625 S.
2014 2572 2277 2623 Henricus
2349 2573 2403 2625 II
2478 2573 2776 2639 imperator
2833 2574 3057 2627 innovat
3130 2575 3579 2643 praedecessorum

1942 2643 2313 2695 immunitates
2361 2647 2412 2695 et
2454 2644 2777 2711 privilegia,
2810 2647 3134 2699 monasterio
3176 2647 3234 2701 S.
3286 2649 3582 2701 Maximini

1946 2726 2208 2765 εοηεεεεα.

2390 2784 2575 2852 (Anno
2602 2785 2758 2847 1003,
2801 2787 2831 2835 9
2860 2785 3064 2852 April.)

2091 2849 2449 2921 [llontheim,
2475 2856 2614 2907 Hist.
2652 2856 2857 2907 Trevir.
2884 2849 3108 2923 diplom.
3137 2857 3178 2921 Ι,
3213 2856 3364 2928 350.]

1944 2939 2008 2992 ln
2040 2940 2274 2993 nomine
2306 2944 2516 2993 sancta:
2549 2946 2604 2993 et
2652 2940 2971 2995 individua:
3003 2943 3314 3011 Trinitatis,
3359 2946 3581 2999 Hamm-

1876 3043 1975 3080 mjs
1997 3027 2187 3080 divina
2214 3028 2438 3082 favente
2461 3029 2765 3082 clementia
2791 3046 2910 3083 rex.

84 3120 342 3173 nabilibus
375 3119 485 3172 sibi
543 3135 573 3171 a
604 3118 845 3171 Domino
876 3117 1393 3187 supplicationibus
1444 3116 1761 3171 misericor-
1796 3122 1836 3176 C
1946 3116 2226 3179 Quoniam
2279 3118 2485 3186 regalis
2541 3123 2966 3171 antecessorum
3006 3124 3332 3174 nostrorum
3386 3123 3581 3192 provi-

85 3205 211 3259 diter
270 3207 590 3260 concedere
646 3205 1160 3275 perpetrationem,
1229 3209 1511 3275 quatenus
1563 3220 1764 3257 eorum

86 3295 300 3349 assiduis
346 3295 616 3365 precibus
668 3298 723 3348 et
770 3294 1103 3347 seculariter
1152 3293 1656 3363 tranquilliterque
1711 3298 1768 3346 et

28 3416 31 3447 ε
87 3384 406 3438 εξῐρΐηειὶὶὶει·
475 3383 720 3436 caelestis
780 3382 962 3435 bravii
1040 3381 1363 3435 diademate
1435 3386 1762 3435 coronetur.

88 3472 335 3533 Quocirca
393 3470 736 3526 universalis
798 3470 1057 3524 fidelium
1125 3475 1478 3535 nostrorum,
1517 3485 1768 3540 praesen-

90 3561 207 3613 tium
237 3561 449 3614 scilicet
494 3565 551 3613 et
582 3559 934 3625 futurorum,
976 3558 1198 3611 noverit
1227 3557 1530 3621 industria,
1574 3556 1767 3627 quali-

91 3652 160 3699 ter
184 3650 411 3719 quidam
472 3647 815 3701 venerabilis
874 3646 1249 3700 Godehardus
1280 3644 1473 3711 abbas,
1506 3645 1769 3715 provisor

92 3751 199 3788 vero
244 3736 573 3791 Altahensis
622 3734 978 3803 monasterii,
1037 3734 1437 3787 celsitudinem
1493 3733 1768 3803 potentia:

94 3824 228 3877 nobis
277 3843 307 3879 a
358 3827 473 3879 Deo
543 3840 822 3879 concessa)
880 3823 1073 3889 subiit,
1106 3822 1405 3877 humiliter
1454 3821 1769 3891 implorans

95 3916 141 3962 ut
168 3930 261 3966 nos
305 3914 621 3985 quamdam
653 3913 866 3977 villam,
920 3911 1221 3981 Fliuspach
1251 3909 1483 3975 dictam,
1519 3908 1580 3962 in
1617 3925 1766 3979 pago

94 3998 522 4073 Sweinichgouin
554 4002 720 4055 sitam
777 4005 834 4054 et
893 4001 951 4053 in
999 4000 1271 4053 comitatu
1332 3996 1623 4052 Tiemonis
1672 4013 1767 4051 co-

96 4090 241 4155 mitis,
288 4092 420 4144 olim
484 4090 762 4160 prtedicto
815 4087 1167 4143 monasterio
1209 4101 1311 4139 suo
1359 4086 1765 4155 pertinentem,

35 4160 43 4167 ’
97 4175 262 4230 dolore
291 4196 406 4232 non
463 4194 643 4249 parvo
704 4181 883 4230 tactus
928 4175 1167 4246 perdere
1219 4173 1375 4245 quod
1412 4174 1566 4243 juste
1619 4172 1771 4226 visus

100 4269 167 4314 est
190 4264 384 4319 habere
416 4266 652 4328 debere,
700 4280 766 4317 eo
815 4264 1117 4317 restituere
1151 4262 1544 4331 dignaremur.
1598 4261 1771 4329 Cujus

100 4366 181 4401 nos
222 4355 512 4424 condigna?
586 4352 856 4423 petitioni
909 4352 1336 4405 assentiendum
1402 4349 1525 4404 fore
1578 4349 1768 4403 existi-

102 4445 308 4505 mantes,
344 4443 609 4496 eamdem
653 4442 773 4510 jam
836 4440 1047 4494 dictam
1104 4439 1298 4492 villam
1334 4443 1528 4491 nostra
1588 4437 1768 4507 regali

101 4528 366 4583 traditione
392 4536 567 4601 atque
617 4529 843 4599 pagina,
885 4528 954 4581 ad
992 4531 1122 4580 ante
1179 4527 1395 4580 dictum
1425 4526 1479 4580 S.
1524 4525 1771 4579 Mauritii

102 4619 472 4672 monasterium
550 4617 609 4670 in
678 4616 881 4670 Altaha
938 4620 1334 4668 constructum
1394 4614 1773 4667 concedentes

102 4704 435 4771 restituimus,
497 4704 970 4772 restauravimus,
1036 4702 1395 4769 donavimus,
1446 4706 1619 4773 atque
1674 4701 1771 4754 ﬁr-

102 4790 321 4848 missime
366 4793 793 4849 subscribentes
834 4809 900 4846 eo
955 4790 1440 4845 consolidavimus
1470 4790 1542 4843 ad
1601 4789 1774 4843 aedifi-

104 4880 333 4949 candum,
367 4882 836 4947 restaurandum,
868 4880 1419 4949 maceriandumqne
1469 4878 1773 4949 praefatum

104 4970 505 5037 monasterium,
578 4985 708 5023 cum
794 4967 922 5022 aliis
997 4968 1250 5022 ecclesiis
1332 4964 1773 5034 cmnobiumque

108 5111 388 5183 sumptibus
463 5111 703 5183 Notgeri
775 5109 1103 5183 Leodiensis
1180 5106 1441 5183 episcopi
1497 5105 1775 5183 mdiﬁcata

109 5176 229 5255 futui
266 5185 358 5253 qui
414 5200 543 5238 eam
583 5176 946 5255 consecravit
1006 5197 1161 5255 anno
1215 5176 1481 5255 979,_fdie
1531 5180 1621 5255 _23_
1669 5176 1774 5255 O_c-

110 5247 377 5317 tobrisfin
418 5270 605 5326 eaque
674 5252 924 5306 instituit
1012 5258 1068 5304 et
1138 5249 1399 5305 fundavit
1445 5247 1776 5326 quindecim

111 5328 395 5390 canonicos.
433 5320 654 5380 Horum
702 5338 946 5376 numero
1004 5326 1206 5390 postea
1267 5336 1401 5374 ann.
1440 5320 1575 5373 1044
1618 5320 1779 5390 auxit

116 5388 250 5445 Wazo
274 5394 591 5450 Leodiensis
633 5395 935 5465 episcopus
984 5388 1168 5463 usque
1217 5391 1288 5465 a_d_
1344 5390 1545 5459 viginti
1600 5388 1773 5458 quin-

116 5473 235 5540 (ἴτης
262 5468 362 5540 qui
381 5469 615 5521 tandem
666 5462 746 5518 ad
793 5462 1029 5540 triginta
1061 5462 1336 5540 ascendit,
1386 5476 1515 5513 cum
1544 5474 1777 5540 praepo-

116 5538 202 5606 5|le
245 5532 294 5588 et
338 5539 573 5605 decano,
612 5532 995 5606 quorum’ille
1034 5550 1064 5587 e
1097 5532 1777 5606 gremiocanonicorum

120 5605 325 5671 rcclesim
397 5602 745 5663 cathedralis
817 5605 873 5660 S.
955 5602 1241 5658 Lamberti
1310 5602 1607 5671 eligendus
1672 5604 1774 5653 est.

125 5669 267 5729 [nam
295 5693 322 5731 θ
366 5677 698 5749 ῃταώθηάίε
754 5674 1013 5746 possidet
1060 5675 1233 5730 abbas
1292 5669 1648 5726 Bellireditus
1680 5687 1777 5724 or-

380 5786 657 5850 ΡΑτιιοιη
712 5780 885 5849 CXL.

1879 3204 2071 3257 dentia
2116 3210 2170 3257 et
2231 3205 2555 3259 sollicitudo
2612 3207 2671 3259 in
2721 3208 3115 3261 construendis
3171 3211 3579 3265 constructisve

1877 3292 2230 3345 stabiliendis
2288 3292 2386 3346 Dei
2445 3293 2695 3347 ecclesiis
2738 3294 2830 3364 pie
2855 3295 3075 3364 jugiter
3103 3295 3440 3368 invigilavit,
3492 3298 3576 3352 id-

1876 3380 2024 3433 circo
2083 3380 2292 3433 Christi
2362 3382 2775 3452 benignissima
2832 3384 3222 3451 miseratione,
3288 3385 3347 3439 in
3419 3387 3581 3455 cujus

1877 3483 2054 3520 manu
2094 3482 2295 3537 regum
2318 3468 2491 3521 corda
2518 3468 2603 3521 vel
2629 3468 2762 3538 jura
2787 3469 3125 3535 consistunt,
3158 3470 3321 3539 regni
3344 3472 3577 3525 illorum

1877 3554 2226 3608 diuturnitas
2275 3555 2569 3625 paciﬁcata
2626 3556 2809 3625 viguit
2847 3561 2904 3610 et
2958 3558 3229 3613 effloruit.
3259 3559 3415 3613 Unde
3474 3576 3581 3613 nos

1876 3642 1970 3712 pie
2031 3642 2447 3712 salubriterque
2492 3642 2561 3695 de
2614 3643 2795 3696 nostri
2826 3649 2979 3697 statu
3032 3646 3190 3715 regni
3248 3652 3576 3713 tractantes,

1876 3730 2255 3800 devotamque
2285 3730 2515 3783 illorum
2539 3731 2984 3785 sollicitudinem
3014 3732 3228 3786 imitari
3260 3734 3577 3805 cupientes,

1877 3817 2174 3889 privilegia
2228 3823 2650 3872 antecessorum
2702 3806 3027 3873 nostrorum
3057 3836 3258 3891 regum
3314 3824 3429 3876 sive
3464 3824 3577 3878 im-

1878 3912 2209 3977 peratorum
2262 3906 2521 3960 coenobio
2590 3907 2644 3962 S.
2680 3908 2992 3975 Maximini,
3038 3910 3137 3979 qui
3190 3910 3249 3963 in
3309 3912 3581 3966 suburbio

1876 3994 2241 4049 Trevirorum
2297 3995 2627 4065 requiescit,
2720 4012 2986 4051 concessa
3044 3998 3131 4051 vel
3161 3999 3455 4065 attributa,
3507 4002 3581 4055 ob

1881 4082 2266 4137 interventum
2288 4083 2673 4138 dilectissimaz
2690 4086 2953 4155 conjugis
2975 4091 3207 4153 nostrae,
3228 4087 3583 4157 Cunigundae

1878 4170 2143 4224 videlicet
2185 4171 2425 4241 reginas,
2468 4178 2664 4226 nostra
2720 4173 2893 4227 etiam
2928 4174 3265 4229 auctoritate
3313 4176 3583 4231 roborare

1881 4258 2259 4318 decrevimus.
2297 4262 2360 4311 ut
2396 4264 2451 4312 et
2480 4263 2911 4314 antecessorum
2944 4267 3274 4317 nostrorum
3305 4264 3581 4318 benevola

1882 4348 2063 4418 pietas
2093 4363 2211 4401 non
2244 4364 2274 4401 a
2306 4346 2473 4401 nobis
2502 4349 2764 4418 neglecta
2793 4349 3144 4417 debilitetur,
3179 4356 3235 4404 et
3279 4352 3584 4409 monacho-

1881 4451 2009 4489 rum
2070 4434 2215 4489 inibi
2256 4436 2371 4488 Deo
2426 4436 2796 4490 servientium
2839 4438 3227 4508 tranquillitas
3272 4440 3342 4493 ab
3392 4441 3584 4510 aliqua

1882 4523 2406 4578 subintroducenda
2454 4540 2703 4594 persona
2732 4540 2849 4577 non
2887 4523 3359 4594 inquietetur;ea
3404 4527 3581 4597 siqui-

1884 4612 2013 4666 dem
2073 4612 2295 4665 ratione
2344 4617 2407 4666 ut
2470 4612 2622 4665 idem
2676 4611 3025 4678 cmnobium,
3078 4613 3181 4667 ubi
3232 4620 3583 4683 prmnotatus

1884 4704 2111 4754 sanctus
2132 4700 2383 4770 pontifex
2407 4699 2731 4769 requiescit,
2755 4699 2846 4753 cui
2864 4700 3222 4755 venerandus
3244 4702 3389 4771 (t35)
3412 4703 3585 4758 abbas

1884 4788 2153 4843 Ofderath
2195 4803 2347 4840 nunc
2406 4802 2654 4857 prmesse
2702 4787 2947 4854 videtur,
3003 4788 3149 4843 sicut
3180 4791 3286 4844 sub
3335 4796 3588 4845 anteces-

1885 4890 2077 4930 sorum
2112 4878 2458 4934 nostrorum.
2494 4877 2575 4928 sic
2605 4874 2711 4929 sub
2744 4880 2937 4929 nostro
2969 4893 3201 4949 quoque
3223 4879 3375 4949 jure,
3411 4896 3583 4935 mun-

1885 4962 2151 5018 diburdio
2201 4966 2256 5015 et
2302 4962 2631 5017 defensione
2702 4964 2994 5031 consistat,
3053 4981 3160 5020 nec
3218 4967 3391 5022 alicui
3464 4969 3586 5024 sedi

1885 5104 2037 5159 dinis
2084 5104 2669 5158 Praamonstratiensis
2727 5105 2942 5175 Leodii,
3001 5107 3173 5161 aliam
3222 5107 3437 5163 habent
3468 5110 3579 5165 PP.

1885 5176 2116 5230 Jesuitae
2146 5192 2251 5246 pro
2281 5192 2455 5229 onere
2476 5176 3101 5231 docendihumaniora.

1959 5248 2135 5300 Porro
2184 5249 2293 5301 hoc
2326 5249 2607 5316 templum
2662 5248 2721 5300 in
2766 5248 2866 5301 illo
2924 5249 3083 5302 urbis
3112 5248 3429 5303 editissimo
3462 5249 3587 5304 loco

1887 5318 2168 5387 Notgerus
2236 5317 2507 5371 tediticari
2540 5318 2778 5385 curavit,
2838 5322 2903 5371 ut
2959 5320 3308 5388 praepediret
3364 5325 3587 5374 exstru-

1887 5389 2137 5441 ctionem
2170 5389 2335 5459 arcis,
2377 5404 2551 5459 quam
2603 5388 2839 5457 quidam
2872 5394 3075 5458 potens
3120 5390 3179 5459 in
3208 5388 3381 5441 armis
3404 5390 3589 5443 medi—

1888 5460 2118 5511 tabatur
2170 5458 2407 5512 ibidem’
2456 5464 2767 5521 exstruere,
2861 5475 2975 5528 qua
3044 5458 3181 5511 urbs
3260 5458 3590 5529 impugnari

1889 5534 2133 5600 poterat,
2163 5533 2219 5581 et
2252 5530 2323 5583 ab
2353 5529 2506 5583 illius
2556 5529 2972 5583 habitatoribus
3024 5529 3208 5582 clerus
3237 5535 3295 5582 et
3343 5532 3591 5600 populus

1892 5615 2168 5653 ODDl‘lml.

1932 5616 2182 5737 ρδῗίἒῗιλ
2196 5668 2326 5723 bbas
2358 5670 2623 5735 O/Jerath
2656 5685 2797 5723 nunc
2825 5682 3049 5737 prmcssc
3091 5667 3327 5723 videtur.
3354 5669 3589 5725 Ofdera-

3286 5782 3324 5838 9
