3980 6404
383 394 483 445 267

385 620 893 674 succcssorumque
925 610 1273 668 nostrorum,
1309 602 1608 668 famulum,
1643 610 1738 657 aut
1762 605 2083 676 appendex,

385 694 475 746 vel
529 693 962 746 beneticiarium
1013 693 1320 763 subjaceat.
1374 692 1750 747 Concedimus
1800 694 1973 747 etiam
2005 694 2086 747 eis

387 781 979 836 liberum-arbitrium
1040 781 1188 834 inter
1247 797 1304 833 se
1364 781 1616 850 eligendi
1671 782 1935 836 abbatem
1984 782 2087 836 tali

388 870 607 923 honore
639 870 900 939 dignum,
954 875 1012 922 et
1042 870 1110 922 ad
1145 869 1200 922 id
1253 869 1509 922 ofticium
1558 869 1854 934 idoneum,
1911 875 1974 923 ut
2019 887 2086 923 eo

389 959 644 1012 securius
701 958 959 1012 divinum
1023 959 1092 1012 ab
1153 958 1265 1011 illis
1323 958 1632 1028 impleatur
1681 958 2085 1024 ministerium,

392 1063 748 1116 summieque
786 1047 1126 1116 propensius
1171 1046 1482 1114 majestatis
1531 1063 1636 1116 pro
1670 1047 1836 1101 nobis
1876 1047 2087 1118 implo-

391 1139 520 1188 rent
570 1133 866 1187 auxilium.
926 1134 1163 1203 Insuper
1191 1133 1362 1186 etiam
1420 1134 1784 1188 concedimus
1847 1139 1908 1188 ut
1935 1134 2088 1188 idem

393 1221 568 1275 abbas
596 1222 816 1292 sibique
845 1221 1145 1275 commissa
1190 1222 1559 1291 congregatio
1601 1237 1920 1292 eorumque
1962 1239 2089 1276 suc-

393 1327 642 1364 cessores
675 1315 1009 1381 potestatem
1072 1310 1317 1363 habeant
1372 1311 1697 1363 advocatias
1758 1311 2091 1365 monasterii

395 1398 505 1463 sui,
535 1398 626 1451 cui
660 1398 854 1459 velint,
905 1397 1098 1458 dandi.
1131 1397 1339 1468 cuique
1399 1397 1595 1458 velint,
1629 1396 1889 1451 tollendi.
1935 1398 2000 1449 Et
2031 1401 2094 1448 ut

397 1487 555 1540 nulla
593 1485 1234 1556 cujuslibetjudiciaria:
1265 1486 1561 1554 dignitatis
1590 1501 1835 1554 persona
1878 1485 1937 1538 in
1971 1500 2093 1537 cur-

397 1575 548 1628 tibus
601 1591 798 1628 eorum
842 1574 1130 1645 placidum
1188 1574 1398 1628 habere
1448 1579 1780 1641 praesumat,
1815 1572 2090 1626 telonium

397 1663 697 1717 anavibus
759 1678 961 1716 eorum
1022 1663 1212 1716 nullus
1265 1662 1474 1732 exigat,
1525 1660 1860 1731 familiaque
1892 1677 2091 1714 eorum

1692 393 1748 445 S.
1794 390 2079 447 lIENRlCI
2123 393 2598 448 IMPERATORIS

289 539 298 545 ί
384 522 485 570 aut
536 515 808 581 ecclesias,
842 519 1074 584 excepto
1118 520 1327 569 nostrae
1387 515 1564 585 regali
1624 520 1898 586 potestate
1942 517 2077 586 (sic),
2114 521 2156 571 A
2197 535 2325 589 quae
2358 533 2510 571 nunc
2548 518 2615 570 ad
2663 533 2765 569 nos
2815 517 3100 586 pertinere
3153 517 3396 584 videtur,
3442 517 3916 571 transfundimus

3808 397 3915 446 268

2196 613 2252 660 et
2319 607 2600 672 largimur
2646 606 2933 660 Eberardo
3000 609 3254 660 Cumano
3312 606 3598 676 episcopo,
3666 607 3913 676 suisque

2197 696 2620 750 successoribus
2671 713 2704 748 a
2735 701 2932 748 nostra
2964 701 3126 764 parte
3160 695 3228 748 ad
3282 699 3506 764 partem
3537 694 3590 749 S.
3622 695 3820 748 Mariae
3853 700 3913 746 et

2197 784 2251 837 S.
2280 783 2550 837 Abuudii.
2604 783 3006 852 Prmcipientes
3063 799 3201 852 ergo
3259 781 3646 837 deliberamus
3677 788 3742 836 ut
3777 784 3916 835 nul-

2198 874 2287 926 lus
2337 878 2549 924 nostrze
2624 871 2892 941 potestati
2965 871 3278 941 subjectus,
3337 877 3437 925 aut
3489 871 3916 938 subjiciendus,

2199 961 2416 1014 scilicet
2461 959 2595 1023 dux,
2630 959 2906 1024 marcl'iio,
2958 961 3283 1030 episcopus,
3326 975 3536 1025 comes,
3566 961 3918 1022 vicecomes,

2200 1045 2473 1115 nullaque
2505 1045 2752 1099 maxima
2781 1045 2865 1098 vel
2905 1061 3080 1115 parva
3110 1062 3354 1115 persona
3381 1046 3630 1099 audeant
3661 1046 3918 1116 inquie-

2198 1137 2319 1186 tare
2349 1133 2437 1187 vel
2479 1135 2779 1188 molestare
2831 1139 2931 1189 aut
2980 1133 3276 1188 disvestire
3316 1134 3622 1204 praefatum
3680 1135 3919 1204 episco-

2199 1238 2339 1292 pum
2372 1222 2459 1275 vel
2490 1223 2612 1290 ejus
2630 1239 3002 1276 successores.
3029 1223 3086 1276 Si
3107 1223 3236 1293 quis
3260 1239 3390 1276 vero
3409 1224 3590 1276 facere
3623 1239 3917 1293 praesum-

2200 1311 2397 1381 pserit,
2443 1311 2583 1364 sciat
2636 1327 2694 1364 se
2733 1310 3188 1381 compositurum
3245 1312 3369 1365 auri
3412 1311 3709 1381 purissimi
3771 1313 3914 1365 libr.

2206 1401 2326 1464 100,
2359 1399 2722 1454 medietatem
2753 1405 2962 1454 nostra
2993 1401 3162 1468 parti,
3195 1405 3252 1452 et
3291 1400 3653 1454 medietatem
3695 1417 3918 1468 supra-

2204 1487 2353 1540 dicto
2406 1489 2659 1557 prmsuli,
2699 1488 2931 1558 suisque
2965 1489 3405 1540 successoribus.
3462 1489 3625 1552 Quod
3693 1495 3760 1542 ut
3822 1505 3919 1540 ve-

2202 1575 2321 1630 rius
2372 1577 2653 1643 credatur,
2717 1593 2887 1630 manu
2923 1578 3152 1646 propria
3203 1578 3664 1643 corroborautes,
3721 1577 3916 1630 nostri

2204 1664 2376 1731 sigilli
2435 1666 2812 1735 impressione
2871 1665 3086 1734 signari
3165 1665 3532 1735 praecipimus
3587 1667 3734 1718 hanc
3799 1681 3920 1734 pa—

399 1753 653 1805 bannum
683 1757 740 1803 et
764 1750 947 1803 lrazdm
979 1749 1121 1802 nulli
1155 1749 1262 1802 nisi
1295 1750 1483 1803 abbati
1512 1750 1816 1820 persolvat,
1849 1749 2089 1804 nullius-
2133 1797 2168 1849 Β
2207 1753 2422 1823 ginam.

400 1857 510 1910 que
551 1838 662 1892 nisi
691 1837 909 1891 abbatis
967 1838 1054 1890 vel
1094 1837 1162 1889 ab
1213 1855 1280 1890 eo
1331 1838 1774 1890 constitutorum
1809 1838 2096 1907 placidum

400 1928 676 1990 attendat,
732 1932 788 1979 et
819 1926 878 1980 in
900 1925 1139 1995 singulis
1162 1925 1486 1978 civitatibus
1520 1926 1808 1995 regalibus
1829 1927 1916 1980 vel
1943 1943 2098 1996 prae-

403 2015 648 2069 fectoriis
718 2015 959 2067 liberam
1026 2017 1362 2082 potestatem
1422 2013 1670 2067 habeant
1741 2013 1991 2068 intrandi
2043 2020 2100 2068 et

403 2103 668 2166 exeundi,
691 2100 972 2155 vendendi
1003 2107 1058 2153 et
1088 2101 1338 2164 emendi,
1371 2102 1636 2172 pascendi
1665 2108 1722 2156 et
1751 2103 2097 2172 adaquandi,

403 2192 570 2262 eique
596 2207 767 2260 Opera
807 2189 1021 2258 regalia
1051 2190 1138 2242 vel
1166 2190 1478 2243 comitialia
1528 2190 1783 2244 funditus
1814 2191 2100 2260 perdona-

404 2296 550 2333 mus.
604 2279 665 2332 Et
721 2282 785 2330 ut
848 2278 954 2330 hoc
999 2278 1356 2330 auctoritatis
1422 2284 1682 2332 nostrum
1749 2285 2099 2349 prmceptum

407 2367 638 2420 ﬁrmum
693 2372 750 2419 et
789 2365 986 2418 stabile
1034 2370 1389 2435 permaneat,
1428 2383 1597 2420 manu
1634 2368 1865 2437 propria
1916 2384 2104 2422 corro-

406 2456 694 2519 borantes,
755 2454 930 2522 sigilli
985 2454 1162 2508 nostri
1226 2454 1604 2524 impressione
1663 2456 1865 2526 signiri
1935 2457 2103 2526 jussi-

408 2560 534 2596 mus
571 2545 745 2611 tt36).

619 2632 845 2694 Signum
867 2631 1054 2684 damni
1081 2633 1321 2685 Heinrici
1349 2635 1492 2698 regis
1519 2634 1886 2686 invictissimi.

481 2720 798 2789 Egilbertus
845 2719 1236 2782 cancellarius,
1287 2720 1403 2772 vice
1435 2719 1696 2788 Willigisi
1751 2721 2099 2789 archicapel-

407 2809 543 2871 lani,
578 2807 899 2875 recognovi.
967 2808 1103 2860 Data
1146 2823 1177 2857 v
1211 2807 1287 2860 ld.
1331 2808 1490 2877 April
1533 2847 1548 2872 ,
1583 2823 1733 2860 anno
1796 2809 2103 2861 Dominicae

408 2895 817 2951 incarnationis
853 2897 1005 2959 t005,
1058 2895 1366 2947 indictione
1400 2913 1479 2961 ιιι,
1514 2913 1662 2948 anno
1700 2911 1833 2949 vero
1883 2896 2105 2950 domini

411 2983 657 3038 lleinrici
690 2982 921 3036 secundi
949 2982 1098 3050 regis
1133 2999 1211 3035 ιιι.
1246 2987 1446 3035 Actum
1501 2983 1851 3052 Aquisgrani
1916 2984 1975 3037 in
2008 2984 2104 3036 Dei

409 3073 641 3126 nomine
671 3071 930 3124 feliciter.
965 3075 1166 3123 Amen.

1163 3159 1339 3212 XXXI.

411 3252 466 3304 S.
528 3250 789 3302 Henricus
835 3247 1077 3300 Ecclesiae
1144 3247 1422 3298 Comensis
1475 3249 1767 3315 privilegia
1827 3247 2112 3318 conﬁrmat

925 3321 974 3368 et
1006 3320 1366 3384 possessiones
1405 3322 1584 3383 auget.

1081 3402 1262 3470 (Anno
1296 3404 1472 3467 t006.)

769 3472 1041 3545 [Ughelli,
1091 3476 1260 3527 Italia
1294 3489 1469 3537 sacra,
1507 3474 1566 3541 V,
1601 3473 1754 3546 28L]

487 3565 548 3618 In
581 3561 811 3616 nomine
833 3567 1038 3615 sancta:
1057 3567 1114 3614 et
1141 3561 1449 3615 individuus
1479 3563 1790 3627 Trinitatis,
1828 3565 2111 3618 ﬂammeus

413 3653 606 3707 divina
653 3652 876 3704 favente
915 3649 1216 3702 clementia
1248 3665 1362 3703 rex.
1419 3650 1561 3704 Cum
1593 3656 1924 3704 nostrorum
1971 3651 2111 3706 ﬁde-

415 3742 558 3795 lium
617 3737 989 3810 petitionibus
1032 3741 1105 3791 ad
1135 3744 1508 3807 augmentum
1558 3745 1766 3792 nostra:
1821 3739 2113 3793 tidelitatis

414 3829 643 3900 pietatis
690 3831 900 3880 nostra:
940 3841 1107 3879 aures
1135 3827 1655 3891 accommodamus,
1697 3827 1878 3880 multo
1907 3828 2112 3882 melius

413 3933 536 3970 esse
582 3915 908 3969 inducimus
961 3914 1008 3966 si
1077 3913 1175 3967 Dei
1223 3913 1474 3967 ecclesiis
1531 3915 1751 3985 aliquid
1805 3932 1872 3968 ex
1907 3917 2112 3971 nostris

415 4003 687 4059 libentius
707 4001 1131 4068 donaverimus,
1154 4017 1398 4070 quarum
1417 4003 1711 4071 juvamine
1735 4005 1922 4073 majus
1945 4005 2112 4059 nobis

414 4094 834 4146 incrementum
888 4094 1211 4158 praestatur,
1272 4089 1570 4160 nostrique
1629 4092 1794 4160 regni
1833 4093 2110 4148 celsitudo

413 4179 716 4233 solidatur.
770 4179 976 4228 Noscat
1027 4175 1221 4245 itaque
1260 4177 1520 4230 omnium
1554 4177 1810 4232 tidelium
1856 4196 2110 4251 praesens

415 4273 472 4321 et
497 4267 690 4320 futura
734 4263 1011 4324 collectio,
1042 4279 1143 4317 nos
1189 4279 1292 4334 pro
1350 4265 1606 4318 remedio
1637 4265 1847 4320 animus
1899 4272 2108 4322 nostra

415 4361 741 4424 nostraeque
797 4351 1076 4422 conjugis,
1117 4367 1182 4406 ac
1230 4352 1395 4422 regni
1426 4353 1608 4407 nostri
1649 4355 1980 4422 stabilitate,
2013 4355 2097 4408 in-
2135 4357 2179 4410 D

412 4448 670 4497 terventu
721 4440 992 4511 Egilberti
1069 4440 1445 4511 Frisingensis
1514 4442 1788 4512 episcopi,
1864 4443 2107 4497 donasse

415 4531 699 4587 Eberardo
749 4531 1005 4584 Cumano
1037 4529 1328 4600 episcopo,
1401 4529 1634 4601 suisque
1686 4531 2108 4585 successoribus

411 4621 484 4675 ad
529 4624 750 4690 partem
783 4617 836 4672 S.
873 4616 1061 4672 Maria:
1091 4617 1146 4671 S.
1175 4617 1424 4672 Abundii
1473 4634 1705 4672 omnem
1739 4620 2107 4673 medietatem

411 4706 834 4762 vicecomitatus
872 4705 941 4758 de
970 4705 1342 4772 Valletellina,
1375 4712 1433 4760 et
1469 4706 1704 4760 omnino
1736 4707 2106 4762 transfudisse

412 4793 693 4866 quidquid
753 4792 824 4844 ad
897 4792 1056 4846 illam
1101 4793 1465 4847 medietatem
1515 4794 1783 4864 pertinet,
1840 4799 1940 4848 aut
1969 4794 2109 4848 citra

412 4885 598 4937 lacum
654 4881 996 4942 Cumanum,
1073 4885 1173 4934 aut
1240 4881 1522 4935 Belasium
1581 4882 1650 4935 ab
1701 4881 1859 4936 omni
1907 4888 2106 4936 nostro

409 4968 656 5042 publico,
705 4972 762 5020 et
791 4967 1011 5020 dedisse
1050 4967 1121 5020 ad
1150 4969 1562 5038 proprietatem
1620 4970 1947 5040 supradicto
1985 4969 2105 5039 epi-

408 5072 603 5127 scopo,
631 5059 687 5109 et
715 5054 1136 5108 successoribus
1186 5057 1309 5124 ejus
1357 5062 1471 5110 tam
1527 5057 1588 5110 in
1619 5057 1896 5124 districto,
1931 5075 2106 5129 quam

408 5147 466 5200 in
495 5142 790 5214 precantia
815 5147 872 5196 et
888 5142 1206 5208 erimarias,
1235 5149 1406 5213 atque
1433 5144 1494 5197 in
1535 5145 1694 5198 omni
1734 5146 2104 5215 pertinentia,

407 5270 543 5323 thus
555 5266 911 5340 abbasnullo
927 5265 1195 5340 deinceps
1212 5267 1392 5340 veteri
1410 5273 1785 5340 monumento
1799 5269 2107 5340 inscriptus

406 5340 634 5410 legitur.
688 5338 830 5390 Vitae
866 5338 989 5406 ejus
1019 5337 1172 5410 diem
1205 5338 1485 5410 ultimum
1507 5338 1663 5410 (nam
1690 5339 1759 5392 de
1789 5355 1940 5394 anno
1962 5337 2106 5394 nihil

406 5407 653 5464 habetur
701 5413 1081 5478 compertum)
1139 5407 1218 5461 ita
1264 5407 1395 5461 fasti
1447 5407 1835 5464 Maxiininiani
1895 5412 2103 5465 edunt:

403 5497 492 5532 xvi
521 5481 642 5534 Kal.
674 5480 798 5534 Jul.
832 5478 1126 5544 0ftradus.
1183 5478 1370 5533 abbas.
1410 5486 1625 5533 nostra.
1647 5483 2102 5548 congregationis.

405 5551 547 5602 Eum
575 5549 815 5622 excepit_
842 5549 1162 5614 Vinrichus,
1213 5549 1390 5604 Nonis
1450 5550 1680 5616 Martiis,
1722 5567 1958 5622 quoquo
2005 5553 2104 5607 de-

405 5635 566 5673 mum
598 5635 768 5686 anno,
801 5619 1196 5690 inauguratus.

2277 1843 2506 1907 Signum
2535 1841 2742 1895 domini
2755 1844 2973 1896 Ilenrici
3005 1840 3048 1912 -ξο
3079 1843 3224 1908 regis
3252 1843 3618 1898 invictissimi.

2275 1933 2442 1984 Anno
2476 1929 2786 1984 Dominicae
2813 1929 3225 1984 incarnationis
3258 1932 3410 1983 1006.

2963 2018 3113 2072 XXXI
3146 2057 3158 2070 .

2209 2106 2267 2161 S.
2328 2107 2546 2159 Henrici
2592 2107 2642 2159 Il
2706 2111 3050 2174 praeceptum,
3107 2121 3204 2172 per
3252 2103 3398 2173 quod
3471 2107 3754 2158 universas
3807 2108 3921 2158 Ec-

2278 2177 2448 2230 clesiae
2542 2177 2954 2229 Wormatiensis
3003 2177 3336 2245 possessione
3409 2175 3581 2228 eidem
3625 2179 3928 2241 conﬁrmat

2280 2248 2526 2314 aliasque
2555 2246 2902 2316 superaddit.

2857 2339 3041 2398 (Anno
3091 2334 3268 2401 1006.)

2409 2404 2735 2473 [Schannat,
2769 2407 3125 2474 Episcopatus
3183 2406 3470 2468 Wormat.,
3503 2405 3574 2471 ll,
3607 2402 3718 2474 36.]

2284 2495 2349 2548 In
2409 2495 2640 2546 nomine
2689 2499 2896 2546 sanctae
2928 2500 2985 2546 et
3035 2493 3344 2546 individua).
3375 2492 3691 2556 Trinitatis,
3754 2494 3930 2546 Ham-

2213 2596 2364 2634 nicus
2394 2579 2586 2634 divina
2615 2580 2832 2633 favente
2865 2580 3169 2634 clementia
3197 2596 3314 2633 rex.

2286 2669 2436 2722 Nihil
2490 2668 2848 2721 commodius
2921 2668 2988 2721 ad
3039 2673 3247 2721 nostras
3309 2665 3679 2719 sublimitatis
3732 2667 3930 2719 hono-

2215 2774 2358 2820 rem,
2384 2757 2676 2826 nostrique
2727 2757 3023 2827 regiminis
3054 2755 3572 2808 corroborationem
3616 2771 3781 2824 posse
3838 2756 3927 2807 fa—

2213 2862 2340 2899 cere
2381 2846 2687 2908 credimus,
2722 2862 2894 2916 quam
2942 2845 3008 2906 si,
3042 2849 3366 2897 sanctarum
3403 2843 3501 2896 Dei
3534 2843 3926 2895 Ecclesiarum

2217 2935 2490 2987 habentes
2542 2933 3002 2994 sollicitudinem,
3063 2949 3260 2985 earum
3321 2935 3483 2984 dotes
3548 2931 3929 2983 inconvulsas

2218 3039 2442 3076 servare
2500 3023 2907 3076 studuerimus.
2967 3022 3048 3075 0b
3101 3022 3206 3074 hoc
3260 3019 3520 3072 omnium
3576 3024 3786 3071 sanctm
3824 3019 3932 3071 Dei

2226 3112 2483 3164 Ecclesim
2514 3111 2772 3164 fidelium
2805 3109 3025 3162 noverit
3057 3108 3357 3170 industria,
3416 3107 3791 3176 praesentium
3821 3107 3930 3158 sci-

2222 3199 2352 3251 licet
2372 3204 2430 3252 et
2453 3198 2800 3262 futurorum,
2826 3203 3110 3267 quatenus
3128 3195 3334 3249 divinie
3369 3195 3929 3262 recompensationis

2220 3287 2632 3350 emolumento,
2691 3301 2795 3338 nec
2848 3301 2962 3337 non
3000 3282 3121 3355 [ad]
3154 3283 3467 3337 beatissimi
3525 3283 3930 3352 apostolorum

2223 3374 2499 3445 principis
2533 3374 2682 3427 Petri
2714 3376 3158 3438 venerationem,
3191 3373 3248 3424 in
3281 3372 3443 3441 cujus
3464 3371 3744 3425 honorem
3768 3371 3932 3423 Vuor

2223 3462 2515 3516 matiensis
2569 3462 2928 3532 episcopatus
3001 3461 3274 3514 fundatus
3339 3477 3460 3514 esse
3540 3460 3924 3529 dignoscitur,

2222 3552 2336 3605 sive
2367 3551 2434 3605 ad
2479 3551 2857 3604 monitionem
2889 3556 2947 3603 et
3001 3549 3339 3619 petitionem
3385 3547 3718 3615 Burchardi,
3768 3548 3926 3616 ejus-

2221 3641 2352 3694 dem
2383 3641 2534 3693 sedis
2564 3639 2921 3692 devotissimi
2966 3638 3250 3707 prmsulis,
3302 3642 3758 3708 praememorataa
3823 3636 3928 3688 Ec-

2221 3729 2404 3784 clesiae
2435 3744 2541 3798 per
2585 3728 2758 3797 hujus
2802 3731 3010 3780 nostra
3059 3724 3443 3778 concessionis
3475 3724 3746 3793 paginam
3787 3739 3929 3776 con-

2222 3819 2519 3872 lirmamus
2567 3817 2760 3869 omnia
2801 3831 2931 3886 quae
2977 3829 3143 3883 reges
3202 3818 3258 3866 et
3307 3813 3686 3882 imperatores
3740 3813 3928 3864 nostri

2221 3922 2448 3977 quoque
2497 3911 2906 3967 antecessores,
2956 3903 3074 3956 sive
3125 3918 3251 3966 nos,
3283 3901 3470 3954 eidem
3509 3899 3767 3953 Ecclesiae
3795 3916 3930 3953 con-

2219 3997 2505 4059 tulerunt;
2540 4010 2606 4046 ea
2636 3992 2900 4046 videlicet
2932 3991 3149 4044 ratione
3195 3996 3258 4043 ut
3304 3989 3577 4058 praefatus
3622 3989 3929 4058 episcopus

2220 4083 2423 4153 suique
2471 4097 2818 4134 successores
2849 4079 3110 4133 universa
3144 4093 3261 4130 suae
3320 4077 3600 4141 Ecclesiae,
3652 4082 3717 4130 ut
3767 4077 3927 4130 dixi-

2223 4187 2370 4235 mus,
2428 4170 2632 4222 collata
2692 4169 2960 4233 habeant,
3022 4170 3276 4230 teneant,
3336 4165 3690 4234 tirmiterque
3741 4166 3927 4234 possi-

2219 4259 2412 4325 deant,
2438 4257 2698 4312 omnium
2726 4257 3030 4310 hominum
3064 4254 3466 4308 molestatione
3498 4260 3554 4306 et
3599 4254 3925 4308 contradic-

2220 4349 2374 4402 tione
2415 4351 2652 4410 remota,
2685 4344 2838 4415 quod
2886 4349 2948 4398 ut
2995 4359 3161 4397 verus
3217 4341 3502 4406 credatur,
3557 4341 3922 4411 diligentius-

2219 4452 2332 4507 que
2380 4435 2450 4488 ab
2480 4433 2746 4488 omnibus
2800 4433 3152 4493 observetur,
3185 4431 3332 4483 hanc
3362 4436 3576 4484 cartam
3611 4429 3743 4483 inde
3788 4447 3922 4484 con-

2220 4523 2511 4593 scriptam,
2545 4537 2719 4575 manu
2758 4520 2991 4591 propria
3022 4521 3379 4583 roborantes,
3415 4518 3704 4588 sigillique
3735 4522 3918 4572 nostri

2220 4611 2618 4679 impressione,
2652 4615 2715 4663 ut
2734 4610 2935 4663 subtus
2962 4609 3207 4672 videtur,
3240 4605 3506 4675 insigniri
3539 4605 3836 4674 jussimus,
3863 4615 3924 4661 et

2219 4716 2288 4754 ex
2341 4699 2577 4770 proprio
2631 4699 2934 4752 Ecclesium
2991 4697 3160 4750 sitam
3217 4695 3275 4748 in
3330 4694 3629 4760 suburbio,
3676 4694 3918 4748 alteram

2220 4806 2334 4843 uno
2389 4789 2462 4843 ab
2519 4789 2658 4842 urbe
2707 4785 2978 4841 milliario
3008 4830 3017 4838 .
3053 4828 3065 4840 .
3103 4829 3115 4842 .
3155 4828 3168 4840 .
3229 4784 3331 4839 .ad
3365 4801 3530 4838 usum
3587 4784 3917 4853 praebenda

2218 4878 2456 4931 fratrum
2485 4876 2895 4930 contradimus.

2395 4967 2624 5032 Signum
2661 4965 2868 5018 domini
2903 4963 3162 5016 Heinrici
3190 4964 3334 5029 regis
3368 4963 3737 5014 invictissimi.

2290 5053 2648 5108 Eberhardus
2702 5050 3074 5107 cancellarius
3122 5049 3242 5104 vice
3270 5048 3526 5119 Vuilligii
3557 5047 3917 5118 archicapel-

2219 5143 2337 5196 lani
2365 5141 2694 5212 recognovi.

2290 5268 2334 5337 (t
2349 5265 2438 5332 36)
2456 5266 2644 5331 Sigilli
2658 5267 2830 5337 nostri
2839 5265 3207 5337 impressione.
3233 5261 3495 5337 Sigillum
3509 5261 3816 5337 praesentis
3829 5261 3916 5315 di-

2215 5332 2508 5408 plomatis.
2535 5353 2568 5388 a
2591 5335 2978 5408 Zyllesionon
3009 5334 3257 5395 editum,
3287 5334 3346 5385 in
3378 5348 3446 5385 eo
3465 5332 3770 5408 singulare
3809 5340 3916 5397 est,

2217 5402 2372 5479 quod
2422 5402 2783 5477 imperatoris
2827 5405 3096 5479 dexter_a,_
3144 5418 3259 5457 non
3294 5408 3380 5479 _u_t
3430 5402 3569 5456 alias
3602 5406 3912 5479 sceptrum,

2217 5473 2312 5532 s-ed
2343 5473 2570 5532 crucem
2619 5476 2944 5546 protendat,
2990 5475 3222 5529 sinistra
3253 5473 3493 5544 globum
3552 5474 3712 5526 nulla
3749 5489 3914 5527 cruce

2216 5550 2556 5620 insignitum
2583 5551 2793 5602 teneat.
