3980 6424
109 397 212 444 L’titl

1387 396 1775 457 DIPI.O.\IATA
1816 399 2368 457 ECCLESIASTICA.

3535 421 3640 470 270

186 512 330 565 Data
391 529 423 564 ιι
486 513 633 566 Non.
694 513 878 566 Martii
930 512 1129 567 indict.
1189 530 1271 578 ιιι,
1340 532 1490 570 ειηηο
1538 518 1698 572 Dom.
1741 519 1822 572 in-

1998 521 2307 589 .aco(l/iii),
2347 522 2476 575 lidla
2529 524 2702 592 (146),
2755 527 2998 596 Tungris
3034 531 3194 597 (147),
3250 533 3406 604 Hoyo
3467 536 3636 602 (148),

103 606 324 653 carnat.
369 604 528 662 1006,
558 617 712 654 anno
746 618 877 654 vero
906 602 1128 656 domini
1165 602 1416 658 Ileinrici
1463 606 1700 660 secundi
1740 623 1825 661 re-

111 688 350 756 gnantis
374 705 423 742 v.

174 780 390 830 Actum
425 777 798 832 Laudenburc
832 778 1094 832 feliciter.
1127 781 1330 835 Amen.

851 876 1083 930 XXXIII.

108 963 166 1017 S.
196 965 467 1036 Henricus
527 965 577 1017 II
633 965 766 1036 imp2
830 963 896 1017 Β.
962 965 1191 1036 Nolgero
1248 965 1532 1020 Leodiensi
1580 970 1823 1036 episcopo

179 1035 411 1102 ejusque
449 1033 846 1087 successoribus
894 1034 1182 1104 conﬁrmat
1238 1037 1490 1090 abbatias
1539 1033 1621 1091 ef
1661 1033 1819 1093 cccle-

181 1108 301 1158 sias
359 1106 698 1170 collegiatas,
730 1105 1066 1169 Lobiensem,
1127 1107 1183 1161 S.
1226 1106 1492 1172 Huberti,
1555 1109 1822 1162 Bronim-

178 1191 315 1240 sem,
361 1175 813 1238 Gemblacensem,
871 1177 1204 1240 Fossensem,
1266 1180 1670 1243 Matoniensem,
1706 1182 1820 1234 Na-

179 1261 536 1312 murcensem,
572 1249 1004 1312 Dionantensem,
1069 1249 1402 1314 Eichensem,
1464 1251 1819 1305 Mechlinien-

182 1332 320 1383 sem,
367 1319 754 1385 Tungrensem,
797 1319 1082 1371 Huiensem
1105 1325 1154 1371 et
1190 1321 1604 1388 T-rajcctensem.

756 1407 945 1476 (Anno
1005 1408 1187 1476 1006.)

477 1496 746 1564 (Mirans,
783 1501 920 1566 Opp.
953 1497 1182 1565 diplnm.
1217 1497 1310 1561 III,
1350 1496 1460 1568 11.]

185 1585 249 1637 In
280 1583 519 1638 nomine
568 1589 776 1638 sanctze
835 1591 890 1638 et
921 1585 1236 1639 individuze
1267 1587 1580 1653 Trinitatis,
1616 1588 1819 1642 HENRI-

109 1688 206 1723 cus
243 1671 436 1724 divina
461 1671 684 1725 favente
716 1672 1018 1726 clementia
1051 1688 1165 1726 rex.

185 1759 366 1811 Nobis
398 1759 766 1829 profuturum
800 1766 857 1814 et
888 1761 960 1814 ad
992 1761 1165 1814 vitam
1225 1765 1570 1831 praesentem
1602 1763 1817 1816 transi-

107 1847 387 1917 gendam,
437 1853 494 1901 et
549 1848 617 1900 ad
651 1848 901 1902 futuram
935 1848 1176 1903 feliciter
1203 1849 1596 1917 obtinendam,
1630 1852 1818 1904 credi-

107 1951 242 1988 mus
311 1941 370 1988 et
417 1935 646 2002 scimus,
707 1937 774 2000 si,
831 1937 1142 1991 secundum
1200 1937 1457 1992 ﬁdelium
1491 1946 1819 1994 nostrorum

100 2024 291 2091 justas
341 2024 670 2094 petitiones,
716 2026 1128 2078 ecclesiasticas
1162 2025 1482 2090 facultates,
1540 2033 1596 2080 et
1627 2029 1817 2098 cujus-

105 2126 219 2179 que
286 2112 591 2181 potestatis
659 2113 966 2181 judiciaria
1016 2113 1422 2183 jurisdictione
1481 2116 1815 2169 liberaveri-

107 2215 262 2264 mus,
298 2206 357 2253 et
400 2200 665 2254 liberatas
697 2202 1285 2272 augmentaverimus,
1319 2209 1375 2257 et
1422 2210 1822 2274 augmentatas

107 2289 292 2357 regali
325 2290 596 2360 pracepti
647 2291 968 2346 munimine
1019 2293 1262 2347 tuendas
1323 2309 1444 2348 esse
1504 2294 1820 2348 firmaveri-

110 2394 265 2430 mus.

181 2468 557 2537 Quapropter
585 2472 786 2522 notum
821 2485 943 2523 esse
974 2470 1238 2523 volumus
1296 2471 1566 2524 omnibus
1616 2471 1822 2524 nostris

112 2553 402 2616 fidelibus,
437 2560 553 2609 tam
608 2557 816 2610 futuris
865 2574 1038 2628 quam
1097 2559 1499 2628 prmsentibus,
1553 2560 1687 2630 quia
1738 2560 1824 2612 vir

114 2643 466 2696 venerabilis
523 2644 811 2698 Notkerus
894 2646 1244 2715 Tungrensis
1316 2663 1414 2700 seu
1495 2647 1824 2701 Leodieusis

114 2733 439 2801 episcopus.
525 2734 813 2802 quoddam
891 2741 1241 2804 praeceptum
1336 2736 1544 2788 nostris
1618 2736 1826 2790 obtulit

116 2821 432 2886 obtutibus,
474 2822 630 2892 quod
667 2827 787 2875 erat
819 2823 1053 2876 secundi
1085 2823 1332 2888 Ottonis,
1367 2821 1737 2894 imperatoris
1769 2829 1826 2878 et

113 2910 533 2978 consanguinei
566 2911 766 2972 nostri,
830 2917 885 2964 et
935 2927 1107 2965 manu
1161 2911 1478 2976 firmatum,
1539 2917 1596 2965 et
1635 2912 1824 2981 sigillo

116 2997 442 3064 signatum;
478 2998 538 3050 in
581 3014 694 3068 quo
720 2999 1017 3052 dicebatur
1047 2999 1198 3069 quod
1236 3015 1349 3052 non
1375 3001 1560 3052 solum
1619 2999 1741 3068 ipse
1771 3005 1828 3052 et

1935 610 2196 678 Trajecto
2231 609 2400 679 (149),
2428 612 2663 665 Malinas
2687 617 2864 680 (150),
2887 619 3042 670 velin
3080 622 3299 673 caeteris
3325 623 3478 688 locis,
3510 641 3637 678 cum

1934 697 2206 750 omnibus
2260 699 2431 751 rebus
2454 701 2540 753 vel
2582 701 2917 757 hominibus
2973 705 3043 758 ad
3079 724 3138 760 se
3193 711 3638 779 pertinentibus,

1937 786 2112 838 libere
2179 802 2281 856 per
2338 803 2395 840 se
2457 789 2856 856 consisterent,
2925 794 2996 846 ab
3045 797 3202 849 omni
3235 798 3637 868 inquietudine

1931 873 2246 942 judiciariaz
2275 877 2570 944 potestatis
2597 879 2846 932 defensa:
2879 887 2935 934 et
2963 899 3175 937 securm
3209 895 3529 942 manerent.

2007 963 2186 1032 llujus
2227 964 2550 1018 securitatis
2607 968 3030 1036 auctoritatem,
3083 973 3162 1026 sic
3206 975 3278 1027 ab
3309 983 3632 1032 antecesso-

1935 1049 2094 1104 ribus
2127 1052 2338 1106 nostris
2401 1056 2851 1126 promulgatam,
2904 1065 2989 1126 ut,
3053 1061 3126 1114 ob
3167 1079 3420 1117 amorem
3458 1067 3554 1120 Dei
3584 1073 3640 1122 et

1933 1141 2310 1193 reverentiam
2345 1142 2602 1212 ejusdem
2637 1145 2911 1215 ecrlesizr,
2945 1165 3206 1203 assensus
3265 1153 3441 1206 nostri
3475 1156 3632 1225 adje-

1930 1228 2118 1282 ctione
2198 1228 2584 1299 ﬁrmaremus,
2664 1234 2811 1304 petit
2900 1238 3212 1306 praadictus
3296 1244 3638 1297 venerabilis

1932 1333 2254 1387 episcopus.

2004 1405 2177 1476 Cujus
2201 1407 2370 1476 justte
2404 1411 2458 1461 et
2486 1408 2817 1464 rationabili
2860 1412 3123 1482 petitioni
3163 1431 3361 1471 aurem
3392 1417 3640 1474 libenter

1929 1495 2508 1563 accommodavimus,
2562 1503 2617 1551 et
2649 1498 2752 1552 hoc
2794 1506 3007 1554 nostra:
3079 1505 3434 1558 auctoritatis
3492 1523 3632 1577 prin-

1930 1587 2201 1652 ceptum;
2235 1600 2371 1652 erga
2405 1585 2585 1655 ipsam
2648 1589 2953 1642 Ecclesiam
2982 1591 3242 1645 tuitionis
3289 1597 3494 1662 gratia,
3531 1613 3634 1665 pro

1930 1671 2108 1724 divini
2137 1673 2322 1725 cultus
2387 1689 2606 1742 amore,
2649 1679 2705 1728 et
2747 1677 2958 1730 anima:
3018 1684 3227 1733 nostra!
3267 1684 3472 1748 salute,
3508 1684 3630 1738 ﬁeri

1927 1759 2302 1825 decrevimus,
2392 1778 2496 1832 per
2584 1764 2742 1833 quod
2814 1766 3146 1822 ﬁrmissime
3229 1770 3502 1838 jubemus
3569 1778 3632 1826 ut

1927 1845 2196 1916 deinceps
2229 1848 2420 1900 nullus
2450 1865 2662 1915 comes,
2698 1853 2891 1906 nullus
2917 1855 3114 1923 judex,
3147 1856 3255 1910 nisi
3287 1859 3377 1912 cui
3420 1860 3634 1929 episco-

1926 1949 2034 2004 pus
2063 1935 2440 2004 commiserit,
2472 1937 2529 1990 in
2570 1938 2845 2007 praedicta
2884 1941 3026 2008 loca,
3096 1945 3182 1996 vel
3231 1961 3436 2000 eorum
3469 1950 3634 2000 terri-

1927 2022 2097 2089 toria,
2133 2040 2263 2093 quae
2302 2023 2364 2078 in
2411 2025 2768 2094 quibuslibet
2813 2030 2979 2099 pagis
3035 2030 3185 2084 infra
3231 2035 3391 2102 regni
3454 2036 3633 2089 nostri

1929 2111 2234 2176 ditionem,
2298 2116 2352 2164 et
2406 2129 2561 2166 nunc
2621 2114 2855 2181 habent,
2913 2122 2972 2170 et
3022 2118 3081 2171 in
3140 2120 3332 2174 futuro
3374 2121 3636 2176 habenda

1929 2206 2082 2266 sunt,
2117 2201 2185 2253 ad
2217 2217 2417 2254 causas
2443 2202 2781 2273 audiendas,
2834 2206 2922 2259 vel
2957 2207 3022 2260 ad
3057 2208 3232 2272 freda,
3296 2218 3395 2264 aut
3425 2212 3633 2266 bauna.

1927 2294 2026 2342 aut
2050 2289 2283 2356 tributa,
2321 2298 2418 2344 aut
2446 2291 2516 2344 de
2569 2293 2815 2347 statione
2843 2295 3100 2360 navium,
3146 2299 3232 2350 vel
3279 2299 3348 2352 de
3379 2301 3640 2370 qualibet

1927 2377 2041 2431 alia
2090 2393 2174 2445 re,
2232 2379 2448 2432 telouia
2497 2379 2800 2450 exigenda,
2851 2387 2952 2435 aut
3026 2384 3220 2456 aliqua
3265 2385 3638 2442 districtionis

1929 2466 2162 2535 negotia
2193 2483 2366 2536 super
2405 2468 2690 2535 homines,
2725 2474 2842 2523 tam
2902 2470 3185 2541 ingenuos
3218 2491 3390 2545 quam
3449 2492 3640 2530 servos

1929 2553 1988 2607 in
2021 2555 2102 2607 eis
2133 2561 2456 2618 manentes,
2485 2559 2821 2624 exercenda,
2854 2561 3068 2613 nostris
3098 2567 3152 2614 et
3180 2562 3389 2616 futuris
3411 2570 3637 2635 tempo-

1929 2642 2090 2696 ribus
2146 2643 2373 2713 ingredi
2433 2645 2662 2711 audeat,
2710 2648 2797 2700 vel
2839 2648 3156 2718 quidquam
3215 2651 3273 2704 in
3304 2653 3384 2705 eis
3441 2659 3640 2706 contra

1931 2731 2289 2786 voluntatem
2333 2732 2589 2804 episcopi
2646 2750 3157 2807 successurumque
3199 2740 3325 2809 ejus
3355 2745 3637 2796 attentare

1934 2820 2161 2873 audeat.

2003 2908 2108 2961 Sed
2145 2907 2256 2978 ipsi
2286 2910 2522 2979 praesuli
2561 2912 3098 2983 successoribusque
3127 2913 3244 2966 suis
3299 2919 3355 2968 et
3386 2932 3541 2970 nunc
3587 2922 3644 2972 et

1935 3011 2162 3065 semper
2190 2996 2359 3050 liceat
2390 3014 2478 3051 res
2509 2999 2802 3068 praedictae
2839 3001 3120 3065 Ecclesim,
3156 3006 3211 3054 et
3259 3002 3346 3056 illi
3377 3005 3643 3060 subdita-

116 3092 282 3153 pater
336 3102 498 3151 suus,
549 3087 773 3156 primus
814 3087 1080 3140 videlicet
1115 3087 1587 3157 Ottoimperator
1615 3088 1827 3142 virtute
1861 3083 1900 3136 C
1938 3099 2090 3148 rum,
2123 3083 2227 3138 sub
2259 3085 2517 3138 tuitionis
2549 3090 2719 3155 atque
2748 3086 3135 3141 immanitatis
3173 3095 3386 3144 nostra;
3440 3092 3642 3146 defen-

112 3180 164 3226 et
222 3174 485 3236 nomine,
543 3175 642 3228 sed
696 3180 1088 3229 antecessores
1119 3191 1341 3241 eorum,
1395 3192 1557 3246 reges
1612 3176 1828 3230 scilicet

117 3263 492 3328 Francorum,
531 3261 789 3332 Pipinns,
825 3263 1078 3329 Carolus,
1135 3263 1472 3329 Ludovicus,
1530 3263 1828 3318 Lotliarius

117 3355 171 3402 et
209 3351 351 3404 item
390 3351 643 3416 Carolus,
678 3356 734 3405 et
788 3352 962 3404 etiam
995 3351 1186 3405 caeteri
1227 3352 1379 3420 regis
1438 3356 1827 3406 antecessores

117 3443 170 3489 et
208 3454 568 3492 successores
602 3454 824 3507 eorum,
853 3441 1041 3494 cidem
1071 3439 1334 3494 Ecclesia:
1367 3445 1576 3494 sancta:
1638 3441 1824 3495 Mariae

118 3531 170 3578 et
199 3525 383 3579 sancti
409 3526 720 3594 Lamberti,
763 3528 854 3581 cui
896 3533 1129 3582 auctore
1162 3529 1275 3582 Deo
1333 3528 1486 3583 idem
1521 3529 1826 3599 episcopus

119 3618 346 3680 praeest,
383 3627 486 3681 per
532 3612 887 3666 auctoritatis
946 3630 1064 3667 sum
1122 3618 1409 3686 praecepta
1466 3616 1828 3670 contulerant

116 3705 178 3752 ut
201 3705 258 3752 et
297 3701 426 3769 ipsa
457 3703 512 3752 et
565 3716 681 3752 sua:
738 3701 1112 3771 appenditiaz,
1166 3718 1295 3772 qua!
1355 3707 1488 3755 sunt
1515 3703 1776 3758 videlicet
1808 3721 1820 3758 :

121 3788 306 3841 Lobiis
339 3789 506 3856 (137),
537 3794 593 3840 et
623 3787 681 3841 in
711 3789 834 3841 loco
858 3789 955 3859 qui
987 3789 1197 3842 dicitur
1223 3790 1292 3842 ad
1321 3790 1588 3844 Sanctum
1617 3791 1828 3845 [luber-

119 3881 236 3929 tum
271 3876 443 3944 (138),
483 3877 692 3929 Bronio
715 3875 888 3944 (139),
910 3876 1217 3932 Gembluos
1242 3878 1418 3946 (140),
1444 3879 1624 3932 Fossis
1658 3881 1823 3946 (141),

122 3965 175 4016 in
203 3964 455 4018 Malonia
480 3965 650 4031 (142),
683 3965 966 4018 Namurco
987 3966 1156 4033 (143),
1178 3966 1459 4020 Dionanto
1487 3967 1660 4036 (144),
1689 3968 1826 4022 Ceu-

185 4071 331 4138 (t37)
374 4069 593 4137 Lobiis,
626 4069 834 4124 Gallice
865 4071 1086 4136 Lobbes,
1145 4076 1350 4141 potens
1379 4071 1608 4126 abbatia
1641 4073 1826 4126 Bene-

123 4140 473 4195 dictinorum
508 4141 576 4194 ad
617 4141 813 4194 Lobim
847 4141 1108 4207 fluvium,
1143 4142 1305 4211 cujus
1326 4142 1499 4195 abbas
1529 4148 1613 4196 est
1643 4144 1826 4197 admi-

123 4214 396 4265 nistrator
426 4212 486 4264 in
508 4212 1312 4282 pontiticalillusepisc0patus
1342 4213 1670 4266 Leodieusis
1693 4215 1825 4269 sede

122 4289 376 4336 vacante.
445 4282 767 4351 Diplomata
832 4284 1086 4351 plurima
1171 4283 1238 4337 ad
1329 4284 1477 4337 hanc
1538 4284 1823 4339 abbatiam

125 4353 439 4424 spectantia
468 4353 593 4405 vide
625 4354 778 4422 apud
809 4353 1081 4407 Min-eum.

191 4427 335 4489 (138)
367 4424 423 4477 S.
452 4424 758 4489 ilubertus,
805 4424 946 4478 olim
976 4423 1298 4478 Andainum
1339 4427 1544 4493 potens
1601 4425 1829 4478 abbatia

130 4495 624 4548 Benedictinorum
681 4494 737 4546 in
790 4494 972 4564 Sylvis
1029 4494 1375 4559 Arduennis,
1463 4495 1522 4548 in
1605 4495 1832 4549 dioecesi

131 4565 446 4628 Leodieusi,
500 4564 1036 4636 claramiraculosis
1062 4565 1483 4636 isanationibns
1525 4581 1654 4636 qua:
1684 4567 1833 4621 ﬁunt

129 4635 184 4688 in
213 4641 430 4689 virtute
464 4634 844 4704 reliquiarum
877 4635 932 4689 S.
969 4635 1204 4706 Huberti
1235 4635 1509 4706 episcopi.

195 4709 337 4775 (139)
373 4706 677 4770 Bronium,
707 4706 846 4758 alias
887 4707 943 4759 S.
978 4705 1238 4766 Gerardi,
1272 4705 1500 4760 abbatia
1535 4707 1820 4762 Benedict.

130 4776 181 4828 in
204 4779 484 4849 comitatu
517 4792 582 4828 ac
613 4776 840 4829 dioecesi
872 4777 1268 4841 Namurcensi,
1292 4777 1454 4830 unita
1476 4793 1692 4831 mensas
1714 4779 1831 4849 epi-

128 4849 330 4916 scopali
368 4848 766 4900 Namurcensi.

192 4920 337 4987 (140)
374 4917 713 4980 Gembluos,
749 4917 909 4984 alias,
944 4917 1308 4983 Gemblacum,
1341 4917 1570 4972 abbatia
1611 4919 1825 4972 Bened.

130 4987 180 5040 in
233 4989 747 5060 Gallo-Brabantia
803 5004 867 5040 ac
905 4988 1135 5042 dioecesi
1201 4989 1596 5060 Namurcensi,
1634 4990 1830 5060 cujus

128 5060 290 5130 abbas
321 5064 411 5113 est
442 5059 699 5130 primum
748 5074 961 5126 comes,
994 5060 1333 5130 primusque
1364 5059 1423 5113 in
1451 5059 1698 5114 comitiis
1724 5059 1827 5114 no-

133 5127 323 5183 bilium
351 5127 702 5194 Brabantiae,

193 5203 330 5270 (141)
365 5200 578 5265 Possis,
612 5199 927 5268 capitulum
979 5199 1393 5254 canonicorum
1449 5199 1502 5255 S.
1569 5200 1827 5254 Folliano

132 5285 369 5336 sacrum,
418 5271 808 5341 haudprocul
842 5271 1146 5324 Namnrco.

198 5341 331 5408 (142)
384 5340 660 5406 Malonia,
725 5341 957 5394 abbatia
1009 5340 1418 5396 canonicorum
1473 5341 1826 5411 regularium

135 5425 299 5481 prope
332 5414 710 5467 Namurcum.

200 5483 333 5564 (143)
371 5485 688 5562 Namurco,
705 5481 1252 5564 prbsnepiscopalis,
1272 5481 1557 5564 primaria
1588 5482 1824 5564 comita-

134 5554 217 5604 tus
248 5552 679 5608 Namurcensis.
705 5553 798 5606 Est
829 5553 948 5606 illic
971 5552 1140 5623 capit.
1176 5553 1572 5608 cathedraleS.
1604 5554 1823 5616 Albini,

137 5628 185 5673 et
209 5626 510 5696 collegiata
543 5623 957 5696 canonicos-um
1014 5624 1070 5677 Β.
1108 5624 1327 5689 Marias;
1360 5623 1497 5678 item
1545 5623 1654 5679 fuit
1684 5623 1825 5678 olim

143 5692 513 5764 «apitulémS.
540 5692 692 5749 Petri
725 5694 786 5747 in
812 5694 1034 5749 Castro.

1936 3172 2120 3238 sione,
2181 3178 2404 3226 remota
2433 3174 2608 3228 totius
2644 3175 2968 3244 judiciariaa
3000 3178 3302 3247 potestatis
3351 3179 3638 3251 inquietu-

1936 3262 2088 3324 dine,
2125 3261 2348 3332 quietas
2379 3263 2692 3333 possiderc,
2749 3268 2804 3317 et
2858 3271 3054 3319 nostro
3118 3266 3366 3337 imperio
3418 3284 3643 3338 parere,

1936 3355 2109 3420 atque
2137 3366 2243 3420 pro
2274 3349 2672 3404 incolumitate
2705 3353 2888 3405 nostri
2920 3359 2976 3406 et
3006 3358 3219 3408 nostra:
3260 3356 3552 3426 conjugis,
3589 3362 3645 3412 et

1936 3454 2042 3506 pro
2075 3441 2219 3491 statu
2245 3454 2309 3491 ac
2340 3438 2717 3492 diuturnitate
2753 3439 2916 3511 regni
2953 3441 3152 3503 nostri.
3189 3459 3303 3496 una
3335 3460 3463 3498 cum
3491 3445 3642 3500 clero

1936 3533 1994 3580 et
2025 3527 2240 3597 populo
2271 3526 2379 3580 sibi
2411 3527 2693 3596 subjecto,
2718 3528 3081 3583 clementiam
3127 3530 3224 3583 Dei
3251 3532 3471 3601 jugiter
3502 3549 3636 3588 exo-

1937 3629 2084 3680 rare,
2121 3618 2178 3668 et
2207 3615 2489 3684 quidquid
2521 3615 2591 3668 de
2619 3616 2872 3684 praefatis
2912 3616 3084 3670 rebus
3114 3618 3518 3686 Ecclesiarum,
3548 3622 3643 3691 jus

1935 3703 2058 3756 tisci
2119 3702 2346 3772 exigere
2417 3707 2662 3772 poterat,
2722 3703 3011 3773 praedictae
3061 3706 3316 3760 ecclesias
3373 3712 3538 3774 esset,
3582 3713 3645 3762 ut

1935 3791 2207 3860 deinceps
2238 3790 2307 3844 ad
2339 3791 2733 3861 peragendum
2793 3793 2893 3845 Dei
2935 3792 3230 3846 servitium
3264 3801 3640 3865 augmentum

1935 3885 1991 3934 et
2015 3880 2478 3950 supplementum
2511 3879 2628 3933 ﬁat.

2008 3967 2186 4037 Hujus
2217 3966 2412 4038 itaque
2469 3967 2742 4038 prazcepti
2802 3967 3218 4038 auctoritatem,
3269 3975 3334 4024 ut
3405 3972 3643 4028 nomine

2007 4074 2157 4143 (144)
2193 4073 2495 4138 Dionanto,
2530 4072 2813 4143 oppidum
2843 4073 2912 4128 ad
2947 4075 3181 4143 Mosam,
3216 4076 3312 4130 ubi
3341 4078 3645 4150 collegiata

2007 4145 2174 4196 clesia
2208 4145 2264 4197 Β.
2303 4145 2489 4197 Maria!
2521 4160 2698 4197 sacra.

1937 4160 2174 4199 CCCIBSla
2209 4160 2264 4197 υ.
2303 4160 2489 4197 maria!
2521 4160 2698 4198 sacra.

2011 4214 2153 4283 (145)
2177 4216 2547 4287 Ceumaciim,
2581 4215 2718 4287 alias
2741 4215 3030 4287 Cinneam,
3063 4217 3382 4287 capitulum
3411 4221 3639 4275 canoni-

1937 4301 2138 4339 corum
2174 4286 2232 4337 Β.
2269 4284 2457 4338 Maria:
2491 4285 2708 4350 Virgini
2737 4285 3008 4340 dicatum.

2015 4355 2688 4429 (146)‘Edla_alias-Cyka_,
2731 4357 2902 4429 vulgo
2947 4358 3239 4429 _Mas_eyck,
3273 4359 3552 4429 oppidum
3583 4361 3643 4415 in

1943 4425 2170 4480 dioecesi
2202 4442 2263 4478 ac
2319 4425 2620 4494 Campinia
2663 4426 2981 4487 Leodieusi,
3037 4425 3134 4481 ubi
3185 4425 3420 4482 ecclesia
3473 4433 3641 4486 colle-

1941 4500 2096 4566 giata
2135 4495 2224 4550 SS.
2251 4496 2571 4566 virginibus
2607 4496 2861 4550 Harlindi
2893 4513 2957 4549 ac
2988 4497 3215 4551 Renildi
3248 4515 3425 4553 sacra.

2016 4568 2156 4634 (147)
2213 4565 2479 4635 Tungris,
2531 4567 2666 4619 urbs
2721 4567 3128 4636 antiquissima
3183 4569 3440 4623 dioecesis
3498 4571 3637 4625 Leo-

1941 4637 2178 4715 dieusis,
2230 4636 2519 4715 quondam
2588 4637 2779 4715 sedes"
2816 4652 3018 4715 regum
3075 4639 3541 4715 Tungrensium,
3582 4659 3645 4695 ac

1942 4709 2262 4832 pxriﬁmgfum
2287 4707 2708 4776 episcoporum.
2741 4707 2837 4760 Est
2889 4707 3025 4761 illuc
3074 4707 3310 4763 ecclesia
3339 4712 3643 4782 collegiata

2014 4848 2158 4917 (148)
2207 4849 2384 4918 Hoyo,
2417 4847 2588 4919 vulgo
2620 4848 2772 4916 Πίῳ,
2801 4846 2997 4919 civitas
3023 4848 3094 4904 ad
3120 4849 3330 4905 Mosam
3365 4851 3634 4919 ﬂuvium;

1940 4935 2071 4973 cum
2101 4917 2333 4971 ecclesia
2366 4917 2668 4985 collegiata
2713 4920 2769 4971 Β.
2805 4919 2875 4971 Μ.
2910 4918 2973 4971 V.

2011 4990 2158 5064 (149)
2190 4989 2470 5064 Trajecto,
2497 4988 2564 5064 ad
2591 4989 3096 5064 Mosam_ﬂuviu_m_,
3128 4991 3301 5064 vulgo
3331 4994 3643 5060 Maestrich,

1943 5061 2075 5113 urbs
2107 5059 2510 5119 munitissima,
2548 5059 2718 5112 hodie
2750 5059 2854 5112 sub
2873 5060 3130 5115 dominio
3161 5059 3423 5117 Statuum
3452 5059 3648 5118 Fasdeé

1939 5136 2196 5205 ratorum
2236 5130 2434 5199 Belgii.
2470 5130 2615 5205 Sunt
2644 5129 3184 5205 illic_dua=._ecclesiaa
3215 5135 3532 5205 collegiata;
3559 5151 3645 5189 ca-

1940 5202 2302 5261 nonicorum,
2334 5216 2449 5253 una
2476 5202 2530 5255 S.
2564 5200 2843 5262 Servatio.
2870 5202 3048 5255 altera
3080 5203 3138 5256 Β.
3175 5205 3243 5257 M.
3292 5200 3560 5259 stacra.

2011 5273 2157 5344 (150)
2210 5272 2468 5344 Malinas,
2518 5272 2654 5325 urbs
2699 5272 3201 5344 archiepiscopalis
3257 5273 3317 5327 in
3356 5275 3648 5344 provincia

1941 5343 2185 5412 Belgica.
2234 5343 2328 5395 Est
2368 5343 2483 5395 illic
2517 5343 2958 5412 metropolitana
2983 5343 3114 5396 divo
3147 5343 3433 5397 Rumoldo
3464 5361 3643 5410 sacra,

1937 5413 1999 5466 in
2030 5412 2488 5484 quacapitulum
2517 5429 2925 5484 canonicorum
2949 5412 3251 5484 fundatum
3280 5413 3388 5484 fuit
3405 5415 3476 5467 ab
3496 5429 3646 5469 anno

1939 5482 2106 5536 996a
2144 5482 2199 5555 S_.
2265 5483 2949 5555 NotgeroLeodiensium
2985 5482 3272 5555 episcopo.
3302 5483 3499 5555 Aliqui
3530 5485 3647 5555 pri-

1940 5503 2042 5536 δυο
2073 5503 2106 5535 ἃ
2145 5503 2199 5536 δ.
2265 5503 2516 5554 norgero
2547 5503 2949 5538 LBOGIBDSIUH]
2985 5503 3272 5553 episcopo.
3302 5503 3499 5555 Allqlll
3574 5503 3646 5538 r1-

1940 5569 2095 5606 mam
2130 5553 2257 5621 ejus
2311 5553 2717 5608 fundationem
2769 5554 3026 5607 referunt
3081 5552 3150 5606 ad
3201 5553 3392 5621 ipsum
3445 5556 3498 5610 S.
3530 5503 3646 5612 Ilu-

1940 5623 2202 5678 moldum
2235 5625 2573 5694 episcopum
2634 5629 2690 5677 at
2739 5629 3070 5691 martyrem,
3128 5622 3228 5691 qui
3281 5623 3424 5678 obiit
3494 5628 3644 5680 circa

1945 5709 2165 5747 annum
2200 5695 2322 5745 774.
