3980 6404
407 436 502 488 ⁸271

1719 430 1774 485 S.
1819 427 2101 484 HENRlCl
2141 429 2213 483 ΙΜ
2226 425 2614 482 PERATORIS

3817 431 3924 481 ‘27?

409 553 610 623 ipsius,
637 551 734 624 qui
762 550 929 604 nobis
980 548 1353 620 praecipiendi
1405 549 1681 604 concessit
1732 553 2096 619 potestatem,
2129 552 2173 602 Α
2213 547 2407 615 moda,
2431 553 2645 602 aeterna
2676 552 2732 601 et
2762 564 2988 617 semper
3017 565 3289 602 mansura
3308 549 3365 603 in
3387 551 3545 604 cmlis
3575 551 3924 605 studeamus

410 641 728 711 pleniorem
757 638 1013 691 obtineat
1051 637 1332 706 vigorem,
1382 641 1439 690 et
1495 654 1527 689 a
1583 636 1846 689 fidelibus
1895 641 2106 687 sancite

413 729 513 782 Dei
543 727 823 793 Ecclesiae,
855 743 918 779 ac
950 727 1159 779 nostris
1219 725 1553 794 diligentius
1613 728 2000 787 conservetur,
2048 727 2108 775 et

411 833 586 870 manu
616 815 847 886 propria
905 814 1281 874 firmavimus,
1340 818 1395 866 et
1439 813 1611 882 sigilli
1658 812 1836 865 nostri
1868 811 2106 881 impres-

411 906 591 970 sione,
624 903 841 972 signari
864 903 1162 972 jussimus.

481 993 523 1064 -ξ-
550 995 804 1060 Sigillum
834 992 1038 1044 domini
1067 991 1286 1043 Henrici
1313 991 1455 1055 regis
1478 991 1846 1042 invictissimi.

1137 1078 1356 1132 XXXIV.

413 1171 701 1222 Henricum
731 1169 820 1232 II,
858 1167 1154 1220 Germania:
1174 1172 1222 1217 et
1270 1165 1441 1218 Italiae
1492 1180 1610 1228 rem,
1654 1164 1752 1216 sub
1805 1179 1898 1216 suo
1951 1179 2106 1215 mun-

485 1241 737 1291 diburdio
791 1241 1019 1304 suscipit
1076 1236 1462 1303 Landulphum
1552 1236 1952 1290 Cremonensem
2001 1236 2107 1302 cpi-

480 1325 716 1377 scapum.

1048 1379 1238 1439 (Anno
1286 1377 1464 1440 1007.)

795 1464 1109 1531 [Muratori,
1140 1465 1332 1533 Antiq.
1367 1465 1494 1518 ιιαι.
1534 1464 1580 1528 Ι,
1614 1466 1758 1529 991.]

480 1558 542 1609 In
574 1554 810 1608 nomine
842 1559 1050 1606 sanctae
1073 1558 1128 1604 et
1153 1553 1460 1605 individuus
1481 1552 1796 1617 Trinitatis,
1834 1552 2107 1605 HENlthL'S

411 1646 614 1698 divinae
646 1642 996 1713 dignationis
1030 1642 1391 1710 providentia
1419 1656 1533 1692 rex.

480 1733 705 1802 Regalis
760 1730 1054 1800 dignitatis
1121 1729 1540 1799 providentiam
1596 1743 1824 1798 semper
1883 1731 2108 1796 oportet.

412 1822 784 1874 Ecclesiarum
834 1819 952 1881 Dei,
1014 1824 1120 1871 etc.
1183 1817 1413 1870 Noverit
1452 1816 1790 1869 universitas
1821 1816 1974 1884 quod
2005 1831 2106 1867 nos
2140 1823 2180 1876 Β

407 1911 826 1978 comperientes
881 1906 940 1958 in
1000 1905 1162 1958 Italia
1211 1905 1584 1958 Ecclesiarum
1641 1904 1937 1957 facultates
2007 1903 2104 1955 de-

408 1998 602 2049 functo
633 2010 829 2047 earum
867 1993 1110 2046 Praesule
1159 1991 1498 2060 depraedari,
1543 1998 1912 2061 sanctamque
1974 1989 2103 2043 Cre-

408 2098 741 2137 monensem
800 2081 1104 2133 Ecclesiam
1151 2080 1257 2132 hoc
1313 2095 1540 2149 quoque
1593 2080 1816 2132 noviter
1884 2095 2106 2148 passam

403 2172 669 2226 defuncto
709 2171 959 2234 Pastore,
1021 2167 1126 2220 sub
1162 2167 1342 2219 nostri
1370 2166 1766 2236 ,mundiburdi
1823 2166 2105 2220 defensio-

408 2275 539 2312 nem
596 2256 918 2326 recepimus
991 2255 1267 2308 domnum
1324 2254 1660 2308 Landulfum
1725 2254 2109 2307 venerabilem

407 2345 707 2413 praesulem
769 2342 1028 2412 ejusdem
1083 2348 1292 2394 sancta!
1352 2341 1750 2394 Cremonensis
1829 2341 2107 2402 Ecclesiae,

407 2438 782 2501 nostrumque
799 2429 1232 2483 dilectissimum
1254 2430 1636 2498 capellanum,
1671 2445 1800 2482 cum
1845 2428 2110 2481 omnibus

407 2520 626 2573 clericis
689 2519 806 2571 suis
865 2533 930 2570 ac
983 2517 1233 2570 familiis.
1297 2517 1697 2586 Prmeipientes
1752 2517 1986 2570 insimul
2050 2520 2112 2569 ut

409 2610 564 2662 nulla
597 2607 778 2660 nostri
849 2605 1011 2675 regni
1061 2621 1272 2674 magna
1327 2620 1616 2674 parvaque
1691 2620 1935 2675 persona
1981 2609 2114 2673 post

407 2696 627 2750 obitum
686 2696 808 2764 ejus
865 2709 1218 2762 suorumque
1287 2708 1694 2753 successorum,
1773 2690 2109 2762 praedictam

411 2785 736 2847 Ecclesiam,
764 2782 996 2836 clericos
1035 2787 1091 2834 et
1133 2782 1376 2835 famulos
1433 2781 1754 2852 inquietare
1787 2781 1877 2834 vel
1931 2781 2109 2833 mole-

409 2879 557 2926 stare
596 2872 826 2925 audeat.
868 2870 925 2924 Si
965 2870 1092 2940 quis
1133 2885 1285 2935 vero,
1319 2869 1470 2940 quod
1503 2885 1614 2922 non
1649 2869 1955 2934 credimus,
2015 2868 2112 2920 hu-

401 2961 497 3029 jus
546 2960 727 3012 nostri
777 2955 1147 3010 mundiburdi
1217 2956 1459 3010 violator
1503 2956 1803 3020 exstiterit,
1848 2955 1894 3007 si
1944 2955 2110 3008 miles

405 3049 584 3119 ipsius
617 3048 873 3102 Ecclesiae
904 3046 1094 3109 fuerit,
1130 3046 1289 3099 omni
1330 3046 1611 3099 beneticio
1641 3044 1794 3115 quod
1845 3060 1908 3097 ex
1939 3049 2102 3113 parte

405 3138 587 3206 ipsius
638 3135 888 3189 ecclesiae
929 3135 1200 3201 tenuerit,
1259 3133 1382 3203 ipse
1440 3140 1514 3187 et~
1549 3149 1672 3202 ejus
1731 3132 1988 3185 limredes
2046 3132 2104 3184 in

413 3231 694 3278 aeternum
728 3224 1047 3293 priventur,
1098 3228 1153 3275 et
1194 3229 1423 3275 centum
1458 3221 1630 3274 libras
1677 3221 1805 3290 puri
1859 3221 2102 3289 argenti,

409 3313 774 3366 medietatem
824 3315 1034 3362 nostrae
1060 3309 1410 3378 reipublicae,
1441 3310 1521 3376 {et
1557 3308 1924 3361 medietatem
1950 3325 2105 3377 prir-

408 3402 722 3455 nominatze
775 3398 1024 3451 ecclesiae
1082 3413 1139 3448 se
1185 3397 1637 3466 compositurum
1699 3396 1895 3465 rrocul
1928 3397 2103 3450 dubio

408 3493 731 3556 cognoscat.
801 3485 857 3539 Si
915 3501 1046 3538 vero
1099 3485 1235 3538 civis
1296 3491 1396 3538 aut
1451 3485 1837 3549 suburbanus,
1900 3486 2006 3538 scit
2045 3502 2103 3538 se

409 3577 770 3647 perditurum
801 3573 994 3627 omnia
1029 3574 1244 3642 prmdia
1287 3579 1343 3626 et
1364 3573 1755 3643 possessiones
1801 3589 1955 3635 suas,
1991 3589 2104 3626 me-

409 3665 679 3718 dietatem
721 3679 753 3714 a
783 3666 942 3731 parte
1000 3661 1249 3730 publica,
1287 3666 1344 3713 et
1401 3661 1770 3713 medietatem
1812 3659 2101 3728 praedicta!

411 3751 688 3805 Ecclesiae.
727 3749 786 3802 Si
837 3764 970 3800 vero
1019 3747 1212 3817 aliqua
1257 3749 1416 3818 regni
1479 3763 1728 3818 persona
1783 3753 1985 3800 contra
2025 3748 2102 3800 fe-

405 3839 567 3902 cerit,
601 3841 829 3889 centum
861 3834 1036 3886 libras
1064 3833 1264 3902 optimi
1297 3835 1444 3898 auri,
1509 3835 1875 3887 medietatem
1937 3834 2100 3887 nobis

406 3931 464 3978 et
496 3926 860 3978 medietatem
892 3921 1141 3991 priefatze
1194 3922 1443 3976 ecclesia
1499 3924 1696 3992 procul
1734 3921 1910 3976 dubio
1953 3937 2100 3974 com-

407 4019 584 4082 ponat
636 4012 794 4075 Quod
827 4015 890 4063 ut
922 4010 1106 4062 verius
1139 4010 1424 4073 credatur,
1458 4016 1563 4063 etc.

480 4104 594 4155 Non
626 4101 777 4153 adest
798 4113 1196 4163 monogramma
1230 4099 1450 4151 Henrici
1463 4140 1474 4152 .

479 4189 788 4247 Everardus
843 4186 1215 4239 cancellarius
1275 4185 1455 4238 vicem
1512 4185 1754 4255 Villigisi
1824 4185 2096 4239 Archica-

406 4277 618 4351 pellani
643 4275 973 4344 recognovi.

480 4412 490 4423 .
538 4408 550 4420 .
598 4410 609 4420 .
657 4409 668 4419 .
715 4369 926 4417 .Anno
980 4361 1289 4415 Dominicae
1339 4360 1754 4414 incarnationis
1809 4363 1960 4426 l007,
2003 4362 2089 4415 in-

402 4457 648 4511 dictione
676 4470 728 4518 v,
753 4468 902 4505 anno
928 4451 1093 4520 regni
1125 4450 1323 4503 domni
1382 4449 1607 4504 Henrici
1655 4450 1806 4520 regis
1861 4450 2095 4504 secundi

403 4543 696 4614 regnantis
727 4558 799 4595 vi.
833 4544 1034 4593 Actum
1064 4539 1270 4592 Polede
1302 4538 1562 4593 feliciter.
1599 4540 1798 4592 Amen.

1152 4626 1345 4680 XXXV.

473 4723 533 4775 S.
595 4721 862 4772 Henricus
917 4717 969 4768 II
1018 4717 1152 4783 imp.
1210 4717 1536 4768 monasterio
1593 4714 1863 4768 διείπωιεί
1928 4713 2094 4768 donat

994 4805 1163 4856 locum
1192 4803 1495 4856 Kircheim.

862 4892 1048 4961 (Anno
1083 4891 1284 4954 1007,!
1329 4891 1629 4955 Novemb.)

400 4984 703 5056 [Newgart,
734 4980 860 5035 Cod.
917 4980 1141 5047 diplom.
1201 4980 1403 5042 Alem.,
1439 4995 1506 5032 ea:
1561 4981 1824 5046 originali
1880 4980 2096 5033 archivi

901 5067 1210 5137 reipublicae
1242 5066 1592 5137 Turicensisj.

469 5161 532 5214 In
562 5156 798 5212 nomine
829 5158 1036 5206 sanctae
1095 5157 1153 5206 et
1203 5153 1515 5206 individua:
1575 5153 1890 5213 Trinitatis.
1921 5155 2089 5209 Hal-x-

397 5265 548 5304 RICUS
571 5247 763 5301 divina
780 5244 1002 5298 favente
1033 5241 1334 5295 clementia
1358 5256 1475 5293 rex.

465 5335 824 5392 Salutaribus
873 5331 1016 5385 sacri
1047 5330 1258 5399 eloquii
1290 5326 1760 5382 instructionibus
1793 5327 2090 5382 erudimur

396 5433 454 5482 et
508 5426 890 5479 admonemur
931 5426 987 5474 ut
1022 5419 1362 5488 temporalia
1418 5415 1894 5487 parvipendentes
1931 5432 2085 5470 com-

467 5532 609 5597 (151)
634 5528 890 5591 Kirchen,
921 5525 1198 5597 Kircheim
1226 5524 1296 5577 ad
1327 5523 1591 5597 Rhenum
1615 5521 1760 5574 infra
1784 5521 2083 5576 Basileam.

465 5595 608 5666 (15‘2)
643 5600 952 5667 Episcopus
989 5595 1442 5667 Bambergensis.

465 5662 610 5739 (153)
638 5662 1114 5722 Οίιιιιιεὺέῐειόιιυο
1139 5662 1322 5720 annus
1346 5681 1381 5718 ιι
1407 5662 1651 5718 Heinrici
1681 5663 1831 5732 regis
1855 5663 1912 5717 in
1937 5662 2080 5717 Lon-

2215 637 2451 706 adipisci
2508 637 2867 690 consistoria.
2904 637 3263 707 Quapropter
3302 656 3407 692 nos
3441 640 3752 693 Dominicis
3803 658 3923 694 non

2216 725 2450 777 surdum
2495 725 2751 778 auditum
2796 726 3120 794 praebentes
3153 728 3476 796 praeceptis.
3510 729 3702 781 locum
3737 746 3924 799 quen-

2216 813 2346 866 dam
2381 820 2586 866 nostraa
2619 814 2965 866 htereditatis
3000 814 3351 868 Babinbercli
3381 816 3592 869 dictum
3625 818 3682 868 in
3723 818 3922 870 sedem

2216 901 2574 970 episcopatus
2626 902 2992 954 sublimando
3052 903 3417 971 proveximus
3473 905 3824 975 prmdiisque
3859 912 3920 957 et

2213 989 2384 1041 variis
2407 1006 2598 1043 rerum
2650 991 3058 1043 donationibus
3109 993 3414 1060 magnifice
3445 993 3917 1047 sublimavimus.

2215 1077 2576 1145 Injunximus
2615 1095 2845 1148 quoque
2897 1079 3187 1148 praedictae
3221 1080 3369 1132 sedis
3403 1080 3662 1148 pontitici
3703 1081 3924 1149 guber-

2216 1167 2510 1219 nationem
2558 1173 2609 1218 et
2661 1168 3053 1220 moderamina
3103 1169 3466 1236 quorundam
3546 1171 3932 1222 monasterio-

2215 1270 2366 1318 rum,
2401 1254 2550 1306 inter
2577 1271 2702 1324 quin
2735 1271 2910 1308 unum
2947 1255 3238 1325 quoddam
3263 1255 3320 1308 in
3345 1257 3708 1319 Alemannia,
3756 1258 3931 1326 juxta

2217 1341 2400 1412 ripam
2434 1343 2618 1396 Rheni
2645 1343 2839 1404 situm,
2873 1344 3065 1398 Steine
3089 1344 3424 1410 vocitatum,
3461 1351 3651 1398 nostra
3681 1345 3931 1415 disposi-

2217 1431 2372 1484 tione
2411 1437 2796 1486 constructum
2843 1437 2900 1485 et
2948 1431 3336 1498 moderatum,
3385 1433 3507 1502 ejus
3555 1434 3929 1486 commenda-

2216 1519 2362 1572 tioni
2419 1521 2682 1573 volumus
2724 1521 3065 1589 subjectum.
3114 1521 3292 1589 Hujus
3343 1521 3520 1591 igitur
3578 1523 3930 1574 monasterii

2217 1611 2610 1675 procuratores
2653 1611 2709 1658 et
2767 1606 2985 1676 prmlati
3037 1607 3364 1660 serenitatis
3414 1613 3627 1660 nostrae
3673 1625 3932 1677 praesen—

2217 1696 2354 1747 tiam
2383 1694 2594 1758 adiere,
2647 1699 2720 1760 et,
2776 1695 2844 1747 de
2885 1694 3141 1767 praedicti
3196 1695 3303 1747 loci
3353 1695 3554 1765 inopia
3611 1712 3676 1749 ac
3708 1713 3931 1766 posses-

2219 1782 2443 1835 sionum
2515 1782 2650 1835 illuc
2710 1783 3120 1851 pertinentium
3171 1783 3453 1851 parvitate
3502 1790 3930 1854 conquerentes

2220 1870 2452 1940 aliquod
2484 1871 2907 1922 sublementum
2936 1875 2991 1923 et
3021 1872 3346 1923 auctionem
3401 1871 3754 1940 praediorum
3788 1873 3929 1925 illuc

2218 1958 2451 2012 concedi
2509 1964 2566 2011 et
2617 1958 2923 2028 superaddi
2967 1959 3298 2028 suppliciter
3332 1961 3710 2029 postulavere.
3773 1962 3929 2032 Ipso-

2221 2063 2347 2100 rum
2377 2062 2607 2117 quoque
2635 2047 2837 2099 obnixe
2861 2046 3122 2115 petitioni
3152 2063 3280 2099 cum
3314 2047 3572 2101 tidelium
3595 2053 3927 2103 nostrorum

2219 2135 2622 2204 episcoporum
2650 2135 2908 2187 videlicet
2929 2139 2984 2186 et
3013 2134 3281 2188 abbatum
3304 2135 3505 2189 ducem
3529 2141 3585 2189 et
3622 2137 3927 2204 comitum,

2219 2223 2379 2276 favor
2411 2228 2465 2275 et
2513 2222 2744 2276 suadela
2815 2222 3160 2287 accessisset,
3194 2239 3298 2275 nos
3351 2229 3480 2276 vota
3535 2224 3768 2277 illorum
3826 2225 3929 2278 be-

2218 2311 2393 2380 nigne
2424 2311 2775 2380 suscepimus
2822 2317 2880 2363 et
2902 2310 3173 2380 petitioni
3205 2327 3400 2364 eorum
3429 2311 3501 2365 ob
3527 2311 3733 2365 divinte
3767 2329 3923 2366 mer-

2219 2398 2373 2451 cedis
2428 2404 2801 2467 augmentum
2861 2398 3165 2468 adimpleri
3223 2399 3603 2453 decrevimus.
3671 2402 3925 2456 Proinde

2219 2486 2442 2540 noverit
2470 2487 2729 2540 omnium
2754 2487 2934 2540 nostri
2952 2487 3233 2548 fidelium,
3295 2489 3668 2558 praesentium
3704 2491 3926 2544 scilicet

2221 2592 2283 2628 ac
2313 2573 2640 2628 futurorum
2681 2575 2980 2637 industria,
3040 2577 3173 2645 quia
3231 2593 3336 2629 nos
3383 2578 3674 2647 quendam
3732 2583 3922 2632 nostri

2215 2664 2363 2734 juris
2393 2680 2455 2717 ac
2506 2663 2873 2734 proprietatis
2897 2665 3083 2716 locum
3112 2664 3488 2718 Cliilicliheim
3508 2667 3660 2733 (151)
3694 2666 3918 2721 dictum

2220 2753 2277 2805 in
2309 2768 2456 2822 pago
2490 2752 2868 2822 Prisichgowe
2909 2758 2966 2806 et
3003 2752 3062 2806 in
3093 2753 3370 2806 comitatu
3421 2754 3797 2808 Adelberonis
3828 2772 3922 2809 co-

2220 2841 2374 2894 mitis
2413 2840 2606 2906 situm,
2636 2841 2914 2894 tradimus
2951 2841 3017 2894 ad
3052 2841 3440 2911 supradictum
3477 2844 3921 2909 monasterium,

2221 2929 2371 2998 quod
2424 2933 2507 2982 est
2536 2935 2926 2982 consecratum
2986 2929 3197 2982 honori
3239 2930 3300 2982 S.
3362 2930 3460 2983 Dei
3493 2931 3808 2984 Genetricis
3857 2951 3925 2987 ac

2220 3017 2315 3070 SS.
2347 3016 2573 3087 Georgii
2605 3023 2662 3069 et
2689 3017 2884 3087 Cyrilli
2941 3022 3280 3087 martyrum,
3316 3034 3447 3071 cum
3495 3019 3766 3072 omnibus
3799 3021 3926 3090 ejus

2138 3101 2178 3156 C
2215 3106 2601 3175 pertinentiis,
2632 3105 2896 3159 videlicet
2926 3106 3200 3174 ecclesiis,
3233 3106 3404 3171 villis,
3434 3107 3631 3173 servis,
3669 3110 3920 3174 ancillis,

2218 3193 2381 3258 areis,
2411 3193 2686 3260 aedificiis,
2747 3209 2878 3246 cum
2910 3193 3241 3247 hominibus
3307 3194 3588 3266 terrisque
3635 3199 3919 3251 censuali-

2215 3281 2342 3348 bus,
2371 3297 2497 3334 cum
2526 3280 2753 3334 tributis
2785 3285 2840 3334 ct
2871 3280 3101 3334 teloniis
3141 3281 3209 3335 de
3241 3283 3484 3334 navibus
3515 3298 3619 3352 per
3647 3283 3918 3338 Rhenum

2213 3369 2665 3423 discurrentibus
2696 3369 2782 3422 vel
2815 3370 3216 3440 undecumque
3245 3375 3436 3423 noster
3466 3371 3635 3424 fiscus
3671 3371 3914 3426 circum-

2213 3473 2440 3528 quaque
2463 3457 2597 3510 illuc
2627 3457 2860 3528 aliquod
2896 3457 2991 3527 jus
3013 3457 3241 3526 exigere
3273 3463 3370 3510 aut
3399 3474 3629 3527 sperare
3659 3460 3914 3514 deberet.

2216 3546 2343 3598 Haec
2384 3545 2577 3614 igitur,
2629 3561 2758 3598 cum
2791 3545 3061 3598 omnibus
3091 3544 3312 3598 caeteris
3369 3547 3730 3615 appendiciis
3785 3565 3916 3619 quae

2211 3634 2396 3688 adhuc
2413 3634 2524 3686 dici
2542 3639 2796 3703 possent,
2817 3639 3095 3702 perpetua
3121 3632 3392 3686 firmitate
3439 3633 3506 3686 ad
3531 3633 3684 3687 idem
3711 3651 3919 3690 mona-

2210 3725 2447 3776 sterium
2488 3721 2877 3776 contradimus
2929 3725 2985 3774 et
3033 3720 3504 3782 transfundimus,
3536 3727 3599 3774 ut
3671 3724 3920 3793 quilibet

2211 3812 2385 3865 abbas
2425 3811 2639 3865 ibidem
2678 3825 3040 3863 successurus
3071 3809 3284 3879 absque
3334 3809 3789 3864 contradictione
3823 3813 3919 3865 lia-

2209 3898 2340 3952 beat
2379 3915 2446 3952 ea
2501 3899 2558 3951 in
2617 3913 2718 3950 sua
2765 3902 3068 3968 potestate,
3120 3913 3224 3950 nec
3253 3896 3365 3966 ipsi
3405 3896 3573 3950 liceat
3641 3900 3916 3970 cuiquam

2209 3987 2388 4040 libero
2440 3986 2659 4039 homini
2712 3985 2933 4055 potenti
2973 3985 3230 4054 aliquam
3286 3985 3492 4040 exinde
3523 3992 3748 4055 partem
3811 4005 3918 4059 pro

2207 4074 2482 4132 beneficio
2505 4073 2835 4137 concedere,
2869 4073 2952 4125 vel
2997 4073 3111 4124 ullo
3163 4073 3332 4126 modo
3383 4074 3454 4126 ab
3497 4089 3607 4128 usu
3670 4075 3916 4132 fratrum

2211 4165 2326 4216 Deo
2357 4162 2493 4215 illuc
2519 4160 2893 4214 servientium
2921 4160 3194 4214 alienare.
3229 4161 3296 4214 Et
3315 4167 3382 4214 ut
3409 4161 3527 4215 haec
3559 4166 3916 4218 auctoritatis

2207 4255 2417 4304 nostrae
2448 4247 2675 4317 largitio
2697 4247 2920 4300 ﬁrmior
2952 4247 3232 4300 habeatur
3270 4254 3326 4302 et
3359 4249 3427 4302 ab
3462 4250 3730 4304 omnibus
3769 4252 3912 4306 fide-

2206 4338 2358 4392 libus
2397 4337 2606 4390 nostris
2636 4337 2825 4389 verius
2853 4335 3120 4389 credatur
3174 4339 3230 4389 et
3294 4337 3630 4407 diligentius
3678 4355 3914 4395 conser-

2208 4431 2394 4494 vetur,
2422 4440 2595 4478 manu
2642 4424 2879 4494 propria
2926 4428 3120 4476 nostra
3175 4423 3372 4477 subter
3425 4441 3549 4480 eam
3605 4429 3912 4482 contirma-

2208 4514 2414 4580 vimus,
2448 4517 2506 4566 et
2554 4513 2740 4583 sigillo
2794 4515 2988 4565 nostro
3046 4511 3287 4581 sigillari
3337 4513 3636 4581 jussimus.
3678 4516 3734 4569 Si
3779 4519 3911 4586 quis

2207 4603 2392 4666 dictas,
2426 4601 2576 4673 quod
2611 4602 2786 4656 absit!
2819 4601 2952 4654 huic
2995 4606 3202 4653 nostrae
3249 4601 3532 4655 sanctioni
3585 4607 3911 4660 contrarius

2207 4691 2504 4757 exstiterit,
2556 4694 2612 4743 et
2650 4705 2778 4760 quae
2825 4687 3164 4743 donavimus
3195 4687 3512 4755 abstulerit,
3563 4693 3651 4745 vel
3705 4691 3909 4749 fraude

2205 4781 2396 4850 aliqua
2425 4779 2752 4841 detraxerit,
2783 4777 2942 4831 Iuda:
2976 4776 3279 4846 proditoris
3308 4793 3562 4844 consors,
3613 4779 3723 4833 nisi
3771 4785 3908 4836 resi-

2202 4868 2402 4939 piscat,
2433 4867 2563 4938 igne
2595 4865 3019 4934 inextinguibili
3045 4865 3456 4934 perpetualiter
3479 4867 3696 4923 ardeat.

2275 4957 2501 5023 Signum
2534 4955 2718 5008 damni
2746 4955 2988 5007 Heinrici
3019 4957 3164 5020 regis
3194 4956 3564 5008 invictissimi.

2275 5042 2632 5097 Eberhardus
2663 5043 2806 5110 (152)
2839 5041 3074 5096 cancell.
3099 5042 3219 5094 vice
3245 5042 3527 5113 Willegisi
3571 5049 3900 5116 recognovi.

2202 5133 2343 5186 Data
2397 5131 2486 5184 KL
2529 5130 2690 5193 Nov.,
2728 5128 2936 5183 indict.
2982 5145 3037 5196 v,
3071 5145 3222 5182 anno
3264 5129 3456 5183 Dnica:
3490 5130 3706 5186 iucarn.
3743 5136 3900 5200 1007,

2202 5236 2351 5273 anno
2383 5235 2423 5273 ii
2461 5219 2606 5287 (153)
2630 5217 2827 5271 domui
2849 5218 3117 5270 HEINRICI.

2934 5321 3155 5375 XXXVI.

2201 5411 2447 5478 Diploma
2498 5409 2555 5463 S.
2637 5409 2860 5462 Henrici
2919 5409 2973 5462 Π
3035 5411 3402 5477 imperatoris,
3463 5426 3566 5477 quo
3651 5415 3901 5470 Ecclesiae

2199 5515 2492 5589 gobardia,
2543 5519 2879 5566 numeratus
2918 5513 2998 5589 ab
3041 5529 3224 5589 ‘anno
3277 5514 3496 5584 vulgari
3561 5515 3719 5574 1004,
3788 5534 3899 5589 quo

2205 5583 2270 5640 14
2303 5587 2432 5640 Maii
2461 5591 2764 5638 coronatus
2805 5590 2889 5637 est
2917 5583 3129 5654 Papiae.
