3980 6416
118 353 216 403 273

182 474 618 542 metropolitanaz
680 474 1055 528 Cameracensi

181 545 413 613 ejusque
487 544 884 598 successoribus

179 630 411 668 66118801.

969 544 1136 597 donat
1194 546 1510 598 comitatum
1564 546 1821 597 Camera-

760 703 950 769 (ΑυΠο
997 704 1177 771 1007.)

408 792 568 858 [GalL
615 792 815 848 Christ.
861 792 961 853 Ill,
1018 794 1300 858 instram,
1344 808 1403 861 p.
1452 790 1528 862 lj.

184 880 490 934 ﬂammeus
530 880 727 933 divina
755 879 1063 951 clementia
1090 880 1316 933 favente
1346 896 1463 934 rex.

181 987 472 1042 Omnibus
528 988 793 1041 lidelibus
826 993 1029 1041 notum
1080 987 1206 1041 tieri
1258 987 1526 1041 volumus
1577 987 1825 1058 qualiter

115 1092 239 1140 nos,
268 1082 392 1129 tam
423 1076 635 1130 animae
692 1082 905 1130 nostra:
950 1076 1221 1129 consultu
1274 1092 1449 1146 quam
1485 1076 1822 1130 venerabilis

114 1164 405 1217 Heriberti
446 1164 861 1234 archiepiscopi
908 1163 1265 1218 Coloniensis
1324 1164 1677 1229 interventu,
1728 1166 1823 1217 (Ja-

113 1250 435 1304 meracensi
468 1250 748 1315 Ecclesiae,
797 1251 855 1304 in
904 1252 1123 1304 honore
1153 1250 1210 1303 S.
1248 1250 1433 1304 Mariae
1465 1256 1820 1317 constructas,

110 1340 456 1392 comitatum
524 1341 990 1392 Cameracensem
1050 1339 1154 1392 hac
1208 1351 1420 1391 nostra:
1472 1340 1825 1393 auctoritatis

113 1428 451 1497 przeceptali
480 1428 693 1497 pagina
722 1427 782 1480 in
811 1428 1112 1497 proprium
1166 1428 1505 1481 donavimus
1554 1443 1566 1480 :
1623 1428 1822 1497 praeci-

108 1518 340 1586 pientes
372 1522 433 1569 ut
478 1517 795 1586 prielibatze
826 1516 974 1570 sedis
1009 1515 1276 1569 Ei'luinus
1327 1516 1651 1586 episcopus,
1706 1517 1823 1570 sui-

109 1621 222 1675 que
271 1622 627 1659 successores
653 1605 891 1659 liberam
923 1605 1131 1659 dehinc
1163 1605 1413 1658 habeant
1459 1610 1823 1674 potestatem,

108 1694 387 1747 eumdem
418 1695 759 1747 comitatum
808 1694 868 1747 in
920 1711 1085 1749 usum
1153 1695 1414 1749 Ecclesiae
1483 1694 1825 1763 supradictae

111 1781 376 1841 tenendi,
426 1782 699 1835 comitem
745 1782 1017 1851 eligendi,
1088 1784 1308 1837 bannos
1366 1782 1639 1845 habendi,
1728 1798 1825 1835 seu

110 1869 401 1939 quidquid
429 1870 536 1923 sibi
566 1870 759 1938 libeat,
825 1871 1007 1924 modis
1054 1871 1321 1925 omnibus
1377 1870 1510 1923 inde
1554 1870 1823 1924 faciendi.

185 1960 422 2025 Signum
444 1960 656 2013 domini
686 1960 908 2013 chrici
940 1962 1083 2025 regis
1115 1961 1487 2013 invictissimi.

186 2047 559 2101 Eberhardus
602 2047 1001 2113 cancellarius,
1057 2048 1177 2101 vice
1234 2047 1508 2118 Willegisi
1564 2047 1826 2101 archica-

118 2135 360 2206 pellani,
394 2137 748 2206 recognovit.

191 2226 339 2277 Data
391 2240 446 2277 χι
507 2224 787 2277 Kalendas
840 2223 1198 2291 Novembris,
1242 2224 1556 2278 indictione
1588 2242 1643 2292 γ,
1677 2241 1828 2278 anno

124 2315 279 2376 lOOT,
338 2312 563 2366 domini
644 2312 870 2366 Henrici
948 2313 1183 2366 secundi
1248 2313 1401 2381 regis
1485 2329 1557 2365 v1.
1625 2318 1828 2366 Actum

119 2402 581 2471 Aquisgranensi
608 2401 843 2471 palatio.

856 2508 1098 2560 XXXVII.

186 2595 414 2647 Litterae
433 2595 491 2649 S.
524 2596 746 2648 Henrici
773 2594 838 2647 de
857 2600 1026 2648 erecto
1056 2595 1123 2647 ab
1154 2611 1208 2647 se
1237 2596 1547 2664 epis‘copatu

780 2666 1185 2732 Bumbergeusi.

768 2756 959 2823 (Anno
1004 2758 1184 2818 1007.)

435 2839 745 2912 [Ludewig,
780 2844 981 2911 Script.
1014 2859 1123 2898 rer.
1159 2844 1359 2909 Germ.,
1393 2844 1541 2912 282.]

192 2948 498 3001 HENRICUS
579 2946 772 3001 divina
830 2948 1259 3017 praeordinante
1345 2948 1650 3002 clementia
1708 2965 1826 3009 rex,

121 3036 397 3089 omnibus
430 3035 692 3089 Ecclesiae
742 3036 877 3089 tiliis
924 3041 1042 3089 tam
1093 3037 1300 3091 futuris
1349 3054 1523 3108 quam
1579 3054 1829 3107 praesen-
1864 3037 1903 3091 C

122 3126 296 3178 tibus.

190 3212 605 3268 Saluberrimis
656 3212 802 3265 sacri
862 3212 1077 3284 eloquii
1126 3213 1582 3267 institutionibus
1638 3214 1831 3268 erudi-

127 3318 252 3355 mur
282 3307 341 3357 et
392 3317 846 3372 praemonemur,
891 3307 976 3366 ut,
1027 3302 1367 3373 temporalia
1419 3304 1832 3374 relinquentes,

128 3392 275 3444 bona
322 3397 384 3444 et
412 3395 644 3443 terrena
676 3394 1089 3460 postponentes
1128 3390 1450 3453 commoda,
1508 3396 1724 3443 aeterna
1782 3395 1838 3442 et

126 3480 241 3533 sine
264 3479 383 3532 line
441 3493 714 3531 mansura
744 3478 804 3531 in
838 3477 993 3532 ccelis
1049 3478 1385 3531 studeamus
1418 3477 1659 3547 adipisci
1699 3493 1832 3530 cou-

127 3568 372 3622 sistoria.
417 3567 614 3621 Gloria
643 3566 798 3620 enim
844 3582 1098 3637 praesens
1128 3566 1370 3636 fugitiva
1428 3573 1513 3620 est
1569 3572 1625 3621 et
1661 3583 1829 3632 vana,

127 3656 263 3710 dum
294 3655 650 3726 possidetur,
683 3655 794 3708 nisi
845 3655 900 3709 in
933 3672 997 3709 ea
1029 3654 1243 3726 aliquid
1273 3655 1375 3724 ide
1428 3656 1640 3709 ccelesti
1673 3662 1836 3709 aeter—

128 3747 300 3798 nitate
333 3743 647 3813 cogitetur.
683 3743 791 3797 Sed
845 3743 944 3796 Dei
994 3742 1286 3797 miseratio
1342 3743 1595 3796 humano
1635 3744 1835 3811 generi

129 3832 379 3902 providit
404 3831 756 3897 remedium,
789 3831 1022 3901 quando
1051 3837 1277 3901 partem
1308 3831 1551 3885 caelestis
1610 3832 1832 3901 patrias,

129 3927 369 3974 terrente
412 3920 751 3972 substantia:
812 3919 945 3973 fecit
970 3934 1092 3973 esse
1149 3919 1420 3989 pretium.
1467 3919 1650 3989 Hujus
1699 3936 1834 3989 ergo

132 4024 231 4061 nos
252 4006 586 4061 clementiae
644 4024 761 4061 non
813 4007 1203 4070 immemores,
1239 4024 1344 4061 nec
1372 4007 1703 4076 ignorantes
1735 4024 1837 4060 nos

133 4095 381 4163 gratuito
413 4093 627 4146 divinae
671 4094 1054 4146 miserationis
1108 4100 1364 4163 respectu
1416 4093 1594 4162 regali
1645 4094 1835 4163 digni-

135 4188 238 4235 tate
279 4181 645 4245 sublimatos,
705 4198 1026 4251 congruum
1054 4198 1176 4235 esse
1203 4183 1467 4236 ducimus
1501 4199 1617 4236 non
1650 4183 1837 4236 solum

134 4270 392 4324 ecclesias
426 4270 498 4323 ab
529 4270 985 4323 antecessoribus
1032 4271 1242 4323 nostris
1298 4276 1654 4324 constructas
1707 4286 1836 4322 am—

138 4360 331 4427 pliare,
404 4358 502 4411 sed
554 4357 625 4411 ad
692 4358 970 4426 majorem
1028 4358 1267 4427 gloriam
1305 4359 1402 4411 Dei
1454 4375 1629 4412 novas
1698 4358 1835 4411 tedi-

137 4448 319 4511 licare,
370 4461 589 4516 easque
635 4445 957 4499 devotionis
1012 4452 1221 4499 nostra:
1278 4446 1442 4499 donis
1505 4446 1843 4516 gratissimis

136 4538 395 4589 exaltare.
1002 4528 1007 4533 ”

202 4624 571 4693 Quapropter
604 4621 914 4675 Dominicis
947 4639 1060 4675 non
1093 4624 1331 4676 surdum
1382 4622 1638 4676 auditum
1692 4639 1843 4693 pra:-

138 4710 328 4764 bentes
368 4709 699 4780 prieceptis,
755 4716 812 4763 et
866 4710 1083 4763 deiticis
1149 4710 1599 4780 obtemperando
1656 4711 1843 4764 inten—

141 4800 331 4851 dentes
380 4797 773 4860 suasionibus,
805 4799 1104 4851 thesauros
1153 4799 1360 4851 divinae
1396 4800 1678 4868 largitatis
1714 4815 1845 4852 mu—

140 4887 428 4941 niﬁcentia
484 4886 654 4940 nobis
712 4888 949 4939 collatos
1007 4886 1065 4940 in
1116 4889 1255 4940 ccelo
1313 4887 1706 4942 desideramus
1758 4903 1844 4939 re-

142 4992 371 5043 ponere,
430 4974 535 5029 ubi
607 4990 794 5044 neque
842 4975 997 5029 fures
1054 4975 1335 5029 etfodiunt
1388 4992 1494 5030 nec
1552 4976 1840 5040 furantur,

143 5079 319 5133 neque
345 5080 551 5131 aerugo
582 5065 666 5117 vel
704 5063 859 5116 tinea
897 5064 1227 5127 demolitur,
1279 5064 1378 5117 ubi
1426 5070 1483 5117 et
1534 5064 1671 5117 dum
1726 5080 1845 5115 om-

142 5153 231 5206 nia
256 5169 411 5206 nunc
436 5157 709 5220 congesta
740 5152 1065 5219 recolimus,
1099 5168 1198 5205 cor
1245 5158 1506 5206 nostrum
1566 5152 1846 5206 desiderio

145 5246 195 5293 et
226 5256 420 5294 amore
454 5240 669 5309 saepius
695 5246 972 5293 versetur.

212 5329 455 5383 Proinde
492 5335 689 5397 patere
718 5329 982 5381 volumus
1023 5329 1286 5382 omnium
1333 5329 1587 5383 tidelium
1621 5329 1844 5383 univer-

149 5417 310 5481 sitati,
366 5417 526 5489 quod
581 5416 889 5487 quemdam
936 5422 1191 5487 paternae
1238 5418 1589 5472 hiereditatis
1634 5423 1846 5471 nostra;

149 5504 350 5570 locum,
424 5506 756 5561 Babenberc
830 5506 1077 5567 dictum,
1139 5506 1197 5558 in
1247 5506 1440 5559 sedem
1507 5511 1565 5559 et
1616 5506 1847 5558 culmen

151 5593 506 5664 episcopatus
538 5593 925 5662 proveximus,
949 5598 1006 5647 et
1033 5594 1304 5647 Romanae
1330 5594 1478 5647 sedis
1510 5593 1845 5646 auctoritate

1388 346 1788 404 DlPl.0MATA
1829 345 2383 405 ECCLESIASTICA.

1144 489 1205 526 ac
1258 474 1516 527 Hertuino
1574 476 1819 543 episcopo
1850 477 1893 527 A
1937 476 2251 538 lirmatum,
2307 476 2475 542 atque
2509 470 2848 525 venerabilis
2908 471 3129 524 Heurici
3184 470 3636 543 Wirzburgensis

3533 344 3636 398 :27":

1934 560 2187 630 episcopi
2258 576 2565 619 consensu,
2654 566 2708 613 et
2789 561 3012 613 dilectae
3087 560 3346 629 conjugis
3425 567 3636 614 nostrte

1934 650 2340 719 Chunegundte
2396 651 2709 713 voluntate,
2772 667 2836 701 ac
2897 650 3020 718 pari
3074 650 3485 719 communique
3519 665 3637 702 om-

1935 738 2096 791 nium
2154 736 2337 792 nostri
2394 737 2674 800 lidelium,
2710 742 2825 790 tam
2856 736 3420 806 archiepiscoporum
3454 754 3640 807 quam

1934 826 2362 895 episcoporum,
2416 824 2713 888 abbatum,
2766 841 2868 877 nec
2924 812 3041 878 non
3098 830 3154 877 et
3210 826 3416 878 ducem
3450 830 3503 877 et
3544 842 3638 878 co-

1934 913 2142 968 mitum
2201 915 2461 967 consulto
2507 914 2870 983 decretoque,
2903 914 2975 967 ad
3017 914 3193 967 totius
3246 914 3410 982 regni
3462 915 3638 967 nostri

1934 1002 2375 1071 principumque
2406 1001 2670 1054 concordi
2710 1002 3011 1054 devotione
3039 1001 3359 1067 laudatum,
3417 1002 3485 1053 ad
3536 1002 3636 1054 ho-

1933 1106 2130 1144 norem
2157 1089 2573 1159 omnipotentis
2610 1089 2726 1153 Dei,
2752 1095 2807 1142 et
2839 1090 3021 1143 beatae
3044 1091 3231 1143 Mariae
3266 1106 3495 1158 semper
3524 1091 3638 1142 vir-

1934 1178 2105 1249 ginis,
2137 1183 2194 1232 et
2227 1182 2554 1231 sanctorum
2586 1177 2977 1246 apostolorum
3012 1178 3165 1231 Petri
3223 1183 3279 1231 et
3325 1177 3506 1242 Pauli,
3539 1194 3642 1231 nec

1937 1283 2051 1319 non
2077 1272 2405 1320 sanctorum
2441 1265 2649 1319 Kiliani
2672 1270 2729 1319 et
2758 1266 3005 1336 Georgii,
3042 1267 3432 1333 fundavimus,
3455 1266 3636 1320 stabi-

1935 1355 2188 1418 livimus,
2222 1360 2277 1408 et
2304 1354 2821 1418 corroboravimus,
2889 1360 2951 1408 ut
3004 1354 3147 1408 inibi
3183 1361 3464 1419 nostrum,
3529 1370 3638 1424 pa-

1938 1450 2281 1514 rentumque
2319 1450 2670 1510 nostrorum,
2710 1447 2767 1495 et
2796 1443 3019 1497 Ottonis
3050 1442 3202 1496 tertii
3245 1443 3638 1513 imperatoris,

1937 1531 2202 1585 videlicet
2230 1531 2611 1585 antecesseris
2656 1532 2856 1594 nostri,
2915 1532 3135 1584 celebre
3190 1532 3469 1584 habeatur
3521 1548 3639 1583 me-

1939 1620 2194 1687 moriale,
2243 1625 2299 1674 et
2338 1620 2495 1691 jugis
2538 1637 2641 1691 pro
2683 1620 2949 1674 omnibus
2983 1620 3310 1675 orthodoxis
3359 1624 3641 1673 mactetur

1939 1708 2124 1763 hostia
2155 1709 2442 1763 salutaris.

2009 1833 2223 1887 Oblatis
2245 1832 2424 1902 igitur
2466 1833 2582 1886 Deo
2615 1832 2671 1886 in
2718 1832 2917 1886 eadem
2976 1832 3183 1884 dilecta
3240 1830 3407 1885 nobis
3453 1831 3638 1884 Eccle—

1936 1918 2042 1983 sia,
2076 1919 2146 1972 ad
2185 1919 2463 1972 honorem
2491 1923 2547 1971 et
2577 1918 2841 1971 decorem
2876 1918 3077 1971 domus
3114 1917 3233 1981 Dei,
3268 1933 3336 1970 ex
3393 1917 3641 1970 metallis

1939 2007 2341 2077 lapidibusque
2403 2006 2687 2076 pretiosis,
2746 2006 2807 2059 in
2865 2006 3051 2058 varios
3107 2022 3245 2059 usus
3305 2003 3636 2067 sanctuarii,

1938 2095 2082 2148 vasis
2112 2111 2214 2147 seu
2260 2094 2510 2147 vestibus
2567 2094 2809 2163 aliisque
2868 2093 3221 2145 ornamentis
3290 2092 3639 2145 ecclesiasti—

1936 2184 2035 2246 cis,
2097 2182 2447 2236 contulimus
2502 2188 2780 2251 przeterea
2830 2181 2899 2234 ad
2947 2197 3119 2251 supra
3166 2181 3371 2233 dictam
3446 2180 3638 2232 sedem

1938 2272 2320 2341 episcopalem
2375 2270 2610 2341 praedia,
2665 2269 2951 2335 ecclesias,
3028 2269 3197 2332 vicos,
3282 2269 3465 2333 villas,
3508 2284 3638 2320 cum

1938 2362 2208 2415 omnibus
2238 2360 2354 2413 suis
2384 2359 2749 2430 pertinentiis
2801 2357 2916 2411 sive
2970 2357 3419 2423 adhaerentibus,
3481 2357 3639 2409 vide—

1936 2450 2071 2503 licet
2130 2449 2431 2518 utriusque
2519 2464 2686 2499 sexus
2746 2445 3069 2514 mancipiis,
3146 2446 3292 2498 areis
3367 2445 3641 2505 aediliciis,

1936 2538 2106 2592 terris
2136 2537 2300 2591 cultis
2329 2544 2386 2590 et
2451 2536 2699 2603 incultis,
2762 2535 2867 2587 viis
2934 2540 2989 2588 et
3046 2535 3237 2593 inviis,
3287 2534 3537 2587 exitibus
3588 2538 3643 2585 et

1938 2627 2235 2691 reditibus,
2291 2626 2547 2696 quaesitis
2596 2630 2653 2678 et
2700 2624 3081 2693 inquirendis,
3138 2623 3312 2688 silvis,
3394 2622 3638 2692 sagenis,

1940 2714 2359 2779 venationibus,
2437 2713 2635 2783 pratis,
2724 2711 2969 2783 pascuis,
3084 2712 3320 2781 campis,
3398 2711 3643 2777 forestis,

1937 2803 2294 2873 (praestariis)
2373 2801 2712 2866 forestariis,
2800 2800 3067 2865 cellariis,
3140 2799 3426 2864 censibus,
3475 2798 3642 2867 aquis

1937 2908 2288 2962 aquarumve
2345 2890 2696 2955 decursibus,
2764 2887 3133 2952 molendinis,
3206 2887 3515 2940 mobilibus
3586 2892 3644 2938 et

1943 2980 2333 3034 immobilibus
2381 2985 2436 3032 et
2486 2979 2706 3031 caeteris
2763 2978 3053 3042 omnibus,
3085 2993 3259 3046 quam
3305 2977 3409 3029 rite
3473 2975 3644 3028 scribi

1944 3075 2044 3125 aut
2096 3068 2374 3138 appellari
2455 3071 2713 3137 possunt,
2790 3065 3224 3135 quomodolibet
3283 3063 3643 3129 utilitatibus,

1942 3158 2211 3229 praesenti
2264 3162 2471 3209 nostrae
2541 3154 2908 3208 authoritatis
2961 3154 3143 3208 edicto
3194 3158 3508 3206 statuentes
3586 3160 3646 3204 ut

1942 3248 2001 3301 in
2035 3249 2149 3301 Deo
2185 3246 2349 3299 nobis
2393 3245 2633 3299 dilectus
2665 3259 2813 3313 saepe
2867 3243 3032 3296 dictae
3105 3242 3258 3295 sedis
3320 3242 3643 3310 episcopus,

1948 3335 2331 3398 Eberhardus,
2367 3333 2571 3404 suique
2602 3349 2955 3385 successores
3010 3331 3250 3384 liberam
3298 3330 3504 3383 dehinc
3547 3332 3647 3383 ha-

1943 3426 2118 3478 beant
2179 3428 2544 3493 potestatem,
2604 3422 2804 3475 eadem
2878 3420 3208 3491 praescripta
3286 3420 3457 3480 bona,
3519 3435 3645 3471 cuni

1944 3512 2211 3567 omnibus
2238 3510 2594 3580 appendiciis
2651 3510 2769 3562 suis
2825 3509 3080 3573 tenendi,
3144 3506 3498 3578 possidendi,
3548 3523 3648 3559 seu

1944 3601 2003 3655 in
2039 3599 2324 3670 quoslibet
2348 3615 2483 3651 usus
2517 3597 2879 3666 episcopatus
2912 3595 3275 3649 convertendi
3305 3612 3316 3659 ;
3381 3595 3651 3648 fratribus

1945 3698 2137 3742 autem
2170 3686 2455 3740 canonicis
2489 3687 2603 3738 Deo
2648 3685 2863 3738 ibidem
2915 3682 3349 3739 famulantihus.
3382 3682 3447 3734 ad
3506 3698 3646 3751 quo-

1946 3778 2163 3830 tidiana
2206 3773 2541 3844 temporalis
2576 3772 2707 3825 vita:
2755 3772 3029 3835 subsidia,
3062 3771 3473 3839 possessiones,
3507 3786 3649 3839 quas

1946 3864 2303 3925 tradidimus,
2380 3868 2573 3915 nostra
2644 3860 2931 3928 imperiali
2991 3859 3324 3911 auctoritate
3382 3857 3647 3927 proprie-

1946 3954 2117 4007 tative
2178 3951 2519 4022 possidenda
2598 3950 3031 4014 conﬁrmamus,
3088 3964 3153 3999 ea
3240 3946 3504 3999 videlicet
3558 3961 3645 3997 ra-

1946 4043 2100 4095 tione
2143 4048 2206 4095 ut
2243 4040 2464 4110 praefati
2525 4038 2802 4103 canonici,
2856 4044 2913 4090 et
2952 4053 3153 4089 eorum
3208 4054 3310 4105 per
3350 4035 3651 4089 successio-

1947 4146 2077 4183 nem
2112 4128 2419 4199 praepositi,
2457 4127 2697 4179 liberam
2749 4126 2979 4189 dehinc,
3016 4141 3145 4177 cum
3174 4124 3428 4194 ipsorum
3479 4140 3647 4176 cano-

1947 4219 2207 4271 nicorum
2266 4232 2542 4269 consensu
2588 4220 2644 4268 et
2690 4214 2952 4277 consilio,
3004 4218 3345 4282 potestatem
3406 4212 3654 4265 habeant

1952 4307 2011 4359 in
2047 4305 2313 4358 meliores
2372 4321 2505 4356 usus
2538 4302 2955 4365 commutandi,
3008 4300 3438 4370 augmentandi,
3494 4305 3549 4352 et
3578 4298 3652 4353 ad

1954 4394 2262 4447 utilitatem
2328 4409 2490 4444 suam
2526 4392 2941 4462 quoquomodo
2974 4390 3313 4457 redigendi;
3373 4393 3654 4458 quatenus

1954 4487 2009 4535 et
2034 4481 2165 4551 ipsi,
2210 4481 2386 4534 nostri
2432 4480 2678 4549 benigne
2711 4494 2994 4531 memores
3024 4476 3177 4545 apud
3207 4477 3408 4539 Deum,
3470 4491 3533 4527 ac
3562 4474 3654 4527 di—

1954 4569 2280 4622 lectissinne
2330 4567 2591 4635 conjugis
2646 4572 2857 4618 nostra:
2917 4570 3089 4633 atque
3147 4561 3429 4614 consortis
3462 4560 3649 4629 regni,

1955 4656 2385 4725 Chunegundze,
2444 4659 2866 4724 parentumque
2920 4657 3268 4714 nostrorum,
3323 4666 3482 4702 versa
3535 4648 3653 4700 vice.

1952 4745 2247 4801 beneﬁciis
2305 4743 2518 4797 nostris
2576 4742 2672 4812 pia
2722 4748 2892 4811 atque
2960 4740 3189 4793 assidua
3246 4736 3653 4792 intercessione

1954 4833 2353 4904 respondeant.

2025 4975 2081 5029 Si
2134 4974 2262 5044 quis
2316 4976 2526 5035 autem,
2585 4971 2736 5041 quod
2768 4971 2938 5025 absit!
3003 4970 3175 5039 hujus
3217 4974 3429 5022 nostras
3474 4966 3656 5020 muni-

1953 5063 2240 5117 ficentiam
2294 5059 2624 5114 donationis
2683 5066 2856 5128 atque
2914 5058 3269 5123 institutum,
3330 5054 3655 5124 apostolica:

1954 5152 2122 5217 sedis,
2153 5156 2209 5204 et
2240 5156 2323 5204 tot
2352 5148 2768 5202 venerabilium
2815 5150 3047 5201 Patrum
3085 5146 3424 5199 auctoritate
3465 5146 3654 5196 ﬁrma-

1955 5248 2100 5304 tum,
2164 5239 2459 5292 destruere
2514 5254 2613 5290 seu
2674 5237 2888 5288 violare
2944 5235 3265 5294 tentaverit,
3322 5234 3379 5284 in
3429 5232 3518 5283 die
3569 5230 3657 5298 ju-

1956 5330 2085 5383 dicii
2116 5344 2307 5381 coram
2343 5325 2522 5380 oculis
2577 5324 2673 5379 Dei
2715 5330 3005 5376 tormento
3036 5319 3458 5387 inextinguibili
3491 5322 3655 5369 aeter-

1956 5419 2163 5472 naliter
2218 5417 2358 5470 luat.
2426 5414 2590 5478 Quod
2650 5430 2719 5467 ne
2781 5412 3025 5473 eveniat,
3106 5409 3201 5461 sed
3256 5408 3374 5459 haec
3426 5405 3655 5477 traditio

1958 5510 2128 5573 atque
2160 5504 2454 5557 decretum
2514 5502 2584 5556 ab
2629 5501 2899 5554 omnibus
2961 5495 3373 5567 perpetualiter
3412 5493 3653 5546 inviola-

1959 5592 2088 5647 bilis
2146 5596 2499 5661 permaneat,
2560 5590 2707 5642 lianc
2756 5588 3011 5641 chartam
3070 5582 3203 5635 inde
3270 5581 3656 5649 conscriptam
