3980 6412
298 376 401 428 2ῖὸ

1600 372 1653 431 S.
1701 376 1986 433 HENRICI
2026 376 2505 436 IMPERATORIS

3703 382 3808 433 276

295 514 473 553 manu
514 491 753 569 propria.
778 497 1138 565 roborantes,
1188 497 1359 571 sigilli
1392 497 1571 553 nostri
1610 497 1992 570 impressione
2021 503 2067 555 Α
2106 501 2467 573 episcopatus
2529 500 2891 557 sublimaudo
2973 500 3361 572 perveximus,
3419 506 3477 556 et
3552 501 3817 556 Romana

300 585 569 658 insigniri
582 585 888 657 jussimus.
1056 633 1062 638 .

1010 674 1281 729 XXXVIII.

304 766 358 819 S.
397 764 656 817 Henricus
686 764 741 817 ll
787 765 1083 832 imperator
1112 763 1378 827 bene/acii
1430 762 1692 817 Thorensi
1722 765 2002 829 virginum

371 835 635 887 nobilium
686 838 1068 887 canonicarum
1126 836 1343 900 collegio
1401 834 1475 887 ad
1514 836 1737 901 Mosam,
1790 839 2002 903 petente

371 907 607 972 Notycro
627 905 939 959 Lectlicensi
961 906 1226 972 episcoyo.

942 996 1128 1058 (Anno
1183 994 1359 1059 1007.)

649 1079 913 1148 [Mirusus,
947 1080 1091 1149 Opp.
1132 1079 1366 1149 diplom.
1414 1080 1460 1146 Ι,
1511 1081 1664 1149 507.)

378 1169 441 1223 In
468 1167 700 1221 nomine
725 1174 934 1221 sanctae
979 1172 1036 1221 et
1088 1166 1399 1221 individua:
1448 1166 1763 1229 Trinitatis,
1792 1167 2007 1237 {Hauni-

307 1272 403 1309 cos
441 1255 631 1309 divina
659 1256 882 1309 favente
912 1255 1214 1308 clementia
1243 1270 1360 1309 rex.

380 1344 550 1397 Nobis
580 1343 941 1414 profuturum
974 1348 1028 1396 at
1076 1343 1149 1396 ad
1198 1343 1374 1396 vitam
1425 1348 1767 1414 praesentem
1798 1344 2005 1398 transi-

310 1432 578 1503 gendam.
614 1436 671 1485 et
699 1432 769 1485 ad
804 1431 1059 1485 futuram
1119 1431 1365 1484 feliciter
1394 1432 1764 1485 obtinendam
1817 1431 2004 1484 credi-

311 1538 439 1574 mus
461 1525 516 1574 et
543 1520 775 1586 scimus,
803 1519 870 1585 si,
894 1519 1210 1573 secundum
1230 1519 1491 1573 ﬁdelium
1522 1526 1852 1573 nostrorum
1877 1519 2006 1589 jus-

313 1616 397 1663 tas
427 1608 750 1677 petitiones,
810 1608 1218 1662 ecclesiasticas
1270 1609 1568 1662 facultates
1608 1614 2009 1678 augmentatas

314 1702 370 1750 et
398 1696 867 1767 augmentandas,
902 1696 1110 1767 regalis
1140 1694 1414 1767 praecepti
1466 1695 1789 1750 munimine
1848 1702 2011 1750 tuen-

318 1786 416 1840 das
445 1801 566 1839 esse
594 1785 1037 1840 ﬁrmaverimus.

387 1873 745 1944 Quapropter
782 1880 984 1927 notum
1016 1888 1168 1926 essse
1197 1872 1463 1926 volumus
1502 1870 1774 1925 omnibus
1803 1870 2011 1925 nostris

317 1961 603 2025 fidelibus,
636 1967 753 2015 tam
786 1962 996 2017 futuris
1025 1977 1200 2032 quam
1258 1959 1657 2031 prmsentibus,
1704 1961 1855 2031 quod
1909 1975 2013 2030 per

318 2049 788 2104 intercessionem
818 2048 1161 2103 venerabilis
1186 2048 1292 2102 viri
1350 2047 1602 2117 Notgeri,
1665 2047 2014 2117 Tungrensis

317 2154 418 2192 seu
478 2138 834 2192 Leodicensis
881 2137 1161 2207 episcopi,
1238 2137 1561 2191 Thornensi
1643 2136 2013 2202 monasterio,

318 2226 578 2296 ejusdem
625 2225 880 2296 episcopi
935 2224 1289 2295 episcopatui
1337 2225 1608 2294 subjecto,
1699 2229 2015 2278 mercatum

321 2313 579 2383 ejusdem
617 2312 746 2379 loci,
801 2312 1187 2378 teloniumiet
1238 2312 1561 2366 districtum
1614 2311 2014 2377 concessimus,

392 2402 633 2471 Insuper
666 2401 935 2455 Ecclesias
991 2401 1062 2455 de
1119 2400 1728 2468 BrittejetChamaritte
1766 2412 1822 2452 et
1875 2400 2016 2453 Ave-

322 2494 455 2543 sate.
484 2506 742 2559 quasque
770 2488 924 2542 idem
948 2488 1270 2559 episcopus,
1305 2489 1364 2541 in
1386 2488 1896 2557 ampliﬁcationem
1928 2504 2018 2542 ec-

325 2575 651 2631 clesiasticas
678 2576 964 2630 facultatis
996 2582 1054 2630 et
1094 2575 1567 2646 aggregationem
1600 2576 2019 2629 remuneratio-

324 2665 414 2719 nis
444 2681 729 2734 supernaa,
779 2665 966 2719 eidem
1013 2664 1363 2719 monasterio
1422 2664 1725 2731 concessit,
1769 2681 1871 2735 per
1925 2664 2021 2717 in-

325 2758 648 2807 terventum
681 2754 934 2820 ejusdem
962 2752 1375 2806 venerababilis
1406 2751 1679 2822 episcopi,
1722 2753 1793 2806 ad
1844 2751 2023 2823 perti-

325 2842 580 2895 nentiam
614 2842 750 2895 dicti
776 2841 1111 2895 monasterii
1150 2841 1490 2895 auctoritate
1546 2841 1729 2895 nostri
1781 2856 2022 2895 consen-

328 2946 422 2983 sus
444 2930 979 2999 assignavimus;et
1036 2930 1209 2999 hujus
1261 2930 1535 3001 prrecepti
1598 2929 2021 2987 auctoritatem.

328 3020 393 3068 ut
419 3016 479 3070 in
512 3018 745 3071 nomine
775 3018 954 3087 ipsius
984 3018 1087 3089 qui
1124 3018 1288 3072 nobis
1342 3018 1714 3088 praecipiendi
1749 3017 2025 3070 concessit

329 3108 697 3173 potestatem,
729 3106 1047 3175 pleniorem
1079 3106 1333 3161 obtineat
1379 3107 1659 3175 vigorem,
1691 3110 1746 3158 et
1778 3121 1810 3158 a
1838 3106 2024 3165 ﬁdeli-

332 3192 438 3244 bus
493 3199 701 3246 sanctm
779 3194 879 3247 Dei
940 3194 1197 3246 Ecclesim
1245 3209 1309 3246 ac
1363 3192 1573 3245 nostris
1638 3200 2027 3257 conservetur,

334 3296 492 3333 more
544 3285 973 3334 antecessorum
1033 3287 1383 3345 nostrorum,
1446 3286 1502 3333 et
1554 3296 1726 3334 manu
1797 3282 2031 3352 propria

334 3367 713 3433 ﬁrmavimus,
749 3374 807 3421 et
834 3368 1012 3437 sigilli
1042 3368 1222 3421 nostri
1253 3368 1634 3437 impressione
1662 3368 1877 3437 signari
1900 3370 2029 3440 jus-

337 3456 535 3509 simus.

406 3546 640 3610 Signum
685 3544 894 3598 domini
921 3546 1143 3598 Henrici
1163 3546 1307 3612 regis
1338 3546 1707 3599 invictissimi.

408 3632 739 3685 Heribertus
786 3632 1180 3699 cancellarius,
1223 3632 1341 3686 vice
1400 3633 1639 3704 Villigisi
1682 3633 2032 3704 archicapel-

337 3719 476 3787 lani,
499 3718 825 3791 recognovi.

410 3810 547 3863 Data
574 3825 629 3862 ιι
675 3810 862 3863 Nonas
888 3808 1065 3874 Junii,
1133 3809 1450 3863 indictione
1480 3826 1531 3877 ν,
1565 3826 1717 3864 anno
1776 3810 2033 3864 Domini-

336 3912 417 3948 σω
448 3895 854 3949 incarnationis
897 3897 1201 3950 millesimo
1245 3898 1513 3966 septimo.
1549 3899 1731 3965 [anno
1762 3913 1896 3952 vero
1926 3898 2033 3952 do-

337 3984 480 4037 mini
503 3984 731 4037 Henrici
752 4002 791 4038 Il
814 4001 1125 4054 regnorum
1168 3985 1371 4054 quinto
1404 3987 1569 4055 (154).

407 4071 608 4122 Actum
636 4070 945 4140 Moguntina
975 4070 1231 4123 feliciter.
1264 4074 1466 4124 Amen.

1076 4158 1293 4211 XXXIX.

340 4246 602 4299 Henricus
657 4246 721 4299 II
784 4247 1080 4313 imperator
1116 4246 1282 4299 donat
1316 4245 1596 4300 abbatiam
1638 4249 2037 4315 Kitzingensem

727 4317 1219 4385 archiepiscoputui
1245 4318 1645 4382 Bumbergensi.

981 4386 1170 4469 (Anno
1220 4404 1398 4467 1007.)

553 4490 875 4563 [Ludewig.
916 4491 1125 4558 Script.
1159 4506 1265 4543 rer.
1301 4490 1504 4552 Germ,
1549 4506 1604 4559 p.
1642 4490 1823 4559 Ht2.]

411 4582 474 4633 In
522 4580 753 4635 nomine
782 4587 991 4633 sanctae
1022 4585 1078 4633 et
1125 4578 1441 4633 individua:
1469 4579 1781 4645 Trinitatis,
1820 4581 2038 4634 Hamm-

338 4664 432 4721 cus
459 4667 646 4721 divina
671 4668 897 4722 favente
930 4667 1233 4721 clementia
1280 4683 1395 4720 rex.

410 4755 812 4810 Saluberrimis
870 4755 1049 4825 igitur
1096 4756 1242 4808 sacri
1296 4754 1511 4824 eloquii
1579 4754 2037 4810 institutionibus

339 4842 638 4895 erudimur
657 4848 713 4895 et
741 4843 1120 4896 admonemur
1145 4848 1225 4909 ut,
1259 4843 1603 4912 temporalia
1646 4843 2038 4914 relinquentes

336 4930 511 4995 bona,
548 4934 605 4983 et
628 4933 857 4983 terrena
884 4935 1299 4999 postponentes
1321 4930 1644 4997 commoda,
1675 4938 1892 4986 aeterna
1912 4932 2035 4986 sine

338 5017 452 5071 ﬁne
486 5032 756 5071 mansura
784 5016 842 5069 in
869 5016 1025 5070 caelis
1085 5018 1418 5071 studeamus
1463 5018 1701 5089 adipisci
1749 5021 2036 5073 consisto-

333 5106 439 5160 ria.
473 5106 833 5175 Quapropter
859 5122 961 5158 nos
992 5104 1296 5159 dominicis
1328 5122 1445 5160 non
1499 5107 1737 5160 surdum
1775 5108 2035 5162 auditum

337 5194 660 5264 prtebentes
684 5193 1003 5263 praeceptis,
1031 5198 1087 5246 et
1109 5192 1326 5247 deiﬁcis
1354 5193 1806 5263 obtemperando
1853 5202 2037 5249 inten-

338 5281 535 5335 dentes
572 5280 960 5347 suasionibus,
993 5282 1301 5350 quemdam
1359 5285 1568 5335 nostrae
1611 5286 1869 5351 paternae
1917 5283 2035 5336 ha:-

340 5369 595 5454 reditatis
614 5368 1146 5435 locum,Babenberg
1168 5368 1405 5422 dictum.
1429 5368 1490 5421 in
1516 5368 1713 5423 sedem
1740 5374 1795 5423 et
1807 5372 2033 5425 culmen

412 5538 555 5601 (154)
589 5538 661 5590 Ex
693 5535 1116 5591 characteribus
1146 5535 1284 5589 anni
1314 5535 1486 5606 hujus
1507 5535 1836 5604 diplomatis
1869 5537 2034 5590 vide-

339 5609 432 5658 tur
455 5608 644 5675 colligi
677 5624 863 5678 posse,
899 5609 1207 5673 Notgerum
1251 5607 1584 5678 episcopum
1631 5606 2031 5663 Leodicensem

2108 590 2448 645 auctoritate
2490 596 2663 661 atque
2715 589 3055 644 venerabilis
3108 589 3333 644 Henrici
3366 588 3816 659 Wurciburgen-

2110 679 2184 731 sis
2204 679 2480 751 episcopi,
2531 696 2596 733 ac
2650 695 2797 749 puro
2846 677 3259 748 communique
3317 678 3578 731 omnium
3623 677 3811 732 nostri

2109 768 2392 835 ﬁdelium,
2427 774 2545 822 tam
2577 767 3140 837 archiepiscoporum
3174 781 3349 836 quam
3404 766 3813 837 episcoporum

2109 857 2519 927 abhatumque,
2573 873 2679 911 nec
2707 872 2824 910 non
2863 857 3073 909 ducum
3107 858 3165 908 et
3217 853 3493 907 comitum
3542 854 3817 907 consultu

2110 944 2474 1015 decretoque,
2521 946 2577 997 iu
2631 945 2852 996 linuore
2884 949 3094 996 sancta:
3142 942 3243 996 Dei
3296 942 3590 1012 genitricis
3626 941 3820 998 Mariae

2110 1039 2553 1102 sanctorumque
2584 1033 2980 1103 apostolorum
3031 1030 3185 1084 Petri
3232 1035 3288 1083 et
3346 1031 3528 1097 Pauli,
3561 1046 3665 1084 nec
3697 1046 3816 1084 non

2110 1127 2430 1191 martyrum
2462 1120 2677 1174 Kiliani
2707 1126 2763 1174 et
2792 1119 3039 1189 Georgii,
3065 1118 3444 1173 stabilivimus
3479 1125 3650 1189 atque
3695 1136 3826 1173 cor-

2111 1209 2529 1271 roboravimus,
2556 1214 2617 1263 ut
2654 1214 2711 1263 et
2746 1208 2891 1262 inibi
2915 1212 3176 1261 nostrum
3209 1213 3633 1278 parentumque
3684 1224 3823 1263 nos-

2113 1303 2335 1351 trorum
2366 1296 2463 1369 [et]
2495 1298 2718 1351 Ottonis
2744 1297 2989 1350 senioris
3021 1297 3218 1360 nostri,
3241 1295 3465 1350 celebre
3505 1296 3822 1350 haberetur

2117 1386 2468 1451 memoriale,
2505 1391 2562 1439 et
2580 1385 2737 1456 jugis
2766 1402 2870 1455 pro
2926 1384 3192 1438 omnibus
3240 1384 3571 1438 ortliodoxis
3623 1384 3823 1439 hostia

2118 1479 2460 1528 mactaretur
2508 1474 2794 1528 salutaris.
2828 1474 3077 1529 Proinde
3109 1474 3335 1527 noverit
3397 1474 3659 1528 omnium
3692 1489 3823 1527 nos-

2115 1565 2188 1617 tri
2215 1563 2472 1617 ﬁdelium
2498 1568 2615 1617 tam
2667 1579 2921 1633 praasens
2951 1568 3090 1616 mtas
3142 1579 3316 1633 quam
3374 1568 3430 1616 et
3486 1578 3822 1615 succcssura

2115 1651 2597 1722 posteritas,quia
2627 1667 2732 1704 nos
2766 1650 2945 1703 nostri
2982 1651 3277 1721 quondam
3322 1648 3469 1719 juris
3498 1649 3816 1713 abbatiam,

2120 1740 2449 1810 Kitzingum
2477 1740 2709 1802 dictam,
2750 1739 2811 1792 in
2841 1755 2990 1809 pago
3042 1738 3295 1793 Gotzfeld
3320 1737 3510 1803 sitam,
3542 1737 3615 1790 ad
3660 1753 3820 1790 eam-

2118 1828 2248 1882 dem
2281 1843 2457 1898 supra
2485 1827 2695 1881 dictam
2717 1826 3100 1897 episcopalem
3127 1828 3344 1893 sedem,
3377 1842 3505 1880 cum
3545 1816 3824 1880 bmnibus

2120 1916 2245 1985 ejus
2274 1915 2636 1985 pertinentiis
2675 1915 2791 1969 sive
2820 1915 3204 1976 adhaerentiis,
3235 1914 3502 1969 videlicet
3543 1913 3824 1979 ecclesiis,

2122 2003 2626 2067 decimationibus,
2682 2003 2860 2064 silvis.
2912 2002 3335 2071 venationibus,
3385 2019 3487 2056 seu
3531 2002 3825 2067 omnibus,

2122 2107 2248 2162 quas
2280 2091 2538 2163 quolibet
2568 2091 2738 2145 modo
2772 2089 2885 2145 dici
2914 2092 3001 2145 vel
3054 2091 3224 2144 scribi
3256 2097 3519 2161 possunt,
3553 2090 3830 2145 utilitati-

2122 2180 2250 2246 bus,
2282 2179 2387 2234 hac
2409 2186 2621 2234 nostra:
2642 2179 2992 2233 auctoritatis
3010 2180 3339 2251 praeceptali
3369 2180 3599 2250 pagina,
3654 2183 3834 2249 prout

2125 2269 2988 2338 ﬁrmiuspossumus,donamus
3012 2273 3182 2339 atque
3212 2267 3681 2337 proptrietamus,
3709 2282 3833 2319 om-

2128 2359 2291 2411 nium
2351 2356 2802 2410 contradictione
2865 2362 3107 2411 remota.
3185 2356 3587 2426 Prascipientes
3647 2354 3830 2424 igitur

2130 2450 2190 2498 ut
2219 2444 2279 2497 in
2320 2444 2561 2497 Domino
2610 2445 2848 2497 dilectus
2880 2461 3029 2514 szepe
3063 2444 3228 2499 dicta:
3277 2445 3429 2498 sedis
3468 2442 3829 2498 Eberhardus

2129 2533 2433 2602 episcopus
2463 2531 2701 2587 liberam
2757 2533 2966 2587 dehinc
3020 2533 3224 2586 habeat
3272 2538 3616 2603 potestatem
3676 2546 3833 2585 eam—

2129 2622 2261 2675 dem
2298 2616 2584 2675 abbatiam
2618 2637 2748 2675 cum
2781 2622 3048 2675 omnibus
3094 2622 3218 2691 ejus
3246 2620 3604 2692 appendiciis
3625 2626 3829 2673 tenen-

2132 2709 2210 2776 di,
2246 2709 2599 2779 possidendi,
2628 2726 2723 2762 seu
2758 2710 3042 2780 quidquid
3065 2710 3172 2764 sibi
3204 2710 3377 2763 libeat
3408 2709 3591 2763 modis
3632 2707 3829 2762 omni-

2133 2798 2239 2852 bus
2277 2797 2409 2850 iude
2470 2796 2735 2863 faciendi,
2763 2814 2827 2851 ac
2856 2798 2945 2850 sui
2976 2814 3316 2851 sucessores.
3357 2797 3414 2851 Si
3462 2796 3592 2866 quis
3626 2796 3829 2865 igitur,

2132 2886 2286 2957 quod
2327 2884 2503 2939 absit!
2535 2886 2707 2956 hujus
2740 2891 2947 2939 nostra;
2988 2885 3316 2940 donationis
3372 2884 3829 2938 muniﬁcentiam

2132 2978 2424 3029 destruere
2457 2975 2572 3027 sive
2604 2974 2819 3027 violare
2860 2980 3194 3043 praesumat,
3252 2974 3311 3027 in
3364 2973 3689 3035 novissimo,
3741 2970 3835 3025 die

2138 3068 2423 3115 tormento
2456 3061 2883 3132 inextinguibili
2914 3079 3103 3116 coram
3129 3061 3307 3116 oculis
3340 3062 3438 3116 Dei
3488 3062 3632 3116 luat.
3670 3060 3837 3125 Quod

2138 3166 2209 3203 ne
2231 3151 2349 3217 ﬁat,
2390 3149 2487 3203 sed
2534 3150 2657 3202 haec
2689 3150 2920 3203 traditio
2970 3156 3167 3203 nostra
3223 3150 3291 3203 ab
3344 3148 3616 3204 omnibus
3647 3150 3841 3204 incor-

2140 3242 2307 3308 rupta
2352 3242 2704 3308 permaneat,
2764 3237 2911 3291 hanc
2962 3238 3218 3292 chartam
3268 3238 3398 3292 inde
3449 3237 3839 3308 conscriptam

2141 3341 2314 3379 manu
2341 3324 2574 3395 propria
2602 3324 2937 3379 roborantes
2990 3326 3164 3396 sigilli
3222 3326 3403 3380 nostri
3459 3326 3841 3397 impressione

2140 3413 2405 3482 insigniri
2432 3413 2730 3482 jussimus.

2211 3503 2351 3556 Data
2404 3502 2646 3557 Kalend.
2694 3502 2991 3571 Nevemb.,
3043 3502 3165 3558 ind.
3228 3519 3278 3570 v,
3312 3520 3465 3557 anno
3514 3503 3831 3558 Dominicas

2142 3590 2421 3644 incarnat.
2458 3593 2612 3661 1007,
2669 3608 2819 3645 anno
2867 3608 3000 3645 vero
3031 3592 3250 3646 domini
3304 3592 3532 3647 Henrici
3582 3593 3629 3646 Il
3680 3594 3837 3663 regis

2142 3696 2215 3733 vi.
2238 3684 2440 3733 Actum
2470 3679 2855 3734 Frankenfurt
2881 3680 3137 3734 feliciter.
3182 3684 3383 3735 Anien.

2935 3787 3039 3840 XL.

2145 3874 2415 3928 Fundatio
2488 3876 2710 3928 Henrici
2760 3876 3349 3941 sunctidmperaioris
3404 3888 3567 3943 super
3644 3874 3841 3939 Furth,

2629 3962 2988 4027 Fruncofurti
3016 3964 3075 4016 in
3110 3964 3365 4015 comitiis.

2709 4049 2856 4115 (Kal.
2892 4050 3027 4103 Nov.
3094 4049 3272 4113 1007.)

2376 4136 2692 4208 fLudewig,
2730 4140 2909 4207 Scrip.
2938 4153 3047 4190 rer.
3092 4138 3294 4203 Gm.,
3332 4135 3610 4209 1281-82.]

2144 4225 2210 4279 In
2262 4225 2496 4278 nomine
2554 4230 2762 4279 sanctae
2847 4230 2904 4278 et
2953 4224 3259 4278 individua;
3330 4225 3642 4287 Trinitatis,
3696 4226 3844 4279 Hen-

2070 4329 2110 4383 ι)
2152 4330 2304 4368 arcus
2334 4312 2525 4367 divina
2558 4314 2779 4367 favente
2807 4312 3111 4367 clementia
3147 4327 3267 4368 rex.

2216 4400 2620 4455 Saluberrimis
2679 4401 2857 4466 igitur
2904 4401 3048 4454 sacri
3104 4400 3321 4470 eloquii
3376 4399 3842 4455 institutionibus

2148 4489 2446 4542 erudimur
2504 4494 2562 4543 et
2592 4490 2971 4543 admonemur
2998 4495 3081 4557 ut,
3134 4489 3478 4558 temporalia
3505 4489 3840 4560 relinquen-

2146 4581 2232 4630 tes
2263 4578 2587 4642 commoda,
2616 4583 2827 4631 aeterna
2862 4583 2919 4632 et
2977 4579 3101 4632 sine
3122 4577 3237 4631 fine
3269 4593 3539 4631 mansura
3567 4578 3628 4631 in
3681 4579 3842 4632 caelis

2144 4666 2474 4719 studeamus
2517 4666 2756 4735 adipisci
2785 4665 3143 4719 consistoria.
3176 4666 3537 4736 Quapropter
3566 4682 3690 4733 nos,
3728 4667 3838 4721 Do-

2146 4754 2371 4808 minicis
2399 4771 2514 4808 non
2545 4755 2784 4808 surdum
2842 4754 3105 4808 auditum
3146 4753 3465 4824 praebentes
3511 4754 3839 4824 praeceptis,

2147 4848 2205 4895 et
2251 4842 2468 4896 deiﬁcis
2525 4843 2973 4911 obtemperando
3041 4842 3406 4896 intendentes
3451 4841 3840 4908 suasionibus,

2145 4929 2454 5001 quemdam
2511 4936 2724 4984 nostra!
2776 4937 3029 5001 paternae
3081 4930 3431 4984 hereditatis
3472 4930 3680 4995 locum,
3737 4933 3845 4985 Ba-

2147 5018 2373 5084 benberg
2393 5019 2629 5086 dictum,
2658 5018 2718 5072 in
2741 5019 2933 5073 sedem
2960 5024 3017 5073 et
3035 5020 3265 5085 culmen
3288 5018 3646 5089 episcopatus
3667 5019 3846 5073 subli-

2147 5106 2358 5159 mando
2414 5105 2800 5174 proveximus,
2833 5113 2889 5160 et
2941 5108 3202 5161 Romana
3252 5108 3615 5171 auctoritate,
3669 5111 3844 5177 atque

2143 5192 2483 5245 venerabilis
2512 5192 2738 5246 Henrici
2764 5192 3226 5263 Wurtburgensis
3244 5192 3499 5263 episcopi
3530 5210 3842 5261 consensu,

2143 5296 2208 5333 ac
2234 5281 2356 5350 pari
2386 5281 2798 5350 communique
2850 5281 3113 5335 omnium
3159 5281 3341 5335 nostri
3386 5281 3665 5341 ﬁdelium,
3721 5287 3844 5337 tam

2144 5369 2702 5438 archiepiscoporum
2744 5385 2917 5436 quam
2979 5370 3380 5439 episcoporum
3426 5370 3839 5440 abbatumque.

2144 5554 2296 5591 anno
2319 5538 2551 5592 demum
2597 5539 2727 5591 1008
2767 5537 2997 5602 obiisse,
3030 5555 3144 5595 non
3175 5544 3367 5593 autem
3404 5541 3559 5605 t007,
3602 5545 3667 5593 ut
3718 5541 3840 5595 Bu-

2142 5609 2370 5663 cherius
2401 5614 2459 5662 et
2496 5608 2592 5661 alii
2621 5612 2952 5679 supputaut.
