3980 6412
90 347 179 375 ουῗτ

90 370 175 395 ill

1367 339 1763 395 DIPLOMA'I'A
1807 340 2362 397 ECCLESIASTICA.

3508 348 3611 400 “278

89 481 183 517 nec
222 480 346 518 non
378 464 593 519 ducum
635 470 692 518 et
727 464 1006 518 comitum
1048 463 1307 516 consultu
1341 463 1707 533 decretoque,
1742 462 1799 517 in
1830 467 1874 517 Α
1915 470 2073 537 ptam
2104 481 2279 519 manu
2304 466 2536 536 propria
2568 465 2905 519 roborantes
2935 466 3107 535 sigilli
3141 468 3326 522 nostri
3366 468 3606 539 impres-

89 555 366 606 bonorem
428 559 642 607 sanctae
694 552 794 607 Dei
825 552 1119 622 genitricis
1160 552 1371 617 Maria»,
1434 557 1798 605 sanctorum-

87 658 194 710 que
214 642 622 711 apostolorum
643 641 795 696 Petri
827 647 883 694 et
906 641 1091 707 Pauli,
1115 656 1221 693 nec
1239 657 1351 693 non
1368 648 1686 709 martyrum
1711 640 1802 693 Ki-

89 731 224 783 liaui
265 736 441 800 atque
471 729 728 800 Georgii,
786 728 1168 783 stabilivimus
1195 736 1252 782 et
1278 728 1799 793 corroboravimus,

90 825 149 872 ut
178 826 234 873 et
266 818 415 873 inibi
447 824 714 872 nostrum
765 823 1188 888 parentumque
1234 822 1584 881 nostrorum,
1611 822 1667 869 et
1699 817 1801 872 0t-

89 907 241 959 tonis
298 906 459 960 tertii
519 902 800 973 videlicet,
870 905 1235 975 imperatoris
1317 906 1691 958 antecessoris
1750 910 1806 957 et

92 995 339 1048 senioris
381 995 588 1062 nostri,
647 995 871 1049 celebre
916 994 1154 1048 haberet
1183 994 1518 1047 memoriale
1549 1000 1607 1047 et
1650 994 1806 1063 jugis

89 1099 189 1151 pro
229 1083 507 1137 omnibus
536 1082 871 1136 ortbodoxis
893 1081 1082 1135 hostia
1135 1086 1488 1134 mactaretur
1513 1081 1800 1134 salutaris.

97 1170 345 1225 Proinde
396 1170 626 1225 noverit
678 1170 939 1224 omnium
998 1174 1331 1222 nostrorum
1372 1168 1631 1222 ﬁdelium
1687 1174 1804 1222 tam

93 1274 353 1328 praesens
407 1264 566 1323 astas,
626 1275 801 1329 quam
856 1258 1030 1311 etiam
1084 1273 1412 1310 successura
1466 1257 1800 1326 posteritas,

92 1347 245 1416 quod
281 1364 386 1400 nos
410 1354 620 1401 nostrae
652 1346 943 1417 quondam
996 1346 1365 1417 proprietatis
1388 1348 1601 1413 locum,
1633 1347 1809 1400 Furth

95 1437 336 1499 dictum,
386 1436 447 1489 in
504 1452 652 1507 pago
692 1437 1018 1506 Nordgoau,
1063 1436 1120 1488 in
1180 1435 1450 1488 comitatu
1508 1435 1807 1505 Berengeri

30 1564 37 1579 .
95 1525 325 1578 comitis
383 1526 585 1593 situm,
645 1525 717 1579 ad
767 1524 1121 1595 stipendium
1174 1524 1579 1577 canonicorum
1622 1524 1681 1576 in
1725 1541 1811 1576 ea-

96 1613 225 1665 dem
276 1614 613 1683 supradicta
667 1613 975 1683 episcopali
1039 1614 1169 1666 sede
1207 1613 1497 1666 coenobice
1532 1614 1643 1666 Deo
1693 1630 1810 1665 ser-

96 1702 403 1765 vientium,
436 1719 550 1755 una
604 1718 733 1755 cum
779 1701 1048 1754 omnibus
1107 1704 1229 1769 ejus
1274 1700 1639 1771 pertinentiis
1698 1703 1809 1751 sive

96 1790 498 1856 adhaerentiis,
554 1790 822 1843 videlicet
879 1789 1015 1841 vicis
1086 1789 1257 1855 villis,
1308 1788 1580 1849 ecclesiis.
1633 1791 1811 1841 semis

100 1886 151 1930 et
177 1878 429 1942 ancillis,
481 1879 654 1945 areis,
714 1878 901 1939 terris,
937 1878 1104 1931 cultis
1155 1883 1209 1930 et
1273 1876 1520 1940 incultis,
1565 1877 1688 1941 viis,
1724 1877 1809 1929 iu-

100 1968 221 2031 viis,
259 1966 519 2020 exitibus
551 1974 608 2020 et
656 1967 950 2027 reditibus,
1014 1965 1266 2035 quaesitis
1316 1970 1371 2017 et
1433 1965 1808 2034 inquirendis,

102 2057 292 2124 sylvis,
327 2056 658 2119 forestibus,
683 2056 917 2126 saginis,
947 2054 1364 2117 venationibus,
1398 2052 1582 2123 aquis,
1626 2054 1812 2122 pisca-

102 2145 376 2207 tionibus,
413 2145 604 2209 molis,
651 2143 1019 2207 molendinis,
1079 2142 1249 2194 rebus
1283 2138 1594 2192 mobilibus
1617 2144 1672 2192 et
1698 2140 1811 2191 im-

106 2234 440 2297 mobilibus,
477 2238 534 2286 et
588 2234 811 2285 caeteris
841 2231 1132 2295 omnibus,
1189 2245 1317 2299 qua:
1348 2229 1451 2281 rite
1500 2227 1668 2281 scribi
1718 2231 1817 2279 aut

102 2321 385 2390 appellari
440 2326 701 2391 possunt,
759 2320 1015 2390 quolibet
1072 2319 1270 2384 modo,
1332 2316 1696 2373 utilitatibus.
1751 2332 1815 2367 ac

105 2416 295 2463 nostra
330 2409 695 2463 auctoritatis
725 2408 937 2479 pagina
968 2407 1317 2479 praeceptali,
1371 2410 1544 2476 prout
1572 2404 1816 2456 firmiter

106 2515 432 2568 possumus,
487 2499 772 2551 donamus
830 2501 1001 2566 atque
1047 2496 1491 2566 proprietamus,
1554 2492 1814 2545 omnium

106 2587 568 2639 contradictione
620 2590 862 2639 remota.
922 2584 1325 2653 Prmcipientes
1376 2583 1555 2652 igitur
1611 2585 1672 2634 ut
1701 2581 1818 2634 dul-

108 2676 319 2728 eissimi
390 2676 453 2727 in
509 2676 731 2728 Christo
791 2674 1197 2739 Banbergenses
1253 2674 1453 2725 fratres
1489 2669 1689 2738 nostri,
1749 2686 1815 2721 ex

114 2770 300 2816 nostro
352 2763 489 2832 jure
569 2762 811 2816 liberam
897 2761 1105 2814 dehinc
1170 2760 1421 2813 habeant
1476 2764 1816 2827 potestatem

113 2852 376 2905 eumdem
410 2850 622 2913 locum,
687 2850 859 2902 Furti:
910 2852 1329 2915 nuncupatum,
1388 2861 1516 2898 cum
1550 2845 1819 2898 omnibus

114 2937 460 3008 appenditiis
504 2936 855 3006 possidendi,
910 2936 997 2988 Vt‘I
1064 2936 1235 2987 etiam
1286 2935 1394 2987 sibi
1451 2934 1817 2986 commodum

1910 554 2067 606 sione
2118 553 2397 622 jussimus
2454 552 2742 622 insigniri.
2814 555 3054 624 Insuper
3112 555 3437 625 Ratisponaa
3493 561 3609 609 tres

1911 659 2069 696 areas
2107 640 2257 695 infra
2307 642 2510 695 urbem
2559 643 2722 713 juxta
2768 642 3116 708 Danubium,
3150 643 3290 696 duas
3344 645 3605 698 Brunne—

1910 731 2065 795 laite,
2097 731 2239 785 duas
2272 730 2641 801 Reginhusen
2690 731 2954 784 dedimus
3011 738 3067 785 et
3114 732 3522 786 conﬁrmamus
3550 734 3611 786 in

1912 837 2079 875 usum
2109 822 2349 875 fratrum
2386 820 2821 888 (canonicorum
2860 821 3181 891 Bamberg).

1982 912 2210 975 Signum
2269 910 2451 963 domui
2506 911 2753 964 Heinrici
2816 925 2956 975 regis
2988 911 3351 963 invictissimi.
3404 910 3611 979 (Mono-

1912 998 2205 1061 gramina.)

1986 1082 2348 1136 Eberhardus
2400 1081 2768 1136 cancellarius
2838 1081 2954 1135 vice
3027 1082 3288 1152 Willigisi
3362 1081 3613 1135 archica-

1918 1172 2130 1242 pellani
2149 1171 2471 1242 recognovi.

1993 1262 2130 1314 Data
2158 1260 2277 1316 Kal.
2325 1261 2488 1325 Nov.,
2531 1258 2839 1313 indictione
2878 1275 2931 1322 v,
2982 1274 3131 1312 anno
3183 1258 3493 1312 Dominicaa
3526 1258 3612 1311 in-

1917 1348 2268 1403 carnationis
2329 1352 2480 1411 l007,
2538 1365 2687 1401 anno
2744 1364 2877 1402 vero
2961 1346 3159 1402 domui
3230 1347 3479 1401 Heinrici
3527 1362 3613 1399 se-

1920 1440 2091 1493 cundi
2125 1438 2418 1508 regnantis
2450 1445 2626 1491 sexto.
2660 1441 2860 1491 Actum
2922 1435 3345 1490 Frankonofurt
3377 1434 3617 1488 feliciter

1920 1533 2119 1583 Amen.

2690 1596 2842 1649 XLII.

1922 1692 2033 1742 lter
2090 1690 2349 1741 Henricus
2388 1686 2668 1738 abbatiam
2698 1688 2785 1738 sui
2832 1685 2977 1749 juris
3018 1700 3109 1735 seu
3170 1690 3393 1737 veterem
3426 1682 3609 1749 capel-

1993 1761 2101 1812 lam
2140 1761 2195 1810 in
2238 1760 2522 1827 proprium
2581 1757 2678 1809 dat
2715 1758 2965 1812 Ecclesia:
3014 1755 3441 1821 Babenbergmsi
3486 1769 3521 1806 α
3561 1768 3616 1806 sc

1992 1837 2194 1884 erectae.

2578 1897 2763 1966 (Anno
2792 1896 2967 1962 1008.)

2446 1985 2633 2059 [ltied.
2670 1985 2806 2038 ibid.
2846 2002 2896 2053 p.
2949 1984 3090 2046 l26.i

1994 2078 2052 2131 C.
2112 2079 2173 2133 lu
2235 2074 2468 2129 nomine
2542 2079 2751 2126 sancta:
2804 2078 2859 2125 et
2939 2072 3246 2126 individua:
3302 2070 3614 2135 Trinitatis,

1927 2167 2220 2220 IIEINRICUS
2251 2164 2445 2217 divina
2467 2163 2687 2215 favente
2715 2160 3017 2215 clementia
3049 2178 3164 2214 rex.

1998 2254 2213 2308 Divinis
2287 2258 2343 2307 et
2422 2251 2767 2305 salutaribus
2829 2265 3117 2302 sacrarum
3195 2247 3619 2318 Scripturarum

1925 2344 2307 2397 admonemur
2362 2339 2716 2395 documentis
2775 2343 2830 2391 et
2896 2338 3195 2391 erudimur
3248 2344 3307 2389 ut
3360 2336 3623 2389 ecclesias

1930 2432 2027 2486 Dei
2052 2448 2183 2485 cum
2214 2432 2373 2499 larga
2430 2426 2814 2482 benivolentia
2875 2426 3142 2487 ditemus,
3175 2433 3230 2478 et
3277 2440 3503 2477 summa
3532 2423 3623 2477 de-

1928 2524 2157 2576 votione
2191 2517 2544 2587 ampliﬁcare
2575 2532 2693 2569 non
2742 2532 3045 2568 cessemus.
3103 2514 3349 2567 Proinde
3401 2512 3626 2566 noverit

1928 2612 2190 2665 omnium
2231 2605 2437 2663 Christi
2486 2604 2781 2673 nostrique
2821 2603 3075 2656 ﬁdelium
3132 2601 3434 2663 industria,
3489 2598 3622 2670 quia

1930 2717 2029 2754 nos
2081 2713 2184 2768 per
2231 2696 2618 2749 interventum
2662 2697 2869 2744 nostra:
2927 2690 3312 2744 dilectissime:
3361 2687 3624 2758 conjugis

1928 2783 2327 2855 Chunigundte
2391 2781 2679 2853 quandam
2736 2779 2916 2832 nostri
2961 2778 3111 2849 juris
3176 2777 3454 2847 capellam
3507 2776 3624 2829 sive

1928 2872 2413 2940 abbatiam,infra
2445 2870 2642 2923 urbem
2704 2868 3101 2935 Radesponam
3132 2865 3192 2919 in
3240 2881 3389 2935 pago
3438 2865 3627 2917 Tuon-

1928 2980 2171 3035 ocgowe,
2232 2966 2281 3014 et
2345 2960 2403 3013 in
2455 2957 2730 3011 comitatu
2772 2954 3090 3024 Ruodperti
3140 2954 3367 3008 comitis
3432 2951 3622 3015 sitam,

111 3026 436 3078 advocatum
466 3023 577 3093 ίρδί
632 3024 756 3075 loco
808 3022 1136 3091 snpmdicm
1186 3036 1359 3112 δίψει.
1415 3018 1687 3112 ﬁgam“,
1719 3034 1817 3070 se"
1851 3032 1890 3086 (δ
1928 3018 2655 3112 sanctze'Babenbergensi
2716 3018 2967 3093 ecclesiae
3024 3038 3081 3091 in
3126 3038 3407 3091 honorem
3475 3035 3624 3089 beati

114 3113 397 3183 quidquid
433 3113 547 3165 illis
588 3112 780 3176 libeat,
846 3112 1028 3164 modis
1088 3110 1357 3163 omnibus
1411 3108 1469 3160 in
1506 3123 1669 3159 usum
1702 3122 1819 3159 coe—

116 3204 385 3256 nobitatae
418 3201 794 3254 fraternitatis
825 3199 1091 3253 faciendi.
1146 3197 1202 3251 Si
1254 3196 1381 3267 quis
1419 3194 1617 3265 igitur,
1664 3195 1819 3264 quod

118 3290 293 3345 absit!
340 3291 521 3359 hujus
577 3295 788 3343 nostrae
844 3286 1175 3341 donationis
1227 3283 1685 3338 muniﬁcentiam
1717 3283 1822 3335 de-

119 3385 331 3432 struere
354 3378 477 3430 sive
508 3377 717 3430 violare
759 3381 1095 3447 praesumat,
1148 3375 1207 3427 in
1263 3373 1355 3427 die
1398 3371 1600 3441 judicii
1631 3386 1823 3423 coram

120 3468 288 3520 oculis
324 3466 429 3520 Dei
459 3471 751 3519 tormento
792 3461 1221 3533 inextinguibili
1281 3458 1630 3514 aeternaliter
1684 3459 1820 3511 luat.

119 3556 269 3619 Quod
302 3572 378 3609 ne
404 3554 654 3619 eveniat,
688 3554 783 3607 sed
842 3553 962 3606 haec
991 3551 1226 3605 traditio
1261 3553 1454 3603 nostra
1510 3547 1579 3600 ab
1635 3546 1824 3600 omni-

121 3644 215 3697 bus
240 3644 663 3715 perpetualiter
712 3639 1057 3696 inviolabilis
1114 3641 1470 3710 permaneat,
1528 3635 1673 3689 hanc
1703 3651 1826 3689 car-

124 3738 230 3785 tam
275 3732 414 3788 inde
475 3731 860 3801 conscriptam
926 3746 1103 3783 manu
1168 3727 1401 3798 propria
1464 3724 1824 3789 roborantes,

128 3830 289 3900 sigilli
326 3828 516 3883 nostri
538 3826 918 3897 impressione
952 3822 1216 3893 insigniri
1232 3820 1507 3890 jussimus
1522 3860 1535 3873 .

912 3913 1043 3967 XLI.

129 4008 233 4060 Rea:
286 4007 559 4060 Henricus
610 4006 657 4057 ιι
724 4002 995 4071 quendam
1069 4015 1197 4071 suae
1240 3995 1827 4071 proprietatisglocum,

200 4079 505 4143 Pfeiingun
564 4069 790 4133 dictum.
840 4076 898 4125 in
940 4087 1083 4140 pago
1139 4069 1617 4143 Chelesgouvehct
1660 4069 1714 4115 in
1742 4079 1827 4116 co-

197 4137 718 4216 mitatu-Beronng
736 4137 1161 4216 comitis—situm,
1203 4139 1277 4192 ad
1314 4137 1645 4216 stipendium
1680 4151 1833 4216 equo-

198 4222 453 4272 nicorum
483 4220 543 4269 in
576 4206 686 4283 ὦ)Ιὶ
732 4214 854 4268 sede
890 4212 1321 4283 Babenbergrensi
1363 4225 1395 4260 α
1423 4222 1477 4283 se
1507 4211 1678 4283 erecta
1722 4206 1833 4283 l_)eo

1860 3168 1869 3173 ι
1931 3138 2080 3193 Petri
2111 3133 2388 3207 principis
2444 3131 2833 3202 apostolorum
2872 3136 2930 3182 et
2969 3127 3149 3181 sancti
3204 3124 3431 3195 Georgii
3474 3139 3625 3177 mar-

1931 3226 2070 3297 tyris
2094 3226 2455 3285 consecratae,
2514 3236 2643 3273 cum
2692 3217 2961 3271 omnibus
3017 3214 3387 3286 appenditiis,
3415 3212 3630 3266 scilicet

1932 3315 2240 3370 exitibuset
2260 3309 2559 3373 reditibus,
2608 3306 2775 3361 terris
2828 3304 2994 3358 cultis
3019 3312 3075 3357 et
3121 3303 3371 3367 incultis,
3418 3314 3625 3355 etcum

1934 3403 2201 3459 omnibus
2234 3397 2577 3452 utilitatibus
2602 3412 2727 3466 quae
2761 3396 2879 3449 ullo
2933 3393 3102 3447 modo
3155 3399 3251 3445 aut
3308 3390 3478 3444 scribi
3533 3392 3631 3442 aut

1934 3490 2220 3547 nominari
2265 3491 2525 3559 possunt,
2564 3499 2791 3537 summa
2846 3488 2902 3536 et
2946 3481 3173 3535 liberali
3216 3478 3519 3534 devotione
3571 3477 3627 3528 in

1936 3580 2233 3653 proprium
2265 3577 2566 3636 donamus,
2593 3590 2657 3626 ea
2685 3572 2943 3625 videlicet
2974 3569 3306 3623 conditione
3347 3571 3633 3637 quatenus

1935 3652 2194 3738 ejusdem
2239 3661 2580 3732 supradicta:
2637 3658 2887 3712 ecclesia:
2941 3652 3429 3724 Babenbergensis
3461 3668 3629 3705 vene-

1939 3758 2131 3811 rabilis
2194 3753 2494 3823 episcopus
2559 3746 2942 3810 Eberhardus,
3000 3744 3205 3813 suique
3261 3754 3629 3801 successores,

1936 3842 2464 3912 deincepsliberam
2496 3835 2698 3891 exinde
2756 3834 3004 3888 habeant
3054 3834 3397 3901 potestatem
3432 3833 3631 3881 tenen-

1940 3936 2019 4001 di,
2053 3929 2402 4005 possidendi,
2447 3930 2503 3980 et
2558 3922 2834 3994 quidquid
2884 3921 2953 3975 ad
2998 3936 3164 3973 usum
3212 3917 3498 3989 praedicta:
3545 3932 3633 3969 ec~

1940 4004 2127 4077 clesiie
2204 4019 2487 4089 pertineat
2543 4012 2805 4076 faciendi,
2863 4010 3128 4063 omnium
3185 4004 3637 4061 contradictione

1942 4115 2182 4166 remota.
2224 4108 2287 4160 Et
2349 4110 2410 4157 ut
2467 4102 2638 4169 hujus
2695 4105 2903 4153 nostra:
2958 4094 3286 4152 donationis
3334 4093 3638 4147 auctoritas

1943 4198 2161 4254 stabilis
2193 4202 2250 4250 et
2291 4191 2625 4247 inconvulsa
2678 4191 3034 4260 permaneat,
3090 4187 3439 4255 praeceptum
3490 4180 3637 4234 istud

199 4291 571 4350 servientium.
604 4270 862 4369 .umﬁclum
887 4284 1132 4366 om.’“:bus
1320 4278 1659 4369 νβ’·εὲηεῑξίίίε
1698 4276 1827 4355 Si"?
1870 4316 1911 4369 ο
1945 4290 2081 4341 inde
2129 4283 2518 4352 conscriptum
2577 4277 2812 4349 propria
2860 4291 3037 4330 manu
3072 4273 3529 4331 corroborantes,
3561 4270 3641 4321 si-

200 4348 581 4421 adhzreutiis,
630 4356 879 4409 videlicet
920 4356 1078 4417 vicis,
1110 4352 1279 4411 vittis,
1331 4350 1631 4421 Ecclesiis,
1662 4348 1831 4421 servis

201 4438 247 4483 et
282 4432 532 4485 ancillis.
571 4418 742 4488 areis.
800 4426 1047 4493 aediﬁciis
1117 4423 1276 4474 terris
1307 4421 1465 4473 cultis
1508 4424 1563 4493 et
1612 4418 1832 4493 incultis

204 4506 320 4563 viis,
374 4502 571 4564 imiis,
631 4498 870 4549 exitibus
908 4488 982 4547 ’σε
1012 4493 1300 4551 reditibus.
1342 4491 1613 4564 quaesitis
1638 4488 1836 4564 velin-

204 4556 510 4642 quirendis.
558 4556 763 4642 'silvis,
822 4565 1138 4642 forrstibus,
1166 4556 1407 4642 saginis,
1430 4556 1826 4642 venationibus,

204 4630 381 4713 dquis,
416 4630 851 4713 piscationibus._
894 4638 1071 4697 molis,
1109 4632 1453 4713 molendinis,
1512 4630 1669 4713 rebus
1724 4642 1837 4679 mo-

206 4701 429 4768 bilibus.
470 4717 523 4765 et
563 4708 950 4767 immobilibus,
1020 4721 1083 4759 ac
1134 4706 1339 4757 caeteris
1396 4701 1663 4761 omnibus,
1723 4712 1842 4765 quae

205 4790 305 4838 rite
361 4783 542 4837 scribi
595 4786 695 4835 aut
751 4779 1024 4847 appellari
1048 4778 1273 4844 possunt
1296 4774 1484 4847 quouis
1522 4770 1701 4847 modo,
1730 4770 1840 4847 uti-

209 4858 459 4911 litatibus
509 4852 679 4905 donat
726 4838 889 4918 atque
937 4838 1261 4916 proprietat,
1286 4838 1524 4918 omnium
1565 4838 1841 4918 contradi-

209 4910 375 4981 ctione
424 4929 657 4984 remota,
711 4910 814 4974 ea-
847 4910 1057 4972 ratione
1140 4921 1197 4969 ut
1264 4914 1560 4984 praedicti!
1602 4910 1849 4984 canonici

210 5000 435 5052 liberam
489 4980 686 5047 dehinc
738 4991 972 5044 habeant
1024 4980 1366 5057 potestatem,
1420 4982 1645 5057 eundem
1674 4980 1847 5057 locum

212 5050 520 5133 I’fm‘ingun
574 5080 697 5117 cum
744 5050 1380 5133 omnibusjappenditiis
1433 5056 1547 5107 suis
1586 5050 1845 5133 _tenendi,

210 5124 549 5209 possidEndi.
605 5135 688 5209 uel
740 5135 905 5209 etiam
968 5124 1849 5209 sibi_commodum.adpocatuui

214 5192 371 5278 es...
426 5192 547 5261 loco
585 5205 736 5278 dicto
786 5200 1042 5269 eligendi,
1094 5214 1185 5252 seu
1236 5194 1510 5265 quidquid
1552 5196 1663 5247 illis
1692 5192 1853 5245 libeat

216 5276 335 5335 inde
365 5276 637 5347 faciendi.

803 5345 991 5413 (Anno
1038 5338 1214 5407 lOO‘i.)

690 5432 877 5503 [Ried,
912 5430 1031 5484 ibid
1076 5445 1132 5499 p.
1170 5425 1321 5497 125.]

225 5530 287 5582 th
318 5529 443 5583 haec
477 5522 715 5579 traditio
756 5526 955 5574 nostra
1008 5516 1079 5571 ab
1122 5516 1393 5571 omnibus
1439 5508 1859 5583 perpetualiter

168 5615 501 5671 inviolabilis
542 5613 904 5684 permaneat,
954 5607 1101 5661 hanc
1144 5605 1399 5660 chartam
1443 5600 1574 5655 inde
1618 5597 1861 5653 conscri-

1944 4376 2067 4449 gilli
2100 4372 2281 4427 nostri
2313 4368 2692 4440 impressione
2726 4365 3007 4436 jussimus
3032 4360 3320 4432 insigniri.

2011 4466 2245 4529 Signum
2302 4459 2487 4512 damni
2539 4456 2783 4510 Heinrici
2844 4455 2989 4521 regis
3042 4448 3394 4503 invictissimi
3444 4446 3643 4515 (Mono-

2050 4567 2207 4604 mma.

2050 4567 2207 4604 mma.

1942 4550 2343 4695 argunthzsrns
2402 4628 2775 4686 cancellarius
2819 4628 2890 4682 ad
2929 4626 3111 4679 vicem
3156 4620 3423 4692 Willigisi
3470 4618 3649 4673 archi-

1947 4725 2227 4799 capellani
2258 4721 2587 4791 recognovi.

2024 4797 2163 4870 Data
2199 4812 2321 4866 Kal.
2353 4808 2529 4875 Junii,
2559 4806 2757 4861 indict.
2782 4822 2857 4865 v1.
2920 4819 3071 4858 anno
3114 4799 3425 4856 Dominica:
3464 4797 3650 4851 incar-

1952 4909 2067 4960 nat.
2103 4904 2259 4964 l008,
2282 4914 2434 4953 anno
2465 4912 2599 4950 vero
2648 4894 2846 4949 domui
2906 4890 3156 4949 Heinrici
3210 4887 3447 4943 secundi
3491 4901 3650 4955 regn.

1952 5010 2048 5047 vn.
2089 4994 2294 5045 Actum
2318 4984 2647 5053 Merseburg
2684 4981 2943 5037 feliciter.

2418 5074 2673 5141 Sigillum
2692 5074 2837 5125 intus
2852 5074 3193 5140 impressum.

2717 5178 2906 5233 XLIII.

1960 5278 2023 5331 ις.
2080 5274 2297 5330 Henrici
2350 5274 2695 5340 praeceptum,
2748 5283 2845 5340 per
2876 5264 3041 5340 _quod_
3094 5262 3343 5317 Ecclesiae
3412 5258 3659 5340 Worma-

2230 5324 2496 5397 attribuit
2523 5324 2827 5409 ‘quid'quid
2870 5324 3143 5391 B'ecelinus
3202 5344 3369 5385 comes
3422 5328 3480 5378 in
3510 5324 3660 5377 bene-

2036 5418 2222 5487 ficium
2238 5414 2497 5484 possedit.

2632 5502 2815 5565 (Anno
2856 5493 3027 5555 l008.)

2150 5592 2485 5663 [Schannat,
2554 5588 2923 5658 Episcopatus
2973 5580 3241 5633 Wormat.
3287 5574 3353 5627 II.
3410 5568 3523 5638 37.1,
