  <div class='ocr_page' id='page_1' title='image "/cluster/home/n/w/nwhite01/storage/ocr_20150623/140-141/uc1.31175018559917/147.png"; bbox 0 0 3980 6402; ppageno 0'>
   <div class='ocr_carea' id='block_1_1' title="bbox 301 311 406 363">
    <p class='ocr_par' dir='ltr' id='par_1_1' title="bbox 301 311 406 363">
     <span class='ocr_line' id='line_1_1' title="bbox 301 311 406 363; baseline 0.01 -1"><span class='ocrx_word' id='word_1_1' title='bbox 301 311 406 363; x_wconf 76' lang='grc'><strong>279</strong></span> 
     </span>
    </p>
   </div>
   <div class='ocr_carea' id='block_1_2' title="bbox 1603 309 2508 368">
    <p class='ocr_par' dir='ltr' id='par_1_2' title="bbox 1603 309 2508 368">
     <span class='ocr_line' id='line_1_2' title="bbox 1603 309 2508 368; baseline -0.001 -1"><span class='ocrx_word' id='word_1_2' title='bbox 1603 313 1659 367; x_wconf 86' lang='lat' dir='ltr'><strong>S.</strong></span> <span class='ocrx_word' id='word_1_3' title='bbox 1702 311 1988 368; x_wconf 80' lang='lat' dir='ltr'><strong>HENRICI</strong></span> <span class='ocrx_word' id='word_1_4' title='bbox 2026 310 2098 366; x_wconf 67' lang='grc' dir='ltr'><strong>ιιι</strong></span> <span class='ocrx_word' id='word_1_5' title='bbox 2112 309 2508 367; x_wconf 80' lang='lat' dir='ltr'><strong>PERATORIS</strong></span> 
     </span>
    </p>
   </div>
   <div class='ocr_carea' id='block_1_3' title="bbox 3707 317 3804 368">
    <p class='ocr_par' dir='ltr' id='par_1_3' title="bbox 3707 317 3804 368">
     <span class='ocr_line' id='line_1_3' title="bbox 3707 317 3804 368; baseline 0.01 -1"><span class='ocrx_word' id='word_1_6' title='bbox 3707 317 3804 368; x_wconf 78' lang='lat'><strong>280</strong></span> 
     </span>
    </p>
   </div>
   <div class='ocr_carea' id='block_1_4' title="bbox 376 431 3802 505">
    <p class='ocr_par' dir='ltr' id='par_1_4' title="bbox 376 431 3802 505">
     <span class='ocr_line' id='line_1_4' title="bbox 376 431 3802 505; baseline 0 -17"><span class='ocrx_word' id='word_1_7' title='bbox 376 436 438 488; x_wconf 92' lang='lat' dir='ltr'><strong>1n</strong></span> <span class='ocrx_word' id='word_1_8' title='bbox 483 433 721 489; x_wconf 90' lang='lat' dir='ltr'><strong>nomine</strong></span> <span class='ocrx_word' id='word_1_9' title='bbox 777 437 983 488; x_wconf 82' lang='lat' dir='ltr'><strong>sanctae</strong></span> <span class='ocrx_word' id='word_1_10' title='bbox 1014 437 1072 488; x_wconf 90' lang='lat' dir='ltr'><strong>et</strong></span> <span class='ocrx_word' id='word_1_11' title='bbox 1111 433 1423 489; x_wconf 86' lang='lat' dir='ltr'><strong>individuae</strong></span> <span class='ocrx_word' id='word_1_12' title='bbox 1475 432 1791 502; x_wconf 79' lang='lat' dir='ltr'><strong>Trinitatis,</strong></span> <span class='ocrx_word' id='word_1_13' title='bbox 1839 435 2004 488; x_wconf 79' lang='lat' dir='ltr'><strong>HEIN-</strong></span> <span class='ocrx_word' id='word_1_14' title='bbox 2035 439 2082 490; x_wconf 83' lang='lat' dir='ltr'><strong>A</strong></span> <span class='ocrx_word' id='word_1_15' title='bbox 2120 439 2176 488; x_wconf 93' lang='lat' dir='ltr'><strong>et</strong></span> <span class='ocrx_word' id='word_1_16' title='bbox 2205 449 2310 504; x_wconf 92' lang='lat' dir='ltr'><strong>per</strong></span> <span class='ocrx_word' id='word_1_17' title='bbox 2336 433 2674 487; x_wconf 87' lang='lat' dir='ltr'><strong>descensum</strong></span> <span class='ocrx_word' id='word_1_18' title='bbox 2707 433 2971 489; x_wconf 77' lang='lat' dir='ltr'><strong>Ratenzae</strong></span> <span class='ocrx_word' id='word_1_19' title='bbox 3002 449 3187 505; x_wconf 88' lang='lat' dir='ltr'><strong>usque</strong></span> <span class='ocrx_word' id='word_1_20' title='bbox 3224 431 3285 488; x_wconf 92' lang='lat' dir='ltr'><strong>in</strong></span> <span class='ocrx_word' id='word_1_21' title='bbox 3344 431 3585 488; x_wconf 80' lang='lat' dir='ltr'><strong>fluvium</strong></span> <span class='ocrx_word' id='word_1_22' title='bbox 3645 433 3802 495; x_wconf 76' lang='lat' dir='ltr'><strong>Mein,</strong></span> 
     </span>
    </p>
   </div>
   <div class='ocr_carea' id='block_1_5' title="bbox 307 522 1434 578">
    <p class='ocr_par' dir='ltr' id='par_1_5' title="bbox 307 522 1434 578">
     <span class='ocr_line' id='line_1_5' title="bbox 307 522 1434 578; baseline 0.001 -1"><span class='ocrx_word' id='word_1_23' title='bbox 307 539 460 578; x_wconf 81' lang='lat' dir='ltr'><strong>iuccs</strong></span> <span class='ocrx_word' id='word_1_24' title='bbox 499 522 692 578; x_wconf 90' lang='lat' dir='ltr'><strong>divina</strong></span> <span class='ocrx_word' id='word_1_25' title='bbox 721 522 945 578; x_wconf 88' lang='lat' dir='ltr'><strong>favente</strong></span> <span class='ocrx_word' id='word_1_26' title='bbox 976 523 1286 577; x_wconf 91' lang='lat' dir='ltr'><strong>clementia</strong></span> <span class='ocrx_word' id='word_1_27' title='bbox 1319 539 1434 578; x_wconf 82' lang='lat' dir='ltr'><strong>rex.</strong></span> 
     </span>
    </p>
   </div>
   <div class='ocr_carea' id='block_1_6' title="bbox 376 611 2006 684">
    <p class='ocr_par' dir='ltr' id='par_1_6' title="bbox 376 611 2006 684">
     <span class='ocr_line' id='line_1_6' title="bbox 376 611 2006 684; baseline 0 -18"><span class='ocrx_word' id='word_1_28' title='bbox 376 611 435 666; x_wconf 92' lang='lat' dir='ltr'><strong>Si</strong></span> <span class='ocrx_word' id='word_1_29' title='bbox 493 611 876 667; x_wconf 88' lang='lat' dir='ltr'><strong>Ecclesiarum</strong></span> <span class='ocrx_word' id='word_1_30' title='bbox 953 611 1053 666; x_wconf 93' lang='lat' dir='ltr'><strong>Dei</strong></span> <span class='ocrx_word' id='word_1_31' title='bbox 1110 613 1234 666; x_wconf 86' lang='lat' dir='ltr'><strong>loca</strong></span> <span class='ocrx_word' id='word_1_32' title='bbox 1294 612 1535 684; x_wconf 79' lang='lat' dir='ltr'><strong>alicujus</strong></span> <span class='ocrx_word' id='word_1_33' title='bbox 1583 611 2006 667; x_wconf 79' lang='lat' dir='ltr'><strong>commoditatis</strong></span> 
     </span>
    </p>
   </div>
   <div class='ocr_carea' id='block_1_7' title="bbox 306 699 2008 771">
    <p class='ocr_par' dir='ltr' id='par_1_7' title="bbox 306 699 2008 771">
     <span class='ocr_line' id='line_1_7' title="bbox 306 699 2008 771; baseline 0 -17"><span class='ocrx_word' id='word_1_34' title='bbox 306 699 661 754; x_wconf 90' lang='lat' dir='ltr'><strong>incremento</strong></span> <span class='ocrx_word' id='word_1_35' title='bbox 711 700 1014 754; x_wconf 89' lang='lat' dir='ltr'><strong>meliorare</strong></span> <span class='ocrx_word' id='word_1_36' title='bbox 1069 701 1480 766; x_wconf 76' lang='lat' dir='ltr'><strong>studuerimus,</strong></span> <span class='ocrx_word' id='word_1_37' title='bbox 1536 702 1702 755; x_wconf 90' lang='lat' dir='ltr'><strong>nobis</strong></span> <span class='ocrx_word' id='word_1_38' title='bbox 1740 701 1849 754; x_wconf 94' lang='lat' dir='ltr'><strong>hoc</strong></span> <span class='ocrx_word' id='word_1_39' title='bbox 1877 716 2008 771; x_wconf 87' lang='lat' dir='ltr'><strong>pro-</strong></span> 
     </span>
    </p>
   </div>
   <div class='ocr_carea' id='block_1_8' title="bbox 306 788 2008 860">
    <p class='ocr_par' dir='ltr' id='par_1_8' title="bbox 306 788 2008 860">
     <span class='ocr_line' id='line_1_8' title="bbox 306 788 2008 860; baseline 0 -17"><span class='ocrx_word' id='word_1_40' title='bbox 306 789 476 843; x_wconf 83' lang='lat' dir='ltr'><strong>ﬁcere</strong></span> <span class='ocrx_word' id='word_1_41' title='bbox 508 788 746 842; x_wconf 90' lang='lat' dir='ltr'><strong>minime</strong></span> <span class='ocrx_word' id='word_1_42' title='bbox 775 788 1111 843; x_wconf 90' lang='lat' dir='ltr'><strong>difﬁdimus.</strong></span> <span class='ocrx_word' id='word_1_43' title='bbox 1143 790 1503 860; x_wconf 79' lang='lat' dir='ltr'><strong>Quapropter</strong></span> <span class='ocrx_word' id='word_1_44' title='bbox 1551 789 1813 843; x_wconf 89' lang='lat' dir='ltr'><strong>omnium</strong></span> <span class='ocrx_word' id='word_1_45' title='bbox 1844 789 2008 843; x_wconf 86' lang='lat' dir='ltr'><strong>Chri-</strong></span> 
     </span>
    </p>
   </div>
   <div class='ocr_carea' id='block_1_9' title="bbox 307 876 2007 947">
    <p class='ocr_par' dir='ltr' id='par_1_9' title="bbox 307 876 2007 947">
     <span class='ocr_line' id='line_1_9' title="bbox 307 876 2007 947; baseline 0.001 -17"><span class='ocrx_word' id='word_1_46' title='bbox 307 877 381 932; x_wconf 87' lang='lat' dir='ltr'><strong>sti</strong></span> <span class='ocrx_word' id='word_1_47' title='bbox 402 876 682 944; x_wconf 92' lang='lat' dir='ltr'><strong>ﬁdelium,</strong></span> <span class='ocrx_word' id='word_1_48' title='bbox 703 877 1075 947; x_wconf 65' lang='lat' dir='ltr'><strong>praesentium</strong></span> <span class='ocrx_word' id='word_1_49' title='bbox 1097 877 1312 930; x_wconf 89' lang='lat' dir='ltr'><strong>scilicet</strong></span> <span class='ocrx_word' id='word_1_50' title='bbox 1337 883 1393 931; x_wconf 91' lang='lat' dir='ltr'><strong>et</strong></span> <span class='ocrx_word' id='word_1_51' title='bbox 1412 877 1761 943; x_wconf 87' lang='lat' dir='ltr'><strong>futurorum,</strong></span> <span class='ocrx_word' id='word_1_52' title='bbox 1786 879 2007 932; x_wconf 90' lang='lat' dir='ltr'><strong>noverit</strong></span> 
     </span>
    </p>
   </div>
   <div class='ocr_carea' id='block_1_10' title="bbox 308 964 2008 1036">
    <p class='ocr_par' dir='ltr' id='par_1_10' title="bbox 308 964 2008 1036">
     <span class='ocr_line' id='line_1_10' title="bbox 308 964 2008 1036; baseline -0.001 -16"><span class='ocrx_word' id='word_1_53' title='bbox 308 965 648 1020; x_wconf 81' lang='lat' dir='ltr'><strong>universitas</strong></span> <span class='ocrx_word' id='word_1_54' title='bbox 682 965 932 1036; x_wconf 86' lang='lat' dir='ltr'><strong>qualiter</strong></span> <span class='ocrx_word' id='word_1_55' title='bbox 961 981 1084 1030; x_wconf 89' lang='lat' dir='ltr'><strong>nos,</strong></span> <span class='ocrx_word' id='word_1_56' title='bbox 1137 964 1208 1018; x_wconf 94' lang='lat' dir='ltr'><strong>ob</strong></span> <span class='ocrx_word' id='word_1_57' title='bbox 1247 965 1570 1020; x_wconf 90' lang='lat' dir='ltr'><strong>remedium</strong></span> <span class='ocrx_word' id='word_1_58' title='bbox 1615 966 1823 1018; x_wconf 77' lang='lat' dir='ltr'><strong>animae</strong></span> <span class='ocrx_word' id='word_1_59' title='bbox 1855 964 2008 1019; x_wconf 87' lang='lat' dir='ltr'><strong>tertii</strong></span> 
     </span>
    </p>
   </div>
   <div class='ocr_carea' id='block_1_11' title="bbox 309 1053 2008 1124">
    <p class='ocr_par' dir='ltr' id='par_1_11' title="bbox 309 1053 2008 1124">
     <span class='ocr_line' id='line_1_11' title="bbox 309 1053 2008 1124; baseline -0.002 -15"><span class='ocrx_word' id='word_1_60' title='bbox 309 1054 538 1110; x_wconf 91' lang='lat' dir='ltr'><strong>Ottonis</strong></span> <span class='ocrx_word' id='word_1_61' title='bbox 591 1053 956 1124; x_wconf 86' lang='lat' dir='ltr'><strong>imperatoris</strong></span> <span class='ocrx_word' id='word_1_62' title='bbox 1010 1068 1113 1106; x_wconf 87' lang='lat' dir='ltr'><strong>nec</strong></span> <span class='ocrx_word' id='word_1_63' title='bbox 1169 1067 1284 1105; x_wconf 92' lang='lat' dir='ltr'><strong>non</strong></span> <span class='ocrx_word' id='word_1_64' title='bbox 1331 1057 1540 1106; x_wconf 70' lang='lat' dir='ltr'><strong>nostras</strong></span> <span class='ocrx_word' id='word_1_65' title='bbox 1586 1058 2008 1123; x_wconf 85' lang='lat' dir='ltr'><strong>parentumque</strong></span> 
     </span>
    </p>
   </div>
   <div class='ocr_carea' id='block_1_12' title="bbox 309 1139 2008 1210">
    <p class='ocr_par' dir='ltr' id='par_1_12' title="bbox 309 1139 2008 1210">
     <span class='ocr_line' id='line_1_12' title="bbox 309 1139 2008 1210; baseline -0.002 -14"><span class='ocrx_word' id='word_1_66' title='bbox 309 1147 664 1207; x_wconf 87' lang='lat' dir='ltr'><strong>nostrorum,</strong></span> <span class='ocrx_word' id='word_1_67' title='bbox 693 1157 794 1194; x_wconf 90' lang='lat' dir='ltr'><strong>seu</strong></span> <span class='ocrx_word' id='word_1_68' title='bbox 827 1139 1206 1210; x_wconf 61' lang='lat' dir='ltr'><strong>Cunigundai,</strong></span> <span class='ocrx_word' id='word_1_69' title='bbox 1251 1139 1636 1193; x_wconf 68' lang='lat' dir='ltr'><strong>dilectissimze</strong></span> <span class='ocrx_word' id='word_1_70' title='bbox 1679 1140 2008 1194; x_wconf 86' lang='lat' dir='ltr'><strong>contectalis</strong></span> 
     </span>
    </p>
   </div>
   <div class='ocr_carea' id='block_1_13' title="bbox 312 1227 2008 1299">
    <p class='ocr_par' dir='ltr' id='par_1_13' title="bbox 312 1227 2008 1299">
     <span class='ocr_line' id='line_1_13' title="bbox 312 1227 2008 1299; baseline -0.001 -16"><span class='ocrx_word' id='word_1_71' title='bbox 312 1234 519 1283; x_wconf 71' lang='lat' dir='ltr'><strong>nostra:</strong></span> <span class='ocrx_word' id='word_1_72' title='bbox 607 1227 975 1298; x_wconf 89' lang='lat' dir='ltr'><strong>ejusdemque</strong></span> <span class='ocrx_word' id='word_1_73' title='bbox 1053 1227 1400 1293; x_wconf 87' lang='lat' dir='ltr'><strong>interventu,</strong></span> <span class='ocrx_word' id='word_1_74' title='bbox 1493 1235 1664 1298; x_wconf 91' lang='lat' dir='ltr'><strong>atque</strong></span> <span class='ocrx_word' id='word_1_75' title='bbox 1727 1229 2008 1299; x_wconf 86' lang='lat' dir='ltr'><strong>petitione</strong></span> 
     </span>
    </p>
   </div>
   <div class='ocr_carea' id='block_1_14' title="bbox 312 1315 2008 1388">
    <p class='ocr_par' dir='ltr' id='par_1_14' title="bbox 312 1315 2008 1388">
     <span class='ocr_line' id='line_1_14' title="bbox 312 1315 2008 1388; baseline -0.001 -15"><span class='ocrx_word' id='word_1_76' title='bbox 312 1318 620 1373; x_wconf 87' lang='lat' dir='ltr'><strong>Burchardi</strong></span> <span class='ocrx_word' id='word_1_77' title='bbox 669 1315 1008 1370; x_wconf 83' lang='lat' dir='ltr'><strong>venerabilis</strong></span> <span class='ocrx_word' id='word_1_78' title='bbox 1087 1316 1364 1387; x_wconf 84' lang='lat' dir='ltr'><strong>episcopi,</strong></span> <span class='ocrx_word' id='word_1_79' title='bbox 1427 1318 1832 1371; x_wconf 82' lang='lat' dir='ltr'><strong>Wormaciensi</strong></span> <span class='ocrx_word' id='word_1_80' title='bbox 1893 1317 2008 1388; x_wconf 88' lang='lat' dir='ltr'><strong>epi-</strong></span> 
     </span>
    </p>
   </div>
   <div class='ocr_carea' id='block_1_15' title="bbox 310 1404 2011 1476">
    <p class='ocr_par' dir='ltr' id='par_1_15' title="bbox 310 1404 2011 1476">
     <span class='ocr_line' id='line_1_15' title="bbox 310 1404 2011 1476; baseline -0.001 -15"><span class='ocrx_word' id='word_1_81' title='bbox 310 1407 502 1476; x_wconf 86' lang='lat' dir='ltr'><strong>scopio</strong></span> <span class='ocrx_word' id='word_1_82' title='bbox 533 1411 590 1459; x_wconf 95' lang='lat' dir='ltr'><strong>et</strong></span> <span class='ocrx_word' id='word_1_83' title='bbox 644 1404 923 1470; x_wconf 65' lang='lat' dir='ltr'><strong>Ecclesiae,</strong></span> <span class='ocrx_word' id='word_1_84' title='bbox 979 1405 1040 1458; x_wconf 91' lang='lat' dir='ltr'><strong>in</strong></span> <span class='ocrx_word' id='word_1_85' title='bbox 1099 1405 1381 1459; x_wconf 80' lang='lat' dir='ltr'><strong>honorem</strong></span> <span class='ocrx_word' id='word_1_86' title='bbox 1443 1407 1623 1460; x_wconf 90' lang='lat' dir='ltr'><strong>sancti</strong></span> <span class='ocrx_word' id='word_1_87' title='bbox 1684 1405 1838 1460; x_wconf 87' lang='lat' dir='ltr'><strong>Petri</strong></span> <span class='ocrx_word' id='word_1_88' title='bbox 1871 1422 2011 1476; x_wconf 87' lang='lat' dir='ltr'><strong>apo-</strong></span> 
     </span>
    </p>
   </div>
   <div class='ocr_carea' id='block_1_16' title="bbox 311 1492 2008 1564">
    <p class='ocr_par' dir='ltr' id='par_1_16' title="bbox 311 1492 2008 1564">
     <span class='ocr_line' id='line_1_16' title="bbox 311 1492 2008 1564; baseline 0.001 -17"><span class='ocrx_word' id='word_1_89' title='bbox 311 1495 589 1548; x_wconf 85' lang='lat' dir='ltr'><strong>stolorum</strong></span> <span class='ocrx_word' id='word_1_90' title='bbox 648 1492 922 1563; x_wconf 88' lang='lat' dir='ltr'><strong>principis</strong></span> <span class='ocrx_word' id='word_1_91' title='bbox 984 1498 1328 1547; x_wconf 66' lang='lat' dir='ltr'><strong>constructa:</strong></span> <span class='ocrx_word' id='word_1_92' title='bbox 1375 1509 1440 1547; x_wconf 91' lang='lat' dir='ltr'><strong>ac</strong></span> <span class='ocrx_word' id='word_1_93' title='bbox 1498 1494 1793 1560; x_wconf 63' lang='lat' dir='ltr'><strong>dedicatae,</strong></span> <span class='ocrx_word' id='word_1_94' title='bbox 1845 1494 2008 1564; x_wconf 86' lang='lat' dir='ltr'><strong>quid-</strong></span> 
     </span>
    </p>
   </div>
   <div class='ocr_carea' id='block_1_17' title="bbox 311 1580 2010 1652">
    <p class='ocr_par' dir='ltr' id='par_1_17' title="bbox 311 1580 2010 1652">
     <span class='ocr_line' id='line_1_17' title="bbox 311 1580 2010 1652; baseline 0.001 -18"><span class='ocrx_word' id='word_1_95' title='bbox 311 1580 450 1650; x_wconf 88' lang='lat' dir='ltr'><strong>quid</strong></span> <span class='ocrx_word' id='word_1_96' title='bbox 481 1580 773 1634; x_wconf 90' lang='lat' dir='ltr'><strong>Becelinus</strong></span> <span class='ocrx_word' id='word_1_97' title='bbox 803 1596 993 1634; x_wconf 89' lang='lat' dir='ltr'><strong>comes</strong></span> <span class='ocrx_word' id='word_1_98' title='bbox 1033 1581 1094 1634; x_wconf 92' lang='lat' dir='ltr'><strong>in</strong></span> <span class='ocrx_word' id='word_1_99' title='bbox 1139 1581 1486 1635; x_wconf 88' lang='lat' dir='ltr'><strong>beneﬁcium</strong></span> <span class='ocrx_word' id='word_1_100' title='bbox 1540 1581 1721 1636; x_wconf 88' lang='lat' dir='ltr'><strong>nostri</strong></span> <span class='ocrx_word' id='word_1_101' title='bbox 1749 1598 1817 1636; x_wconf 82' lang='lat' dir='ltr'><strong>ex</strong></span> <span class='ocrx_word' id='word_1_102' title='bbox 1845 1588 2010 1652; x_wconf 89' lang='lat' dir='ltr'><strong>parte</strong></span> 
     </span>
    </p>
   </div>
   <div class='ocr_carea' id='block_1_18' title="bbox 309 1667 2006 1740">
    <p class='ocr_par' dir='ltr' id='par_1_18' title="bbox 309 1667 2006 1740">
     <span class='ocr_line' id='line_1_18' title="bbox 309 1667 2006 1740; baseline 0 -18"><span class='ocrx_word' id='word_1_103' title='bbox 309 1670 584 1723; x_wconf 87' lang='lat' dir='ltr'><strong>hactenus</strong></span> <span class='ocrx_word' id='word_1_104' title='bbox 630 1668 834 1722; x_wconf 88' lang='lat' dir='ltr'><strong>habuit</strong></span> <span class='ocrx_word' id='word_1_105' title='bbox 880 1673 935 1722; x_wconf 91' lang='lat' dir='ltr'><strong>et</strong></span> <span class='ocrx_word' id='word_1_106' title='bbox 965 1667 1169 1732; x_wconf 88' lang='lat' dir='ltr'><strong>tenuit,</strong></span> <span class='ocrx_word' id='word_1_107' title='bbox 1204 1686 1336 1723; x_wconf 86' lang='lat' dir='ltr'><strong>cum</strong></span> <span class='ocrx_word' id='word_1_108' title='bbox 1391 1669 1661 1723; x_wconf 88' lang='lat' dir='ltr'><strong>omnibus</strong></span> <span class='ocrx_word' id='word_1_109' title='bbox 1715 1671 1840 1740; x_wconf 85' lang='lat' dir='ltr'><strong>ejus</strong></span> <span class='ocrx_word' id='word_1_110' title='bbox 1879 1686 2006 1740; x_wconf 90' lang='lat' dir='ltr'><strong>per-</strong></span> 
     </span>
    </p>
   </div>
   <div class='ocr_carea' id='block_1_19' title="bbox 311 1756 2012 1828">
    <p class='ocr_par' dir='ltr' id='par_1_19' title="bbox 311 1756 2012 1828">
     <span class='ocr_line' id='line_1_19' title="bbox 311 1756 2012 1828; baseline 0 -18"><span class='ocrx_word' id='word_1_111' title='bbox 311 1756 565 1810; x_wconf 90' lang='lat' dir='ltr'><strong>tinentiis</strong></span> <span class='ocrx_word' id='word_1_112' title='bbox 608 1756 723 1810; x_wconf 87' lang='lat' dir='ltr'><strong>sive</strong></span> <span class='ocrx_word' id='word_1_113' title='bbox 772 1757 1128 1827; x_wconf 90' lang='lat' dir='ltr'><strong>appendiciis</strong></span> <span class='ocrx_word' id='word_1_114' title='bbox 1182 1757 1292 1822; x_wconf 85' lang='lat' dir='ltr'><strong>vel,</strong></span> <span class='ocrx_word' id='word_1_115' title='bbox 1345 1774 1477 1828; x_wconf 64' lang='lat' dir='ltr'><strong>quae</strong></span> <span class='ocrx_word' id='word_1_116' title='bbox 1527 1757 1788 1828; x_wconf 91' lang='lat' dir='ltr'><strong>quolibet</strong></span> <span class='ocrx_word' id='word_1_117' title='bbox 1842 1758 2012 1812; x_wconf 93' lang='lat' dir='ltr'><strong>modo</strong></span> 
     </span>
    </p>
   </div>
   <div class='ocr_carea' id='block_1_20' title="bbox 313 1844 2017 1916">
    <p class='ocr_par' dir='ltr' id='par_1_20' title="bbox 313 1844 2017 1916">
     <span class='ocr_line' id='line_1_20' title="bbox 313 1844 2017 1916; baseline 0 -18"><span class='ocrx_word' id='word_1_118' title='bbox 313 1844 423 1898; x_wconf 91' lang='lat' dir='ltr'><strong>dici</strong></span> <span class='ocrx_word' id='word_1_119' title='bbox 449 1850 549 1898; x_wconf 91' lang='lat' dir='ltr'><strong>aut</strong></span> <span class='ocrx_word' id='word_1_120' title='bbox 587 1845 756 1899; x_wconf 90' lang='lat' dir='ltr'><strong>scribi</strong></span> <span class='ocrx_word' id='word_1_121' title='bbox 809 1852 1070 1915; x_wconf 87' lang='lat' dir='ltr'><strong>possunt,</strong></span> <span class='ocrx_word' id='word_1_122' title='bbox 1122 1845 1486 1912; x_wconf 84' lang='lat' dir='ltr'><strong>utilitatibus,</strong></span> <span class='ocrx_word' id='word_1_123' title='bbox 1537 1847 1714 1899; x_wconf 91' lang='lat' dir='ltr'><strong>situm</strong></span> <span class='ocrx_word' id='word_1_124' title='bbox 1761 1846 1820 1899; x_wconf 93' lang='lat' dir='ltr'><strong>in</strong></span> <span class='ocrx_word' id='word_1_125' title='bbox 1868 1861 2017 1916; x_wconf 89' lang='lat' dir='ltr'><strong>pago</strong></span> 
     </span>
    </p>
   </div>
   <div class='ocr_carea' id='block_1_21' title="bbox 316 1932 2022 2003">
    <p class='ocr_par' dir='ltr' id='par_1_21' title="bbox 316 1932 2022 2003">
     <span class='ocr_line' id='line_1_21' title="bbox 316 1932 2022 2003; baseline -0.001 -16"><span class='ocrx_word' id='word_1_126' title='bbox 316 1932 609 2003; x_wconf 86' lang='lat' dir='ltr'><strong>Laginahi,</strong></span> <span class='ocrx_word' id='word_1_127' title='bbox 647 1933 706 1986; x_wconf 89' lang='lat' dir='ltr'><strong>in</strong></span> <span class='ocrx_word' id='word_1_128' title='bbox 731 1934 1005 1987; x_wconf 89' lang='lat' dir='ltr'><strong>comitatu</strong></span> <span class='ocrx_word' id='word_1_129' title='bbox 1053 1949 1187 1987; x_wconf 87' lang='lat' dir='ltr'><strong>vero</strong></span> <span class='ocrx_word' id='word_1_130' title='bbox 1249 1933 1438 1988; x_wconf 88' lang='lat' dir='ltr'><strong>Gerlai</strong></span> <span class='ocrx_word' id='word_1_131' title='bbox 1481 1933 1728 1998; x_wconf 90' lang='lat' dir='ltr'><strong>comitis,</strong></span> <span class='ocrx_word' id='word_1_132' title='bbox 1768 1934 1873 1987; x_wconf 91' lang='lat' dir='ltr'><strong>hac</strong></span> <span class='ocrx_word' id='word_1_133' title='bbox 1922 1950 2022 1986; x_wconf 85' lang='lat' dir='ltr'><strong>no-</strong></span> 
     </span>
    </p>
   </div>
   <div class='ocr_carea' id='block_1_22' title="bbox 324 2021 2018 2092">
    <p class='ocr_par' dir='ltr' id='par_1_22' title="bbox 324 2021 2018 2092">
     <span class='ocr_line' id='line_1_22' title="bbox 324 2021 2018 2092; baseline 0.001 -19"><span class='ocrx_word' id='word_1_134' title='bbox 324 2027 440 2074; x_wconf 90' lang='lat' dir='ltr'><strong>stra</strong></span> <span class='ocrx_word' id='word_1_135' title='bbox 486 2021 815 2092; x_wconf 62' lang='lat' dir='ltr'><strong>praeceptali</strong></span> <span class='ocrx_word' id='word_1_136' title='bbox 883 2021 1095 2090; x_wconf 83' lang='lat' dir='ltr'><strong>pagina</strong></span> <span class='ocrx_word' id='word_1_137' title='bbox 1141 2021 1366 2090; x_wconf 76' lang='lat' dir='ltr'><strong>integre</strong></span> <span class='ocrx_word' id='word_1_138' title='bbox 1425 2021 1790 2074; x_wconf 88' lang='lat' dir='ltr'><strong>concedimus</strong></span> <span class='ocrx_word' id='word_1_139' title='bbox 1847 2022 2018 2092; x_wconf 86' lang='lat' dir='ltr'><strong>atque</strong></span> 
     </span>
    </p>
   </div>
   <div class='ocr_carea' id='block_1_23' title="bbox 324 2108 2019 2180">
    <p class='ocr_par' dir='ltr' id='par_1_23' title="bbox 324 2108 2019 2180">
     <span class='ocr_line' id='line_1_23' title="bbox 324 2108 2019 2180; baseline -0.001 -17"><span class='ocrx_word' id='word_1_140' title='bbox 324 2109 627 2180; x_wconf 85' lang='lat' dir='ltr'><strong>largimur,</strong></span> <span class='ocrx_word' id='word_1_141' title='bbox 650 2126 714 2162; x_wconf 93' lang='lat' dir='ltr'><strong>ac</strong></span> <span class='ocrx_word' id='word_1_142' title='bbox 744 2109 814 2163; x_wconf 91' lang='lat' dir='ltr'><strong>de</strong></span> <span class='ocrx_word' id='word_1_143' title='bbox 845 2115 1036 2162; x_wconf 89' lang='lat' dir='ltr'><strong>nostro</strong></span> <span class='ocrx_word' id='word_1_144' title='bbox 1069 2109 1199 2178; x_wconf 88' lang='lat' dir='ltr'><strong>jure</strong></span> <span class='ocrx_word' id='word_1_145' title='bbox 1224 2108 1282 2162; x_wconf 90' lang='lat' dir='ltr'><strong>in</strong></span> <span class='ocrx_word' id='word_1_146' title='bbox 1305 2109 1428 2178; x_wconf 88' lang='lat' dir='ltr'><strong>ejus</strong></span> <span class='ocrx_word' id='word_1_147' title='bbox 1459 2108 1554 2177; x_wconf 88' lang='lat' dir='ltr'><strong>jus</strong></span> <span class='ocrx_word' id='word_1_148' title='bbox 1588 2115 1645 2162; x_wconf 90' lang='lat' dir='ltr'><strong>et</strong></span> <span class='ocrx_word' id='word_1_149' title='bbox 1696 2108 2019 2162; x_wconf 88' lang='lat' dir='ltr'><strong>dominium</strong></span> 
     </span>
    </p>
   </div>
   <div class='ocr_carea' id='block_1_24' title="bbox 326 2186 2021 2251">
    <p class='ocr_par' dir='ltr' id='par_1_24' title="bbox 326 2186 2021 2251">
     <span class='ocr_line' id='line_1_24' title="bbox 326 2186 2021 2251; baseline 0.001 -1"><span class='ocrx_word' id='word_1_150' title='bbox 326 2197 564 2251; x_wconf 90' lang='lat' dir='ltr'><strong>omnino</strong></span> <span class='ocrx_word' id='word_1_151' title='bbox 616 2186 1127 2250; x_wconf 77' lang='lat' dir='ltr'><strong>transfundimus:</strong></span> <span class='ocrx_word' id='word_1_152' title='bbox 1190 2213 1257 2250; x_wconf 90' lang='lat' dir='ltr'><strong>ea</strong></span> <span class='ocrx_word' id='word_1_153' title='bbox 1324 2197 1590 2251; x_wconf 85' lang='lat' dir='ltr'><strong>videlicet</strong></span> <span class='ocrx_word' id='word_1_154' title='bbox 1664 2198 1884 2251; x_wconf 83' lang='lat' dir='ltr'><strong>ratione</strong></span> <span class='ocrx_word' id='word_1_155' title='bbox 1960 2203 2021 2251; x_wconf 92' lang='lat' dir='ltr'><strong>ut</strong></span> 
     </span>
    </p>
   </div>
   <div class='ocr_carea' id='block_1_25' title="bbox 327 2284 2022 2354">
    <p class='ocr_par' dir='ltr' id='par_1_25' title="bbox 327 2284 2022 2354">
     <span class='ocr_line' id='line_1_25' title="bbox 327 2284 2022 2354; baseline 0.001 -17"><span class='ocrx_word' id='word_1_156' title='bbox 327 2285 690 2354; x_wconf 68' lang='lat' dir='ltr'><strong>praescriptus</strong></span> <span class='ocrx_word' id='word_1_157' title='bbox 736 2284 1114 2350; x_wconf 89' lang='lat' dir='ltr'><strong>Burchardus,</strong></span> <span class='ocrx_word' id='word_1_158' title='bbox 1148 2289 1355 2338; x_wconf 57' lang='lat' dir='ltr'><strong>sanctae</strong></span> <span class='ocrx_word' id='word_1_159' title='bbox 1407 2285 1842 2339; x_wconf 80' lang='lat' dir='ltr'><strong>Wormaciensis</strong></span> <span class='ocrx_word' id='word_1_160' title='bbox 1871 2285 2022 2339; x_wconf 90' lang='lat' dir='ltr'><strong>sedis</strong></span> 
     </span>
    </p>
   </div>
   <div class='ocr_carea' id='block_1_26' title="bbox 329 2371 2022 2442">
    <p class='ocr_par' dir='ltr' id='par_1_26' title="bbox 329 2371 2022 2442">
     <span class='ocr_line' id='line_1_26' title="bbox 329 2371 2022 2442; baseline 0.001 -18"><span class='ocrx_word' id='word_1_161' title='bbox 329 2371 583 2435; x_wconf 85' lang='lat' dir='ltr'><strong>antistes,</strong></span> <span class='ocrx_word' id='word_1_162' title='bbox 642 2372 712 2425; x_wconf 90' lang='lat' dir='ltr'><strong>de</strong></span> <span class='ocrx_word' id='word_1_163' title='bbox 794 2373 1213 2442; x_wconf 70' lang='lat' dir='ltr'><strong>prmnominato</strong></span> <span class='ocrx_word' id='word_1_164' title='bbox 1269 2372 1489 2442; x_wconf 82' lang='lat' dir='ltr'><strong>praedio</strong></span> <span class='ocrx_word' id='word_1_165' title='bbox 1539 2373 1776 2442; x_wconf 83' lang='lat' dir='ltr'><strong>ejusque</strong></span> <span class='ocrx_word' id='word_1_166' title='bbox 1845 2373 2022 2442; x_wconf 83' lang='lat' dir='ltr'><strong>perti-</strong></span> 
     </span>
    </p>
   </div>
   <div class='ocr_carea' id='block_1_27' title="bbox 329 2459 2019 2530">
    <p class='ocr_par' dir='ltr' id='par_1_27' title="bbox 329 2459 2019 2530">
     <span class='ocr_line' id='line_1_27' title="bbox 329 2459 2019 2530; baseline 0 -16"><span class='ocrx_word' id='word_1_167' title='bbox 329 2460 556 2522; x_wconf 84' lang='lat' dir='ltr'><strong>nentiis,</strong></span> <span class='ocrx_word' id='word_1_168' title='bbox 588 2459 709 2530; x_wconf 90' lang='lat' dir='ltr'><strong>ipse</strong></span> <span class='ocrx_word' id='word_1_169' title='bbox 740 2461 942 2530; x_wconf 86' lang='lat' dir='ltr'><strong>suique</strong></span> <span class='ocrx_word' id='word_1_170' title='bbox 997 2476 1347 2514; x_wconf 88' lang='lat' dir='ltr'><strong>successores</strong></span> <span class='ocrx_word' id='word_1_171' title='bbox 1379 2460 1584 2514; x_wconf 90' lang='lat' dir='ltr'><strong>dehinc</strong></span> <span class='ocrx_word' id='word_1_172' title='bbox 1632 2461 1873 2514; x_wconf 89' lang='lat' dir='ltr'><strong>liberam</strong></span> <span class='ocrx_word' id='word_1_173' title='bbox 1913 2461 2019 2515; x_wconf 87' lang='lat' dir='ltr'><strong>ha-</strong></span> 
     </span>
    </p>
   </div>
   <div class='ocr_carea' id='block_1_28' title="bbox 330 2547 2022 2619">
    <p class='ocr_par' dir='ltr' id='par_1_28' title="bbox 330 2547 2022 2619">
     <span class='ocr_line' id='line_1_28' title="bbox 330 2547 2022 2619; baseline 0 -17"><span class='ocrx_word' id='word_1_174' title='bbox 330 2549 503 2602; x_wconf 89' lang='lat' dir='ltr'><strong>beant</strong></span> <span class='ocrx_word' id='word_1_175' title='bbox 523 2553 863 2618; x_wconf 88' lang='lat' dir='ltr'><strong>potestatem</strong></span> <span class='ocrx_word' id='word_1_176' title='bbox 916 2548 1183 2615; x_wconf 89' lang='lat' dir='ltr'><strong>habendi,</strong></span> <span class='ocrx_word' id='word_1_177' title='bbox 1231 2547 1583 2619; x_wconf 88' lang='lat' dir='ltr'><strong>possidendi,</strong></span> <span class='ocrx_word' id='word_1_178' title='bbox 1626 2548 1715 2602; x_wconf 91' lang='lat' dir='ltr'><strong>vel</strong></span> <span class='ocrx_word' id='word_1_179' title='bbox 1746 2548 2022 2619; x_wconf 90' lang='lat' dir='ltr'><strong>quidquid</strong></span> 
     </span>
    </p>
   </div>
   <div class='ocr_carea' id='block_1_29' title="bbox 332 2635 2024 2700">
    <p class='ocr_par' dir='ltr' id='par_1_29' title="bbox 332 2635 2024 2700">
     <span class='ocr_line' id='line_1_29' title="bbox 332 2635 2024 2700; baseline -0.001 -9"><span class='ocrx_word' id='word_1_180' title='bbox 332 2639 414 2692; x_wconf 90' lang='lat' dir='ltr'><strong>eis</strong></span> <span class='ocrx_word' id='word_1_181' title='bbox 440 2636 666 2691; x_wconf 91' lang='lat' dir='ltr'><strong>libitum</strong></span> <span class='ocrx_word' id='word_1_182' title='bbox 696 2636 868 2690; x_wconf 86' lang='lat' dir='ltr'><strong>fuerit</strong></span> <span class='ocrx_word' id='word_1_183' title='bbox 915 2635 1178 2700; x_wconf 80' lang='lat' dir='ltr'><strong>faciendi,</strong></span> <span class='ocrx_word' id='word_1_184' title='bbox 1230 2636 1389 2689; x_wconf 92' lang='lat' dir='ltr'><strong>omni</strong></span> <span class='ocrx_word' id='word_1_185' title='bbox 1440 2635 1700 2690; x_wconf 90' lang='lat' dir='ltr'><strong>omnium</strong></span> <span class='ocrx_word' id='word_1_186' title='bbox 1745 2637 2024 2692; x_wconf 88' lang='lat' dir='ltr'><strong>contradi-</strong></span> 
     </span>
    </p>
   </div>
   <div class='ocr_carea' id='block_1_30' title="bbox 332 2723 2025 2779">
    <p class='ocr_par' dir='ltr' id='par_1_30' title="bbox 332 2723 2025 2779">
     <span class='ocr_line' id='line_1_30' title="bbox 332 2723 2025 2779; baseline 0 -1"><span class='ocrx_word' id='word_1_187' title='bbox 332 2725 516 2778; x_wconf 87' lang='lat' dir='ltr'><strong>ctione</strong></span> <span class='ocrx_word' id='word_1_188' title='bbox 545 2729 785 2777; x_wconf 90' lang='lat' dir='ltr'><strong>remota.</strong></span> <span class='ocrx_word' id='word_1_189' title='bbox 818 2725 884 2777; x_wconf 87' lang='lat' dir='ltr'><strong>Et</strong></span> <span class='ocrx_word' id='word_1_190' title='bbox 907 2729 970 2778; x_wconf 93' lang='lat' dir='ltr'><strong>ut</strong></span> <span class='ocrx_word' id='word_1_191' title='bbox 999 2723 1145 2778; x_wconf 88' lang='lat' dir='ltr'><strong>hanc</strong></span> <span class='ocrx_word' id='word_1_192' title='bbox 1199 2730 1409 2778; x_wconf 54' lang='lat' dir='ltr'><strong>nostra}</strong></span> <span class='ocrx_word' id='word_1_193' title='bbox 1466 2724 1791 2778; x_wconf 87' lang='lat' dir='ltr'><strong>donationis</strong></span> <span class='ocrx_word' id='word_1_194' title='bbox 1830 2731 2025 2779; x_wconf 91' lang='lat' dir='ltr'><strong>aucto-</strong></span> 
     </span>
    </p>
   </div>
   <div class='ocr_carea' id='block_1_31' title="bbox 331 2811 2024 2883">
    <p class='ocr_par' dir='ltr' id='par_1_31' title="bbox 331 2811 2024 2883">
     <span class='ocr_line' id='line_1_31' title="bbox 331 2811 2024 2883; baseline 0.001 -17"><span class='ocrx_word' id='word_1_195' title='bbox 331 2812 468 2866; x_wconf 88' lang='lat' dir='ltr'><strong>ritas</strong></span> <span class='ocrx_word' id='word_1_196' title='bbox 499 2813 713 2866; x_wconf 85' lang='lat' dir='ltr'><strong>stabilis</strong></span> <span class='ocrx_word' id='word_1_197' title='bbox 737 2818 792 2865; x_wconf 94' lang='lat' dir='ltr'><strong>et</strong></span> <span class='ocrx_word' id='word_1_198' title='bbox 823 2813 1156 2866; x_wconf 85' lang='lat' dir='ltr'><strong>inconvulsa</strong></span> <span class='ocrx_word' id='word_1_199' title='bbox 1186 2811 1345 2866; x_wconf 92' lang='lat' dir='ltr'><strong>omni</strong></span> <span class='ocrx_word' id='word_1_200' title='bbox 1379 2817 1714 2882; x_wconf 85' lang='lat' dir='ltr'><strong>permaneat</strong></span> <span class='ocrx_word' id='word_1_201' title='bbox 1742 2815 2024 2883; x_wconf 85' lang='lat' dir='ltr'><strong>tempore,</strong></span> 
     </span>
    </p>
   </div>
   <div class='ocr_carea' id='block_1_32' title="bbox 330 2900 2028 2972">
    <p class='ocr_par' dir='ltr' id='par_1_32' title="bbox 330 2900 2028 2972">
     <span class='ocr_line' id='line_1_32' title="bbox 330 2900 2028 2972; baseline -0.001 -17"><span class='ocrx_word' id='word_1_202' title='bbox 330 2903 437 2956; x_wconf 89' lang='lat' dir='ltr'><strong>hoc</strong></span> <span class='ocrx_word' id='word_1_203' title='bbox 484 2905 836 2971; x_wconf 61' lang='lat' dir='ltr'><strong>praeceptum</strong></span> <span class='ocrx_word' id='word_1_204' title='bbox 909 2901 1040 2954; x_wconf 93' lang='lat' dir='ltr'><strong>inde</strong></span> <span class='ocrx_word' id='word_1_205' title='bbox 1093 2900 1482 2970; x_wconf 91' lang='lat' dir='ltr'><strong>conscriptum</strong></span> <span class='ocrx_word' id='word_1_206' title='bbox 1570 2917 1747 2954; x_wconf 82' lang='lat' dir='ltr'><strong>manu</strong></span> <span class='ocrx_word' id='word_1_207' title='bbox 1795 2902 2028 2972; x_wconf 94' lang='lat' dir='ltr'><strong>propria</strong></span> 
     </span>
    </p>
   </div>
   <div class='ocr_carea' id='block_1_33' title="bbox 2116 521 3812 593">
    <p class='ocr_par' dir='ltr' id='par_1_33' title="bbox 2116 521 3812 593">
     <span class='ocr_line' id='line_1_33' title="bbox 2116 521 3812 593; baseline -0.002 -16"><span class='ocrx_word' id='word_1_208' title='bbox 2116 527 2174 577; x_wconf 90' lang='lat' dir='ltr'><strong>et</strong></span> <span class='ocrx_word' id='word_1_209' title='bbox 2213 538 2316 592; x_wconf 92' lang='lat' dir='ltr'><strong>per</strong></span> <span class='ocrx_word' id='word_1_210' title='bbox 2372 521 2707 576; x_wconf 85' lang='lat' dir='ltr'><strong>descensum</strong></span> <span class='ocrx_word' id='word_1_211' title='bbox 2763 522 2914 577; x_wconf 81' lang='lat' dir='ltr'><strong>Moin</strong></span> <span class='ocrx_word' id='word_1_212' title='bbox 2961 539 3146 593; x_wconf 90' lang='lat' dir='ltr'><strong>usque</strong></span> <span class='ocrx_word' id='word_1_213' title='bbox 3203 521 3263 576; x_wconf 93' lang='lat' dir='ltr'><strong>in</strong></span> <span class='ocrx_word' id='word_1_214' title='bbox 3322 523 3515 576; x_wconf 91' lang='lat' dir='ltr'><strong>locum</strong></span> <span class='ocrx_word' id='word_1_215' title='bbox 3576 521 3812 577; x_wconf 85' lang='lat' dir='ltr'><strong>Fiberiet</strong></span> 
     </span>
    </p>
   </div>
   <div class='ocr_carea' id='block_1_34' title="bbox 2115 609 3810 685">
    <p class='ocr_par' dir='ltr' id='par_1_34' title="bbox 2115 609 3810 685">
     <span class='ocr_line' id='line_1_34' title="bbox 2115 609 3810 685; baseline -0.002 -19"><span class='ocrx_word' id='word_1_216' title='bbox 2115 612 2353 685; x_wconf 88' lang='lat' dir='ltr'><strong>dictum,</strong></span> <span class='ocrx_word' id='word_1_217' title='bbox 2382 615 2439 664; x_wconf 88' lang='lat' dir='ltr'><strong>et</strong></span> <span class='ocrx_word' id='word_1_218' title='bbox 2470 626 2574 680; x_wconf 87' lang='lat' dir='ltr'><strong>per</strong></span> <span class='ocrx_word' id='word_1_219' title='bbox 2603 626 2904 665; x_wconf 86' lang='lat' dir='ltr'><strong>ascensum</strong></span> <span class='ocrx_word' id='word_1_220' title='bbox 2939 611 3127 674; x_wconf 88' lang='lat' dir='ltr'><strong>rivuli,</strong></span> <span class='ocrx_word' id='word_1_221' title='bbox 3165 609 3266 682; x_wconf 91' lang='lat' dir='ltr'><strong>qui</strong></span> <span class='ocrx_word' id='word_1_222' title='bbox 3322 609 3566 665; x_wconf 85' lang='lat' dir='ltr'><strong>eandem</strong></span> <span class='ocrx_word' id='word_1_223' title='bbox 3624 609 3810 664; x_wconf 89' lang='lat' dir='ltr'><strong>villam</strong></span> 
     </span>
    </p>
   </div>
   <div class='ocr_carea' id='block_1_35' title="bbox 2117 697 3813 769">
    <p class='ocr_par' dir='ltr' id='par_1_35' title="bbox 2117 697 3813 769">
     <span class='ocr_line' id='line_1_35' title="bbox 2117 697 3813 769; baseline -0.002 -15"><span class='ocrx_word' id='word_1_224' title='bbox 2117 700 2420 755; x_wconf 85' lang='lat' dir='ltr'><strong>dividendo</strong></span> <span class='ocrx_word' id='word_1_225' title='bbox 2449 699 2813 768; x_wconf 72' lang='lat' dir='ltr'><strong>praeterﬂuit,</strong></span> <span class='ocrx_word' id='word_1_226' title='bbox 2849 715 3028 769; x_wconf 89' lang='lat' dir='ltr'><strong>usque</strong></span> <span class='ocrx_word' id='word_1_227' title='bbox 3058 700 3119 752; x_wconf 91' lang='lat' dir='ltr'><strong>in</strong></span> <span class='ocrx_word' id='word_1_228' title='bbox 3155 699 3411 768; x_wconf 82' lang='lat' dir='ltr'><strong>ejusdem</strong></span> <span class='ocrx_word' id='word_1_229' title='bbox 3451 697 3620 751; x_wconf 86' lang='lat' dir='ltr'><strong>rivuli</strong></span> <span class='ocrx_word' id='word_1_230' title='bbox 3649 705 3813 768; x_wconf 91' lang='lat' dir='ltr'><strong>caput</strong></span> 
     </span>
    </p>
   </div>
   <div class='ocr_carea' id='block_1_36' title="bbox 2117 787 3892 857">
    <p class='ocr_par' dir='ltr' id='par_1_36' title="bbox 2117 787 3892 857">
     <span class='ocr_line' id='line_1_36' title="bbox 2117 787 3892 857; baseline -0.002 -15"><span class='ocrx_word' id='word_1_231' title='bbox 2117 795 2172 842; x_wconf 90' lang='lat' dir='ltr'><strong>et</strong></span> <span class='ocrx_word' id='word_1_232' title='bbox 2204 795 2419 855; x_wconf 91' lang='lat' dir='ltr'><strong>ortum,</strong></span> <span class='ocrx_word' id='word_1_233' title='bbox 2474 794 2590 842; x_wconf 90' lang='lat' dir='ltr'><strong>eta</strong></span> <span class='ocrx_word' id='word_1_234' title='bbox 2631 787 2817 857; x_wconf 85' lang='lat' dir='ltr'><strong>capite</strong></span> <span class='ocrx_word' id='word_1_235' title='bbox 2874 788 3031 841; x_wconf 91' lang='lat' dir='ltr'><strong>illius</strong></span> <span class='ocrx_word' id='word_1_236' title='bbox 3089 787 3259 840; x_wconf 90' lang='lat' dir='ltr'><strong>rivuli</strong></span> <span class='ocrx_word' id='word_1_237' title='bbox 3318 787 3632 841; x_wconf 90' lang='lat' dir='ltr'><strong>secundum</strong></span> <span class='ocrx_word' id='word_1_238' title='bbox 3663 787 3813 857; x_wconf 87' lang='lat' dir='ltr'><strong>quod</strong></span> <span class='ocrx_word' id='word_1_239' title='bbox 3888 813 3892 820; x_wconf 93' lang='lat'><strong><em>-</em></strong></span> 
     </span>
    </p>
   </div>
   <div class='ocr_carea' id='block_1_37' title="bbox 2116 875 3893 946">
    <p class='ocr_par' dir='ltr' id='par_1_37' title="bbox 2116 875 3893 946">
     <span class='ocr_line' id='line_1_37' title="bbox 2116 875 3893 946; baseline -0.001 -17"><span class='ocrx_word' id='word_1_240' title='bbox 2116 878 2325 931; x_wconf 90' lang='lat' dir='ltr'><strong>rectius</strong></span> <span class='ocrx_word' id='word_1_241' title='bbox 2356 883 2413 930; x_wconf 93' lang='lat' dir='ltr'><strong>et</strong></span> <span class='ocrx_word' id='word_1_242' title='bbox 2431 877 2672 930; x_wconf 86' lang='lat' dir='ltr'><strong>vicinius</strong></span> <span class='ocrx_word' id='word_1_243' title='bbox 2707 882 2895 943; x_wconf 75' lang='lat' dir='ltr'><strong>potest</strong></span> <span class='ocrx_word' id='word_1_244' title='bbox 2920 875 3104 930; x_wconf 86' lang='lat' dir='ltr'><strong>veniri</strong></span> <span class='ocrx_word' id='word_1_245' title='bbox 3137 876 3195 929; x_wconf 92' lang='lat' dir='ltr'><strong>in</strong></span> <span class='ocrx_word' id='word_1_246' title='bbox 3241 891 3415 946; x_wconf 88' lang='lat' dir='ltr'><strong>supra</strong></span> <span class='ocrx_word' id='word_1_247' title='bbox 3463 875 3677 928; x_wconf 90' lang='lat' dir='ltr'><strong>dictum</strong></span> <span class='ocrx_word' id='word_1_248' title='bbox 3706 876 3813 929; x_wconf 85' lang='lat' dir='ltr'><strong>llu-</strong></span> <span class='ocrx_word' id='word_1_249' title='bbox 3891 913 3893 916; x_wconf 89' lang='grc'><strong>-</strong></span> 
     </span>
    </p>
   </div>
   <div class='ocr_carea' id='block_1_38' title="bbox 2115 963 3815 1034">
    <p class='ocr_par' dir='ltr' id='par_1_38' title="bbox 2115 963 3815 1034">
     <span class='ocr_line' id='line_1_38' title="bbox 2115 963 3815 1034; baseline -0.002 -15"><span class='ocrx_word' id='word_1_250' title='bbox 2115 981 2250 1020; x_wconf 91' lang='lat' dir='ltr'><strong>men</strong></span> <span class='ocrx_word' id='word_1_251' title='bbox 2274 965 2474 1032; x_wconf 87' lang='lat' dir='ltr'><strong>Vraha,</strong></span> <span class='ocrx_word' id='word_1_252' title='bbox 2509 965 2578 1019; x_wconf 86' lang='lat' dir='ltr'><strong>ab</strong></span> <span class='ocrx_word' id='word_1_253' title='bbox 2629 966 2895 1020; x_wconf 83' lang='lat' dir='ltr'><strong>Heiurico</strong></span> <span class='ocrx_word' id='word_1_254' title='bbox 2941 965 3198 1034; x_wconf 87' lang='lat' dir='ltr'><strong>ejusdem</strong></span> <span class='ocrx_word' id='word_1_255' title='bbox 3228 963 3481 1017; x_wconf 69' lang='lat' dir='ltr'><strong>ecclesia:</strong></span> <span class='ocrx_word' id='word_1_256' title='bbox 3526 963 3815 1034; x_wconf 87' lang='lat' dir='ltr'><strong>episcopo,</strong></span> 
     </span>
    </p>
   </div>
   <div class='ocr_carea' id='block_1_39' title="bbox 2115 1052 3817 1122">
    <p class='ocr_par' dir='ltr' id='par_1_39' title="bbox 2115 1052 3817 1122">
     <span class='ocr_line' id='line_1_39' title="bbox 2115 1052 3817 1122; baseline -0.002 -14"><span class='ocrx_word' id='word_1_257' title='bbox 2115 1054 2504 1109; x_wconf 88' lang='lat' dir='ltr'><strong>consentiente</strong></span> <span class='ocrx_word' id='word_1_258' title='bbox 2535 1059 2590 1107; x_wconf 91' lang='lat' dir='ltr'><strong>et</strong></span> <span class='ocrx_word' id='word_1_259' title='bbox 2637 1054 2997 1107; x_wconf 87' lang='lat' dir='ltr'><strong>collaudante</strong></span> <span class='ocrx_word' id='word_1_260' title='bbox 3053 1053 3204 1105; x_wconf 93' lang='lat' dir='ltr'><strong>clero</strong></span> <span class='ocrx_word' id='word_1_261' title='bbox 3257 1056 3315 1105; x_wconf 92' lang='lat' dir='ltr'><strong>et</strong></span> <span class='ocrx_word' id='word_1_262' title='bbox 3361 1052 3594 1122; x_wconf 86' lang='lat' dir='ltr'><strong>populo.</strong></span> <span class='ocrx_word' id='word_1_263' title='bbox 3651 1053 3817 1106; x_wconf 91' lang='lat' dir='ltr'><strong>ﬁrma</strong></span> 
     </span>
    </p>
   </div>
   <div class='ocr_carea' id='block_1_40' title="bbox 2117 1139 3815 1212">
    <p class='ocr_par' dir='ltr' id='par_1_40' title="bbox 2117 1139 3815 1212">
     <span class='ocr_line' id='line_1_40' title="bbox 2117 1139 3815 1212; baseline -0.003 -15"><span class='ocrx_word' id='word_1_264' title='bbox 2117 1160 2182 1197; x_wconf 94' lang='lat' dir='ltr'><strong>ac</strong></span> <span class='ocrx_word' id='word_1_265' title='bbox 2235 1142 2404 1212; x_wconf 89' lang='lat' dir='ltr'><strong>legali</strong></span> <span class='ocrx_word' id='word_1_266' title='bbox 2460 1140 2910 1196; x_wconf 89' lang='lat' dir='ltr'><strong>commutacione</strong></span> <span class='ocrx_word' id='word_1_267' title='bbox 2966 1139 3400 1210; x_wconf 84' lang='lat' dir='ltr'><strong>acquisivimus.</strong></span> <span class='ocrx_word' id='word_1_268' title='bbox 3453 1140 3815 1193; x_wconf 88' lang='lat' dir='ltr'><strong>Tradentese</strong></span> 
     </span>
    </p>
   </div>
   <div class='ocr_carea' id='block_1_41' title="bbox 2117 1227 3822 1300">
    <p class='ocr_par' dir='ltr' id='par_1_41' title="bbox 2117 1227 3822 1300">
     <span class='ocr_line' id='line_1_41' title="bbox 2117 1227 3822 1300; baseline -0.003 -15"><span class='ocrx_word' id='word_1_269' title='bbox 2117 1237 2316 1285; x_wconf 90' lang='lat' dir='ltr'><strong>contra</strong></span> <span class='ocrx_word' id='word_1_270' title='bbox 2335 1230 2520 1284; x_wconf 90' lang='lat' dir='ltr'><strong>eidem</strong></span> <span class='ocrx_word' id='word_1_271' title='bbox 2549 1229 2814 1286; x_wconf 71' lang='lat' dir='ltr'><strong>l-lainrico</strong></span> <span class='ocrx_word' id='word_1_272' title='bbox 2847 1229 3111 1300; x_wconf 89' lang='lat' dir='ltr'><strong>episcopo</strong></span> <span class='ocrx_word' id='word_1_273' title='bbox 3139 1244 3370 1298; x_wconf 76' lang='lat' dir='ltr'><strong>suaeque</strong></span> <span class='ocrx_word' id='word_1_274' title='bbox 3411 1227 3663 1282; x_wconf 77' lang='lat' dir='ltr'><strong>ecclesiae</strong></span> <span class='ocrx_word' id='word_1_275' title='bbox 3689 1227 3822 1298; x_wconf 88' lang='lat' dir='ltr'><strong>jure</strong></span> 
     </span>
    </p>
   </div>
   <div class='ocr_carea' id='block_1_42' title="bbox 2117 1316 3821 1391">
    <p class='ocr_par' dir='ltr' id='par_1_42' title="bbox 2117 1316 3821 1391">
     <span class='ocr_line' id='line_1_42' title="bbox 2117 1316 3821 1391; baseline -0.002 -18"><span class='ocrx_word' id='word_1_276' title='bbox 2117 1319 2485 1391; x_wconf 86' lang='lat' dir='ltr'><strong>proprietatis</strong></span> <span class='ocrx_word' id='word_1_277' title='bbox 2517 1321 2637 1373; x_wconf 87' lang='lat' dir='ltr'><strong>loca</strong></span> <span class='ocrx_word' id='word_1_278' title='bbox 2663 1319 2724 1372; x_wconf 92' lang='lat' dir='ltr'><strong>in</strong></span> <span class='ocrx_word' id='word_1_279' title='bbox 2754 1335 2903 1388; x_wconf 90' lang='lat' dir='ltr'><strong>pago</strong></span> <span class='ocrx_word' id='word_1_280' title='bbox 2945 1317 3234 1387; x_wconf 83' lang='lat' dir='ltr'><strong>Grapfeld,</strong></span> <span class='ocrx_word' id='word_1_281' title='bbox 3269 1318 3328 1370; x_wconf 90' lang='lat' dir='ltr'><strong>in</strong></span> <span class='ocrx_word' id='word_1_282' title='bbox 3365 1316 3642 1370; x_wconf 88' lang='lat' dir='ltr'><strong>comitatu</strong></span> <span class='ocrx_word' id='word_1_283' title='bbox 3689 1333 3821 1370; x_wconf 87' lang='lat' dir='ltr'><strong>vero</strong></span> 
     </span>
    </p>
   </div>
   <div class='ocr_carea' id='block_1_43' title="bbox 2119 1405 3824 1477">
    <p class='ocr_par' dir='ltr' id='par_1_43' title="bbox 2119 1405 3824 1477">
     <span class='ocr_line' id='line_1_43' title="bbox 2119 1405 3824 1477; baseline -0.004 -14"><span class='ocrx_word' id='word_1_284' title='bbox 2119 1409 2342 1463; x_wconf 91' lang='lat' dir='ltr'><strong>Ottonis</strong></span> <span class='ocrx_word' id='word_1_285' title='bbox 2380 1407 2608 1461; x_wconf 90' lang='lat' dir='ltr'><strong>comitis</strong></span> <span class='ocrx_word' id='word_1_286' title='bbox 2640 1407 2767 1468; x_wconf 90' lang='lat' dir='ltr'><strong>sita,</strong></span> <span class='ocrx_word' id='word_1_287' title='bbox 2804 1407 3148 1477; x_wconf 81' lang='lat' dir='ltr'><strong>Maynunga,</strong></span> <span class='ocrx_word' id='word_1_288' title='bbox 3173 1410 3230 1459; x_wconf 90' lang='lat' dir='ltr'><strong>et</strong></span> <span class='ocrx_word' id='word_1_289' title='bbox 3257 1405 3646 1476; x_wconf 83' lang='lat' dir='ltr'><strong>Maynungero</strong></span> <span class='ocrx_word' id='word_1_290' title='bbox 3677 1421 3824 1458; x_wconf 81' lang='lat' dir='ltr'><strong>mar-</strong></span> 
     </span>
    </p>
   </div>
   <div class='ocr_carea' id='block_1_44' title="bbox 2119 1493 3913 1566">
    <p class='ocr_par' dir='ltr' id='par_1_44' title="bbox 2119 1493 3913 1566">
     <span class='ocr_line' id='line_1_44' title="bbox 2119 1493 3913 1566; baseline -0.002 -17"><span class='ocrx_word' id='word_1_291' title='bbox 2119 1499 2224 1550; x_wconf 89' lang='lat' dir='ltr'><strong>cha</strong></span> <span class='ocrx_word' id='word_1_292' title='bbox 2250 1501 2304 1549; x_wconf 92' lang='lat' dir='ltr'><strong>ct</strong></span> <span class='ocrx_word' id='word_1_293' title='bbox 2335 1495 2663 1550; x_wconf 81' lang='lat' dir='ltr'><strong>Walahdorf</strong></span> <span class='ocrx_word' id='word_1_294' title='bbox 2687 1495 2857 1558; x_wconf 87' lang='lat' dir='ltr'><strong>dicta,</strong></span> <span class='ocrx_word' id='word_1_295' title='bbox 2914 1509 3043 1547; x_wconf 88' lang='lat' dir='ltr'><strong>cum</strong></span> <span class='ocrx_word' id='word_1_296' title='bbox 3099 1493 3368 1547; x_wconf 86' lang='lat' dir='ltr'><strong>omnibus</strong></span> <span class='ocrx_word' id='word_1_297' title='bbox 3417 1509 3616 1547; x_wconf 89' lang='lat' dir='ltr'><strong>eorum</strong></span> <span class='ocrx_word' id='word_1_298' title='bbox 3647 1493 3822 1562; x_wconf 90' lang='lat' dir='ltr'><strong>perti-</strong></span> <span class='ocrx_word' id='word_1_299' title='bbox 3907 1493 3913 1566; x_wconf 57' lang='grc' dir='ltr'>ξ</span> 
     </span>
    </p>
   </div>
   <div class='ocr_carea' id='block_1_45' title="bbox 2119 1580 3822 1651">
    <p class='ocr_par' dir='ltr' id='par_1_45' title="bbox 2119 1580 3822 1651">
     <span class='ocr_line' id='line_1_45' title="bbox 2119 1580 3822 1651; baseline -0.004 -14"><span class='ocrx_word' id='word_1_300' title='bbox 2119 1583 2357 1646; x_wconf 87' lang='lat' dir='ltr'><strong>nenciis,</strong></span> <span class='ocrx_word' id='word_1_301' title='bbox 2393 1583 2540 1636; x_wconf 82' lang='lat' dir='ltr'><strong>villis</strong></span> <span class='ocrx_word' id='word_1_302' title='bbox 2567 1583 2783 1636; x_wconf 88' lang='lat' dir='ltr'><strong>scilicet</strong></span> <span class='ocrx_word' id='word_1_303' title='bbox 2838 1586 2894 1636; x_wconf 87' lang='lat' dir='ltr'><strong>et</strong></span> <span class='ocrx_word' id='word_1_304' title='bbox 2941 1581 3243 1651; x_wconf 89' lang='lat' dir='ltr'><strong>utriusque</strong></span> <span class='ocrx_word' id='word_1_305' title='bbox 3306 1597 3471 1634; x_wconf 83' lang='lat' dir='ltr'><strong>sexus</strong></span> <span class='ocrx_word' id='word_1_306' title='bbox 3505 1580 3822 1650; x_wconf 89' lang='lat' dir='ltr'><strong>mancipiis,</strong></span> 
     </span>
    </p>
   </div>
   <div class='ocr_carea' id='block_1_46' title="bbox 2123 1667 3827 1738">
    <p class='ocr_par' dir='ltr' id='par_1_46' title="bbox 2123 1667 3827 1738">
     <span class='ocr_line' id='line_1_46' title="bbox 2123 1667 3827 1738; baseline -0.004 -12"><span class='ocrx_word' id='word_1_307' title='bbox 2123 1671 2393 1736; x_wconf 91' lang='lat' dir='ltr'><strong>ecclesiis,</strong></span> <span class='ocrx_word' id='word_1_308' title='bbox 2425 1670 2926 1734; x_wconf 86' lang='lat' dir='ltr'><strong>decimacionibus,</strong></span> <span class='ocrx_word' id='word_1_309' title='bbox 2960 1669 3136 1736; x_wconf 80' lang='lat' dir='ltr'><strong>silvis,</strong></span> <span class='ocrx_word' id='word_1_310' title='bbox 3199 1667 3620 1733; x_wconf 85' lang='lat' dir='ltr'><strong>venationibus,</strong></span> <span class='ocrx_word' id='word_1_311' title='bbox 3661 1668 3827 1738; x_wconf 87' lang='lat' dir='ltr'><strong>aquis</strong></span> 
     </span>
    </p>
   </div>
   <div class='ocr_carea' id='block_1_47' title="bbox 2127 1757 3825 1831">
    <p class='ocr_par' dir='ltr' id='par_1_47' title="bbox 2127 1757 3825 1831">
     <span class='ocr_line' id='line_1_47' title="bbox 2127 1757 3825 1831; baseline -0.002 -17"><span class='ocrx_word' id='word_1_312' title='bbox 2127 1776 2477 1831; x_wconf 88' lang='lat' dir='ltr'><strong>aquarumve</strong></span> <span class='ocrx_word' id='word_1_313' title='bbox 2537 1759 2890 1826; x_wconf 89' lang='lat' dir='ltr'><strong>decursibus,</strong></span> <span class='ocrx_word' id='word_1_314' title='bbox 2944 1757 3382 1829; x_wconf 89' lang='lat' dir='ltr'><strong>piscacionibus,</strong></span> <span class='ocrx_word' id='word_1_315' title='bbox 3457 1757 3825 1821; x_wconf 89' lang='lat' dir='ltr'><strong>molendinis,</strong></span> 
     </span>
    </p>
   </div>
   <div class='ocr_carea' id='block_1_48' title="bbox 2126 1845 3828 1921">
    <p class='ocr_par' dir='ltr' id='par_1_48' title="bbox 2126 1845 3828 1921">
     <span class='ocr_line' id='line_1_48' title="bbox 2126 1845 3828 1921; baseline -0.004 -18"><span class='ocrx_word' id='word_1_316' title='bbox 2126 1850 2320 1921; x_wconf 89' lang='lat' dir='ltr'><strong>pratis,</strong></span> <span class='ocrx_word' id='word_1_317' title='bbox 2373 1849 2617 1918; x_wconf 89' lang='lat' dir='ltr'><strong>pascuis,</strong></span> <span class='ocrx_word' id='word_1_318' title='bbox 2665 1847 2834 1902; x_wconf 91' lang='lat' dir='ltr'><strong>terris</strong></span> <span class='ocrx_word' id='word_1_319' title='bbox 2910 1847 3078 1902; x_wconf 90' lang='lat' dir='ltr'><strong>cultis</strong></span> <span class='ocrx_word' id='word_1_320' title='bbox 3137 1848 3226 1901; x_wconf 88' lang='lat' dir='ltr'><strong>vel</strong></span> <span class='ocrx_word' id='word_1_321' title='bbox 3286 1846 3538 1914; x_wconf 89' lang='lat' dir='ltr'><strong>incultis,</strong></span> <span class='ocrx_word' id='word_1_322' title='bbox 3573 1845 3828 1915; x_wconf 61' lang='lat' dir='ltr'><strong>quaesitis</strong></span> 
     </span>
    </p>
   </div>
   <div class='ocr_carea' id='block_1_49' title="bbox 2127 1931 3822 2006">
    <p class='ocr_par' dir='ltr' id='par_1_49' title="bbox 2127 1931 3822 2006">
     <span class='ocr_line' id='line_1_49' title="bbox 2127 1931 3822 2006; baseline -0.001 -20"><span class='ocrx_word' id='word_1_323' title='bbox 2127 1937 2211 1990; x_wconf 89' lang='lat' dir='ltr'><strong>vel</strong></span> <span class='ocrx_word' id='word_1_324' title='bbox 2244 1936 2625 2006; x_wconf 89' lang='lat' dir='ltr'><strong>inquirendis,</strong></span> <span class='ocrx_word' id='word_1_325' title='bbox 2660 1936 2764 1989; x_wconf 90' lang='lat' dir='ltr'><strong>viis</strong></span> <span class='ocrx_word' id='word_1_326' title='bbox 2803 1940 2860 1989; x_wconf 92' lang='lat' dir='ltr'><strong>et</strong></span> <span class='ocrx_word' id='word_1_327' title='bbox 2885 1935 3075 2001; x_wconf 87' lang='lat' dir='ltr'><strong>inviis,</strong></span> <span class='ocrx_word' id='word_1_328' title='bbox 3112 1934 3488 1989; x_wconf 81' lang='lat' dir='ltr'><strong>existentibus</strong></span> <span class='ocrx_word' id='word_1_329' title='bbox 3531 1931 3822 2004; x_wconf 81' lang='lat' dir='ltr'><strong>[exitibus]</strong></span> 
     </span>
    </p>
   </div>
   <div class='ocr_carea' id='block_1_50' title="bbox 2129 2021 3828 2094">
    <p class='ocr_par' dir='ltr' id='par_1_50' title="bbox 2129 2021 3828 2094">
     <span class='ocr_line' id='line_1_50' title="bbox 2129 2021 3828 2094; baseline -0.003 -15"><span class='ocrx_word' id='word_1_330' title='bbox 2129 2030 2185 2079; x_wconf 88' lang='lat' dir='ltr'><strong>et</strong></span> <span class='ocrx_word' id='word_1_331' title='bbox 2212 2025 2511 2092; x_wconf 88' lang='lat' dir='ltr'><strong>reditibus,</strong></span> <span class='ocrx_word' id='word_1_332' title='bbox 2533 2032 2592 2078; x_wconf 90' lang='lat' dir='ltr'><strong>et</strong></span> <span class='ocrx_word' id='word_1_333' title='bbox 2621 2041 2753 2078; x_wconf 91' lang='lat' dir='ltr'><strong>cum</strong></span> <span class='ocrx_word' id='word_1_334' title='bbox 2785 2023 3075 2088; x_wconf 89' lang='lat' dir='ltr'><strong>omnibus,</strong></span> <span class='ocrx_word' id='word_1_335' title='bbox 3109 2040 3241 2094; x_wconf 60' lang='lat' dir='ltr'><strong>quas</strong></span> <span class='ocrx_word' id='word_1_336' title='bbox 3271 2022 3384 2078; x_wconf 87' lang='lat' dir='ltr'><strong>dici</strong></span> <span class='ocrx_word' id='word_1_337' title='bbox 3409 2029 3508 2076; x_wconf 90' lang='lat' dir='ltr'><strong>aut</strong></span> <span class='ocrx_word' id='word_1_338' title='bbox 3539 2021 3828 2075; x_wconf 87' lang='lat' dir='ltr'><strong>nominari</strong></span> 
     </span>
    </p>
   </div>
   <div class='ocr_carea' id='block_1_51' title="bbox 2128 2111 3834 2185">
    <p class='ocr_par' dir='ltr' id='par_1_51' title="bbox 2128 2111 3834 2185">
     <span class='ocr_line' id='line_1_51' title="bbox 2128 2111 3834 2185; baseline -0.002 -18"><span class='ocrx_word' id='word_1_339' title='bbox 2128 2119 2384 2185; x_wconf 91' lang='lat' dir='ltr'><strong>possunt,</strong></span> <span class='ocrx_word' id='word_1_340' title='bbox 2415 2113 2774 2178; x_wconf 88' lang='lat' dir='ltr'><strong>utilitatibus,</strong></span> <span class='ocrx_word' id='word_1_341' title='bbox 2803 2112 2933 2182; x_wconf 88' lang='lat' dir='ltr'><strong>jure</strong></span> <span class='ocrx_word' id='word_1_342' title='bbox 2956 2117 3149 2165; x_wconf 89' lang='lat' dir='ltr'><strong>nostro</strong></span> <span class='ocrx_word' id='word_1_343' title='bbox 3179 2112 3239 2165; x_wconf 91' lang='lat' dir='ltr'><strong>in</strong></span> <span class='ocrx_word' id='word_1_344' title='bbox 3290 2112 3385 2182; x_wconf 91' lang='lat' dir='ltr'><strong>jus</strong></span> <span class='ocrx_word' id='word_1_345' title='bbox 3413 2111 3700 2182; x_wconf 62' lang='lat' dir='ltr'><strong>praedicta:</strong></span> <span class='ocrx_word' id='word_1_346' title='bbox 3740 2127 3834 2164; x_wconf 89' lang='lat' dir='ltr'><strong>ec-</strong></span> 
     </span>
    </p>
   </div>
   <div class='ocr_carea' id='block_1_52' title="bbox 2129 2199 3836 2269">
    <p class='ocr_par' dir='ltr' id='par_1_52' title="bbox 2129 2199 3836 2269">
     <span class='ocr_line' id='line_1_52' title="bbox 2129 2199 3836 2269; baseline -0.003 -13"><span class='ocrx_word' id='word_1_347' title='bbox 2129 2203 2316 2256; x_wconf 71' lang='lat' dir='ltr'><strong>clesiae</strong></span> <span class='ocrx_word' id='word_1_348' title='bbox 2349 2202 2817 2269; x_wconf 79' lang='lat' dir='ltr'><strong>transfundendo,</strong></span> <span class='ocrx_word' id='word_1_349' title='bbox 2876 2218 2943 2254; x_wconf 90' lang='lat' dir='ltr'><strong>ea</strong></span> <span class='ocrx_word' id='word_1_350' title='bbox 2989 2201 3253 2254; x_wconf 88' lang='lat' dir='ltr'><strong>videlicet</strong></span> <span class='ocrx_word' id='word_1_351' title='bbox 3301 2199 3527 2254; x_wconf 88' lang='lat' dir='ltr'><strong>racione</strong></span> <span class='ocrx_word' id='word_1_352' title='bbox 3577 2204 3658 2264; x_wconf 92' lang='lat' dir='ltr'><strong>ut,</strong></span> <span class='ocrx_word' id='word_1_353' title='bbox 3691 2215 3836 2268; x_wconf 62' lang='lat' dir='ltr'><strong>pras-</strong></span> 
     </span>
    </p>
   </div>
   <div class='ocr_carea' id='block_1_53' title="bbox 2129 2287 3834 2360">
    <p class='ocr_par' dir='ltr' id='par_1_53' title="bbox 2129 2287 3834 2360">
     <span class='ocr_line' id='line_1_53' title="bbox 2129 2287 3834 2360; baseline -0.002 -16"><span class='ocrx_word' id='word_1_354' title='bbox 2129 2291 2276 2344; x_wconf 88' lang='lat' dir='ltr'><strong>fatus</strong></span> <span class='ocrx_word' id='word_1_355' title='bbox 2303 2291 2606 2360; x_wconf 89' lang='lat' dir='ltr'><strong>episcopus</strong></span> <span class='ocrx_word' id='word_1_356' title='bbox 2637 2289 2934 2344; x_wconf 85' lang='lat' dir='ltr'><strong>Hainricus</strong></span> <span class='ocrx_word' id='word_1_357' title='bbox 2965 2290 3170 2359; x_wconf 91' lang='lat' dir='ltr'><strong>suique</strong></span> <span class='ocrx_word' id='word_1_358' title='bbox 3209 2303 3560 2342; x_wconf 90' lang='lat' dir='ltr'><strong>successores</strong></span> <span class='ocrx_word' id='word_1_359' title='bbox 3590 2287 3661 2341; x_wconf 89' lang='lat' dir='ltr'><strong>de</strong></span> <span class='ocrx_word' id='word_1_360' title='bbox 3681 2302 3834 2356; x_wconf 68' lang='lat' dir='ltr'><strong>pra:-</strong></span> 
     </span>
    </p>
   </div>
   <div class='ocr_carea' id='block_1_54' title="bbox 2130 2377 3833 2447">
    <p class='ocr_par' dir='ltr' id='par_1_54' title="bbox 2130 2377 3833 2447">
     <span class='ocr_line' id='line_1_54' title="bbox 2130 2377 3833 2447; baseline -0.002 -15"><span class='ocrx_word' id='word_1_361' title='bbox 2130 2377 2444 2432; x_wconf 89' lang='lat' dir='ltr'><strong>nominatis</strong></span> <span class='ocrx_word' id='word_1_362' title='bbox 2476 2378 2610 2431; x_wconf 92' lang='lat' dir='ltr'><strong>locis</strong></span> <span class='ocrx_word' id='word_1_363' title='bbox 2639 2377 2845 2432; x_wconf 89' lang='lat' dir='ltr'><strong>dehinc</strong></span> <span class='ocrx_word' id='word_1_364' title='bbox 2893 2377 3134 2432; x_wconf 86' lang='lat' dir='ltr'><strong>liberam</strong></span> <span class='ocrx_word' id='word_1_365' title='bbox 3181 2378 3432 2431; x_wconf 89' lang='lat' dir='ltr'><strong>habeant</strong></span> <span class='ocrx_word' id='word_1_366' title='bbox 3487 2381 3833 2447; x_wconf 88' lang='lat' dir='ltr'><strong>potestatem</strong></span> 
     </span>
    </p>
   </div>
   <div class='ocr_carea' id='block_1_55' title="bbox 2131 2465 3838 2538">
    <p class='ocr_par' dir='ltr' id='par_1_55' title="bbox 2131 2465 3838 2538">
     <span class='ocr_line' id='line_1_55' title="bbox 2131 2465 3838 2538; baseline -0.002 -18"><span class='ocrx_word' id='word_1_367' title='bbox 2131 2467 2486 2538; x_wconf 86' lang='lat' dir='ltr'><strong>possidendi,</strong></span> <span class='ocrx_word' id='word_1_368' title='bbox 2532 2466 2948 2530; x_wconf 87' lang='lat' dir='ltr'><strong>commutandi,</strong></span> <span class='ocrx_word' id='word_1_369' title='bbox 2984 2467 3072 2520; x_wconf 91' lang='lat' dir='ltr'><strong>vel</strong></span> <span class='ocrx_word' id='word_1_370' title='bbox 3154 2465 3426 2537; x_wconf 89' lang='lat' dir='ltr'><strong>quicquid</strong></span> <span class='ocrx_word' id='word_1_371' title='bbox 3477 2465 3558 2518; x_wconf 90' lang='lat' dir='ltr'><strong>eis</strong></span> <span class='ocrx_word' id='word_1_372' title='bbox 3608 2465 3740 2518; x_wconf 92' lang='lat' dir='ltr'><strong>inde</strong></span> <span class='ocrx_word' id='word_1_373' title='bbox 3773 2465 3838 2517; x_wconf 89' lang='lat' dir='ltr'><strong>Ii-</strong></span> 
     </span>
    </p>
   </div>
   <div class='ocr_carea' id='block_1_56' title="bbox 2132 2552 3840 2619">
    <p class='ocr_par' dir='ltr' id='par_1_56' title="bbox 2132 2552 3840 2619">
     <span class='ocr_line' id='line_1_56' title="bbox 2132 2552 3840 2619; baseline -0.003 -9"><span class='ocrx_word' id='word_1_374' title='bbox 2132 2555 2317 2610; x_wconf 91' lang='lat' dir='ltr'><strong>bitum</strong></span> <span class='ocrx_word' id='word_1_375' title='bbox 2367 2555 2438 2608; x_wconf 89' lang='lat' dir='ltr'><strong>sit</strong></span> <span class='ocrx_word' id='word_1_376' title='bbox 2481 2555 2746 2619; x_wconf 78' lang='lat' dir='ltr'><strong>faciendi,</strong></span> <span class='ocrx_word' id='word_1_377' title='bbox 2800 2555 2960 2608; x_wconf 90' lang='lat' dir='ltr'><strong>omni</strong></span> <span class='ocrx_word' id='word_1_378' title='bbox 3039 2555 3302 2609; x_wconf 91' lang='lat' dir='ltr'><strong>omnium</strong></span> <span class='ocrx_word' id='word_1_379' title='bbox 3383 2552 3840 2607; x_wconf 89' lang='lat' dir='ltr'><strong>contradictione</strong></span> 
     </span>
    </p>
   </div>
   <div class='ocr_carea' id='block_1_57' title="bbox 2133 2642 3842 2698">
    <p class='ocr_par' dir='ltr' id='par_1_57' title="bbox 2133 2642 3842 2698">
     <span class='ocr_line' id='line_1_57' title="bbox 2133 2642 3842 2698; baseline -0.004 0"><span class='ocrx_word' id='word_1_380' title='bbox 2133 2649 2372 2698; x_wconf 85' lang='lat' dir='ltr'><strong>remota.</strong></span> <span class='ocrx_word' id='word_1_381' title='bbox 2400 2644 2466 2697; x_wconf 88' lang='lat' dir='ltr'><strong>Et</strong></span> <span class='ocrx_word' id='word_1_382' title='bbox 2485 2649 2549 2697; x_wconf 92' lang='lat' dir='ltr'><strong>ut</strong></span> <span class='ocrx_word' id='word_1_383' title='bbox 2577 2643 2700 2697; x_wconf 69' lang='lat' dir='ltr'><strong>haec</strong></span> <span class='ocrx_word' id='word_1_384' title='bbox 2729 2649 2938 2697; x_wconf 71' lang='lat' dir='ltr'><strong>nostra:</strong></span> <span class='ocrx_word' id='word_1_385' title='bbox 2961 2643 3434 2697; x_wconf 88' lang='lat' dir='ltr'><strong>commutaciouis</strong></span> <span class='ocrx_word' id='word_1_386' title='bbox 3488 2642 3604 2695; x_wconf 89' lang='lat' dir='ltr'><strong>sive</strong></span> <span class='ocrx_word' id='word_1_387' title='bbox 3663 2642 3842 2696; x_wconf 82' lang='lat' dir='ltr'><strong>dona—</strong></span> 
     </span>
    </p>
   </div>
   <div class='ocr_carea' id='block_1_58' title="bbox 2135 2731 3846 2802">
    <p class='ocr_par' dir='ltr' id='par_1_58' title="bbox 2135 2731 3846 2802">
     <span class='ocr_line' id='line_1_58' title="bbox 2135 2731 3846 2802; baseline -0.002 -16"><span class='ocrx_word' id='word_1_388' title='bbox 2135 2733 2316 2786; x_wconf 90' lang='lat' dir='ltr'><strong>cionis</strong></span> <span class='ocrx_word' id='word_1_389' title='bbox 2371 2733 2675 2786; x_wconf 86' lang='lat' dir='ltr'><strong>auctoritas</strong></span> <span class='ocrx_word' id='word_1_390' title='bbox 2723 2733 2942 2786; x_wconf 89' lang='lat' dir='ltr'><strong>stabilis</strong></span> <span class='ocrx_word' id='word_1_391' title='bbox 2993 2737 3049 2785; x_wconf 94' lang='lat' dir='ltr'><strong>et</strong></span> <span class='ocrx_word' id='word_1_392' title='bbox 3106 2731 3442 2786; x_wconf 91' lang='lat' dir='ltr'><strong>inconvulsa</strong></span> <span class='ocrx_word' id='word_1_393' title='bbox 3500 2735 3846 2802; x_wconf 89' lang='lat' dir='ltr'><strong>permaneat</strong></span> 
     </span>
    </p>
   </div>
   <div class='ocr_carea' id='block_1_59' title="bbox 2138 2819 3843 2892">
    <p class='ocr_par' dir='ltr' id='par_1_59' title="bbox 2138 2819 3843 2892">
     <span class='ocr_line' id='line_1_59' title="bbox 2138 2819 3843 2892; baseline -0.002 -17"><span class='ocrx_word' id='word_1_394' title='bbox 2138 2819 2341 2892; x_wconf 87' lang='lat' dir='ltr'><strong>[omni]</strong></span> <span class='ocrx_word' id='word_1_395' title='bbox 2384 2827 2662 2889; x_wconf 87' lang='lat' dir='ltr'><strong>tempore,</strong></span> <span class='ocrx_word' id='word_1_396' title='bbox 2707 2821 2810 2874; x_wconf 89' lang='lat' dir='ltr'><strong>hoc</strong></span> <span class='ocrx_word' id='word_1_397' title='bbox 2868 2827 3219 2890; x_wconf 69' lang='lat' dir='ltr'><strong>praeceptum</strong></span> <span class='ocrx_word' id='word_1_398' title='bbox 3273 2820 3405 2874; x_wconf 91' lang='lat' dir='ltr'><strong>inde</strong></span> <span class='ocrx_word' id='word_1_399' title='bbox 3451 2819 3843 2888; x_wconf 85' lang='lat' dir='ltr'><strong>conscriptum</strong></span> 
     </span>
    </p>
   </div>
   <div class='ocr_carea' id='block_1_60' title="bbox 2138 2908 3843 2981">
    <p class='ocr_par' dir='ltr' id='par_1_60' title="bbox 2138 2908 3843 2981">
     <span class='ocr_line' id='line_1_60' title="bbox 2138 2908 3843 2981; baseline -0.002 -17"><span class='ocrx_word' id='word_1_400' title='bbox 2138 2926 2310 2964; x_wconf 88' lang='lat' dir='ltr'><strong>manu</strong></span> <span class='ocrx_word' id='word_1_401' title='bbox 2345 2909 2580 2981; x_wconf 89' lang='lat' dir='ltr'><strong>propria</strong></span> <span class='ocrx_word' id='word_1_402' title='bbox 2634 2909 3088 2976; x_wconf 88' lang='lat' dir='ltr'><strong>corroborantes,</strong></span> <span class='ocrx_word' id='word_1_403' title='bbox 3140 2909 3316 2978; x_wconf 89' lang='lat' dir='ltr'><strong>sigilli</strong></span> <span class='ocrx_word' id='word_1_404' title='bbox 3367 2908 3543 2963; x_wconf 89' lang='lat' dir='ltr'><strong>nostri</strong></span> <span class='ocrx_word' id='word_1_405' title='bbox 3588 2908 3843 2977; x_wconf 85' lang='lat' dir='ltr'><strong>impres-</strong></span> 
     </span>
    </p>
   </div>
   <div class='ocr_carea' id='block_1_61' title="bbox 330 2988 2910 3068">
    <p class='ocr_par' dir='ltr' id='par_1_61' title="bbox 330 2988 2910 3068">
     <span class='ocr_line' id='line_1_61' title="bbox 330 2988 2910 3068; baseline 0.001 -26"><span class='ocrx_word' id='word_1_406' title='bbox 330 2988 780 3052; x_wconf 87' lang='lat' dir='ltr'><strong>corroborantes,</strong></span> <span class='ocrx_word' id='word_1_407' title='bbox 816 2988 990 3058; x_wconf 85' lang='lat' dir='ltr'><strong>sigilli</strong></span> <span class='ocrx_word' id='word_1_408' title='bbox 1017 2988 1193 3042; x_wconf 91' lang='lat' dir='ltr'><strong>nostri</strong></span> <span class='ocrx_word' id='word_1_409' title='bbox 1219 2989 1602 3060; x_wconf 88' lang='lat' dir='ltr'><strong>impressione</strong></span> <span class='ocrx_word' id='word_1_410' title='bbox 1622 2988 1892 3059; x_wconf 89' lang='lat' dir='ltr'><strong>insigniri</strong></span> <span class='ocrx_word' id='word_1_411' title='bbox 1910 2991 2028 3060; x_wconf 88' lang='lat' dir='ltr'><strong>jus-</strong></span> <span class='ocrx_word' id='word_1_412' title='bbox 2059 2991 2098 3045; x_wconf 91' lang='lat' dir='ltr'>C</span> <span class='ocrx_word' id='word_1_413' title='bbox 2137 2998 2295 3052; x_wconf 82' lang='lat' dir='ltr'><strong>sione</strong></span> <span class='ocrx_word' id='word_1_414' title='bbox 2318 2997 2583 3068; x_wconf 72' lang='lat' dir='ltr'><strong>insigniri</strong></span> <span class='ocrx_word' id='word_1_415' title='bbox 2616 2997 2910 3067; x_wconf 75' lang='lat' dir='ltr'><strong>jussimus.</strong></span> 
     </span>
    </p>
   </div>
   <div class='ocr_carea' id='block_1_62' title="bbox 334 3094 532 3132">
    <p class='ocr_par' dir='ltr' id='par_1_62' title="bbox 334 3094 532 3132">
     <span class='ocr_line' id='line_1_62' title="bbox 334 3094 532 3132; baseline 0.005 -2"><span class='ocrx_word' id='word_1_416' title='bbox 334 3094 532 3132; x_wconf 86' lang='lat' dir='ltr'><strong>simus.</strong></span> 
     </span>
    </p>
   </div>
   <div class='ocr_carea' id='block_1_63' title="bbox 406 3165 1724 3232">
    <p class='ocr_par' dir='ltr' id='par_1_63' title="bbox 406 3165 1724 3232">
     <span class='ocr_line' id='line_1_63' title="bbox 406 3165 1724 3232; baseline -0.005 -10"><span class='ocrx_word' id='word_1_417' title='bbox 406 3168 634 3232; x_wconf 80' lang='lat' dir='ltr'><strong>Signum</strong></span> <span class='ocrx_word' id='word_1_418' title='bbox 664 3166 849 3219; x_wconf 82' lang='lat' dir='ltr'><strong>domui</strong></span> <span class='ocrx_word' id='word_1_419' title='bbox 892 3165 1138 3219; x_wconf 81' lang='lat' dir='ltr'><strong>Heinrici</strong></span> <span class='ocrx_word' id='word_1_420' title='bbox 1178 3165 1322 3232; x_wconf 85' lang='lat' dir='ltr'><strong>regis</strong></span> <span class='ocrx_word' id='word_1_421' title='bbox 1354 3165 1724 3218; x_wconf 72' lang='lat' dir='ltr'><strong>invictissimi.</strong></span> 
     </span>
    </p>
   </div>
   <div class='ocr_carea' id='block_1_64' title="bbox 405 3251 2029 3322">
    <p class='ocr_par' dir='ltr' id='par_1_64' title="bbox 405 3251 2029 3322">
     <span class='ocr_line' id='line_1_64' title="bbox 405 3251 2029 3322; baseline -0.001 -14"><span class='ocrx_word' id='word_1_422' title='bbox 405 3253 770 3308; x_wconf 88' lang='lat' dir='ltr'><strong>Eberhardus</strong></span> <span class='ocrx_word' id='word_1_423' title='bbox 825 3251 1196 3306; x_wconf 84' lang='lat' dir='ltr'><strong>cancellarius</strong></span> <span class='ocrx_word' id='word_1_424' title='bbox 1252 3251 1373 3305; x_wconf 88' lang='lat' dir='ltr'><strong>vice</strong></span> <span class='ocrx_word' id='word_1_425' title='bbox 1423 3251 1727 3322; x_wconf 88' lang='lat' dir='ltr'><strong>Wuilligisi</strong></span> <span class='ocrx_word' id='word_1_426' title='bbox 1776 3252 2029 3308; x_wconf 89' lang='lat' dir='ltr'><strong>archica-</strong></span> 
     </span>
    </p>
   </div>
   <div class='ocr_carea' id='block_1_65' title="bbox 335 3339 895 3410">
    <p class='ocr_par' dir='ltr' id='par_1_65' title="bbox 335 3339 895 3410">
     <span class='ocr_line' id='line_1_65' title="bbox 335 3339 895 3410; baseline -0.002 -17"><span class='ocrx_word' id='word_1_427' title='bbox 335 3339 550 3410; x_wconf 90' lang='lat' dir='ltr'><strong>pellani</strong></span> <span class='ocrx_word' id='word_1_428' title='bbox 576 3339 895 3410; x_wconf 86' lang='lat' dir='ltr'><strong>recognovi,</strong></span> 
     </span>
    </p>
   </div>
   <div class='ocr_carea' id='block_1_66' title="bbox 409 3425 2030 3494">
    <p class='ocr_par' dir='ltr' id='par_1_66' title="bbox 409 3425 2030 3494">
     <span class='ocr_line' id='line_1_66' title="bbox 409 3425 2030 3494; baseline 0.001 -12"><span class='ocrx_word' id='word_1_429' title='bbox 409 3429 602 3482; x_wconf 89' lang='lat' dir='ltr'><strong>Datav</strong></span> <span class='ocrx_word' id='word_1_430' title='bbox 657 3428 789 3482; x_wconf 90' lang='lat' dir='ltr'><strong>Idus</strong></span> <span class='ocrx_word' id='word_1_431' title='bbox 846 3426 996 3494; x_wconf 83' lang='lat' dir='ltr'><strong>Maii,</strong></span> <span class='ocrx_word' id='word_1_432' title='bbox 1043 3443 1193 3481; x_wconf 92' lang='lat' dir='ltr'><strong>anno</strong></span> <span class='ocrx_word' id='word_1_433' title='bbox 1247 3425 1557 3482; x_wconf 84' lang='lat' dir='ltr'><strong>Dominicae</strong></span> <span class='ocrx_word' id='word_1_434' title='bbox 1615 3427 2030 3483; x_wconf 87' lang='lat' dir='ltr'><strong>incarnationis</strong></span> 
     </span>
    </p>
   </div>
   <div class='ocr_carea' id='block_1_67' title="bbox 337 3514 2031 3582">
    <p class='ocr_par' dir='ltr' id='par_1_67' title="bbox 337 3514 2031 3582">
     <span class='ocr_line' id='line_1_67' title="bbox 337 3514 2031 3582; baseline 0 -13"><span class='ocrx_word' id='word_1_435' title='bbox 337 3514 642 3569; x_wconf 90' lang='lat' dir='ltr'><strong>millesimo</strong></span> <span class='ocrx_word' id='word_1_436' title='bbox 676 3515 813 3582; x_wconf 85' lang='lat' dir='ltr'><strong>VIII,</strong></span> <span class='ocrx_word' id='word_1_437' title='bbox 846 3514 1042 3569; x_wconf 86' lang='lat' dir='ltr'><strong>indict.</strong></span> <span class='ocrx_word' id='word_1_438' title='bbox 1081 3533 1132 3582; x_wconf 90' lang='lat' dir='ltr'><strong>v,</strong></span> <span class='ocrx_word' id='word_1_439' title='bbox 1174 3531 1326 3568; x_wconf 91' lang='lat' dir='ltr'><strong>anno</strong></span> <span class='ocrx_word' id='word_1_440' title='bbox 1357 3530 1491 3568; x_wconf 90' lang='lat' dir='ltr'><strong>vero</strong></span> <span class='ocrx_word' id='word_1_441' title='bbox 1548 3515 1745 3570; x_wconf 89' lang='lat' dir='ltr'><strong>domni</strong></span> <span class='ocrx_word' id='word_1_442' title='bbox 1779 3515 2031 3572; x_wconf 83' lang='lat' dir='ltr'><strong>Iieinrici</strong></span> 
     </span>
    </p>
   </div>
   <div class='ocr_carea' id='block_1_68' title="bbox 337 3602 592 3674">
    <p class='ocr_par' dir='ltr' id='par_1_68' title="bbox 337 3602 592 3674">
     <span class='ocr_line' id='line_1_68' title="bbox 337 3602 592 3674; baseline 0.004 -17"><span class='ocrx_word' id='word_1_443' title='bbox 337 3602 500 3674; x_wconf 86' lang='lat' dir='ltr'><strong>regni</strong></span> <span class='ocrx_word' id='word_1_444' title='bbox 520 3621 592 3658; x_wconf 82' lang='lat' dir='ltr'><strong>v1.</strong></span> 
     </span>
    </p>
   </div>
   <div class='ocr_carea' id='block_1_69' title="bbox 406 3690 1428 3747">
    <p class='ocr_par' dir='ltr' id='par_1_69' title="bbox 406 3690 1428 3747">
     <span class='ocr_line' id='line_1_69' title="bbox 406 3690 1428 3747; baseline 0.001 -2"><span class='ocrx_word' id='word_1_445' title='bbox 406 3695 610 3746; x_wconf 82' lang='lat' dir='ltr'><strong>Actum</strong></span> <span class='ocrx_word' id='word_1_446' title='bbox 649 3691 876 3746; x_wconf 89' lang='lat' dir='ltr'><strong>Triburi</strong></span> <span class='ocrx_word' id='word_1_447' title='bbox 904 3690 1162 3746; x_wconf 84' lang='lat' dir='ltr'><strong>feliciter.</strong></span> <span class='ocrx_word' id='word_1_448' title='bbox 1189 3694 1390 3747; x_wconf 84' lang='lat' dir='ltr'><strong>Amen.</strong></span> <span class='ocrx_word' id='word_1_449' title='bbox 1425 3703 1428 3705; x_wconf 45' lang='grc' dir='ltr'>λ</span> 
     </span>
    </p>
   </div>
   <div class='ocr_carea' id='block_1_70' title="bbox 1109 3781 1283 3836">
    <p class='ocr_par' dir='ltr' id='par_1_70' title="bbox 1109 3781 1283 3836">
     <span class='ocr_line' id='line_1_70' title="bbox 1109 3781 1283 3836; baseline -0.006 0"><span class='ocrx_word' id='word_1_450' title='bbox 1109 3781 1283 3836; x_wconf 73' lang='lat' dir='ltr'><strong>XLIV.</strong></span> 
     </span>
    </p>
   </div>
   <div class='ocr_carea' id='block_1_71' title="bbox 341 3869 2034 3938">
    <p class='ocr_par' dir='ltr' id='par_1_71' title="bbox 341 3869 2034 3938">
     <span class='ocr_line' id='line_1_71' title="bbox 341 3869 2034 3938; baseline 0 -16"><span class='ocrx_word' id='word_1_451' title='bbox 341 3869 601 3937; x_wconf 85' lang='lat' dir='ltr'><strong>Diploma</strong></span> <span class='ocrx_word' id='word_1_452' title='bbox 657 3871 880 3923; x_wconf 85' lang='lat' dir='ltr'><strong>Henrici</strong></span> <span class='ocrx_word' id='word_1_453' title='bbox 931 3871 981 3924; x_wconf 87' lang='lat' dir='ltr'><strong>ll</strong></span> <span class='ocrx_word' id='word_1_454' title='bbox 1029 3871 1184 3938; x_wconf 85' lang='lat' dir='ltr'><strong>imp.,</strong></span> <span class='ocrx_word' id='word_1_455' title='bbox 1246 3885 1350 3938; x_wconf 87' lang='lat' dir='ltr'><strong>quo</strong></span> <span class='ocrx_word' id='word_1_456' title='bbox 1416 3871 1667 3924; x_wconf 75' lang='lat' dir='ltr'><strong>Ecclesia:</strong></span> <span class='ocrx_word' id='word_1_457' title='bbox 1723 3869 2034 3923; x_wconf 83' lang='lat' dir='ltr'><strong>Wircebur-</strong></span> 
     </span>
    </p>
   </div>
   <div class='ocr_carea' id='block_1_72' title="bbox 411 3940 2035 4008">
    <p class='ocr_par' dir='ltr' id='par_1_72' title="bbox 411 3940 2035 4008">
     <span class='ocr_line' id='line_1_72' title="bbox 411 3940 2035 4008; baseline 0.001 -17"><span class='ocrx_word' id='word_1_458' title='bbox 411 3941 563 4004; x_wconf 85' lang='lat' dir='ltr'><strong>gensi</strong></span> <span class='ocrx_word' id='word_1_459' title='bbox 617 3941 790 3993; x_wconf 82' lang='lat' dir='ltr'><strong>tradit</strong></span> <span class='ocrx_word' id='word_1_460' title='bbox 840 3941 1160 4006; x_wconf 77' lang='lat' dir='ltr'><strong>Meinungen</strong></span> <span class='ocrx_word' id='word_1_461' title='bbox 1188 3945 1236 3992; x_wconf 83' lang='lat' dir='ltr'><strong>et</strong></span> <span class='ocrx_word' id='word_1_462' title='bbox 1273 3941 1554 4004; x_wconf 79' lang='lat' dir='ltr'><strong>Waltdorf</strong></span> <span class='ocrx_word' id='word_1_463' title='bbox 1584 3956 1682 4008; x_wconf 81' lang='lat' dir='ltr'><strong>pro</strong></span> <span class='ocrx_word' id='word_1_464' title='bbox 1727 3941 1853 3992; x_wconf 84' lang='lat' dir='ltr'><strong>aliis</strong></span> <span class='ocrx_word' id='word_1_465' title='bbox 1885 3940 2035 3993; x_wconf 87' lang='lat' dir='ltr'><strong>bonis</strong></span> 
     </span>
    </p>
   </div>
   <div class='ocr_carea' id='block_1_73' title="bbox 411 4009 2039 4080">
    <p class='ocr_par' dir='ltr' id='par_1_73' title="bbox 411 4009 2039 4080">
     <span class='ocr_line' id='line_1_73' title="bbox 411 4009 2039 4080; baseline 0.001 -20"><span class='ocrx_word' id='word_1_466' title='bbox 411 4011 470 4061; x_wconf 82' lang='lat' dir='ltr'><strong>in</strong></span> <span class='ocrx_word' id='word_1_467' title='bbox 510 4024 651 4076; x_wconf 84' lang='lat' dir='ltr'><strong>pago</strong></span> <span class='ocrx_word' id='word_1_468' title='bbox 702 4011 1026 4076; x_wconf 77' lang='lat' dir='ltr'><strong>Ratenzgau</strong></span> <span class='ocrx_word' id='word_1_469' title='bbox 1079 4025 1212 4063; x_wconf 86' lang='lat' dir='ltr'><strong>novo</strong></span> <span class='ocrx_word' id='word_1_470' title='bbox 1262 4009 1650 4078; x_wconf 85' lang='lat' dir='ltr'><strong>Bambergensi</strong></span> <span class='ocrx_word' id='word_1_471' title='bbox 1700 4012 2039 4080; x_wconf 79' lang='lat' dir='ltr'><strong>episcopatui</strong></span> 
     </span>
    </p>
   </div>
   <div class='ocr_carea' id='block_1_74' title="bbox 407 4081 711 4148">
    <p class='ocr_par' dir='ltr' id='par_1_74' title="bbox 407 4081 711 4148">
     <span class='ocr_line' id='line_1_74' title="bbox 407 4081 711 4148; baseline 0.007 -16"><span class='ocrx_word' id='word_1_472' title='bbox 407 4081 711 4148; x_wconf 80' lang='lat' dir='ltr'><strong>permissis.</strong></span> 
     </span>
    </p>
   </div>
   <div class='ocr_carea' id='block_1_75' title="bbox 868 4149 1529 4215">
    <p class='ocr_par' dir='ltr' id='par_1_75' title="bbox 868 4149 1529 4215">
     <span class='ocr_line' id='line_1_75' title="bbox 868 4149 1529 4215; baseline 0.003 -13"><span class='ocrx_word' id='word_1_473' title='bbox 868 4151 1050 4213; x_wconf 86' lang='lat' dir='ltr'><strong>(Anno</strong></span> <span class='ocrx_word' id='word_1_474' title='bbox 1099 4151 1253 4213; x_wconf 73' lang='lat'><strong>1088,</strong></span> <span class='ocrx_word' id='word_1_475' title='bbox 1285 4149 1414 4203; x_wconf 86' lang='lat' dir='ltr'><strong>Maii</strong></span> <span class='ocrx_word' id='word_1_476' title='bbox 1453 4155 1529 4215; x_wconf 90' lang='lat'><strong>7.)</strong></span> 
     </span>
    </p>
   </div>
   <div class='ocr_carea' id='block_1_76' title="bbox 2207 3084 3515 3153">
    <p class='ocr_par' dir='ltr' id='par_1_76' title="bbox 2207 3084 3515 3153">
     <span class='ocr_line' id='line_1_76' title="bbox 2207 3084 3515 3153; baseline -0.001 -15"><span class='ocrx_word' id='word_1_477' title='bbox 2207 3087 2441 3151; x_wconf 82' lang='lat' dir='ltr'><strong>Signum</strong></span> <span class='ocrx_word' id='word_1_478' title='bbox 2459 3086 2644 3139; x_wconf 80' lang='lat' dir='ltr'><strong>domui</strong></span> <span class='ocrx_word' id='word_1_479' title='bbox 2684 3087 2938 3140; x_wconf 85' lang='lat' dir='ltr'><strong>Hainrici</strong></span> <span class='ocrx_word' id='word_1_480' title='bbox 2975 3087 3118 3153; x_wconf 81' lang='lat' dir='ltr'><strong>regis</strong></span> <span class='ocrx_word' id='word_1_481' title='bbox 3149 3084 3515 3138; x_wconf 82' lang='lat' dir='ltr'><strong>invictissimi.</strong></span> 
     </span>
    </p>
   </div>
   <div class='ocr_carea' id='block_1_77' title="bbox 2211 3171 3846 3245">
    <p class='ocr_par' dir='ltr' id='par_1_77' title="bbox 2211 3171 3846 3245">
     <span class='ocr_line' id='line_1_77' title="bbox 2211 3171 3846 3245; baseline -0.002 -17"><span class='ocrx_word' id='word_1_482' title='bbox 2211 3175 2568 3228; x_wconf 86' lang='lat' dir='ltr'><strong>Eberhardus</strong></span> <span class='ocrx_word' id='word_1_483' title='bbox 2613 3175 2914 3245; x_wconf 89' lang='lat' dir='ltr'><strong>episcopus</strong></span> <span class='ocrx_word' id='word_1_484' title='bbox 2977 3179 3035 3228; x_wconf 90' lang='lat' dir='ltr'><strong>et</strong></span> <span class='ocrx_word' id='word_1_485' title='bbox 3097 3174 3474 3229; x_wconf 89' lang='lat' dir='ltr'><strong>cancellarius</strong></span> <span class='ocrx_word' id='word_1_486' title='bbox 3541 3171 3660 3225; x_wconf 89' lang='lat' dir='ltr'><strong>vice</strong></span> <span class='ocrx_word' id='word_1_487' title='bbox 3699 3173 3846 3225; x_wconf 81' lang='lat' dir='ltr'><strong>Wil-</strong></span> 
     </span>
    </p>
   </div>
   <div class='ocr_carea' id='block_1_78' title="bbox 2141 3261 3847 3333">
    <p class='ocr_par' dir='ltr' id='par_1_78' title="bbox 2141 3261 3847 3333">
     <span class='ocr_line' id='line_1_78' title="bbox 2141 3261 3847 3333; baseline 0.002 -19"><span class='ocrx_word' id='word_1_488' title='bbox 2141 3261 2295 3332; x_wconf 86' lang='lat' dir='ltr'><strong>ligisi</strong></span> <span class='ocrx_word' id='word_1_489' title='bbox 2353 3262 2794 3333; x_wconf 89' lang='lat' dir='ltr'><strong>archicapellani</strong></span> <span class='ocrx_word' id='word_1_490' title='bbox 2869 3261 3196 3332; x_wconf 89' lang='lat' dir='ltr'><strong>recognovi.</strong></span> <span class='ocrx_word' id='word_1_491' title='bbox 3256 3263 3394 3316; x_wconf 87' lang='lat' dir='ltr'><strong>Data</strong></span> <span class='ocrx_word' id='word_1_492' title='bbox 3471 3261 3643 3316; x_wconf 80' lang='lat' dir='ltr'><strong>Nonis</strong></span> <span class='ocrx_word' id='word_1_493' title='bbox 3691 3261 3847 3319; x_wconf 81' lang='lat' dir='ltr'><strong>Maii.</strong></span> 
     </span>
    </p>
   </div>
   <div class='ocr_carea' id='block_1_79' title="bbox 2140 3345 3851 3415">
    <p class='ocr_par' dir='ltr' id='par_1_79' title="bbox 2140 3345 3851 3415">
     <span class='ocr_line' id='line_1_79' title="bbox 2140 3345 3851 3415; baseline -0.002 -10"><span class='ocrx_word' id='word_1_494' title='bbox 2140 3367 2292 3406; x_wconf 90' lang='lat' dir='ltr'><strong>anno</strong></span> <span class='ocrx_word' id='word_1_495' title='bbox 2324 3345 2629 3404; x_wconf 64' lang='lat' dir='ltr'><strong>Dominicze</strong></span> <span class='ocrx_word' id='word_1_496' title='bbox 2689 3349 3099 3404; x_wconf 90' lang='lat' dir='ltr'><strong>incarnationis</strong></span> <span class='ocrx_word' id='word_1_497' title='bbox 3158 3349 3460 3404; x_wconf 90' lang='lat' dir='ltr'><strong>millesimo</strong></span> <span class='ocrx_word' id='word_1_498' title='bbox 3519 3350 3662 3415; x_wconf 87' lang='lat' dir='ltr'><strong>Vlll,</strong></span> <span class='ocrx_word' id='word_1_499' title='bbox 3697 3349 3851 3403; x_wconf 85' lang='lat' dir='ltr'><strong>indi-</strong></span> 
     </span>
    </p>
   </div>
   <div class='ocr_carea' id='block_1_80' title="bbox 2141 3438 3849 3509">
    <p class='ocr_par' dir='ltr' id='par_1_80' title="bbox 2141 3438 3849 3509">
     <span class='ocr_line' id='line_1_80' title="bbox 2141 3438 3849 3509; baseline -0.002 -14"><span class='ocrx_word' id='word_1_500' title='bbox 2141 3440 2327 3496; x_wconf 92' lang='lat' dir='ltr'><strong>ctione</strong></span> <span class='ocrx_word' id='word_1_501' title='bbox 2357 3457 2410 3508; x_wconf 92' lang='lat' dir='ltr'><strong>v,</strong></span> <span class='ocrx_word' id='word_1_502' title='bbox 2451 3455 2604 3492; x_wconf 93' lang='lat' dir='ltr'><strong>anno</strong></span> <span class='ocrx_word' id='word_1_503' title='bbox 2649 3455 2782 3492; x_wconf 88' lang='lat' dir='ltr'><strong>vero</strong></span> <span class='ocrx_word' id='word_1_504' title='bbox 2839 3438 3039 3492; x_wconf 90' lang='lat' dir='ltr'><strong>domni</strong></span> <span class='ocrx_word' id='word_1_505' title='bbox 3090 3438 3339 3493; x_wconf 85' lang='lat' dir='ltr'><strong>Hainrici</strong></span> <span class='ocrx_word' id='word_1_506' title='bbox 3394 3438 3630 3492; x_wconf 90' lang='lat' dir='ltr'><strong>secundi</strong></span> <span class='ocrx_word' id='word_1_507' title='bbox 3676 3439 3849 3509; x_wconf 88' lang='lat' dir='ltr'><strong>regni</strong></span> 
     </span>
    </p>
   </div>
   <div class='ocr_carea' id='block_1_81' title="bbox 2142 3527 3511 3596">
    <p class='ocr_par' dir='ltr' id='par_1_81' title="bbox 2142 3527 3511 3596">
     <span class='ocr_line' id='line_1_81' title="bbox 2142 3527 3511 3596; baseline 0 -13"><span class='ocrx_word' id='word_1_508' title='bbox 2142 3533 2310 3584; x_wconf 81' lang='lat' dir='ltr'><strong>sexto.</strong></span> <span class='ocrx_word' id='word_1_509' title='bbox 2343 3533 2546 3582; x_wconf 83' lang='lat' dir='ltr'><strong>Actum</strong></span> <span class='ocrx_word' id='word_1_510' title='bbox 2577 3527 2946 3596; x_wconf 87' lang='lat' dir='ltr'><strong>Wirzeburge</strong></span> <span class='ocrx_word' id='word_1_511' title='bbox 2977 3527 3238 3582; x_wconf 87' lang='lat' dir='ltr'><strong>feliciter.</strong></span> <span class='ocrx_word' id='word_1_512' title='bbox 3302 3531 3511 3583; x_wconf 84' lang='lat' dir='ltr'><strong>Amen.</strong></span> 
     </span>
    </p>
   </div>
   <div class='ocr_carea' id='block_1_82' title="bbox 2933 3617 3084 3670">
    <p class='ocr_par' dir='ltr' id='par_1_82' title="bbox 2933 3617 3084 3670">
     <span class='ocr_line' id='line_1_82' title="bbox 2933 3617 3084 3670; baseline -0.007 0"><span class='ocrx_word' id='word_1_513' title='bbox 2933 3617 3084 3670; x_wconf 85' lang='lat' dir='ltr'><strong>XLV.</strong></span> 
     </span>
    </p>
   </div>
   <div class='ocr_carea' id='block_1_83' title="bbox 2213 3705 3625 3775">
    <p class='ocr_par' dir='ltr' id='par_1_83' title="bbox 2213 3705 3625 3775">
     <span class='ocr_line' id='line_1_83' title="bbox 2213 3705 3625 3775; baseline -0.003 -14"><span class='ocrx_word' id='word_1_514' title='bbox 2213 3707 2273 3761; x_wconf 90' lang='lat' dir='ltr'><strong>S.</strong></span> <span class='ocrx_word' id='word_1_515' title='bbox 2313 3707 2534 3760; x_wconf 84' lang='lat' dir='ltr'><strong>Henrici</strong></span> <span class='ocrx_word' id='word_1_516' title='bbox 2547 3705 2894 3775; x_wconf 82' lang='lat' dir='ltr'><strong>privilegium</strong></span> <span class='ocrx_word' id='word_1_517' title='bbox 2919 3720 3022 3773; x_wconf 83' lang='lat' dir='ltr'><strong>pro</strong></span> <span class='ocrx_word' id='word_1_518' title='bbox 3052 3705 3292 3758; x_wconf 85' lang='lat' dir='ltr'><strong>Ecclesia</strong></span> <span class='ocrx_word' id='word_1_519' title='bbox 3321 3705 3625 3759; x_wconf 82' lang='lat' dir='ltr'><strong>Vicentina.</strong></span> 
     </span>
    </p>
   </div>
   <div class='ocr_carea' id='block_1_84' title="bbox 2805 3795 3519 3859">
    <p class='ocr_par' dir='ltr' id='par_1_84' title="bbox 2805 3795 3519 3859">
     <span class='ocr_line' id='line_1_84' title="bbox 2805 3795 3519 3859; baseline 0 -13"><span class='ocrx_word' id='word_1_520' title='bbox 2805 3796 2987 3859; x_wconf 83' lang='lat' dir='ltr'><strong>(Anno</strong></span> <span class='ocrx_word' id='word_1_521' title='bbox 3022 3795 3200 3858; x_wconf 83' lang='lat' dir='ltr'><strong>l008.)</strong></span> <span class='ocrx_word' id='word_1_522' title='bbox 3512 3825 3519 3840; x_wconf 82' lang='lat'><strong>-</strong></span> 
     </span>
    </p>
   </div>
   <div class='ocr_carea' id='block_1_85' title="bbox 2487 3881 3523 3954">
    <p class='ocr_par' dir='ltr' id='par_1_85' title="bbox 2487 3881 3523 3954">
     <span class='ocr_line' id='line_1_85' title="bbox 2487 3881 3523 3954; baseline -0.006 -16"><span class='ocrx_word' id='word_1_523' title='bbox 2487 3881 2755 3954; x_wconf 89' lang='lat' dir='ltr'><strong>[Ughelli,</strong></span> <span class='ocrx_word' id='word_1_524' title='bbox 2800 3882 2968 3936; x_wconf 78' lang='lat' dir='ltr'><strong>Italia</strong></span> <span class='ocrx_word' id='word_1_525' title='bbox 3003 3882 3192 3946; x_wconf 85' lang='lat' dir='ltr'><strong>Sacra,</strong></span> <span class='ocrx_word' id='word_1_526' title='bbox 3260 3881 3322 3946; x_wconf 91' lang='lat' dir='ltr'><strong>V,</strong></span> <span class='ocrx_word' id='word_1_527' title='bbox 3381 3881 3523 3949; x_wconf 54' lang='grc'><strong>140.)</strong></span> 
     </span>
    </p>
   </div>
   <div class='ocr_carea' id='block_1_86' title="bbox 2218 3967 3851 4035">
    <p class='ocr_par' dir='ltr' id='par_1_86' title="bbox 2218 3967 3851 4035">
     <span class='ocr_line' id='line_1_86' title="bbox 2218 3967 3851 4035; baseline 0.001 -13"><span class='ocrx_word' id='word_1_528' title='bbox 2218 3970 2282 4023; x_wconf 84' lang='lat' dir='ltr'><strong>in</strong></span> <span class='ocrx_word' id='word_1_529' title='bbox 2329 3969 2558 4023; x_wconf 91' lang='lat' dir='ltr'><strong>nomine</strong></span> <span class='ocrx_word' id='word_1_530' title='bbox 2613 3975 2820 4023; x_wconf 83' lang='lat' dir='ltr'><strong>sanctae</strong></span> <span class='ocrx_word' id='word_1_531' title='bbox 2858 3974 2914 4023; x_wconf 94' lang='lat' dir='ltr'><strong>et</strong></span> <span class='ocrx_word' id='word_1_532' title='bbox 2961 3968 3274 4023; x_wconf 68' lang='lat' dir='ltr'><strong>individuaa</strong></span> <span class='ocrx_word' id='word_1_533' title='bbox 3321 3967 3637 4035; x_wconf 85' lang='lat' dir='ltr'><strong>Trinitatis,</strong></span> <span class='ocrx_word' id='word_1_534' title='bbox 3699 3969 3851 4024; x_wconf 74' lang='lat' dir='ltr'><strong>Hex-</strong></span> 
     </span>
    </p>
   </div>
   <div class='ocr_carea' id='block_1_87' title="bbox 2148 4056 3238 4112">
    <p class='ocr_par' dir='ltr' id='par_1_87' title="bbox 2148 4056 3238 4112">
     <span class='ocr_line' id='line_1_87' title="bbox 2148 4056 3238 4112; baseline 0 -2"><span class='ocrx_word' id='word_1_535' title='bbox 2148 4073 2298 4110; x_wconf 81' lang='lat' dir='ltr'><strong>mcus</strong></span> <span class='ocrx_word' id='word_1_536' title='bbox 2319 4056 2510 4110; x_wconf 90' lang='lat' dir='ltr'><strong>divina</strong></span> <span class='ocrx_word' id='word_1_537' title='bbox 2540 4057 2763 4111; x_wconf 77' lang='lat' dir='ltr'><strong>favente</strong></span> <span class='ocrx_word' id='word_1_538' title='bbox 2789 4057 3093 4112; x_wconf 90' lang='lat' dir='ltr'><strong>clementia</strong></span> <span class='ocrx_word' id='word_1_539' title='bbox 3121 4073 3238 4110; x_wconf 80' lang='lat' dir='ltr'><strong>rex.</strong></span> 
     </span>
    </p>
   </div>
   <div class='ocr_carea' id='block_1_88' title="bbox 2217 4144 3863 4216">
    <p class='ocr_par' dir='ltr' id='par_1_88' title="bbox 2217 4144 3863 4216">
     <span class='ocr_line' id='line_1_88' title="bbox 2217 4144 3863 4216; baseline -0.001 -17"><span class='ocrx_word' id='word_1_540' title='bbox 2217 4145 2275 4199; x_wconf 91' lang='lat' dir='ltr'><strong>Si</strong></span> <span class='ocrx_word' id='word_1_541' title='bbox 2301 4144 2676 4199; x_wconf 78' lang='lat' dir='ltr'><strong>Ecclesiarum</strong></span> <span class='ocrx_word' id='word_1_542' title='bbox 2727 4144 2827 4199; x_wconf 91' lang='lat' dir='ltr'><strong>Dei</strong></span> <span class='ocrx_word' id='word_1_543' title='bbox 2859 4160 3056 4199; x_wconf 89' lang='lat' dir='ltr'><strong>curam</strong></span> <span class='ocrx_word' id='word_1_544' title='bbox 3113 4145 3390 4214; x_wconf 85' lang='lat' dir='ltr'><strong>gerimus,</strong></span> <span class='ocrx_word' id='word_1_545' title='bbox 3439 4160 3651 4216; x_wconf 89' lang='lat' dir='ltr'><strong>easque</strong></span> <span class='ocrx_word' id='word_1_546' title='bbox 3715 4145 3863 4198; x_wconf 87' lang='lat' dir='ltr'><strong>dila-</strong></span> 
     </span>
    </p>
   </div>
   <div class='ocr_carea' id='block_1_89' title="bbox 344 4233 3860 4327">
    <p class='ocr_par' dir='ltr' id='par_1_89' title="bbox 344 4233 3860 4327">
     <span class='ocr_line' id='line_1_89' title="bbox 344 4233 3860 4327; baseline -0.001 -36"><span class='ocrx_word' id='word_1_547' title='bbox 344 4237 732 4306; x_wconf 88' lang='lat' dir='ltr'><strong>[Ussermann,</strong></span> <span class='ocrx_word' id='word_1_548' title='bbox 785 4237 1077 4292; x_wconf 85' lang='lat' dir='ltr'><strong>Germania</strong></span> <span class='ocrx_word' id='word_1_549' title='bbox 1127 4252 1284 4290; x_wconf 83' lang='lat' dir='ltr'><strong>sacra</strong></span> <span class='ocrx_word' id='word_1_550' title='bbox 1341 4238 1436 4305; x_wconf 90' lang='lat' dir='ltr'><strong>lIl,</strong></span> <span class='ocrx_word' id='word_1_551' title='bbox 1498 4240 1745 4305; x_wconf 77' lang='lat' dir='ltr'><strong>Preuves,</strong></span> <span class='ocrx_word' id='word_1_552' title='bbox 1807 4255 1862 4308; x_wconf 91' lang='lat' dir='ltr'><strong>p.</strong></span> <span class='ocrx_word' id='word_1_553' title='bbox 1921 4236 2033 4310; x_wconf 76' lang='lat'><strong>16.]</strong></span> <span class='ocrx_word' id='word_1_554' title='bbox 2063 4273 2108 4327; x_wconf 68' lang='grc' dir='ltr'><strong>Β</strong></span> <span class='ocrx_word' id='word_1_555' title='bbox 2148 4238 2270 4288; x_wconf 89' lang='lat' dir='ltr'><strong>tare</strong></span> <span class='ocrx_word' id='word_1_556' title='bbox 2318 4233 2726 4300; x_wconf 87' lang='lat' dir='ltr'><strong>studuerimus,</strong></span> <span class='ocrx_word' id='word_1_557' title='bbox 2785 4233 2967 4287; x_wconf 91' lang='lat' dir='ltr'><strong>nostri</strong></span> <span class='ocrx_word' id='word_1_558' title='bbox 3013 4234 3179 4304; x_wconf 83' lang='lat' dir='ltr'><strong>regni</strong></span> <span class='ocrx_word' id='word_1_559' title='bbox 3218 4239 3431 4287; x_wconf 89' lang='lat' dir='ltr'><strong>statum</strong></span> <span class='ocrx_word' id='word_1_560' title='bbox 3485 4236 3860 4302; x_wconf 85' lang='lat' dir='ltr'><strong>augmentari</strong></span> 
     </span>
    </p>
   </div>
   <div class='ocr_carea' id='block_1_90' title="bbox 416 4325 2034 4394">
    <p class='ocr_par' dir='ltr' id='par_1_90' title="bbox 416 4325 2034 4394">
     <span class='ocr_line' id='line_1_90' title="bbox 416 4325 2034 4394; baseline -0.001 -13"><span class='ocrx_word' id='word_1_561' title='bbox 416 4328 478 4381; x_wconf 87' lang='lat' dir='ltr'><strong>In</strong></span> <span class='ocrx_word' id='word_1_562' title='bbox 522 4326 755 4380; x_wconf 90' lang='lat' dir='ltr'><strong>nomine</strong></span> <span class='ocrx_word' id='word_1_563' title='bbox 801 4332 1011 4380; x_wconf 67' lang='lat' dir='ltr'><strong>sancta:</strong></span> <span class='ocrx_word' id='word_1_564' title='bbox 1061 4330 1118 4380; x_wconf 90' lang='lat' dir='ltr'><strong>et</strong></span> <span class='ocrx_word' id='word_1_565' title='bbox 1147 4325 1456 4380; x_wconf 66' lang='lat' dir='ltr'><strong>individuaa</strong></span> <span class='ocrx_word' id='word_1_566' title='bbox 1513 4326 1821 4394; x_wconf 90' lang='lat' dir='ltr'><strong>Trinitatis,</strong></span> <span class='ocrx_word' id='word_1_567' title='bbox 1869 4327 2034 4380; x_wconf 71' lang='lat' dir='ltr'><strong>Hem-</strong></span> 
     </span>
    </p>
   </div>
   <div class='ocr_carea' id='block_1_91' title="bbox 345 4415 1460 4470">
    <p class='ocr_par' dir='ltr' id='par_1_91' title="bbox 345 4415 1460 4470">
     <span class='ocr_line' id='line_1_91' title="bbox 345 4415 1460 4470; baseline -0.001 -1"><span class='ocrx_word' id='word_1_568' title='bbox 345 4431 498 4470; x_wconf 81' lang='lat' dir='ltr'><strong>nicns</strong></span> <span class='ocrx_word' id='word_1_569' title='bbox 530 4416 721 4469; x_wconf 91' lang='lat' dir='ltr'><strong>divina</strong></span> <span class='ocrx_word' id='word_1_570' title='bbox 750 4415 974 4468; x_wconf 83' lang='lat' dir='ltr'><strong>favente</strong></span> <span class='ocrx_word' id='word_1_571' title='bbox 1006 4415 1314 4468; x_wconf 89' lang='lat' dir='ltr'><strong>clementia</strong></span> <span class='ocrx_word' id='word_1_572' title='bbox 1341 4431 1460 4468; x_wconf 84' lang='lat' dir='ltr'><strong>rex.</strong></span> 
     </span>
    </p>
   </div>
   <div class='ocr_carea' id='block_1_92' title="bbox 421 4502 2040 4573">
    <p class='ocr_par' dir='ltr' id='par_1_92' title="bbox 421 4502 2040 4573">
     <span class='ocr_line' id='line_1_92' title="bbox 421 4502 2040 4573; baseline 0 -15"><span class='ocrx_word' id='word_1_573' title='bbox 421 4504 696 4558; x_wconf 91' lang='lat' dir='ltr'><strong>Omnibus</strong></span> <span class='ocrx_word' id='word_1_574' title='bbox 742 4504 948 4558; x_wconf 88' lang='lat' dir='ltr'><strong>Christi</strong></span> <span class='ocrx_word' id='word_1_575' title='bbox 1024 4503 1307 4569; x_wconf 87' lang='lat' dir='ltr'><strong>ﬁdelibus,</strong></span> <span class='ocrx_word' id='word_1_576' title='bbox 1384 4502 1766 4573; x_wconf 67' lang='lat' dir='ltr'><strong>praesentibus</strong></span> <span class='ocrx_word' id='word_1_577' title='bbox 1824 4503 2040 4558; x_wconf 83' lang='lat' dir='ltr'><strong>scilicet</strong></span> 
     </span>
    </p>
   </div>
   <div class='ocr_carea' id='block_1_93' title="bbox 343 4591 2037 4663">
    <p class='ocr_par' dir='ltr' id='par_1_93' title="bbox 343 4591 2037 4663">
     <span class='ocr_line' id='line_1_93' title="bbox 343 4591 2037 4663; baseline 0 -17"><span class='ocrx_word' id='word_1_578' title='bbox 343 4598 514 4663; x_wconf 91' lang='lat' dir='ltr'><strong>atque</strong></span> <span class='ocrx_word' id='word_1_579' title='bbox 539 4593 766 4654; x_wconf 89' lang='lat' dir='ltr'><strong>futuris,</strong></span> <span class='ocrx_word' id='word_1_580' title='bbox 815 4596 1013 4646; x_wconf 91' lang='lat' dir='ltr'><strong>notum</strong></span> <span class='ocrx_word' id='word_1_581' title='bbox 1041 4608 1162 4646; x_wconf 91' lang='lat' dir='ltr'><strong>esse</strong></span> <span class='ocrx_word' id='word_1_582' title='bbox 1190 4593 1450 4646; x_wconf 92' lang='lat' dir='ltr'><strong>volumus</strong></span> <span class='ocrx_word' id='word_1_583' title='bbox 1497 4591 1633 4663; x_wconf 90' lang='lat' dir='ltr'><strong>quia</strong></span> <span class='ocrx_word' id='word_1_584' title='bbox 1673 4608 1798 4658; x_wconf 92' lang='lat' dir='ltr'><strong>nos,</strong></span> <span class='ocrx_word' id='word_1_585' title='bbox 1845 4593 1916 4646; x_wconf 93' lang='lat' dir='ltr'><strong>ob</strong></span> <span class='ocrx_word' id='word_1_586' title='bbox 1945 4593 2037 4646; x_wconf 91' lang='lat' dir='ltr'><strong>di-</strong></span> 
     </span>
    </p>
   </div>
   <div class='ocr_carea' id='block_1_94' title="bbox 343 4680 2035 4752">
    <p class='ocr_par' dir='ltr' id='par_1_94' title="bbox 343 4680 2035 4752">
     <span class='ocr_line' id='line_1_94' title="bbox 343 4680 2035 4752; baseline 0.002 -20"><span class='ocrx_word' id='word_1_587' title='bbox 343 4680 486 4732; x_wconf 72' lang='lat' dir='ltr'><strong>vina:</strong></span> <span class='ocrx_word' id='word_1_588' title='bbox 541 4681 1021 4734; x_wconf 88' lang='lat' dir='ltr'><strong>remunerationis</strong></span> <span class='ocrx_word' id='word_1_589' title='bbox 1072 4697 1228 4752; x_wconf 92' lang='lat' dir='ltr'><strong>spem</strong></span> <span class='ocrx_word' id='word_1_590' title='bbox 1283 4681 1586 4736; x_wconf 89' lang='lat' dir='ltr'><strong>Dominum</strong></span> <span class='ocrx_word' id='word_1_591' title='bbox 1645 4681 1813 4735; x_wconf 91' lang='lat' dir='ltr'><strong>nobis</strong></span> <span class='ocrx_word' id='word_1_592' title='bbox 1872 4681 2035 4736; x_wconf 88' lang='lat' dir='ltr'><strong>insti-</strong></span> 
     </span>
    </p>
   </div>
   <div class='ocr_carea' id='block_1_95' title="bbox 343 4766 2037 4833">
    <p class='ocr_par' dir='ltr' id='par_1_95' title="bbox 343 4766 2037 4833">
     <span class='ocr_line' id='line_1_95' title="bbox 343 4766 2037 4833; baseline 0.004 -13"><span class='ocrx_word' id='word_1_593' title='bbox 343 4771 569 4820; x_wconf 85' lang='lat' dir='ltr'><strong>tueutes</strong></span> <span class='ocrx_word' id='word_1_594' title='bbox 595 4766 902 4833; x_wconf 67' lang='lat' dir='ltr'><strong>haeredem,</strong></span> <span class='ocrx_word' id='word_1_595' title='bbox 946 4774 1003 4822; x_wconf 88' lang='lat' dir='ltr'><strong>et</strong></span> <span class='ocrx_word' id='word_1_596' title='bbox 1045 4785 1110 4823; x_wconf 82' lang='lat' dir='ltr'><strong>ex</strong></span> <span class='ocrx_word' id='word_1_597' title='bbox 1163 4770 1371 4822; x_wconf 89' lang='lat' dir='ltr'><strong>nostris</strong></span> <span class='ocrx_word' id='word_1_598' title='bbox 1418 4771 1587 4824; x_wconf 88' lang='lat' dir='ltr'><strong>rebus</strong></span> <span class='ocrx_word' id='word_1_599' title='bbox 1609 4770 2037 4826; x_wconf 64' lang='lat' dir='ltr'><strong>haereditarium</strong></span> 
     </span>
    </p>
   </div>
   <div class='ocr_carea' id='block_1_96' title="bbox 345 4855 2036 4928">
    <p class='ocr_par' dir='ltr' id='par_1_96' title="bbox 345 4855 2036 4928">
     <span class='ocr_line' id='line_1_96' title="bbox 345 4855 2036 4928; baseline 0.004 -21"><span class='ocrx_word' id='word_1_600' title='bbox 345 4855 630 4926; x_wconf 90' lang='lat' dir='ltr'><strong>quendam</strong></span> <span class='ocrx_word' id='word_1_601' title='bbox 671 4856 850 4909; x_wconf 90' lang='lat' dir='ltr'><strong>nostri</strong></span> <span class='ocrx_word' id='word_1_602' title='bbox 895 4855 1042 4924; x_wconf 87' lang='lat' dir='ltr'><strong>juris</strong></span> <span class='ocrx_word' id='word_1_603' title='bbox 1073 4859 1262 4912; x_wconf 90' lang='lat' dir='ltr'><strong>locum</strong></span> <span class='ocrx_word' id='word_1_604' title='bbox 1315 4859 1639 4928; x_wconf 88' lang='lat' dir='ltr'><strong>Babenperc</strong></span> <span class='ocrx_word' id='word_1_605' title='bbox 1705 4859 1920 4913; x_wconf 91' lang='lat' dir='ltr'><strong>dictum</strong></span> <span class='ocrx_word' id='word_1_606' title='bbox 1977 4860 2036 4913; x_wconf 91' lang='lat' dir='ltr'><strong>in</strong></span> 
     </span>
    </p>
   </div>
   <div class='ocr_carea' id='block_1_97' title="bbox 347 4943 2038 5014">
    <p class='ocr_par' dir='ltr' id='par_1_97' title="bbox 347 4943 2038 5014">
     <span class='ocr_line' id='line_1_97' title="bbox 347 4943 2038 5014; baseline 0.004 -18"><span class='ocrx_word' id='word_1_607' title='bbox 347 4943 574 4996; x_wconf 91' lang='lat' dir='ltr'><strong>culmen</strong></span> <span class='ocrx_word' id='word_1_608' title='bbox 605 4948 661 4995; x_wconf 91' lang='lat' dir='ltr'><strong>et</strong></span> <span class='ocrx_word' id='word_1_609' title='bbox 716 4949 884 5012; x_wconf 91' lang='lat' dir='ltr'><strong>caput</strong></span> <span class='ocrx_word' id='word_1_610' title='bbox 943 4946 1322 5014; x_wconf 87' lang='lat' dir='ltr'><strong>episcopatus,</strong></span> <span class='ocrx_word' id='word_1_611' title='bbox 1382 4947 1598 5001; x_wconf 89' lang='lat' dir='ltr'><strong>honore</strong></span> <span class='ocrx_word' id='word_1_612' title='bbox 1648 4949 1828 5001; x_wconf 90' lang='lat' dir='ltr'><strong>sancti</strong></span> <span class='ocrx_word' id='word_1_613' title='bbox 1886 4949 2038 5002; x_wconf 90' lang='lat' dir='ltr'><strong>Petri</strong></span> 
     </span>
    </p>
   </div>
   <div class='ocr_carea' id='block_1_98' title="bbox 346 5029 2040 5102">
    <p class='ocr_par' dir='ltr' id='par_1_98' title="bbox 346 5029 2040 5102">
     <span class='ocr_line' id='line_1_98' title="bbox 346 5029 2040 5102; baseline 0.004 -20"><span class='ocrx_word' id='word_1_614' title='bbox 346 5029 624 5100; x_wconf 88' lang='lat' dir='ltr'><strong>principis</strong></span> <span class='ocrx_word' id='word_1_615' title='bbox 672 5032 1061 5099; x_wconf 88' lang='lat' dir='ltr'><strong>apostolorum</strong></span> <span class='ocrx_word' id='word_1_616' title='bbox 1100 5031 1382 5102; x_wconf 89' lang='lat' dir='ltr'><strong>insigniti,</strong></span> <span class='ocrx_word' id='word_1_617' title='bbox 1438 5033 1724 5102; x_wconf 87' lang='lat' dir='ltr'><strong>erigentes</strong></span> <span class='ocrx_word' id='word_1_618' title='bbox 1755 5040 1813 5088; x_wconf 89' lang='lat' dir='ltr'><strong>et</strong></span> <span class='ocrx_word' id='word_1_619' title='bbox 1869 5036 2040 5089; x_wconf 89' lang='lat' dir='ltr'><strong>subli-</strong></span> 
     </span>
    </p>
   </div>
   <div class='ocr_carea' id='block_1_99' title="bbox 349 5118 2037 5192">
    <p class='ocr_par' dir='ltr' id='par_1_99' title="bbox 349 5118 2037 5192">
     <span class='ocr_line' id='line_1_99' title="bbox 349 5118 2037 5192; baseline 0.003 -21"><span class='ocrx_word' id='word_1_620' title='bbox 349 5123 591 5179; x_wconf 81' lang='lat' dir='ltr'><strong>mantes.</strong></span> <span class='ocrx_word' id='word_1_621' title='bbox 626 5118 914 5188; x_wconf 89' lang='lat' dir='ltr'><strong>quandam</strong></span> <span class='ocrx_word' id='word_1_622' title='bbox 936 5119 1421 5188; x_wconf 87' lang='lat' dir='ltr'><strong>Wirzeburgensis</strong></span> <span class='ocrx_word' id='word_1_623' title='bbox 1445 5121 1735 5174; x_wconf 87' lang='lat' dir='ltr'><strong>dioceseos</strong></span> <span class='ocrx_word' id='word_1_624' title='bbox 1790 5128 2037 5192; x_wconf 86' lang='lat' dir='ltr'><strong>partem,</strong></span> 
     </span>
    </p>
   </div>
   <div class='ocr_carea' id='block_1_100' title="bbox 347 5205 2040 5278">
    <p class='ocr_par' dir='ltr' id='par_1_100' title="bbox 347 5205 2040 5278">
     <span class='ocr_line' id='line_1_100' title="bbox 347 5205 2040 5278; baseline 0.001 -18"><span class='ocrx_word' id='word_1_625' title='bbox 347 5206 685 5260; x_wconf 85' lang='lat' dir='ltr'><strong>comitatum</strong></span> <span class='ocrx_word' id='word_1_626' title='bbox 735 5205 996 5259; x_wconf 90' lang='lat' dir='ltr'><strong>videlicet</strong></span> <span class='ocrx_word' id='word_1_627' title='bbox 1042 5206 1432 5276; x_wconf 76' lang='lat' dir='ltr'><strong>Ratenzgouin</strong></span> <span class='ocrx_word' id='word_1_628' title='bbox 1499 5208 1736 5274; x_wconf 91' lang='lat' dir='ltr'><strong>dictum,</strong></span> <span class='ocrx_word' id='word_1_629' title='bbox 1790 5210 2040 5278; x_wconf 87' lang='lat' dir='ltr'><strong>exceptis</strong></span> 
     </span>
    </p>
   </div>
   <div class='ocr_carea' id='block_1_101' title="bbox 348 5295 2043 5351">
    <p class='ocr_par' dir='ltr' id='par_1_101' title="bbox 348 5295 2043 5351">
     <span class='ocr_line' id='line_1_101' title="bbox 348 5295 2043 5351; baseline 0.002 -3"><span class='ocrx_word' id='word_1_630' title='bbox 348 5296 532 5350; x_wconf 91' lang='lat' dir='ltr'><strong>tribus</strong></span> <span class='ocrx_word' id='word_1_631' title='bbox 561 5295 809 5350; x_wconf 91' lang='lat' dir='ltr'><strong>ecclesiis</strong></span> <span class='ocrx_word' id='word_1_632' title='bbox 859 5296 1176 5349; x_wconf 84' lang='lat' dir='ltr'><strong>Wahenrod</strong></span> <span class='ocrx_word' id='word_1_633' title='bbox 1216 5301 1274 5348; x_wconf 90' lang='lat' dir='ltr'><strong>et</strong></span> <span class='ocrx_word' id='word_1_634' title='bbox 1317 5295 1680 5350; x_wconf 85' lang='lat' dir='ltr'><strong>Mulinhusen</strong></span> <span class='ocrx_word' id='word_1_635' title='bbox 1722 5313 1785 5350; x_wconf 90' lang='lat' dir='ltr'><strong>ac</strong></span> <span class='ocrx_word' id='word_1_636' title='bbox 1845 5299 2043 5351; x_wconf 87' lang='lat' dir='ltr'><strong>Loner-</strong></span> 
     </span>
    </p>
   </div>
   <div class='ocr_carea' id='block_1_102' title="bbox 350 5383 2040 5454">
    <p class='ocr_par' dir='ltr' id='par_1_102' title="bbox 350 5383 2040 5454">
     <span class='ocr_line' id='line_1_102' title="bbox 350 5383 2040 5454; baseline 0.002 -18"><span class='ocrx_word' id='word_1_637' title='bbox 350 5389 461 5437; x_wconf 90' lang='lat' dir='ltr'><strong>stat</strong></span> <span class='ocrx_word' id='word_1_638' title='bbox 479 5400 607 5438; x_wconf 92' lang='lat' dir='ltr'><strong>cum</strong></span> <span class='ocrx_word' id='word_1_639' title='bbox 633 5383 866 5454; x_wconf 88' lang='lat' dir='ltr'><strong>capellis</strong></span> <span class='ocrx_word' id='word_1_640' title='bbox 887 5383 958 5437; x_wconf 89' lang='lat' dir='ltr'><strong>ad</strong></span> <span class='ocrx_word' id='word_1_641' title='bbox 989 5383 1216 5437; x_wconf 90' lang='lat' dir='ltr'><strong>easdem</strong></span> <span class='ocrx_word' id='word_1_642' title='bbox 1257 5383 1522 5437; x_wconf 91' lang='lat' dir='ltr'><strong>ecclesias</strong></span> <span class='ocrx_word' id='word_1_643' title='bbox 1580 5385 2040 5454; x_wconf 89' lang='lat' dir='ltr'><strong>respicientibus,</strong></span> 
     </span>
    </p>
   </div>
   <div class='ocr_carea' id='block_1_103' title="bbox 351 5470 2045 5543">
    <p class='ocr_par' dir='ltr' id='par_1_103' title="bbox 351 5470 2045 5543">
     <span class='ocr_line' id='line_1_103' title="bbox 351 5470 2045 5543; baseline 0.002 -19"><span class='ocrx_word' id='word_1_644' title='bbox 351 5476 409 5525; x_wconf 86' lang='lat' dir='ltr'><strong>et</strong></span> <span class='ocrx_word' id='word_1_645' title='bbox 459 5473 746 5542; x_wconf 88' lang='lat' dir='ltr'><strong>quandam</strong></span> <span class='ocrx_word' id='word_1_646' title='bbox 793 5477 1019 5543; x_wconf 92' lang='lat' dir='ltr'><strong>partem</strong></span> <span class='ocrx_word' id='word_1_647' title='bbox 1070 5471 1201 5542; x_wconf 91' lang='lat' dir='ltr'><strong>pagi</strong></span> <span class='ocrx_word' id='word_1_648' title='bbox 1259 5470 1535 5525; x_wconf 83' lang='lat' dir='ltr'><strong>Volckfelt</strong></span> <span class='ocrx_word' id='word_1_649' title='bbox 1567 5471 1722 5536; x_wconf 92' lang='lat' dir='ltr'><strong>dicti,</strong></span> <span class='ocrx_word' id='word_1_650' title='bbox 1775 5472 2045 5528; x_wconf 87' lang='lat' dir='ltr'><strong>videlicet</strong></span> 
     </span>
    </p>
   </div>
   <div class='ocr_carea' id='block_1_104' title="bbox 352 5559 2039 5624">
    <p class='ocr_par' dir='ltr' id='par_1_104' title="bbox 352 5559 2039 5624">
     <span class='ocr_line' id='line_1_104' title="bbox 352 5559 2039 5624; baseline 0.002 -15"><span class='ocrx_word' id='word_1_651' title='bbox 352 5559 532 5611; x_wconf 89' lang='lat' dir='ltr'><strong>aloco</strong></span> <span class='ocrx_word' id='word_1_652' title='bbox 564 5560 662 5613; x_wconf 91' lang='lat' dir='ltr'><strong>ubi</strong></span> <span class='ocrx_word' id='word_1_653' title='bbox 692 5562 910 5614; x_wconf 84' lang='lat' dir='ltr'><strong>flumen</strong></span> <span class='ocrx_word' id='word_1_654' title='bbox 964 5561 1146 5614; x_wconf 88' lang='lat' dir='ltr'><strong>Vraha</strong></span> <span class='ocrx_word' id='word_1_655' title='bbox 1198 5560 1410 5612; x_wconf 91' lang='lat' dir='ltr'><strong>dictum</strong></span> <span class='ocrx_word' id='word_1_656' title='bbox 1474 5559 1662 5612; x_wconf 89' lang='lat' dir='ltr'><strong>inlluit</strong></span> <span class='ocrx_word' id='word_1_657' title='bbox 1714 5561 2039 5624; x_wconf 78' lang='lat' dir='ltr'><strong>Hatenzam,</strong></span> 
     </span>
    </p>
   </div>
   <div class='ocr_carea' id='block_1_105' title="bbox 2148 4321 3859 4385">
    <p class='ocr_par' dir='ltr' id='par_1_105' title="bbox 2148 4321 3859 4385">
     <span class='ocr_line' id='line_1_105' title="bbox 2148 4321 3859 4385; baseline 0.001 -11"><span class='ocrx_word' id='word_1_658' title='bbox 2148 4321 2387 4375; x_wconf 89' lang='lat' dir='ltr'><strong>minime</strong></span> <span class='ocrx_word' id='word_1_659' title='bbox 2419 4321 2771 4375; x_wconf 90' lang='lat' dir='ltr'><strong>dubitamus.</strong></span> <span class='ocrx_word' id='word_1_660' title='bbox 2804 4322 2927 4385; x_wconf 87' lang='lat' dir='ltr'><strong>Quo</strong></span> <span class='ocrx_word' id='word_1_661' title='bbox 2982 4321 3131 4375; x_wconf 90' lang='lat' dir='ltr'><strong>circa</strong></span> <span class='ocrx_word' id='word_1_662' title='bbox 3169 4322 3433 4375; x_wconf 91' lang='lat' dir='ltr'><strong>omnium</strong></span> <span class='ocrx_word' id='word_1_663' title='bbox 3484 4322 3545 4377; x_wconf 92' lang='lat' dir='ltr'><strong>S.</strong></span> <span class='ocrx_word' id='word_1_664' title='bbox 3607 4321 3710 4376; x_wconf 90' lang='lat' dir='ltr'><strong>Dei</strong></span> <span class='ocrx_word' id='word_1_665' title='bbox 3746 4323 3859 4375; x_wconf 73' lang='lat' dir='ltr'><strong>Ec-</strong></span> 
     </span>
    </p>
   </div>
   <div class='ocr_carea' id='block_1_106' title="bbox 2147 4409 3863 4480">
    <p class='ocr_par' dir='ltr' id='par_1_106' title="bbox 2147 4409 3863 4480">
     <span class='ocr_line' id='line_1_106' title="bbox 2147 4409 3863 4480; baseline -0.001 -15"><span class='ocrx_word' id='word_1_666' title='bbox 2147 4410 2356 4475; x_wconf 80' lang='lat' dir='ltr'><strong>clesiae,</strong></span> <span class='ocrx_word' id='word_1_667' title='bbox 2414 4410 2782 4480; x_wconf 84' lang='lat' dir='ltr'><strong>praesentium</strong></span> <span class='ocrx_word' id='word_1_668' title='bbox 2835 4409 3049 4463; x_wconf 89' lang='lat' dir='ltr'><strong>scilicet</strong></span> <span class='ocrx_word' id='word_1_669' title='bbox 3123 4415 3178 4463; x_wconf 91' lang='lat' dir='ltr'><strong>et</strong></span> <span class='ocrx_word' id='word_1_670' title='bbox 3256 4410 3602 4475; x_wconf 83' lang='lat' dir='ltr'><strong>futurorum,</strong></span> <span class='ocrx_word' id='word_1_671' title='bbox 3651 4415 3863 4463; x_wconf 86' lang='lat' dir='ltr'><strong>noscat</strong></span> 
     </span>
    </p>
   </div>
   <div class='ocr_carea' id='block_1_107' title="bbox 2146 4497 3862 4568">
    <p class='ocr_par' dir='ltr' id='par_1_107' title="bbox 2146 4497 3862 4568">
     <span class='ocr_line' id='line_1_107' title="bbox 2146 4497 3862 4568; baseline -0.002 -15"><span class='ocrx_word' id='word_1_672' title='bbox 2146 4499 2488 4553; x_wconf 88' lang='lat' dir='ltr'><strong>universitas</strong></span> <span class='ocrx_word' id='word_1_673' title='bbox 2536 4499 2784 4568; x_wconf 89' lang='lat' dir='ltr'><strong>qualiter</strong></span> <span class='ocrx_word' id='word_1_674' title='bbox 2824 4498 3205 4568; x_wconf 81' lang='lat' dir='ltr'><strong>Hieronymus</strong></span> <span class='ocrx_word' id='word_1_675' title='bbox 3259 4499 3312 4552; x_wconf 87' lang='lat' dir='ltr'><strong>S.</strong></span> <span class='ocrx_word' id='word_1_676' title='bbox 3374 4497 3682 4551; x_wconf 76' lang='lat' dir='ltr'><strong>Vicentina:</strong></span> <span class='ocrx_word' id='word_1_677' title='bbox 3744 4498 3862 4550; x_wconf 82' lang='lat' dir='ltr'><strong>Ec-</strong></span> 
     </span>
    </p>
   </div>
   <div class='ocr_carea' id='block_1_108' title="bbox 2147 4586 3861 4657">
    <p class='ocr_par' dir='ltr' id='par_1_108' title="bbox 2147 4586 3861 4657">
     <span class='ocr_line' id='line_1_108' title="bbox 2147 4586 3861 4657; baseline -0.002 -16"><span class='ocrx_word' id='word_1_678' title='bbox 2147 4588 2335 4642; x_wconf 63' lang='lat' dir='ltr'><strong>clesiae</strong></span> <span class='ocrx_word' id='word_1_679' title='bbox 2369 4586 2672 4657; x_wconf 84' lang='lat' dir='ltr'><strong>episcopus</strong></span> <span class='ocrx_word' id='word_1_680' title='bbox 2702 4592 2897 4640; x_wconf 92' lang='lat' dir='ltr'><strong>noster</strong></span> <span class='ocrx_word' id='word_1_681' title='bbox 2925 4587 3224 4640; x_wconf 86' lang='lat' dir='ltr'><strong>familiaris</strong></span> <span class='ocrx_word' id='word_1_682' title='bbox 3272 4591 3526 4640; x_wconf 88' lang='lat' dir='ltr'><strong>nostram</strong></span> <span class='ocrx_word' id='word_1_683' title='bbox 3555 4586 3700 4639; x_wconf 90' lang='lat' dir='ltr'><strong>adiit</strong></span> <span class='ocrx_word' id='word_1_684' title='bbox 3730 4587 3861 4639; x_wconf 90' lang='lat' dir='ltr'><strong>cle-</strong></span> 
     </span>
    </p>
   </div>
   <div class='ocr_carea' id='block_1_109' title="bbox 2148 4674 3861 4745">
    <p class='ocr_par' dir='ltr' id='par_1_109' title="bbox 2148 4674 3861 4745">
     <span class='ocr_line' id='line_1_109' title="bbox 2148 4674 3861 4745; baseline -0.002 -15"><span class='ocrx_word' id='word_1_685' title='bbox 2148 4675 2424 4730; x_wconf 88' lang='lat' dir='ltr'><strong>mentiam</strong></span> <span class='ocrx_word' id='word_1_686' title='bbox 2457 4675 2773 4745; x_wconf 87' lang='lat' dir='ltr'><strong>postulans,</strong></span> <span class='ocrx_word' id='word_1_687' title='bbox 2831 4680 2918 4741; x_wconf 91' lang='lat' dir='ltr'><strong>ut,</strong></span> <span class='ocrx_word' id='word_1_688' title='bbox 2967 4691 3071 4744; x_wconf 84' lang='lat' dir='ltr'><strong>pro</strong></span> <span class='ocrx_word' id='word_1_689' title='bbox 3119 4675 3216 4728; x_wconf 93' lang='lat' dir='ltr'><strong>Dei</strong></span> <span class='ocrx_word' id='word_1_690' title='bbox 3274 4690 3470 4727; x_wconf 89' lang='lat' dir='ltr'><strong>amore</strong></span> <span class='ocrx_word' id='word_1_691' title='bbox 3524 4674 3861 4744; x_wconf 71' lang='lat' dir='ltr'><strong>animasque</strong></span> 
     </span>
    </p>
   </div>
   <div class='ocr_carea' id='block_1_110' title="bbox 2149 4762 3865 4832">
    <p class='ocr_par' dir='ltr' id='par_1_110' title="bbox 2149 4762 3865 4832">
     <span class='ocr_line' id='line_1_110' title="bbox 2149 4762 3865 4832; baseline -0.001 -14"><span class='ocrx_word' id='word_1_692' title='bbox 2149 4770 2356 4819; x_wconf 70' lang='lat' dir='ltr'><strong>nostra:</strong></span> <span class='ocrx_word' id='word_1_693' title='bbox 2405 4763 2680 4828; x_wconf 88' lang='lat' dir='ltr'><strong>remedio,</strong></span> <span class='ocrx_word' id='word_1_694' title='bbox 2723 4763 2952 4816; x_wconf 89' lang='lat' dir='ltr'><strong>castella</strong></span> <span class='ocrx_word' id='word_1_695' title='bbox 3007 4762 3094 4816; x_wconf 92' lang='lat' dir='ltr'><strong>sui</strong></span> <span class='ocrx_word' id='word_1_696' title='bbox 3162 4762 3440 4832; x_wconf 88' lang='lat' dir='ltr'><strong>episc0pii</strong></span> <span class='ocrx_word' id='word_1_697' title='bbox 3482 4762 3699 4815; x_wconf 85' lang='lat' dir='ltr'><strong>Vicent.</strong></span> <span class='ocrx_word' id='word_1_698' title='bbox 3753 4762 3865 4832; x_wconf 89' lang='lat' dir='ltr'><strong>qui</strong></span> 
     </span>
    </p>
   </div>
   <div class='ocr_carea' id='block_1_111' title="bbox 2148 4851 3864 4921">
    <p class='ocr_par' dir='ltr' id='par_1_111' title="bbox 2148 4851 3864 4921">
     <span class='ocr_line' id='line_1_111' title="bbox 2148 4851 3864 4921; baseline -0.002 -13"><span class='ocrx_word' id='word_1_699' title='bbox 2148 4853 2293 4908; x_wconf 89' lang='lat' dir='ltr'><strong>fodri</strong></span> <span class='ocrx_word' id='word_1_700' title='bbox 2319 4851 2666 4906; x_wconf 90' lang='lat' dir='ltr'><strong>detrimento</strong></span> <span class='ocrx_word' id='word_1_701' title='bbox 2693 4867 2875 4921; x_wconf 91' lang='lat' dir='ltr'><strong>usque</strong></span> <span class='ocrx_word' id='word_1_702' title='bbox 2911 4852 3078 4904; x_wconf 89' lang='lat' dir='ltr'><strong>modo</strong></span> <span class='ocrx_word' id='word_1_703' title='bbox 3125 4852 3496 4904; x_wconf 89' lang='lat' dir='ltr'><strong>vastabantur</strong></span> <span class='ocrx_word' id='word_1_704' title='bbox 3525 4856 3582 4904; x_wconf 90' lang='lat' dir='ltr'><strong>et</strong></span> <span class='ocrx_word' id='word_1_705' title='bbox 3611 4852 3864 4904; x_wconf 89' lang='lat' dir='ltr'><strong>concul-</strong></span> 
     </span>
    </p>
   </div>
   <div class='ocr_carea' id='block_1_112' title="bbox 2148 4939 3864 5010">
    <p class='ocr_par' dir='ltr' id='par_1_112' title="bbox 2148 4939 3864 5010">
     <span class='ocr_line' id='line_1_112' title="bbox 2148 4939 3864 5010; baseline -0.003 -13"><span class='ocrx_word' id='word_1_706' title='bbox 2148 4943 2443 5004; x_wconf 89' lang='lat' dir='ltr'><strong>cabantur,</strong></span> <span class='ocrx_word' id='word_1_707' title='bbox 2482 4946 2694 4994; x_wconf 68' lang='lat' dir='ltr'><strong>nostra:</strong></span> <span class='ocrx_word' id='word_1_708' title='bbox 2736 4941 2909 5010; x_wconf 67' lang='lat' dir='ltr'><strong>regia:</strong></span> <span class='ocrx_word' id='word_1_709' title='bbox 2951 4939 3305 4994; x_wconf 85' lang='lat' dir='ltr'><strong>auctoritatis</strong></span> <span class='ocrx_word' id='word_1_710' title='bbox 3349 4939 3658 5010; x_wconf 86' lang='lat' dir='ltr'><strong>largitione</strong></span> <span class='ocrx_word' id='word_1_711' title='bbox 3717 4956 3864 5008; x_wconf 86' lang='lat' dir='ltr'><strong>per-</strong></span> 
     </span>
    </p>
   </div>
   <div class='ocr_carea' id='block_1_113' title="bbox 2149 5028 3869 5099">
    <p class='ocr_par' dir='ltr' id='par_1_113' title="bbox 2149 5028 3869 5099">
     <span class='ocr_line' id='line_1_113' title="bbox 2149 5028 3869 5099; baseline -0.002 -13"><span class='ocrx_word' id='word_1_712' title='bbox 2149 5033 2492 5087; x_wconf 87' lang='lat' dir='ltr'><strong>donaremus</strong></span> <span class='ocrx_word' id='word_1_713' title='bbox 2575 5034 2632 5082; x_wconf 89' lang='lat' dir='ltr'><strong>et</strong></span> <span class='ocrx_word' id='word_1_714' title='bbox 2721 5029 3182 5084; x_wconf 84' lang='lat' dir='ltr'><strong>concederemus.</strong></span> <span class='ocrx_word' id='word_1_715' title='bbox 3253 5029 3426 5099; x_wconf 89' lang='lat' dir='ltr'><strong>Cujus</strong></span> <span class='ocrx_word' id='word_1_716' title='bbox 3481 5028 3869 5098; x_wconf 88' lang='lat' dir='ltr'><strong>petitionibus</strong></span> 
     </span>
    </p>
   </div>
   <div class='ocr_carea' id='block_1_114' title="bbox 2149 5117 3867 5188">
    <p class='ocr_par' dir='ltr' id='par_1_114' title="bbox 2149 5117 3867 5188">
     <span class='ocr_line' id='line_1_114' title="bbox 2149 5117 3867 5188; baseline -0.002 -14"><span class='ocrx_word' id='word_1_717' title='bbox 2149 5124 2488 5182; x_wconf 85' lang='lat' dir='ltr'><strong>annuentes,</strong></span> <span class='ocrx_word' id='word_1_718' title='bbox 2521 5123 2692 5187; x_wconf 91' lang='lat' dir='ltr'><strong>prout</strong></span> <span class='ocrx_word' id='word_1_719' title='bbox 2743 5118 2894 5188; x_wconf 86' lang='lat' dir='ltr'><strong>juste</strong></span> <span class='ocrx_word' id='word_1_720' title='bbox 2926 5123 2983 5171; x_wconf 92' lang='lat' dir='ltr'><strong>et</strong></span> <span class='ocrx_word' id='word_1_721' title='bbox 3034 5117 3296 5188; x_wconf 85' lang='lat' dir='ltr'><strong>legaliter</strong></span> <span class='ocrx_word' id='word_1_722' title='bbox 3352 5133 3678 5187; x_wconf 88' lang='lat' dir='ltr'><strong>possumus,</strong></span> <span class='ocrx_word' id='word_1_723' title='bbox 3733 5117 3867 5186; x_wconf 88' lang='lat' dir='ltr'><strong>jam</strong></span> 
     </span>
    </p>
   </div>
   <div class='ocr_carea' id='block_1_115' title="bbox 2150 5205 3867 5276">
    <p class='ocr_par' dir='ltr' id='par_1_115' title="bbox 2150 5205 3867 5276">
     <span class='ocr_line' id='line_1_115' title="bbox 2150 5205 3867 5276; baseline -0.002 -13"><span class='ocrx_word' id='word_1_724' title='bbox 2150 5210 2301 5264; x_wconf 89' lang='lat' dir='ltr'><strong>dicto</strong></span> <span class='ocrx_word' id='word_1_725' title='bbox 2364 5206 2710 5276; x_wconf 89' lang='lat' dir='ltr'><strong>Hieronymo</strong></span> <span class='ocrx_word' id='word_1_726' title='bbox 2767 5207 3038 5276; x_wconf 88' lang='lat' dir='ltr'><strong>episcopo</strong></span> <span class='ocrx_word' id='word_1_727' title='bbox 3096 5207 3328 5276; x_wconf 84' lang='lat' dir='ltr'><strong>suisque</strong></span> <span class='ocrx_word' id='word_1_728' title='bbox 3403 5205 3867 5271; x_wconf 89' lang='lat' dir='ltr'><strong>successoribus,</strong></span> 
     </span>
    </p>
   </div>
   <div class='ocr_carea' id='block_1_116' title="bbox 2152 5294 3864 5365">
    <p class='ocr_par' dir='ltr' id='par_1_116' title="bbox 2152 5294 3864 5365">
     <span class='ocr_line' id='line_1_116' title="bbox 2152 5294 3864 5365; baseline -0.001 -15"><span class='ocrx_word' id='word_1_729' title='bbox 2152 5298 2297 5350; x_wconf 81' lang='lat' dir='ltr'><strong>sicut</strong></span> <span class='ocrx_word' id='word_1_730' title='bbox 2325 5295 2433 5349; x_wconf 91' lang='lat' dir='ltr'><strong>sibi</strong></span> <span class='ocrx_word' id='word_1_731' title='bbox 2459 5310 2793 5348; x_wconf 90' lang='lat' dir='ltr'><strong>concessum</strong></span> <span class='ocrx_word' id='word_1_732' title='bbox 2825 5300 2910 5348; x_wconf 88' lang='lat' dir='ltr'><strong>est</strong></span> <span class='ocrx_word' id='word_1_733' title='bbox 2935 5301 2993 5348; x_wconf 90' lang='lat' dir='ltr'><strong>et</strong></span> <span class='ocrx_word' id='word_1_734' title='bbox 3045 5294 3432 5365; x_wconf 89' lang='lat' dir='ltr'><strong>perdonatum</strong></span> <span class='ocrx_word' id='word_1_735' title='bbox 3465 5312 3498 5348; x_wconf 91' lang='lat' dir='ltr'><strong>a</strong></span> <span class='ocrx_word' id='word_1_736' title='bbox 3542 5296 3681 5349; x_wconf 92' lang='lat' dir='ltr'><strong>bon.</strong></span> <span class='ocrx_word' id='word_1_737' title='bbox 3737 5311 3864 5348; x_wconf 87' lang='lat' dir='ltr'><strong>me.</strong></span> 
     </span>
    </p>
   </div>
   <div class='ocr_carea' id='block_1_117' title="bbox 2153 5383 3867 5453">
    <p class='ocr_par' dir='ltr' id='par_1_117' title="bbox 2153 5383 3867 5453">
     <span class='ocr_line' id='line_1_117' title="bbox 2153 5383 3867 5453; baseline -0.001 -14"><span class='ocrx_word' id='word_1_738' title='bbox 2153 5387 2216 5439; x_wconf 93' lang='lat' dir='ltr'><strong>D.</strong></span> <span class='ocrx_word' id='word_1_739' title='bbox 2277 5385 2497 5439; x_wconf 91' lang='lat' dir='ltr'><strong>Othone</strong></span> <span class='ocrx_word' id='word_1_740' title='bbox 2527 5383 2747 5437; x_wconf 64' lang='lat' dir='ltr'><strong>(lassare</strong></span> <span class='ocrx_word' id='word_1_741' title='bbox 2805 5386 3086 5453; x_wconf 89' lang='lat' dir='ltr'><strong>Augusto,</strong></span> <span class='ocrx_word' id='word_1_742' title='bbox 3165 5385 3552 5453; x_wconf 90' lang='lat' dir='ltr'><strong>perdonamus</strong></span> <span class='ocrx_word' id='word_1_743' title='bbox 3641 5388 3707 5438; x_wconf 90' lang='lat' dir='ltr'><strong>ut</strong></span> <span class='ocrx_word' id='word_1_744' title='bbox 3787 5385 3867 5438; x_wconf 88' lang='lat' dir='ltr'><strong>de</strong></span> 
     </span>
    </p>
   </div>
   <div class='ocr_carea' id='block_1_118' title="bbox 2153 5469 3866 5541">
    <p class='ocr_par' dir='ltr' id='par_1_118' title="bbox 2153 5469 3866 5541">
     <span class='ocr_line' id='line_1_118' title="bbox 2153 5469 3866 5541; baseline -0.002 -13"><span class='ocrx_word' id='word_1_745' title='bbox 2153 5472 2420 5528; x_wconf 84' lang='lat' dir='ltr'><strong>omnibus</strong></span> <span class='ocrx_word' id='word_1_746' title='bbox 2471 5469 2716 5524; x_wconf 87' lang='lat' dir='ltr'><strong>castellis</strong></span> <span class='ocrx_word' id='word_1_747' title='bbox 2761 5471 2830 5525; x_wconf 89' lang='lat' dir='ltr'><strong>ad</strong></span> <span class='ocrx_word' id='word_1_748' title='bbox 2889 5488 3056 5526; x_wconf 91' lang='lat' dir='ltr'><strong>suum</strong></span> <span class='ocrx_word' id='word_1_749' title='bbox 3109 5471 3228 5541; x_wconf 89' lang='lat' dir='ltr'><strong>jam</strong></span> <span class='ocrx_word' id='word_1_750' title='bbox 3278 5472 3497 5526; x_wconf 88' lang='lat' dir='ltr'><strong>dictum</strong></span> <span class='ocrx_word' id='word_1_751' title='bbox 3537 5471 3866 5540; x_wconf 87' lang='lat' dir='ltr'><strong>Episcopa-</strong></span> 
     </span>
    </p>
   </div>
   <div class='ocr_carea' id='block_1_119' title="bbox 2153 5559 3860 5628">
    <p class='ocr_par' dir='ltr' id='par_1_119' title="bbox 2153 5559 3860 5628">
     <span class='ocr_line' id='line_1_119' title="bbox 2153 5559 3860 5628; baseline 0 -15"><span class='ocrx_word' id='word_1_752' title='bbox 2153 5568 2273 5614; x_wconf 88' lang='lat' dir='ltr'><strong>tum</strong></span> <span class='ocrx_word' id='word_1_753' title='bbox 2327 5559 2766 5628; x_wconf 87' lang='lat' dir='ltr'><strong>pertinentibus,</strong></span> <span class='ocrx_word' id='word_1_754' title='bbox 2830 5559 3042 5612; x_wconf 88' lang='lat' dir='ltr'><strong>scilicet</strong></span> <span class='ocrx_word' id='word_1_755' title='bbox 3101 5561 3442 5622; x_wconf 83' lang='lat' dir='ltr'><strong>Barbarano,</strong></span> <span class='ocrx_word' id='word_1_756' title='bbox 3501 5561 3860 5624; x_wconf 82' lang='lat' dir='ltr'><strong>Salvatiano,</strong></span> 
     </span>
    </p>
   </div>
  </div>
