3980 6404
122 366 214 419 281
1390 368 1790 430 DIPLOMATA
1830 372 2385 433 ECCLESIASTICA.

122 487 382 555 Nosceta,
432 488 722 557 Albetine,
782 490 1111 557 Aureliano,
1164 492 1450 557 Custodia,
1505 496 1823 565 Grancona,
1857 499 1903 550 Α

120 577 431 640 Grumodo,
513 578 1171 647 Vincentia-Brendulis,
1257 582 1545 652 Altavilla,
1612 584 1832 638 Monte-

119 664 317 733 digno,
378 666 657 735 Corvedo,
715 674 772 721 et
828 668 896 722 de
955 670 1107 723 Valle
1178 671 1502 739 Coturnica,
1577 673 1830 742 Cucullo,

125 753 299 818 Vello,
363 755 613 819 Arserio,
675 765 729 809 et
778 757 1046 811 omnibus
1102 759 1332 813 famulis
1392 777 1565 830 super
1626 766 1832 816 lerram

114 841 235 909 jam
276 841 417 895 dicti
463 842 830 913 episcopatus
862 846 1263 901 habitantibus
1294 848 1383 901 vel
1422 848 1831 919 residentibus,

122 946 237 982 non
268 929 444 983 alicui
493 932 712 985 homini
746 938 863 987 tam
905 934 1143 988 ducibus
1176 952 1349 1006 quam
1384 937 1831 1003 marchionibus,

124 1018 449 1085 comitibus,
484 1037 583 1073 seu
637 1021 808 1076 alicui
861 1039 1089 1093 magna:
1122 1041 1427 1095 parvaeque
1457 1042 1718 1095 persona:
1747 1028 1832 1080 fo-

122 1106 287 1160 drum
341 1110 722 1177 persolvatur,
775 1113 860 1164 vel
914 1113 1261 1167 concedatur
1312 1133 1325 1181 ;
1375 1115 1471 1168 sed
1516 1115 1683 1169 liceat
1731 1132 1836 1185 per

124 1194 227 1247 hoc
258 1204 615 1267 praeceptum
650 1200 773 1268 jam
817 1200 967 1254 dicto
998 1200 1345 1272 Hieronymo
1380 1204 1648 1273 episcopo
1684 1205 1833 1258 suis-

121 1298 230 1353 que
266 1287 711 1351 successoribus,
761 1288 909 1342 sicut
959 1290 1226 1359 superius
1262 1291 1538 1361 scriptum
1569 1293 1832 1360 habetur,

122 1372 314 1439 quiete
376 1380 433 1427 et
501 1376 737 1443 paciﬁce
812 1376 1009 1431 omnia
1079 1380 1502 1449 praenominata
1555 1382 1832 1443 castella,

122 1478 441 1533 eorumque
482 1464 833 1519 habitatores
887 1468 955 1521 ad
998 1470 1117 1537 jam
1171 1469 1387 1523 dictum
1443 1470 1835 1541 episcOpatum

120 1551 503 1619 pertinentes,
566 1553 654 1606 vel
700 1572 872 1623 super
919 1563 1131 1611 terrain
1194 1559 1320 1629 ejus
1374 1560 1711 1627 residentes,
1766 1564 1837 1616 de

120 1638 393 1693 omnibus
426 1641 606 1694 fodris
652 1642 981 1713 defendere,
1030 1651 1086 1699 et
1133 1654 1457 1717 protegere,
1516 1650 1672 1702 omni
1707 1666 1837 1703 con-

120 1728 464 1783 tradictione
509 1737 749 1786 remota.
784 1733 841 1787 Si
893 1750 1024 1787 vero
1073 1736 1384 1806 contigerit
1433 1742 1493 1790 ut
1523 1754 1622 1790 nos
1655 1739 1714 1791 in
1745 1754 1839 1791 eas

120 1823 313 1885 partes
362 1818 684 1887 veniamus,
742 1821 863 1890 ipse
893 1823 1011 1892 jam
1064 1823 1247 1877 dictus
1295 1825 1674 1896 Hieronymus
1721 1826 1843 1896 epi-

123 1920 353 1972 scopus,
408 1907 492 1959 vel
543 1907 634 1961 sui
682 1925 1032 1965 successores
1062 1928 1167 1981 per
1196 1929 1254 1965 se
1284 1914 1371 1966 vel
1405 1930 1605 1967 eorum
1638 1914 1841 1968 missos

125 1992 325 2046 fideles
355 1993 590 2048 fodrum
622 1997 914 2067 colligant,
957 1999 1235 2070 nobisque
1264 2002 1494 2056 servitia
1525 2004 1840 2057 secundum

128 2096 294 2150 posse
331 2089 682 2153 praeparent,
742 2102 807 2139 eo
840 2086 1099 2142 videlicet
1129 2089 1327 2142 ordine
1378 2094 1438 2143 ut
1484 2090 1675 2143 nullus
1706 2091 1836 2155 dux,

130 2171 481 2238 patriarcha,
520 2174 794 2241 marchio,
843 2192 1053 2243 comes,
1110 2177 1449 2243 vicecomes,
1501 2178 1838 2243 sculdasius,

129 2259 431 2325 gastaldlo,
492 2262 766 2332 nullaque
823 2264 1002 2317 nostri
1059 2266 1229 2336 regni
1283 2282 1495 2335 magna
1550 2282 1841 2336 parvaque

129 2349 760 2417 persona-praedictum
814 2353 1227 2423 Hieronymum
1285 2354 1614 2425 episcopum
1673 2371 1842 2408 suos-

128 2450 237 2503 que
315 2452 672 2491 successores
746 2440 813 2492 de
879 2441 1297 2510 perdunatione
1365 2448 1422 2496 et
1477 2444 1840 2497 concessione

127 2523 357 2576 fodrum
410 2526 865 2597 subscriptorum
911 2534 1229 2584 castrorum
1277 2531 1623 2602 inquietare,
1659 2533 1840 2586 mole-

129 2616 297 2673 stare,
348 2611 596 2683 fatigare
649 2616 855 2669 audeat
901 2618 989 2671 vel
1040 2624 1370 2688 praesumat.
1414 2620 1470 2673 Si
1502 2637 1652 2683 vero,
1690 2620 1841 2690 quod

133 2714 241 2751 non
289 2702 603 2768 credimus,
652 2702 761 2757 hoc
815 2709 1076 2759 nostrum
1122 2712 1477 2777 praeceptum
1527 2707 1841 2776 infringere

134 2789 451 2856 tentaverit,
496 2790 637 2844 sciat
668 2808 726 2845 se
758 2795 1217 2863 compositurum
1266 2795 1393 2849 auri
1438 2796 1735 2867 purissimi
1770 2796 1839 2849 li-

132 2875 252 2927 bras
281 2878 655 2947 quingentas,
691 2882 1060 2936 medietatem
1091 2899 1333 2938 camera:
1365 2890 1593 2951 nostrae,
1628 2892 1683 2939 et
1715 2902 1837 2938 ine-

129 2964 396 3019 dietatem
432 2968 707 3036 praedicto
742 2970 1093 3041 Hieronymo
1141 2974 1282 3042 (155)
1311 2974 1580 3044 episcopo
1604 2974 1836 3044 suisque

3555 387 3659 439 282

2013 497 2078 551 In
2126 498 2361 552 nomine
2404 504 2615 554 sanctae
2647 505 2704 555 et
2740 499 3052 557 individua;
3079 503 3392 572 Trinitatis,
3430 507 3654 561 HEINRI-

1944 602 2039 639 cus
2070 586 2268 640 divina
2298 587 2524 642 favente
2552 589 2856 643 clementia
2887 608 3003 645 rex.

2018 675 2226 729 Notum
2260 676 2332 729 sit
2380 676 2649 729 omnibus
2696 678 2907 731 nostris
2955 680 3243 747 fidelibus,
3275 683 3657 752 praesentibus

1943 762 2155 817 scilicet
2184 769 2241 816 et
2278 764 2488 817 futuris
2513 764 2761 833 qualiter
2793 782 2915 832 nos,
2961 768 3287 823 interventu
3344 777 3517 841 atque
3554 786 3654 840 pc-

1944 851 2144 904 titione
2176 851 2461 907 lleriberti
2494 854 2635 922 (156)
2674 854 3027 908 Coloniensis
3057 857 3492 928 archiepiscopi,
3515 859 3655 912 ban-

1944 956 2085 992 num
2106 946 2381 993 nostrum
2404 941 2721 995 bestiarum
2749 943 3003 997 Baldrico
3040 944 3186 1015 (157)
3215 952 3425 999 sanctae
3461 947 3659 1002 Leodi-

1945 1028 2128 1081 censis
2172 1029 2435 1082 Ecclesiaa
2468 1029 2723 1099 praesuli,
2752 1047 2856 1084 nec
2878 1049 2995 1086 non
3026 1034 3287 1088 Baldrico
3310 1036 3458 1105 (158)
3491 1036 3659 1089 comi-

1944 1116 2010 1183 ti,
2036 1132 2207 1186 super
2240 1133 2438 1171 eorum
2473 1118 2732 1188 proprias
2772 1118 2961 1185 silvas,
2996 1137 3125 1190 qua),
3173 1128 3325 1189 sunt,
3377 1123 3523 1177 inter
3559 1124 3658 1178 illa

1948 1204 2061 1258 duo
2093 1204 2357 1271 flumina,
2393 1221 2521 1274 quas
2550 1206 2720 1259 ambo
2755 1206 2920 1260 Nithe
2962 1206 3106 1277 (159)
3138 1215 3432 1275 vocantur,
3466 1215 3522 1263 et
3544 1215 3656 1263 ter-

1946 1292 2090 1346 tium
2117 1292 2271 1362 quod
2301 1292 2464 1346 Tliila
2496 1294 2635 1363 (160)
2669 1294 3025 1360 nominatur,
3054 1296 3195 1359 sitae,
3231 1303 3288 1350 et
3317 1314 3447 1367 qme
3474 1301 3656 1367 perti-

1947 1386 2086 1434 nent
2115 1381 2184 1434 ad
2207 1380 2332 1434 illas
2363 1382 2524 1434 villas
2549 1382 2734 1436 lleiste
2766 1382 2914 1452 (161)
2946 1388 3002 1436 et
3022 1383 3268 1444 lleisten,
3304 1402 3368 1437 ac
3396 1386 3656 1439 Badfride

1946 1487 2051 1523 nec
2084 1487 2197 1523 non
2221 1470 2486 1524 Maclines
2514 1470 2682 1540 (162),
2711 1470 3053 1539 nominatas,
3079 1472 3233 1541 quod
3256 1478 3447 1526 tamen
3470 1478 3654 1528 totum

1948 1559 2291 1611 Waverwald
2347 1559 2691 1628 appellatur,
2746 1561 2805 1611 in
2855 1558 3132 1612 comitatu
3185 1574 3313 1613 vero
3372 1560 3658 1615 Gozilonis

1948 1646 2191 1710 comitis,
2219 1646 2317 1717 qui
2336 1646 2781 1715 AnteWerf(163)
2805 1647 3033 1715 dicitur,
3058 1647 3253 1714 situm,
3276 1665 3379 1718 per
3400 1649 3547 1703 hanc
3571 1666 3659 1703 no-

1950 1740 2123 1787 stram
2168 1736 2567 1805 praeceptalem
2617 1734 2888 1804 paginam
2936 1735 3305 1789 concedimus
3336 1742 3506 1807 atque
3546 1738 3658 1791 lar-

1950 1822 2161 1891 gimur,
2193 1826 2249 1875 et
2281 1822 2351 1875 de
2381 1827 2574 1876 nostro
2597 1823 2730 1891 jure
2777 1822 2835 1876 in
2879 1839 3079 1877 eorum
3116 1823 3212 1894 jus
3239 1841 3304 1878 ac
3335 1824 3659 1879 dominium

1953 1910 2447 1964 transfundimus:
2511 1927 2577 1964 ea
2624 1910 2885 1964 videlicet
2934 1911 3157 1965 ratione
3207 1916 3287 1977 ut,
3344 1912 3662 1984 prtescripti

1954 1999 2196 2053 Baldrici
2253 1999 2322 2052 de
2379 1998 2795 2069 praenominato
2854 1999 3046 2053 banuo
3106 2000 3346 2070 ejusque
3415 2000 3660 2055 utilitate

1952 2086 2158 2141 dehinc
2219 2087 2459 2141 liberam
2514 2088 2786 2153 habeant,
2847 2088 3132 2158 quidquid
3189 2088 3296 2143 sibi
3352 2089 3659 2169 placuerit,
3752 2110 3761 2113 δ

1950 2180 2291 2245 potestatem
2314 2175 2582 2243 faciendi,
2615 2175 2877 2230 omnium
2910 2175 3216 2231 hominum
3250 2178 3658 2231 contradictio-

1952 2281 2025 2317 ne
2066 2269 2305 2317 remota.

2025 2354 2089 2406 Et
2116 2359 2177 2405 ut
2206 2352 2327 2406 hzec
2377 2350 2705 2406 donationis
2750 2358 2957 2406 nostrae
3007 2352 3313 2406 auctoritas
3360 2353 3579 2407 stabilis
3609 2358 3664 2405 et

1949 2440 2283 2495 inconvulsa
2312 2441 2469 2494 omni
2497 2445 2833 2511 permaneat
2863 2446 3141 2511 tempore,
3176 2442 3281 2496 hoc
3310 2446 3663 2511 praeceptum

1948 2530 2080 2583 inde
2113 2530 2523 2599 conscriptum,
2563 2546 2737 2582 manu
2798 2530 3033 2600 propria
3081 2530 3537 2597 corroborantes,
3584 2531 3662 2584 si-

1950 2619 2089 2689 gillo
2122 2623 2314 2672 nostro
2346 2617 2613 2688 insigniri
2642 2618 2934 2688 iussimus.

2020 2708 2252 2773 Signum
2276 2707 2486 2760 domini
2516 2708 2738 2759 chrici
2764 2708 2904 2772 regis
2935 2708 3304 2761 invictissimi.

2020 2795 2381 2848 Eberhardus
2411 2794 2556 2861 (16-1)
2583 2794 2980 2860 cancellarius,
3025 2796 3142 2849 vice
3174 2794 3436 2863 Willigisi
3467 2793 3657 2848 archi-

1948 2882 2247 2953 capellani,
2272 2883 2623 2952 recognovit.
2664 2884 2871 2937 Datum
2905 2883 3094 2953 pridie
3130 2883 3261 2937 ldus
3283 2883 3660 2953 Septembris,

1948 2971 2258 3025 indictione
2290 2976 2467 3036 sexta,
2527 2988 2676 3024 anno
2723 2971 3033 3025 Dominicaa
3072 2971 3483 3025 incarnationis
3528 2971 3662 3025 mil-

130 3055 569 3111 successoribus.
631 3057 791 3120 Quod
841 3064 903 3113 ut
949 3059 1137 3113 verius
1169 3062 1463 3130 habeatur,
1498 3079 1669 3116 manu
1707 3079 1840 3132 pro-
1876 3060 1915 3112 C
1954 3060 2154 3113 lesimo
2182 3066 2399 3125 octavo,
2433 3076 2586 3112 anno
2619 3076 2752 3112 vero
2794 3059 3013 3113 domini
3046 3059 3272 3113 Henrici
3303 3060 3540 3113 secundi
3569 3076 3659 3113 re-

130 3142 248 3210 pria
277 3143 432 3196 hanc
480 3143 753 3214 paginam
803 3147 1140 3202 roborantes
1189 3149 1378 3220 sigillo
1420 3156 1618 3205 nostro
1662 3152 1838 3222 jussi-

131 3246 252 3284 mus
282 3232 579 3302 insigniri.

197 3321 426 3388 Signum
466 3322 535 3374 D.
572 3323 806 3377 chrici
835 3326 870 3391 -1-
900 3327 1045 3393 regis
1068 3327 1442 3381 invictissimi.

197 3409 521 3464 Eberardus
552 3411 1047 3482 archicapellanus
1082 3416 1432 3484 recognovit.

202 3498 410 3552 Datum
470 3515 599 3565 xxx,
646 3544 657 3555 .
706 3543 717 3553 .
765 3540 778 3554 .
837 3505 1003 3556 Anno
1063 3503 1377 3557 Dominicze
1426 3504 1840 3559 incarnationis

133 3585 439 3639 millesimo
470 3588 612 3655 Vlll,
643 3588 838 3643 indict.
865 3607 937 3655 IV,
971 3607 1122 3644 anno
1154 3592 1358 3662 quinto
1384 3593 1565 3666 [vero]
1605 3594 1664 3647 l).
1701 3595 1841 3649 Hen-

132 3672 227 3726 rici
287 3676 461 3747 regni
521 3678 717 3749 [regis]
775 3695 847 3732 γι.
903 3685 1107 3735 Actum
1160 3678 1403 3737 ‘Mulind.
1453 3724 1465 3737 .
1513 3725 1524 3736 .
1575 3682 1836 3737 feliciter.

132 3766 325 3819 Amen.

879 3840 1054 3894 XLVI.

134 3924 182 3975 S.
236 3927 507 3999 Henricus
558 3927 859 3994 Imperator
915 3930 1169 3983 Baldrico
1215 3932 1461 3999 episcopo
1505 3931 1837 3995 Leodiccnsi,

196 4001 243 4047 et
276 3996 540 4049 Batdrico
590 4001 774 4051 comiti
821 3999 918 4054 dat
962 4001 1200 4055 bannum
1239 3996 1543 4056 bestiarum
1592 4004 1650 4055 in
1684 4005 1839 4057 silvis

197 4082 328 4133 quas
343 4066 736 4137 possidebant.

792 4158 980 4225 (Anno
1010 4160 1189 4229 1008.)

504 4244 777 4315 (Μίνωας,
808 4247 946 4316 Opp.
981 4248 1229 4317 diptom.,
1264 4249 1336 4314 II,
1370 4250 1481 4319 53.]

201 4350 343 4413 (155)
394 4350 563 4403 Idem
583 4350 979 4424 Hieronymus
1032 4352 1101 4405 ab
1145 4353 1347 4406 eodem
1394 4353 1636 4415 Henrico
1690 4354 1831 4424 imp.
1868 4344 1910 4398 υ

138 4422 397 4488 tanquam
466 4421 739 4489 perjurus
819 4428 876 4475 et
958 4428 1212 4484 apostata
1271 4432 1669 4478 exauctoratus
1731 4421 1835 4487 est,

138 4489 359 4559 ejusque
406 4490 568 4564 bona
626 4490 935 4560 publicata.
986 4494 1063 4547 Ea
1101 4511 1229 4564 quae
1275 4494 1332 4546 in
1368 4496 1633 4563 Papiensi
1664 4499 1844 4550 comi-

138 4564 241 4635 tatu
270 4563 644 4635 possidebat,
671 4564 932 4617 Comensi
974 4563 1233 4618 Ecclesiae
1267 4565 1500 4618 fuerunt
1528 4583 1794 4620 concessa
1829 4585 1842 4635 ;

136 4630 195 4683 de
225 4630 335 4702 qua
380 4650 443 4685 re
496 4633 560 4685 in
591 4632 900 4701 diplomate
952 4634 1195 4689 Conradi
1233 4636 1295 4698 ll,
1343 4636 1571 4690 Henrici
1615 4630 1845 4691 succesé

137 4703 281 4762 seris,
342 4704 538 4757 eidem
592 4703 858 4758 Comensi
914 4706 1180 4760 Ecclesiae
1228 4722 1497 4761 concesso
1553 4724 1646 4761 an.
1710 4713 1843 4763 1026

136 4776 335 4827 mentio
368 4780 580 4828 exstat.

195 4846 339 4911 (256)
370 4848 404 4900 S
457 4844 794 4918 Heribertus
826 4846 1179 4901 Coloniensis
1200 4848 1662 4918 archiepiscopus
1691 4867 1843 4904 anno

140 4916 277 4979 1021,
308 4918 400 4969 die
456 4921 521 4969 16
584 4916 786 4981 Martii,
841 4919 910 4971 ad
946 4919 1244 4972 meliorem
1289 4919 1463 4972 vitam
1498 4916 1743 4985 transiit,
1777 4938 1845 4975 ex

136 4988 380 5053 opposito
431 4987 599 5040 urbis
650 4988 1008 5041 Coloniensis
1058 4990 1116 5042 in
1166 4990 1513 5043 monasterio
1563 4992 1844 5045 Tuitiensi

137 5071 238 5133 asc
284 5058 533 5133 condito
574 5060 865 5133 sepultus.
910 5060 1050 5113 Vita:
1098 5061 1224 5133 ejus
1274 5061 1573 5133 historiam
1616 5063 1845 5133 scripsit

139 5125 407 5195 Ruperms
438 5125 996 5194 ahbasi'l‘uitiensis,
1031 5150 1063 5183 a
1089 5125 1255 5185 Siirio
1285 5132 1517 5185 editam.

197 5202 332 5265 (157)
360 5200 659 5254 Baldricus
690 5200 1071 5267 Leodicensis,
1094 5202 1420 5271 episcopus,
1451 5203 1725 5256 fundator
1744 5204 1842 5257 ab-

137 5267 285 5321 batis:
316 5274 369 5323 S.
402 5271 632 5335 Jacobi,
662 5272 723 5323 in
757 5272 894 5325 urbe
925 5267 1248 5339 Leodie'nsi,
1287 5267 1438 5327 anno
1476 5278 1607 5327 1017
1652 5275 1840 5328 vivere

138 5340 305 5405 desiit,
330 5348 435 5395 etc.

200 5412 334 5475 (158)
367 5411 668 5466 Baldricus
697 5427 888 5484 comes
924 5414 1282 5468 Leodicensis
1307 5415 1434 5480 fuit,
1464 5419 1526 5468 ut
1557 5416 1834 5484 suspicor.

142 5480 267 5555 Olim
326 5486 625 5555 pleraeque
687 5482 941 5555 civitates
992 5485 1383 5553 episcopales,
1454 5494 1515 5539 ut
1575 5480 1836 5540 Camera-

142 5554 817 5618 censis,’Atrebatensis,
892 5556 1335 5624 Ambiaueusis,
1407 5563 1464 5609 et
1522 5558 1646 5609 aliu'
1707 5574 1838 5609 suos

144 5633 349 5676 L‘Hﬂlllea
371 5628 733 5678 habuerunt.

1951 3148 2179 3219 gnantis
2210 3149 2477 3218 septimo.
2512 3151 2713 3202 Actum
2745 3147 2992 3201 Treviris
3016 3148 3277 3203 feliciter.
3311 3154 3515 3203 Amen.

2700 3237 2907 3291 XLVII.

1955 3329 2067 3381 Rex
2128 3328 2389 3379 Henricus
2444 3328 2498 3380 ll
2551 3326 2717 3379 donat
2794 3328 3120 3379 monasterio
3196 3326 3661 3382 Niederultacensi

2024 3399 2300 3451 ecclesiam
2328 3398 2695 3464 purochiulem
2726 3399 2783 3449 in
2813 3397 3215 3463 Mundruching
3247 3413 3365 3450 cum
3415 3398 3657 3456 decimis.

2021 3474 2071 3521 et
2100 3484 2350 3521 mansum
2408 3468 2635 3532 ibidem,
2699 3475 2803 3521 tres
2856 3484 3069 3521 mansos
3118 3470 3175 3520 in
3215 3469 3567 3536 Si/fenkofen,
3611 3473 3659 3520 et

2014 3539 2377 3592 molendinum
2408 3540 2466 3591 in
2502 3540 2857 3605 Mangolting.

2462 3626 2648 3693 (Anno
2687 3629 2841 3693 1009,
2875 3631 2905 3679 6
2944 3626 3150 3701 April.)

1953 3715 2139 3785 [Ried,
2187 3714 2324 3768 Cod.
2372 3717 2535 3783 episc.
2571 3715 2879 3779 Ratisbon.,
2931 3702 2998 3767 etc
3030 3716 3175 3768 Man.
3210 3716 3353 3768 Boic.
3387 3715 3474 3775 Xl.
3509 3713 3657 3785 137.)

2023 3804 2084 3858 In
2119 3802 2352 3856 nomine
2377 3809 2587 3856 sanctae
2628 3808 2684 3856 et
2714 3803 3028 3857 individuae
3072 3801 3387 3869 Trinitatis,
3430 3803 3658 3857 Hamm-

1950 3907 2045 3947 (Us
2071 3892 2263 3945 divina
2295 3891 2519 3945 favente
2550 3890 2855 3945 clementia
2888 3907 3001 3945 rex.

2022 3981 2079 4035 Si
2115 3980 2385 4035 Ecclesias
2438 3980 2537 4033 Dei
2581 3980 2824 4050 alicujus
2869 3979 3007 4033 doni
3058 3978 3420 4033 incremento
3471 3981 3656 4033 ditare

1950 4071 2039 4124 vel
2077 4069 2389 4123 sublimare
2420 4070 2827 4132 studuerimus,
2864 4068 3029 4123 nobis
3060 4068 3119 4122 id
3152 4070 3517 4138 profuturum
3541 4084 3662 4120 esse

1951 4160 2190 4213 minime
2218 4158 2565 4213 dubitamus.
2600 4158 2959 4228 Quapropter
2982 4157 3205 4211 noverit
3224 4158 3485 4211 omnium
3511 4158 3664 4212 Chri-

1950 4248 2026 4301 sti
2054 4247 2311 4301 tidelium
2343 4251 2788 4318 nostrorumque
2819 4244 3100 4301 industria
3149 4246 3414 4316 qualiter.
3465 4248 3538 4300 ob
3569 4262 3661 4299 re—

2022 4354 2171 4422 (159)
2211 4353 2390 4407 Ambo
2424 4353 2609 4406 Nithe.
2666 4353 2784 4405 Duo
2814 4351 2902 4404 hic
2934 4350 3173 4404 flumina
3204 4356 3499 4415 notantur,
3532 4368 3662 4419 qua:

1960 4424 2125 4478 Nithe
2168 4440 2265 4476 seu
2325 4425 2517 4477 Nettre
2548 4438 2761 4476 nomen
2807 4422 3093 4490 hodieque
3123 4427 3348 4489 gerunt,
3385 4422 3443 4472 in
3493 4422 3661 4475 Cam-

1958 4496 2129 4565 pania
2164 4495 2520 4557 Brabantica,
2554 4499 2610 4546 et
2643 4492 2948 4565 inioppido
2981 4492 3197 4565 _Lirano
3225 4492 3548 4553 confluunt,
3580 4493 3659 4544 vi-

1957 4561 2165 4619 delicet
2198 4566 2375 4617 Netlie
2407 4566 2590 4633 major
2621 4569 2679 4615 et
2710 4564 2887 4616 Netlie
2918 4561 3124 4633 minor.

2027 4636 2173 4704 (160)
2205 4636 2388 4697 Tliila,
2418 4632 2519 4687 seu
2541 4634 2745 4693 'l‘hilia,
2788 4635 2898 4699 Thy
2930 4632 3120 4704 Gallis,
3154 4633 3319 4695 Diliu,
3356 4633 3486 4698 [)er
3515 4633 3661 4688 Teu-

1956 4702 2205 4769 tonibus,
2249 4708 2463 4758 flumen
2520 4720 2695 4775 prope
2727 4702 3041 4775 Genapiam
3078 4704 3663 4775 inGallo-Brabantia

1955 4785 2167 4843 ortum,
2230 4773 2565 4828 Villarieuse
2619 4775 2741 4827 ord.
2801 4773 3187 4825 (Listerciensis
3250 4775 3661 4829 monasterium

1955 4849 2138 4911 alluit,
2187 4846 2391 4899 exinde
2435 4847 2577 4899 Fura
2636 4848 2756 4897 rivo
2804 4844 3038 4897 Lovanii
3072 4851 3323 4910 auctum,
3358 4846 3417 4899 in
3460 4847 3662 4900 Deme-

1954 4935 2099 4975 ram.
2134 4934 2198 4970 ac
2228 4916 2477 4985 denique
2509 4917 2565 4969 in
2599 4916 2845 4969 Scaldiin
2876 4915 3088 4968 influit.

2025 4990 2176 5054 (161)
2225 4988 2415 5041 Heiste
2476 4987 2855 5055 municipium
2907 4986 3032 5056 agri
3084 4986 3324 5053 Rieusis,
3373 4986 3662 5059 hodieque

1953 5066 2153 5112 notum
2184 5060 2352 5112 Heist
2382 5074 2449 5127 op
2475 5059 2577 5112 den
2607 5058 2770 5124 berin

2026 5130 2172 5197 (162)
2237 5131 2376 5182 Villa
2409 5130 2693 5182 Maclines.
2730 5130 2896 5182 Forte
2929 5128 3113 5191 Quoet
3165 5128 3470 5187 Mechelen,
3527 5128 3662 5181 uilla

1955 5202 2126 5254 medii
2175 5203 2281 5253 iBYl
2314 5200 2709 5271 scriptoribus,
2746 5200 2901 5254 idem
2943 5202 3095 5269 quod
3129 5200 3300 5253 Gallis
3348 5198 3517 5251 hodie
3550 5201 3661 5251 vil-

1954 5274 2091 5326 tunc.

2009 5290 2171 5412 ἑ(163)
2212 5343 2479 5408 Antwerf,
2544 5342 2600 5393 in
2635 5343 2893 5394 comitatu
2926 5342 3197 5395 Gozilonis
3223 5340 3450 5414 comitis.
3493 5338 3662 5392 Notet

1950 5413 2043 5467 hic
2074 5416 2249 5467 lector
2273 5414 2608 5465 comitatum
2643 5428 2742 5463 seu
2776 5426 3023 5463 marcum
3060 5414 3549 5474 Antvei'piensem.

2024 5486 2165 5548 (164)
2205 5485 2579 5547 Eherhardus,
2612 5499 2763 5535 anno
2814 5484 2965 5542 1006,
3002 5479 3338 5532 constitutus
3385 5478 3495 5531 fuit
3542 5478 3660 5548 pri-

1951 5572 2077 5608 mus
2110 5556 2409 5624 episcopus
2456 5553 2713 5607 Ecclesiae
2750 5548 3202 5611 Bamhcrgensis,
3253 5548 3509 5601 fundatae
3538 5567 3569 5602 a
3598 5552 3649 5600 S.

1954 5626 2191 5679 Henrico
2229 5627 2366 5677 litus.
