3980 6400
317 406 417 456 283

1623 404 1677 456 ὃ.
1723 403 2012 458 IIENRICI
2052 401 2124 456 In!
2139 401 2534 458 l’ERATORIS

3731 403 3828 457 28's

315 524 566 580 medium
597 523 808 578 animae
853 530 1064 579 nostra:
1106 529 1164 578 et
1192 523 1576 579 interventum
1621 524 1809 579 dilecti
1846 525 2014 578 abba-
2043 529 2087 578 A
2125 524 2284 580 tione
2309 529 2388 591 ut,
2414 523 2460 578 si
2483 527 2612 596 quis
2635 525 3004 594 Ratisponen.
3031 525 3293 578 Ecclesia:
3321 525 3644 596 episcopus,
3679 525 3825 596 quod

315 613 388 666 tis
423 613 604 666 nostri
651 613 997 680 Godehardi,
1028 629 1194 666 suum
1223 614 1361 683 juge
1408 615 1792 683 devotumque
1843 612 2018 664 servi-

315 701 456 754 tium
514 700 902 771 inspicientes,
945 701 1293 755 monasterio
1333 717 1434 754 suo
1481 702 1686 754 Altaha
1730 701 1898 763 dicto,
1947 700 2016 753 ad

315 787 612 843 servitium
639 795 696 842 et
745 789 812 842 ad
867 805 1034 842 usum
1081 790 1322 842 fratrum
1359 791 1471 843 Deo
1518 789 1730 842 ibidem
1771 788 2020 841 servien-

317 878 484 941 tium,
507 877 566 929 in
588 877 724 930 villa
748 877 1184 948 Mundrichinga
1200 877 1349 930 dicta
1373 893 1543 930 unam
1564 876 1862 930 Ecclesium
1887 893 2014 929 cum

317 965 494 1018 dotali
551 979 750 1018 manso
805 973 861 1018 et
909 966 1130 1019 duabus
1190 965 1447 1035 partibus
1503 965 1905 1018 decimationis
1949 965 2019 1019 ad

316 1054 558 1107 eandem
620 1055 919 1107 Ecclesiam
976 1053 1419 1124 pertinentibus,
1477 1059 1534 1106 et
1566 1053 1624 1106 in
1652 1053 1788 1107 villa
1819 1055 2016 1107 eadem

312 1141 485 1194 alium
521 1158 784 1195 mansum
815 1159 943 1195 cum
1005 1141 1304 1212 mancipiis
1355 1142 1603 1196 Frudum
1635 1147 1692 1195 et
1725 1158 1898 1194 uxore
1931 1141 2016 1211 ip-

313 1229 430 1282 sius
465 1235 519 1282 et
547 1229 678 1282 filiis
718 1246 936 1282 eorum.
974 1231 1032 1283 In
1064 1231 1446 1284 Sillinchoven
1477 1235 1668 1283 autem
1709 1235 1824 1283 tres
1852 1246 2016 1283 man-

313 1335 404 1370 sos
435 1334 562 1371 cum
613 1318 912 1387 mancipiis
956 1317 1015 1370 in
1056 1318 1143 1371 his
1192 1318 1603 1384 habitantibus,
1656 1318 1716 1371 in
1761 1318 2016 1388 Mangol-

316 1405 510 1473 tingen
533 1422 663 1458 vero
695 1407 958 1476 superius
984 1406 1464 1460 molendinarium
1495 1423 1625 1460 cum
1657 1406 2014 1473 molendiuo,

311 1492 368 1545 in
397 1493 568 1562 ἔρδει)
626 1494 1040 1562 Duonagouue,
1091 1495 1150 1548 in
1207 1496 1485 1549 comitatu
1541 1511 1675 1548 vero
1710 1495 2011 1549 Ruotherti

311 1581 534 1634 comitis
564 1581 706 1647 sitis,
758 1599 887 1636 cum
939 1583 1207 1637 omnibus
1249 1583 1602 1654 appendiciis
1649 1583 1765 1636 sive
1797 1583 2012 1636 utilita-

309 1669 462 1723 tibus
495 1686 620 1740 quae
650 1670 759 1723 dici
818 1675 914 1723 aut
943 1670 1230 1724 nominari
1272 1676 1531 1739 possunt,
1571 1687 1673 1739 per
1703 1671 1851 1724 hanc
1909 1687 2006 1724 no-

2125 612 2307 666 absit!
2341 613 2494 667 idem
2529 613 2940 668 monasterium
2972 613 3267 667 destruere
3296 614 3385 668 vel
3440 613 3829 668 monachicam

2124 701 2298 755 vitam
2331 701 2473 756 inibi
2505 702 2719 755 violare
2766 701 3216 771 praesumpserit,
3264 701 3630 773 praescriptus
3681 717 3833 754 man-

2127 807 2222 843 sus
2263 791 2472 844 iterum
2521 790 2592 844 ad
2639 791 2860 860 regales
2904 790 3102 844 redeat
3131 806 3370 854 manus;
3417 791 3464 844 si
3509 795 3703 843 autem
3737 791 3830 843 tir-

2127 893 2286 930 mum
2321 883 2377 930 et
2432 877 2770 930 inviolatum
2818 879 3218 948 praescriptum
3252 874 3669 932 monasterium
3703 894 3829 948 per-

2127 966 2420 1031 manserit,
2471 965 2592 1034 jam
2624 966 2808 1018 dictus
2860 965 3034 1018 abbas
3090 965 3410 1019 Bonifacius
3467 965 3671 1036 suique
3704 981 3828 1018 suc-

2126 1070 2374 1107 cessores
2405 1054 2643 1106 liberam
2696 1058 3036 1123 potestatem
3088 1053 3358 1117 habeant,
3401 1054 3626 1117 exinde,
3660 1053 3827 1124 quid-

2125 1143 2259 1212 quid
2319 1143 2397 1195 eis
2449 1142 2746 1212 placuerit,
2805 1142 3049 1195 faciendi
3107 1141 3177 1196 ad
3251 1158 3452 1196 eorum
3525 1141 3831 1196 utilitatem

2129 1230 2406 1297 Eoi-Iasiae,
2468 1229 2627 1283 omni
2687 1230 2950 1283 videlicet
3016 1229 3316 1283 hominum
3382 1227 3834 1283 contradictione

2124 1325 2366 1372 remota.
2402 1320 2467 1372 Et
2512 1324 2575 1371 ut
2603 1319 2723 1371 haec
2765 1322 2976 1371 nostras
3025 1317 3354 1372 donationis
3385 1317 3692 1371 auctoritas
3721 1323 3833 1370 sta—

2124 1407 2255 1459 bilis
2293 1413 2350 1460 et
2397 1408 2731 1460 inconvulsa
2788 1407 2866 1460 ita
2914 1412 3268 1476 permaneat,
3319 1407 3427 1460 hoc
3483 1410 3834 1476 praeceptum

2124 1496 2256 1549 inde
2307 1494 2697 1564 conscriptum
2747 1511 2926 1548 manu
2965 1493 3200 1564 propria
3234 1493 3726 1548 corroboravimus
3775 1497 3833 1546 et

2123 1583 2308 1653 sigillo
2339 1587 2532 1636 nostro
2566 1583 2833 1652 insigniri
2858 1583 3154 1652 jussimus.

2193 1674 2422 1739 Signum
2466 1671 2650 1724 domui
2695 1671 2957 1724 Heinrici
3002 1673 3146 1736 regis
3205 1671 3574 1723 invictissimi.
3631 1668 3833 1735 (Mono-

313 1757 415 1810 stri
444 1759 711 1828 praecepti
761 1759 1032 1827 paginam
1063 1760 1430 1813 concedimus
1478 1764 1650 1829 atque
1711 1759 2006 1825 largimur.
2046 1799 2082 1850 Β
2122 1762 2414 1828 gramina.)

313 1849 370 1897 et
398 1845 466 1898 de
498 1851 689 1899 nostro
715 1846 843 1916 jure
869 1864 934 1900 ac
965 1847 1221 1901 dominio
1275 1848 1336 1901 in
1368 1863 1568 1900 eorum
1604 1847 1700 1917 jus
1731 1863 1794 1900 ac
1827 1847 2012 1901 domi-

313 1934 473 1986 nium
527 1934 764 1988 omnino
817 1935 1292 2000 transfundimus,
1337 1952 1404 1990 ea
1442 1935 1654 2006 quippe
1686 1935 1902 1988 ratione
1933 1942 2012 2002 ut,

315 2022 618 2090 praedictus
663 2024 834 2077 abbas
868 2023 1072 2094 suique
1103 2040 1453 2077 successores
1496 2040 1611 2076 una
1667 2040 1795 2077 cum
1828 2024 2016 2077 fratri-

315 2109 418 2162 bus
447 2109 589 2164 inibi
621 2111 736 2164 Deo
765 2111 1174 2166 famulantibus
1199 2112 1268 2166 de
1300 2111 1718 2183 praenominato
1778 2111 1928 2165 bono
1963 2117 2020 2164 et

315 2197 437 2265 ejus
505 2199 904 2253 utensibilibus
963 2200 1170 2254 dehinc
1235 2200 1473 2254 liberam
1545 2203 1884 2270 potestatem
1947 2199 2015 2252 ad

314 2301 685 2340 communem
720 2304 886 2342 usum
932 2289 1195 2354 fratrum,
1248 2289 1519 2360 quicquid
1579 2289 1660 2342 eis
1715 2287 2015 2358 placuerit,

315 2373 582 2441 faciendi,
640 2377 902 2430 omnium
959 2377 1260 2431 hominum
1291 2377 1742 2431 contradictione
1777 2382 2014 2429 remota.

321 2462 383 2514 Et
444 2469 506 2516 ut
557 2463 678 2516 haee
705 2471 913 2519 nostra:
971 2466 1297 2519 donationis
1349 2466 1658 2520 auctoritas
1703 2465 1924 2518 stabilis
1955 2470 2012 2518 et

316 2549 651 2604 inconvulsa
682 2560 1015 2622 permaneat
1039 2555 1198 2607 omni
1223 2560 1498 2624 tempore,
1529 2555 1636 2607 hoc
1666 2559 2015 2624 przeceptum

319 2637 452 2692 inde
506 2641 891 2711 conscriptum
953 2659 1129 2695 manu
1186 2643 1421 2714 propria
1480 2643 1808 2696 roborantes
1849 2642 2022 2713 sigilli

324 2727 498 2779 nostri
530 2728 905 2798 impressione
928 2731 1195 2800 insigniri
1221 2732 1518 2801 jussimus.

388 2817 621 2882 Signum
664 2819 849 2873 domui
905 2822 1166 2886 Heinrici,
1215 2823 1358 2887 regis
1389 2821 1753 2873 invictissimi.
1814 2819 2018 2888 (Mono-

319 2910 609 2971 gramma.)

390 2993 714 3047 Guntherus
764 2996 1136 3050 cancellarius
1188 2996 1306 3050 vice
1362 2995 1624 3067 Willigisi
1676 2995 2024 3065 archicapel-

321 3082 435 3135 lani
463 3083 783 3152 recognovi.

396 3171 532 3222 Data
564 3188 654 3224 vin
703 3171 834 3224 Idus
863 3172 1093 3242 Aprilis,
1153 3172 1469 3228 indictione
1499 3189 1616 3237 vm,
1651 3187 1803 3224 anno
1836 3171 1906 3224 ab
1942 3171 2027 3224 in-

323 3253 651 3310 carnatione
684 3259 914 3312 Domini
949 3263 1102 3325 1009,
1138 3277 1287 3314 anno
1345 3276 1478 3314 vero
1528 3259 1726 3312 domui
1783 3258 2029 3312 Heiurici

324 3345 560 3397 secundi
595 3347 884 3414 regnantis
914 3354 1128 3401 octavo.

591 3438 792 3488 Actum
819 3437 1228 3506 Reganesburg
1259 3435 1516 3490 feliciter.
1553 3438 1758 3489 Amen.

1062 3543 1290 3598 XLVIII.

325 3630 438 3682 Rea:
469 3631 729 3684 Henricus
768 3633 826 3686 ΙΙ
855 3631 1021 3686 donat
1059 3635 1380 3686 monasterio
1431 3633 1558 3685 Prul
1611 3646 1777 3699 prope
1835 3632 2026 3684 Ratis-

540 3701 730 3756 bonam
753 3718 1000 3756 mansum
1030 3707 1263 3769 regalem
1293 3706 1352 3756 in
1381 3704 1516 3756 villa
1546 3703 1811 3756 Genstail.

821 3789 1007 3858 (Anno
1044 3793 1198 3858 1009,
1247 3793 1316 3844 20
1359 3789 1531 3860 Maii.)

754 3878 935 3947 [Ried,
961 3880 1054 3932 ubi
1073 3895 1264 3947 supra,
1296 3895 1426 3947 pag.
1458 3879 1599 3948 128.]

401 3964 462 4016 In
490 3965 721 4018 nomine
753 3971 962 4019 sanctae
1007 3971 1062 4020 et
1106 3967 1412 4020 individuus
1456 3966 1770 4031 Trinitatis,
1812 3967 2029 4020 Hamm-

327 4067 422 4104 cus
454 4051 646 4104 divina
677 4053 898 4106 favente
927 4055 1232 4107 clementia
1264 4071 1380 4108 rex.

398 4139 454 4192 Si
491 4140 865 4194 Ecclesiarum
901 4142 996 4194 Dei
1054 4143 1177 4195 loca
1207 4143 1446 4212 alicujus
1501 4141 1639 4196 doni
1670 4142 2028 4196 incremento

328 4229 641 4282 sublimare
673 4229 1087 4294 studuerimus,
1121 4231 1288 4284 nobis
1317 4229 1614 4301 nostrique
1663 4231 1825 4299 regni
1856 4230 2029 4283 statui

2199 1848 2522 1902 Guntherus
2573 1847 2944 1902 cancellarius
3002 1846 3117 1900 vice
3169 1845 3433 1917 Willigisi
3493 1844 3840 1915 archicapel-

2128 1936 2244 1990 lani
2278 1935 2600 2005 recognovi.

2201 2025 2341 2078 Data
2381 2041 2478 2078 xui
2527 2025 2648 2078 Kal.
2693 2023 2868 2091 Junii,
2923 2023 3120 2077 indict.
3166 2039 3262 2087 vn,
3307 2039 3456 2076 anno
3521 2021 3837 2076 Dominica':

2130 2113 2540 2167 incarnationis
2576 2115 2731 2177 1009,
2781 2129 2931 2166 anno
2982 2128 3115 2165 vero
3157 2111 3357 2166 domni
3410 2109 3638 2166 Henrici
3689 2111 3841 2178 regis

2131 2201 2361 2256 secundi
2394 2201 2686 2271 regnantis
2707 2201 2971 2272 septimo.

2200 2293 2403 2344 Actum
2437 2290 2760 2359 Ratisponw
2786 2289 3045 2342 feliciter.
3088 2291 3289 2343 Amen.

2895 2431 3072 2485 XLIX.

2131 2542 2246 2594 Rea:
2275 2540 2533 2593 Henricus
2600 2539 2668 2591 II
2702 2537 2868 2590 donat
2916 2537 3173 2590 Ecclesia:
3219 2535 3613 2601 Bamborgensi
3672 2536 3846 2588 locum

2452 2610 2729 2663 Lichtowa
2754 2611 2809 2660 in
2833 2624 2976 2676 pago
3026 2607 3296 2672 Nordgov.
3329 2610 3514 2660 situm.

2667 2697 2851 2766 (Anno
2881 2699 3036 2760 1009,
3070 2697 3102 2747 2
3123 2695 3304 2760 Julii.)

2400 2803 2585 2873 {Ried,
2618 2803 2807 2855 Codex
2836 2804 3074 2873 cpiscop.
3110 2801 3318 2855 Ratisb.
3354 2801 3400 2866 I,
3437 2800 3577 2867 129.}

2207 2911 2268 2964 In
2305 2910 2538 2963 nomine
2587 2914 2790 2962 sancta:
2843 2913 2900 2961 et
2946 2906 3263 2960 individua:
3294 2905 3604 2970 Trinitatis,
3659 2907 3848 2960 Ham-

2138 3015 2288 3052 nlcus
2318 2999 2508 3052 divina
2539 2997 2764 3051 favente
2800 2996 3102 3049 clementia
3131 3012 3246 3049 rex.

2215 3085 2522 3139 Dominicis
2586 3101 2701 3138 non
2755 3085 2993 3137 surdum
3052 3083 3375 3152 praebentes
3406 3081 3662 3135 auditum
3697 3098 3848 3152 prm-

2138 3174 2314 3245 ceptis
2365 3179 2421 3228 et
2473 3173 2690 3228 deiticis
2739 3172 3188 3242 obtemperando
3237 3171 3603 3225 suasionibus
3659 3187 3850 3240 queu—

2139 3263 2270 3317 dam
2319 3268 2530 3316 nostra:
2578 3266 2835 3332 paternm
2880 3260 3235 3314 hereditatis
3281 3261 3468 3313 locum
3518 3259 3854 3313 Babenberc

2137 3353 2352 3406 dictum
2386 3351 2443 3404 in
2476 3351 2668 3404 sedem
2714 3355 2769 3402 et
2810 3351 3034 3402 culmen
3065 3349 3426 3418 episcopatus
3458 3348 3851 3416 proveximus,

2139 3446 2194 3494 et
2231 3456 2468 3493 romana
2521 3438 2856 3491 auctoritate
2889 3437 2948 3489 iu
3006 3437 3221 3490 honore
3255 3441 3463 3489 sanctae
3517 3435 3616 3489 Dei
3676 3435 3854 3504 geni—

2137 3529 2291 3582 tricis
2350 3527 2559 3592 Marize,
2621 3531 3066 3596 sanctorumque
3127 3525 3520 3595 apostolorum
3580 3524 3734 3577 Petri
3795 3529 3861 3578 et

2142 3618 2300 3672 Pauli
2360 3614 2737 3669 stabilivimus
2792 3620 2850 3666 et
2901 3614 3421 3680 corroboravimus,
3455 3618 3518 3666 ut
3548 3613 3691 3667 inibi
3745 3629 3854 3666 no-

2139 3712 2320 3760 strum
2358 3709 2796 3773 nostrorumque
2828 3707 3154 3772 parentum,
3183 3706 3239 3754 et
3277 3701 3500 3756 Ottonis
3530 3699 3713 3766 tercii,
3746 3704 3859 3768 nvi-

2138 3795 2342 3849 delicet
2400 3790 2758 3862 imperatoris
2814 3795 2870 3844 et
2926 3789 3298 3843 antecesseris
3353 3789 3555 3849 nostri,
3624 3789 3860 3842 celebre

2139 3899 2348 3937 nomen
2391 3881 2718 3947 haberetur,
2765 3884 2823 3932 et
2861 3878 3018 3948 jugis
3057 3895 3162 3948 pro
3207 3878 3472 3931 omnibus
3518 3877 3860 3931 orthodoxis

2137 3973 2324 4026 hostia
2354 3974 2717 4023 mactaretur.
2752 3967 3001 4022 Proinde
3036 3966 3261 4020 noverit
3307 3966 3568 4020 omnium
3616 3971 3855 4019 nostro-

2137 4075 2266 4112 rum
2303 4057 2561 4112 tidelium
2593 4062 2711 4110 tam
2743 4072 2999 4126 praesens
3032 4059 3184 4114 mtas.
3223 4070 3396 4125 quam
3429 4059 3486 4106 et
3517 4054 3706 4107 futura
3741 4070 3855 4123 po-

2138 4148 2381 4211 steritas,
2437 4145 2683 4214 qualiter
2730 4161 2833 4198 nos
2879 4144 3165 4214 quendam
3220 4147 3427 4196 nostra:
3473 4142 3858 4212 proprietatis

2139 4236 2324 4288 locum
2380 4234 2630 4288 Lihtowa
2692 4233 2932 4299 dictum,
2990 4232 3050 4285 in
3102 4247 3250 4302 pago
3307 4233 3604 4300 Nortgowe
3661 4235 3716 4282 et
3791 4231 3859 4283 in

328 4317 381 4370 id
413 4318 689 4386 prolicere
737 4317 971 4372 minime
999 4318 1330 4372 diffidimus.
1374 4319 1733 4389 Quapmpter
1765 4319 2025 4371 omnium

2203 4323 2418 4376 imitatu
2465 4322 2711 4375 Heinrici
2757 4321 2984 4374 comitis
3013 4320 3205 4384 situm,
3239 4319 3310 4373 ad
3356 4319 3595 4372 eandem
3645 4335 3862 4388 supra-

329 4406 535 4459 Christi
569 4405 847 4472 fidelium,
899 4407 1272 4476 praesentium
1311 4407 1522 4461 scilicet
1558 4423 1622 4460 ac
1678 4408 2026 4472 futurorum,

327 4494 545 4548 noverit
576 4494 942 4558 guniversitas
978 4496 1227 4566 qualiter
1280 4512 1406 4562 nos,
1466 4495 1646 4549 divini
1696 4494 1905 4548 amoris
1953 4494 2035 4547 in-

328 4582 558 4648 stinctu,
588 4599 689 4652 pro
720 4585 977 4638 remedio
1011 4585 1218 4638 animae
1253 4590 1484 4652 nostrae,
1529 4584 1600 4638 ob
1647 4583 2035 4637 interventum

329 4675 386 4722 et
422 4669 759 4739 petitionem
821 4673 1114 4739 Bonifacii,
1149 4673 1436 4727 Prulensis
1466 4672 1709 4738 abbatis,
1747 4672 1854 4726 sibi
1907 4688 2035 4724 suo-

330 4773 441 4826 que
465 4760 809 4812 monasterio
849 4760 907 4813 iu
940 4761 1221 4815 honorem
1253 4762 1432 4816 sancti
1461 4760 1865 4815 Bartholomasi
1898 4777 2034 4830 apo-

327 4844 456 4897 stoli
485 4851 806 4900 constructo
859 4854 1030 4918 atque
1087 4850 1343 4904 dedicato
1377 4867 1559 4904 unum
1589 4852 1840 4920 regalem
1874 4865 2036 4902 man-

330 4949 476 4994 sum.
513 4949 683 5000 quem
715 4941 885 4988 antea
943 4937 1206 4991 Wallrico
1263 4955 1593 4992 concessum
1627 4939 1955 5006 habuimus,
1977 4937 2036 4990 in

331 5020 466 5073 villa
520 5022 766 5074 Genstall
818 5022 987 5087 dicta,
1044 5024 1103 5076 in
1162 5041 1308 5094 pago
1348 5027 1722 5096 Tunagouue,
1771 5027 1832 5079 in
1863 5025 2034 5090 comi,

331 5112 453 5162 tatu
513 5110 751 5178 Ruperti
785 5109 980 5174 situm,
1013 5127 1145 5164 cum
1194 5113 1461 5166 omnibus
1514 5115 1636 5182 ejus
1666 5114 2040 5184 appendiciis-

332 5197 436 5250 viis
461 5203 518 5250 et
547 5197 735 5264 inviis,
769 5198 938 5252 cultis
971 5205 1026 5252 et
1055 5199 1307 5263 incultis,
1365 5201 1608 5253 exitibus
1655 5207 1708 5254 ct
1739 5199 2037 5266 reditibus,

332 5287 590 5356 quaesitis
637 5288 752 5340 sive
812 5287 1192 5356 inquirendis,
1240 5304 1340 5341 seu
1372 5304 1501 5341 cum
1534 5289 1802 5342 omnibus
1835 5289 2042 5342 utilita-

333 5375 485 5429 tibus
541 5393 670 5446 quae
723 5377 982 5447 quolibet
1037 5377 1205 5430 modo
1259 5376 1371 5429 dici
1428 5381 1528 5430 aut
1575 5377 1746 5430 scribi
1805 5381 2044 5448 possunt

336 5479 437 5530 per
467 5464 613 5516 hanc
644 5472 897 5518 nostram
930 5465 1181 5535 regalem
1230 5465 1502 5534 paginam
1557 5465 1924 5518 concedimus
1954 5471 2039 5518 at-

336 5566 446 5619 que
470 5551 770 5620 largimur,
795 5559 853 5607 et
882 5553 950 5607 de
979 5557 1174 5607 nostro
1195 5553 1328 5622 jure
1355 5558 1410 5606 et
1429 5553 1686 5607 dominio
1705 5554 1763 5606 in
1797 5555 1920 5623 ejus
1945 5555 2042 5624 jus

337 5645 393 5692 et
420 5639 737 5694 dominium
771 5642 1008 5696 omnino
1037 5642 1513 5708 transfundimus,
1556 5659 1622 5694 ea
1658 5641 1918 5696 videlicet
1953 5659 2038 5697 ra-

2139 4414 2348 4468 dictam
2379 4411 2762 4480 episcopalem
2814 4410 3026 4467 sedem.
3072 4425 3182 4461 una
3231 4423 3360 4460 cum
3410 4407 3679 4460 omnibus
3728 4408 3869 4475 ejus

2144 4499 2497 4571 appendiciis
2545 4499 2661 4551 sive
2712 4497 3158 4561 adhmrentibus,
3211 4495 3467 4550 videlicet
3518 4495 3688 4547 rebus
3729 4511 3866 4548 mo-

2144 4590 2355 4644 bilibus
2414 4593 2471 4641 et
2524 4585 2937 4649 immobilibus,
2995 4601 3058 4638 ac
3114 4583 3333 4637 cmteris
3381 4583 3672 4646 omnibus,
3725 4599 3871 4651 quze.

2144 4675 2312 4730 scribi
2343 4680 2444 4729 aut
2490 4674 2768 4744 appellari
2813 4677 3057 4744 possunt
3102 4671 3360 4742 quolibet
3406 4669 3600 4734 modo,
3631 4669 3874 4722 utilita-

2145 4765 2319 4831 tibus,
2369 4763 2474 4817 hac
2525 4768 2722 4816 nostra
2772 4760 3104 4831 praeceptali
3153 4760 3386 4830 pagina,
3429 4763 3600 4829 prout
3633 4757 3879 4811 firmius

2145 4868 2474 4923 possumus,
2531 4853 2812 4904 donamus
2861 4857 3033 4919 atque
3085 4848 3534 4918 proprietamus,
3595 4845 3878 4900 omnium

2145 4941 2600 4996 contradictione
2630 4943 2872 4993 remota.
2905 4939 2973 4991 Et
3021 4943 3084 4991 ut
3122 4938 3242 4990 haec
3287 4942 3496 4989 nostra:
3549 4934 3880 4987 auctorita-

2145 5028 2216 5081 tis
2272 5026 2501 5081 traditio
2557 5026 2726 5080 tirma
2790 5030 2848 5078 et
2901 5025 3239 5078 inconvulsa
3299 5027 3652 5094 permaneat,
3714 5021 3885 5076 hanc

2145 5116 2415 5185 paginam
2486 5114 2619 5168 inde
2695 5113 3077 5183 conscriptam
3135 5112 3323 5181 sigilli,
3374 5111 3554 5164 nostri
3610 5110 3883 5178 impres—

2147 5203 2307 5256 sione
2340 5218 2513 5254 manu
2567 5201 2803 5271 propria
2855 5201 3193 5254 roborantes
3241 5198 3515 5268 jussimus
3570 5197 3880 5263 insigniri.

2219 5292 2448 5358 Signum
2497 5291 2682 5344 damni
2727 5290 2989 5344 Heinr-lci
3028 5289 3252 5343 secundi
3292 5290 3435 5354 regis
3482 5287 3882 5339 invictissimi.

2150 5379 2624 5447 (Monogramma.)

2219 5468 2546 5522 Guntherus
2601 5467 2978 5520 cancellarius
3047 5465 3167 5520 vice
3245 5463 3624 5519 Erchanbaldi
3683 5463 3888 5517 archi-

2149 5554 2472 5608 caueellarii
2501 5557 2826 5624 recognovi.

2226 5645 2364 5697 Data
2411 5660 2460 5696 γι
2519 5645 2667 5698 Non.
2732 5642 2866 5696 Julii
2920 5641 3230 5696 indictione
3282 5657 3398 5700 VIII,
3453 5655 3604 5692 anno
3671 5639 3886 5694 Domi-
