3980 6426
89 436 191 485 285

89 660 252 713 regii.
291 661 364 697 ix.
398 649 603 698 Actum
640 646 1082 715 Hiugelenheim
1111 646 1372 700 feliciter.

268 735 531 802 Sigillum
556 737 830 804 majestat.
881 737 1028 788 intus
1061 733 1384 804 impressum
1416 741 1616 790 eestat.

159 912 216 965 S.
254 913 482 965 Περινἰοί
500 916 826 981 praeceptum
857 927 956 980 pro
987 913 1227 966 Ecclesia
1260 913 1620 968 Cremonensi.

751 1005 938 1064 (Anno
976 1001 1151 1068 1009.)

457 1087 732 1160 [εἶεὶιρὶιὶ,
759 1088 929 1142 Italia
951 1105 1134 1142 sacra.
1169 1089 1258 1153 IV,
1293 1089 1443 1162 59’s.]

161 1174 227 1227 In
269 1175 506 1229 nomine
533 1183 744 1230 sancta:
783 1182 838 1230 et
870 1177 1176 1230 individuze
1224 1177 1536 1246 Trinitatis,
1575 1181 1804 1234 HBlNltl-

88 1281 182 1315 (L'S
223 1264 425 1316 divina
486 1266 708 1319 favente
743 1265 1134 1320 misericordia
1166 1267 1514 1322 Francorum
1545 1274 1600 1324 et
1656 1271 1802 1324 Lon-

89 1353 485 1422 gohardorum
525 1369 641 1406 rex.

159 1441 215 1492 Si
247 1457 546 1494 sacrarum
607 1441 705 1494 Dei
764 1441 1144 1496 Ecclesiarum
1181 1443 1428 1498 miseriis
1463 1449 1521 1498 et
1567 1463 1801 1517 Oppres-

91 1529 353 1582 sionibus
377 1530 769 1584 studuerimus
818 1531 1143 1597 subvenire,
1199 1537 1255 1585 et
1294 1537 1504 1586 nostra:
1537 1536 1799 1605 majesta-

91 1618 158 1669 tis
221 1619 602 1671 sublevainen
665 1619 1134 1686 laboraxerinius,
1188 1620 1542 1691 impendere,
1603 1627 1803 1694 procul

89 1707 269 1758 dubio
298 1707 466 1775 regni
500 1707 688 1760 nostri
722 1713 928 1760 statum
962 1708 1224 1772 stabiliri,
1256 1715 1311 1762 et
1340 1714 1571 1764 aeternae
1605 1729 1794 1766 remu-

90 1795 414 1847 nerationis
472 1794 778 1863 praunium
813 1795 978 1848 nobis
1011 1797 1248 1866 rependi
1284 1813 1398 1852 non
1429 1799 1796 1870 ambigimus.

85 1886 458 1954 Quapropter
488 1889 690 1936 notum
720 1883 792 1937 sit
812 1884 1080 1938 omnibus
1111 1886 1321 1939 nostris
1360 1886 1649 1952 ﬁdelibus,
1681 1895 1799 1942 tam

88 1972 478 2040 praesentibus
555 1988 731 2042 quam
791 1973 1019 2037 futuris,
1099 1974 1252 2044 quod
1315 1975 1401 2028 vir
1461 1978 1800 2032 venerabilis

89 2061 466 2130 Landulphus
499 2061 551 2115 S.
609 2060 1013 2115 Cremonensis
1055 2061 1314 2116 Ecclesia:
1371 2064 1693 2136 episcopus,
1744 2073 1801 2120 et

88 2165 185 2215 per
211 2149 416 2202 omnia
449 2153 644 2202 noster
691 2148 1076 2216 ﬁdelissimus,
1136 2150 1430 2204 modestiae
1465 2160 1671 2207 nostrae
1703 2171 1800 2208 re-

91 2239 213 2290 tulit
264 2237 429 2308 quod
488 2237 752 2308 quaedam
794 2237 1022 2291 abbatia
1083 2254 1187 2292 suo
1220 2239 1572 2310 episcopatui
1604 2243 1799 2296 subdi-

90 2335 160 2384 ta,
195 2329 253 2378 et
313 2325 376 2378 in
438 2326 662 2378 honore
730 2325 787 2379 S.
852 2325 1139 2379 Laurentii
1195 2326 1476 2394 dedicata,
1534 2334 1588 2382 et
1638 2330 1800 2399 juxta

90 2411 377 2463 civitatem
434 2427 597 2464 suam
649 2412 775 2476 sita,
830 2429 863 2465 a
919 2413 1170 2483 quodam
1230 2414 1435 2468 abbate
1497 2418 1800 2487 Lamperto

93 2499 320 2551 nomine
352 2500 780 2554 diminueretnr
818 2502 876 2554 in
908 2502 1251 2556 beneﬁcium
1295 2504 1503 2568 dando,
1537 2512 1592 2558 et
1623 2509 1801 2560 malas

91 2588 493 2656 inscriptiones
565 2589 845 2653 faciendo,
908 2595 964 2643 et
1027 2591 1130 2643 hac
1187 2595 1480 2657 occasione
1536 2594 1800 2648 victualia

95 2676 331 2729 fiatrum
396 2677 901 2742 subtraliebantur,
961 2685 1017 2731 et
1078 2679 1158 2732 sic
1214 2680 1500 2734 orationes
1559 2689 1616 2736 et
1657 2684 1803 2736 clee-

100 2779 366 2834 mosynae,
404 2781 534 2834 qua:
583 2781 688 2835 pro
741 2766 932 2819 anima
986 2767 1138 2820 illius
1169 2768 1268 2838 qui
1302 2784 1430 2823 eam
1460 2772 1798 2837 construxit,

100 2859 146 2902 et
175 2869 272 2922 pro
302 2852 615 2906 animabus
664 2854 926 2907 omnium
959 2855 1432 2924 Christianorum,
1464 2859 1590 2912 ﬁeri
1635 2860 1802 2914 debe-

100 2942 244 3007 bant,
295 2941 550 2994 diminui
595 2942 952 2996 videbantur.
1010 2945 1186 3013 Cujus
1246 2946 1326 2998 rei
1377 2963 1568 3012 causa,
1603 2948 1800 3003 dolore

99 3030 271 3081 cordis
312 3031 453 3084 tacti
509 3031 876 3098 intrinsecus,
947 3034 1080 3102 quid
1143 3034 1276 3087 inde
1328 3037 1489 3088 ﬁeret
1553 3039 1800 3108 cogitare

1369 434 1760 490 Dll’LOiMTA
1804 436 2347 494 ECCLESIASTICA.

87 554 232 608 nica:
266 554 679 609 incarnationis
747 558 901 622 t009,
936 572 1088 610 anno
1147 571 1278 610 vero
1326 557 1522 611 domni
1555 557 1803 612 Ileinrici
1833 562 1876 614 Α

1833 1848 1870 1901 Β

3514 444 3616 496 286

2737 561 2801 616 LI

1915 651 2247 721 Praeceptum
2297 652 2534 706 Henrici
2611 652 2668 706 Il
2714 654 2859 717 regis
2913 668 3014 720 pro
3065 651 3294 706 abbutia
3347 654 3616 709 Classensi

2455 726 2636 776 sancti
2690 725 2741 776 Α
2751 724 3059 791 pollinaris.

2331 812 2514 879 (Anno
2547 811 2701 875 1009,
2747 826 2816 862 vn
2854 809 2975 863 Kal.
3022 809 3194 879 Maii.)

1912 894 2129 967 [Αηιιαι
2171 898 2474 954 Cumoldul.
2510 899 2548 963 Ι,
2586 901 2706 962 190,
2760 914 2824 951 ex
2870 899 3228 968 autographo
3283 898 3610 970 Classensi.]

1983 1003 2042 1055 In
2076 1003 2308 1056 nomine
2357 1010 2564 1056 sanctae
2597 1009 2652 1056 et
2683 1003 2994 1058 individua:
3042 1004 3354 1071 Trinitatis,
3390 1005 3614 1058 Hemin-

1911 1108 2006 1144 ccs
2035 1091 2230 1144 divina
2261 1093 2484 1145 favente
2518 1092 2820 1146 clementia
2851 1108 2968 1146 rex.

1981 1181 2039 1234 Si
2089 1185 2414 1233 nostrorum
2475 1180 2732 1234 ﬁdelium
2781 1180 3155 1250 petitionibus
3185 1196 3351 1234 aures
3405 1184 3610 1234 nostra:

1909 1267 2231 1321 serenitatis
2259 1267 2904 1332 accommodaverinius,
2950 1267 3332 1337 promptiores
3351 1283 3415 1320 ac
3437 1267 3610 1320 devo-

1909 1356 2086 1409 tiores
2115 1373 2210 1408 eos
2250 1356 2306 1409 in
2341 1362 2536 1409 nostro
2569 1355 2846 1426 obsequio
2878 1357 2998 1408 fore
3029 1357 3354 1408 nullatenus
3401 1355 3609 1407 tituba-

1911 1461 2058 1497 mus.
2095 1443 2367 1497 Omnium
2391 1451 2602 1497 sanctae
2628 1445 2725 1497 Dei
2757 1444 2936 1513 igitur
2961 1445 3218 1497 Ecclesia:
3253 1450 3611 1496 nostrorum-

1910 1548 2021 1602 que
2045 1532 2323 1597 lidelium,
2357 1531 2730 1601 praesentium
2777 1531 2990 1584 scilicet
3020 1547 3082 1583 ac
3129 1533 3473 1594 futurorum,
3501 1546 3610 1582 no-

1911 1623 2054 1674 Verit
2084 1621 2357 1687 sollertia,
2429 1621 2645 1673 Bonum
2699 1621 3094 1689 presbyterum
3156 1623 3212 1672 et
3265 1618 3609 1672 monachum

1911 1715 2082 1779 atque
2127 1709 2393 1762 abbatem
2428 1709 2809 1762 Ravennatem
2845 1708 3177 1761 monasterii
3207 1707 3386 1760 sancti
3436 1708 3608 1776 Apol-

1911 1798 2128 1864 linaris,
2186 1798 2340 1868 quod
2385 1805 2645 1850 asserunt
2674 1798 2974 1850 fundatum
3031 1797 3250 1850 dudum
3295 1797 3354 1850 in
3385 1796 3608 1849 civitate

1911 1887 2316 1956 cognominata
2365 1886 2594 1951 Classis,
2650 1891 3022 1956 nostrumque
3080 1885 3508 1939 devotissimuiii
3542 1887 3607 1939 ﬁ-

1912 1976 2122 2040 delem,
2181 1979 2437 2028 nostram
2474 1973 2532 2026 in
2589 1973 2856 2026 omnibus
2888 1989 3146 2026 exorasse
3186 1973 3607 2035 celsitudinem,

1911 2071 2194 2134 quatenus
2213 2079 2315 2133 pro
2351 2061 2450 2116 Dei
2480 2078 2696 2124 amore,
2726 2061 3050 2132 animmque
3080 2068 3290 2114 nostra:
3336 2067 3612 2131 perpetua

1911 2153 2113 2217 salute,
2160 2152 2661 2206 corroboraremus
2712 2155 2882 2220 atque
2915 2150 3274 2202 ﬁrmaremus
3307 2155 3363 2202 et
3391 2165 3455 2202 ex
3507 2165 3610 2202 no-

1912 2247 2026 2294 stra
2053 2240 2465 2310 benignissima
2523 2238 2829 2308 largitione
2861 2237 3238 2291 conderemns
3295 2243 3350 2290 et
3395 2236 3609 2289 delibe-

1911 2345 2170 2383 raremus
2200 2329 2260 2382 in
2289 2334 2628 2398 perpetuum
2661 2327 3113 2380 conﬁrmandam
3148 2341 3249 2396 per
3275 2327 3395 2378 haec
3435 2324 3609 2378 nostri

1914 2417 2185 2488 praecepti
2216 2422 2384 2487 atque
2434 2414 2771 2486 pragmatici
2804 2414 2998 2485 scripti
3031 2413 3420 2467 inviolabilem
3452 2413 3612 2483 pagi-

1910 2523 2044 2560 nam
2077 2522 2275 2558 onines
2323 2521 2414 2558 res
2463 2510 2520 2558 et
2563 2503 2947 2574 possessiones
2977 2520 3348 2574 quascunque
3381 2503 3616 2574 praifata

1915 2595 2162 2650 Ecclesia
2211 2594 2489 2664 praelibati
2540 2592 2874 2645 monasterii
2906 2592 3345 2662 quibuscumque
3393 2591 3613 2644 cautio-

1912 2684 2081 2737 nibus
2142 2683 2224 2735 vel
2280 2681 2794 2734 deliberationibus
2854 2681 3037 2734 visum
3097 2686 3181 2732 est
3236 2680 3524 2748 possidere
3557 2680 3615 2733 iii

1911 2771 2219 2838 integrum.
2259 2769 2432 2838 Cujus
2455 2768 2628 2822 sacris
2659 2768 3039 2837 petitionibus
3075 2767 3360 2837 justisque
3386 2766 3614 2819 deside-

1911 2859 2011 2911 riis
2059 2860 2260 2911 devote
2293 2863 2349 2910 et
2407 2857 2652 2909 libenter
2692 2862 3012 2908 annuentes
3042 2861 3097 2907 et
3127 2870 3423 2907 assensum
3478 2870 3617 2924 pra--

1912 2947 2109 3000 bentes
2130 2946 2566 2998 corroboramus
2594 2950 2766 3013 atque
2787 2945 3218 3007 conﬁrmamus,
3244 2949 3298 2995 et
3321 2959 3384 2994 ex
3421 2948 3616 2994 nostro

1905 3035 2037 3105 jure
2095 3043 2150 3088 et
2176 3034 2434 3088 dominio
2462 3033 2520 3086 in
2561 3033 2682 3102 ejus
2707 3033 2802 3102 jus
2822 3038 2878 3084 et
2907 3031 3226 3084 dominium
3259 3029 3616 3083 transfundi-

100 3121 386 3188 co:pimus.
430 3119 630 3172 Divina
679 3136 931 3191 namque
983 3123 1168 3191 gratia
1211 3124 1547 3194 inspirante,
1580 3134 1633 3180 et
1663 3129 1795 3181 dile-
1833 3138 1873 3191 ρ
1914 3141 2062 3192 nius,
2093 3123 2355 3175 videlicet
2394 3135 2754 3192 quascunque
2809 3120 3104 3186 conjaceiit
3136 3119 3467 3172 monasterii
3497 3123 3614 3170 tam

102 3208 358 3260 ctissimaz
417 3208 683 3278 conjugis
752 3215 961 3263 nostra:
1019 3211 1410 3266 Cliunicundee
1442 3216 1678 3269 consilio
1712 3233 1804 3270 sa-

104 3297 407 3349 luberrimo
468 3297 910 3362 interveniente,
941 3305 1150 3353 nostrae
1200 3302 1408 3369 regalis
1453 3304 1804 3358 auctoritatis

108 3391 470 3455 praeceptum,
523 3387 677 3456 quod
711 3386 1041 3440 inviolabile
1079 3391 1493 3458 perpetualiter
1520 3398 1804 3459 teneatur,

109 3473 216 3525 tieri
251 3474 640 3544 percepimus,
665 3490 732 3528 ea
763 3474 1026 3529 videlicet
1049 3477 1266 3530 ratione
1287 3483 1365 3545 ut,
1403 3485 1518 3533 tam
1553 3496 1806 3549 prazsens

109 3563 264 3614 abbas
333 3579 520 3633 quam
603 3564 782 3616 futuri
841 3565 1060 3619 nullam
1141 3573 1482 3636 potestatem
1535 3569 1806 3640 deinceps

112 3652 339 3704 habeant
368 3653 442 3706 de
475 3651 649 3705 rebus
702 3651 772 3705 ad
805 3653 1136 3721 prmdictam
1169 3655 1469 3710 Abbatiam
1499 3657 1805 3726 "pertinen-

113 3741 242 3793 tibus
290 3741 646 3809 diminnere,
689 3757 878 3810 neque
917 3742 977 3794 in
1034 3743 1376 3797 beneﬁcium
1433 3746 1644 3811 dando,
1704 3763 1807 3800 nec

113 3830 598 3892 commutationes,
680 3845 780 3882 seu
859 3831 1162 3900 precarias,
1257 3839 1430 3903 atque
1495 3833 1807 3888 libellarias

117 3918 351 3972 faciendo
383 3918 516 3972 sine
550 3917 779 3971 licentia
829 3919 1126 3988 praesentis
1187 3921 1458 3991 episcopi,
1491 3928 1545 3975 et
1582 3939 1804 3978 succes-

115 4023 285 4061 sorum
315 4009 464 4077 ejus,
527 4007 629 4077 qui
662 4023 767 4076 pro
817 4013 1080 4078 tempore
1132 4009 1365 4063 fuerint.
1399 4010 1457 4064 Si
1506 4011 1634 4081 quis
1673 4029 1804 4067 vero

117 4094 263 4147 abbas
303 4101 514 4148 contra
575 4095 722 4147 hanc
776 4101 1035 4149 nostram
1093 4098 1497 4152 auctoritatem
1569 4105 1626 4153 et
1662 4116 1804 4169 prae-

117 4185 409 4250 ceptionem
455 4182 732 4251 deinceps
787 4182 974 4237 facere
1006 4187 1460 4256 praesumpserit,
1509 4187 1718 4258 scripta
1749 4193 1806 4243 et

119 4269 428 4325 investitura
499 4286 630 4340 quin
693 4271 911 4338 fecerit,
962 4271 1124 4326 irrita
1191 4279 1248 4327 et
1330 4291 1504 4328 vacua
1569 4285 1626 4329 et
1681 4277 1802 4330 sine

120 4360 295 4413 robore
360 4364 768 4431 permaneant,
827 4367 884 4413 et
929 4361 1103 4414 abbas
1177 4363 1412 4433 proprio
1471 4365 1690 4418 honore
1747 4371 1804 4418 et

119 4445 368 4515 dignitate
408 4449 696 4519 privetur,
757 4452 812 4501 et
863 4449 945 4502 illi
980 4449 1079 4520 qui
1121 4450 1518 4506 investituram
1570 4459 1666 4506 aut
1699 4453 1798 4506 ali-

121 4538 237 4601 quid
296 4538 582 4608 scriptum
647 4536 935 4605 suscipere
987 4541 1483 4609 priesnmpserint,
1535 4541 1717 4596 sciant
1746 4559 1803 4595 se

121 4626 512 4694 compositurus
544 4625 673 4678 auri
705 4625 910 4695 optimi
946 4626 1118 4680 libras
1144 4635 1396 4695 centum,
1434 4631 1799 4688 medietatem

123 4727 331 4767 camera:
363 4719 602 4778 nostrae,
673 4719 728 4766 et
786 4715 1153 4769 medietatem
1199 4716 1463 4784 abbatiai,
1519 4717 1611 4771 cui
1641 4719 1803 4772 dani-

125 4813 237 4853 num
291 4810 346 4856 et
397 4802 854 4856 diminutionem
912 4803 1126 4857 inferre
1196 4807 1455 4860 tentavit.
1519 4807 1682 4870 Quod
1745 4811 1807 4860 ut.

127 4890 283 4942 verius
330 4891 626 4953 credatur,
661 4891 1106 4964 diligentiusque
1165 4894 1232 4947 ab
1284 4894 1552 4948 omnibus
1603 4897 1806 4950 obser-

127 4981 276 5043 vetur,
308 4996 484 5032 manu
531 4979 769 5049 propria
790 4979 1126 5034 roborantes
1154 4981 1328 5051 sigilli
1357 4983 1535 5036 nostri
1570 4983 1807 5054 impres-

128 5063 258 5116 sione
277 5066 562 5133 jussimus
595 5063 888 5133 insigniri.

182 5153 404 5217 Signum.
454 5197 466 5208 .
518 5195 529 5206 .
595 5152 805 5206 domini
859 5155 1082 5208 Henrici
1145 5156 1529 5222 gloriosissimi
1584 5162 1633 5211 et
1664 5159 1806 5210 invi-

127 5243 317 5293 ctissimi
342 5258 506 5310 regis.

184 5328 480 5395 Egilbertus
535 5329 916 5384 cancellarius
950 5329 1020 5384 ad
1054 5330 1234 5386 vicem
1268 5332 1510 5386 Wilibisi
1551 5332 1805 5404 episcopi

129 5421 172 5464 et
195 5418 671 5473 archicancellarii
703 5419 1036 5489 recognovi.

186 5502 362 5559 Datum
395 5524 469 5560 vn
519 5507 604 5559 Id.
667 5505 888 5569 Octob.,
923 5521 1075 5559 anno
1142 5505 1213 5559 ab
1263 5507 1659 5562 incarnatione
1691 5509 1798 5563 Do-

136 5591 246 5643 mini
274 5597 416 5656 1009,
450 5611 613 5648 anno
647 5609 784 5646 vero
822 5593 1052 5648 Henrici
1085 5595 1101 5647 l
1130 5595 1283 5664 regis
1315 5613 1408 5650 vii.

189 5682 362 5736 Actum
394 5682 779 5753 Maidebnrgb
810 5681 1070 5736 feliciter.
1106 5687 1308 5737 Amen.

1833 4425 1876 4478 Ι)

1918 3213 1976 3265 in
2011 3211 2340 3264 monarchia
2370 3225 2660 3280 quamque
2691 3224 2794 3277 per
2823 3209 3052 3276 singula
3083 3209 3203 3260 loca
3230 3207 3408 3260 nostri
3432 3206 3613 3275 regni.

1916 3302 1974 3353 ln
2004 3300 2276 3354 comitatu
2311 3298 2552 3352 Fonensi
2583 3304 2638 3350 et
2677 3296 3050 3350 Pensauriani
3101 3313 3199 3348 seu
3247 3294 3618 3356 Ariminensi,

1917 3387 2108 3438 Villam
2140 3402 2267 3456 qua:
2299 3385 2509 3438 dicitur
2573 3385 2700 3437 Sala
2721 3399 2848 3436 cum
2878 3383 2993 3436 suis
3043 3381 3398 3453 appendiciis
3438 3379 3493 3432 in
3526 3379 3619 3432 in-

1915 3481 2166 3545 tegrum,
2220 3479 2276 3527 et
2307 3474 2540 3526 titulum
2577 3472 2836 3526 Ecclesiae
2869 3473 3048 3541 ipsius
3077 3469 3409 3523 monasterii
3441 3469 3501 3522 in
3532 3469 3615 3522 la-

1913 3567 2033 3616 tere
2093 3561 2327 3634 parietis
2375 3563 2548 3614 situm
2595 3561 2654 3613 in
2720 3562 2936 3614 honore
2999 3564 3205 3612 sanctae
3257 3559 3519 3612 Feliculaa
3567 3561 3625 3609 et

1915 3657 2244 3705 sanctorum
2281 3656 2598 3719 martyrum
2647 3649 2813 3702 Marci
2842 3656 2899 3702 et
2947 3647 3311 3714 Marcelliani,
3344 3652 3399 3699 et
3432 3647 3622 3698 Eccle—

1914 3741 2056 3794 siam
2101 3747 2310 3792 sancta:
2364 3738 2550 3792 Maria:
2603 3738 2699 3791 Dei
2739 3737 3031 3807 genitricis
3073 3737 3133 3789 in
3185 3734 3459 3804 praedicta
3489 3734 3622 3786 villa

1915 3839 1972 3883 et
2010 3829 2309 3882 cortecella
2337 3827 2502 3892 Salze,
2549 3832 2603 3880 et
2654 3825 2948 3879 ecclesiam
2982 3823 3162 3877 sancti
3209 3821 3457 3887 Martini,
3491 3838 3620 3892 quae

1917 3917 2251 3970 nominatur
2289 3916 2649 3985 Aqualonga.
2687 3915 2812 3968 Haec
2842 3911 3122 3966 omniain
3154 3911 3446 3978 integrum
3487 3925 3618 3962 cum

1914 4005 2183 4058 omnibus
2214 4003 2716 4075 suistertinentiis
2748 4007 2804 4055 et
2861 4001 3219 4054 cohazrentiis
3249 4007 3422 4069 atque
3481 3998 3621 4052 sub-

1907 4093 2174 4164 jacentiis
2225 4093 2318 4146 cui
2378 4096 2701 4163 prmtaxatae
2760 4090 2904 4144 Salae
2959 4091 3315 4143 cohaerentes
3371 4088 3622 4158 undique

1914 4188 2070 4248 sunt,
2103 4199 2136 4235 a
2167 4181 2357 4252 primo
2388 4181 2565 4234 latere
2590 4182 2818 4246 fluvius,
2855 4180 2955 4250 qui
2981 4179 3190 4233 dicitur
3249 4178 3620 4243 Pisciatellus,

1916 4271 2166 4324 secundo
2218 4270 2382 4322 lateri
2440 4268 2666 4322 Vedrita
2723 4274 2778 4321 et
2833 4268 3200 4333 Paverianus,
3255 4268 3424 4321 tertio
3456 4265 3621 4319 lateri

1915 4361 2100 4424 limes,
2169 4359 2270 4430 qui
2329 4358 2540 4411 dicitur
2585 4361 2780 4421 Arzer,
2843 4372 3183 4426 percurrens
3222 4372 3256 4408 a
3311 4355 3622 4408 Paveriano

1915 4465 2096 4518 usque
2133 4448 2191 4501 in
2223 4447 2558 4506 stratellam,
2610 4452 2667 4498 et
2708 4445 2860 4497 rivus
2890 4444 2988 4514 qui
3014 4449 3245 4495 vocatur
3275 4443 3343 4495 de
3389 4441 3624 4495 Fabrica

1914 4536 2181 4590 desinens
2204 4539 2254 4587 et
2288 4534 2550 4588 derivans
2604 4548 2785 4602 usque
2817 4531 2874 4584 in
2909 4546 3084 4594 mare,
3119 4535 3174 4582 et
3203 4528 3404 4597 {ipsum
3465 4527 3625 4581 littus

1913 4625 2089 4678 maris
2140 4624 2717 4694 quantulumcunque
2770 4619 2910 4672 milii
2967 4619 3251 4687 pertinere
3309 4616 3534 4670 videtur
3562 4617 3621 4668 in

1913 4714 2225 4783 integrum.
2287 4708 2666 4763 Concedimus
2694 4713 2864 4760 etiam
2899 4707 3088 4759 Salam
3131 4721 3332 4759 novam
3383 4705 3443 4758 in
3475 4705 3622 4758 inte-

1915 4817 2082 4871 grum
2115 4816 2243 4852 cum
2270 4797 2538 4850 omnibus
2577 4795 2934 4867 appendiciis
2965 4795 3102 4859 suis,
3137 4800 3191 4848 et
3221 4793 3501 4865 quidquid
3533 4810 3622 4847 re-

1915 4891 2041 4960 gale
2082 4893 2166 4940 est
2225 4887 2284 4939 in
2343 4889 2640 4941 Castancto
2686 4893 2744 4938 et
2777 4885 3043 4952 Bulgaria
3092 4891 3146 4936 et
3179 4882 3492 4936 Brancbisi.
3524 4883 3622 4936 lte-

1914 4993 2043 5031 rum
2099 4976 2466 5030 concedimus
2495 4981 2558 5028 ut
2619 4973 2784 5026 liceat
2833 4971 2962 5039 sibi,
3012 4972 3074 5024 in
3129 4971 3356 5025 civitate
3411 4971 3620 5035 facere,

1916 5084 2044 5137 quae
2089 5065 2300 5120 dicitur
2347 5066 2567 5132 Pliono,
2595 5064 2949 5134 posterulam
2993 5062 3049 5115 in
3107 5061 3331 5132 publico
3363 5077 3528 5114 muro
3561 5061 3620 5114 in

1917 5157 2040 5208 loco
2101 5155 2197 5208 illo
2251 5154 2344 5207 ubi
2402 5153 2694 5224 propriam
2743 5158 2953 5206 terram
3001 5151 3148 5204 infra
3196 5155 3250 5204 et
3307 5156 3461 5203 extra
3514 5150 3621 5201 ha-

1913 5241 2110 5308 beant,
2159 5248 2216 5294 et
2239 5241 2400 5310 juxta
2461 5257 2692 5294 murum
2726 5241 2826 5309 qui
2858 5244 3092 5291 vocatur
3127 5240 3414 5307 Dapenna,
3449 5237 3619 5287 eccle-

1915 5331 2059 5385 siam
2117 5317 2434 5384 aed-licam.~
2473 5329 2846 5383 Concedimus
2903 5329 3076 5380 etiam
3107 5324 3618 5395 pi'zecipientesque

1916 5420 2202 5474 statuinus
2227 5425 2289 5472 ut
2318 5419 2508 5471 nullus
2541 5417 2654 5470 dux
2688 5421 2787 5470 aut
2818 5415 3304 5482 archiepiscopus,
3339 5410 3615 5472 marcliio,

1915 5524 2128 5572 comes,
2161 5508 2492 5571 vicecomes,
2535 5506 2869 5567 sculdasius,
2917 5500 3219 5571 gastaldio,
3267 5503 3366 5550 aut
3412 5497 3621 5568 aliquis

1915 5598 2179 5668 publicus
2209 5601 2439 5649 exactor
2469 5595 2525 5646 in
2549 5592 2836 5663 aliquibus
2887 5587 3116 5659 prazdiis
3147 5590 3202 5639 et
3246 5585 3616 5656 possessioni-

1919 5687 2024 5741 bus
2051 5701 2152 5756 per
2202 5699 2560 5755 quaecunque
2605 5680 2783 5734 nostri
2815 5693 2975 5748 regni
3030 5677 3149 5728 loca
3189 5675 3615 5744 conjacentibus
