3980 6402
336 377 439 430 287

1637 375 1692 429 S.
1739 373 2033 430 llENRICl
2074 371 2551 429 IMPERATOBIS

3757 373 3862 426 “288

338 504 396 554 et
424 496 826 561 residentibus,
875 499 974 550 aut
1012 495 1345 552 hominibus
1376 513 1551 567 supra
1580 497 1906 551 sedentibus
1953 497 2040 550 vel
2071 500 2113 552 Δ
2152 496 2431 567 scriptum
2482 513 2656 552 manu
2706 497 2944 568 propria
2979 495 3311 552 roborantes
3336 495 3511 567 sigilli
3539 497 3724 551 nostri
3749 497 3866 551 im-

341 584 799 641 inhabitantihus
857 585 1214 649 theloneum,
1277 589 1374 639 aut
1447 585 1696 655 aliquam
1757 583 2046 653 publicam

344 675 699 729 functionem
754 689 859 742 per
905 673 1150 743 alicujus
1203 674 1353 727 tituli
1381 673 1797 728 districtionem
1839 673 2048 727 audeat

341 761 573 830 exigere
616 760 702 812 vel
737 758 1065 829 exquirere,
1102 775 1204 813 nec
1260 760 1512 830 aliquam
1544 758 1923 824 invasionem,
1957 759 2044 812 vel

347 847 878 912 diminorationeni,
952 855 1052 901 aut
1115 850 1478 901 temerariam
1527 846 2046 916 praesumptionem

349 935 757 1007 quoquomodo
813 951 982 1004 agere
1030 937 1117 989 vel
1150 936 1361 989 inferre
1392 936 1794 1004 preesumendo
1819 940 2044 1006 perten-

350 1030 451 1078 tet.
486 1024 544 1079 Si
564 1024 691 1094 quis
719 1024 898 1093 igitur
926 1025 1070 1078 hanc
1097 1029 1300 1077 nostrae
1331 1040 1558 1094 semper
1614 1029 1672 1077 et
1715 1024 1926 1094 ubique
1954 1023 2048 1078 in—

350 1112 627 1166 violandw
689 1112 990 1179 cautionis,
1053 1111 1426 1175 definitionis,
1484 1111 1934 1175 deliberationis,
1995 1115 2051 1164 et

350 1199 748 1264 concessionis,
791 1204 844 1252 et
884 1199 1216 1252 voluntariae
1264 1199 1687 1253 distributionis
1753 1198 2046 1269 paginam,

350 1289 502 1359 quod
528 1288 700 1341 absit!
736 1287 1145 1356 quoquomodo
1187 1286 1492 1340 temerario
1541 1303 1680 1339 ausu
1733 1286 2048 1356 infringere

349 1381 582 1430 conatus
638 1375 830 1439 fuerit,
883 1375 1023 1428 sciat
1056 1391 1114 1428 se
1139 1374 1590 1444 compositurum
1621 1379 1851 1427 centum
1873 1374 2049 1427 libras

351 1465 474 1518 auri
488 1464 748 1517 autmille
766 1463 1064 1535 [argenti],
1090 1464 1458 1516 medietatem
1473 1479 1712 1516 camera:
1730 1469 1960 1528 nostras,
1992 1467 2051 1515 et

349 1553 712 1606 medietatem
739 1553 1036 1620 praelibato
1082 1552 1427 1605 monasterio
1474 1551 1654 1605 sancti
1679 1550 2046 1620 Apollinaris.

348 1640 505 1704 Quod
535 1646 599 1693 ut
621 1640 826 1693 melius
858 1640 1142 1707 credatur,
1179 1639 1624 1710 diligentiusque
1673 1640 1742 1693 ab
1783 1639 2050 1691 omnibus

349 1729 696 1793 observetur,
733 1744 907 1782 manu
935 1728 1166 1798 propria
1194 1734 1534 1798 praesentem
1567 1727 1835 1797 paginam
1872 1727 2051 1780 robo-
2083 1769 2122 1822 Β

348 1822 539 1871 rantes
591 1817 774 1871 nostri
832 1817 1005 1887 sigilli
1053 1816 1434 1888 impressione
1490 1816 1732 1870 inferius
1782 1813 2050 1884 insigniri

343 1905 643 1976 jussimus.

420 1996 655 2061 Signum
677 1994 864 2048 domni
891 1995 1138 2048 Heinrici
1163 1995 1306 2061 regis
1337 1993 1703 2046 invictissimi.

424 2082 784 2136 Eberhardus
837 2080 1210 2135 cancellarius
1241 2081 1358 2135 vice
1409 2079 1674 2151 Willigisi
1705 2078 2049 2150 archicapel-

352 2171 471 2224 lani
494 2169 820 2239 recognovi.

427 2260 565 2312 Data
610 2275 686 2312 vn
735 2258 1016 2312 Kalendas
1063 2258 1213 2323 Maii,
1245 2257 1557 2312 indictione
1605 2255 1868 2329 septima,
1900 2272 2050 2310 anno

355 2346 669 2401 Dominicaa
715 2347 1123 2401 incarnationis
1161 2347 1466 2400 millesimo
1499 2361 1669 2413 nono,
1721 2361 1870 2398 anno
1916 2361 2050 2399 vero

355 2432 553 2488 domui
586 2434 831 2488 Heinrici
860 2435 1094 2489 secundi
1117 2434 1410 2505 regnantis
1440 2451 1534 2488 vn.

425 2526 628 2577 Actum
661 2524 929 2580 Niven....
964 2523 1222 2578 feliciter.
1252 2527 1461 2578 Amen.

1148 2613 1256 2666 LII.

358 2701 413 2754 S.
447 2701 670 2754 Hen-rici
717 2701 1070 2769 privilegium
1109 2699 1436 2754 Godehardo
1485 2698 1678 2754 abbati
1728 2711 2049 2753 concessum'

995 2787 1180 2858 (Anno
1219 2787 1398 2855 1009.)

592 2875 907 2947 [Ludewig,
943 2878 1152 2945 Scripi.
1193 2893 1300 2930 rer.
1336 2877 1536 2936 Germ,
1575 2872 1820 2944 333-34.]

428 2966 493 3018 ln
543 2965 775 3020 nomine
806 2971 1015 3019 sancta:
1043 2971 1099 3019 et
1155 2964 1465 3018 individuae
1512 2963 1824 3029 Trinitatis,
1877 2964 2050 3016 HEIN-
2085 3016 2122 3034 η

359 3069 510 3107 RlCUS
537 3053 732 3107 divina
754 3054 980 3107 favente
1010 3053 1316 3106 clementia
1343 3069 1457 3106 rex.

426 3141 484 3194 Si
531 3140 805 3194 Ecclesias
849 3140 950 3194 Dei
997 3141 1235 3210 alicujus
1293 3139 1430 3194 doni
1473 3139 1831 3193 incremento
1873 3138 2054 3192 ditare

356 3227 443 3280 vel
488 3227 794 3280 sublimare
846 3226 1256 3291 studuerimus,
1346 3226 1506 3279 nobis
1559 3225 1618 3278 id
1682 3226 2049 3295 profuturum

357 3329 479 3367 esse
523 3313 762 3368 minime
821 3314 1167 3368 dubitamus.
1228 3314 1588 3382 Quapropter
1661 3319 1884 3366 noverit
1931 3331 2053 3367 orn-

358 3402 520 3455 nium
571 3401 777 3456 Christi
814 3401 1070 3455 fidelium
1121 3408 1565 3472 nostrorumque
1597 3400 1880 3454 industria
1914 3418 2044 3470 qua-

358 3490 508 3556 liter,
560 3490 633 3544 ob
661 3490 981 3544 remedium
1041 3490 1248 3544 anima:
1288 3494 1498 3543 nostrae
1564 3495 1621 3543 et
1667 3489 2053 3543 interventum

357 3578 551 3633 dilecti
579 3579 800 3632 abbatis
858 3578 1038 3632 nostri
1094 3577 1442 3647 Godehardi,
1492 3594 1659 3632 suum
1717 3579 1857 3648 juge
1886 3578 2054 3631 devo-

357 3672 598 3738 tumque
677 3666 975 3721 servitium
1051 3667 1438 3737 inspicientes,
1518 3667 1868 3721 monasterio
1930 3683 2053 3732 suo,

358 3757 561 3810 Altaha
593 3756 765 3822 dicto,
802 3755 870 3809 ad
901 3755 1196 3810 servitium
1227 3766 1284 3809 et
1313 3755 1380 3810 ad
1429 3772 1598 3809 usum
1651 3755 1894 3809 fratrum
1940 3756 2055 3808 Deo

359 3844 573 3898 ibidem
631 3844 1059 3910 famulantium,
1121 3843 1181 3898 in
1229 3844 1364 3897 villa
1422 3843 1858 3911 Mundrichinga
1907 3843 2059 3897 dicta

363 3949 534 3985 unam
579 3932 896 3997 ecclesiam,
952 3949 1083 3986 cum
1131 3932 1308 3986 dotali
1363 3948 1560 3986 manso
1592 3937 1650 3985 et
1677 3933 1896 3985 duabus
1925 3948 2057 4001 par-

361 4021 513 4073 tibus
568 4019 964 4073 decimationis
1012 4020 1079 4072 ad
1125 4020 1386 4073 eamdem
1420 4019 1715 4074 ecclesiam
1765 4020 2059 4090 pertinen-

361 4107 536 4172 tibus,
560 4111 617 4160 et
642 4107 703 4160 in
743 4107 874 4160 villa
905 4107 1106 4160 eadem
1143 4107 1320 4160 alium
1369 4122 1656 4171 mansum,
1707 4124 1838 4160 cum
1897 4125 2056 4161 man-

362 4195 527 4265 cipiis
575 4195 868 4248 Frundum
899 4198 958 4248 et
1007 4210 1181 4247 uxore
1238 4194 1417 4263 ipsius
1450 4199 1506 4246 et
1562 4193 1693 4248 filiis
1739 4195 2058 4262 eorum;in

2156 586 2450 655 pressione
2479 585 2744 657 insigniri
2757 585 3054 656 jussimus.

2228 675 2367 728 Data
2415 679 2610 728 octavo
2637 675 2770 728 Idus
2816 673 3052 742 Aprilis,
3106 672 3304 728 indict.
3343 690 3440 737 vn,
3476 690 3628 728 anno
3659 673 3732 727 ab
3765 672 3864 726 in—

2154 763 2485 818 carnatione
2540 763 2757 817 Domini
2822 765 2979 828 l009,
3013 778 3164 815 anno
3196 778 3330 816 vero
3359 761 3582 816 domini
3615 762 3870 816 lleinrici

2155 851 2392 904 secundi
2428 851 2724 922 regnantis
2753 866 2871 904 vui.
2897 854 3101 904 Actum
3133 851 3531 920 Regenspurg.
3557 854 3766 905 Amen.

2919 939 3082 1005 lLIlI.

2478 1029 2536 1083 S.
2568 1029 2788 1081 Πατανίσί
2823 1028 3178 1096 privilegium
3208 1041 3312 1096 pro
3341 1025 3548 1081 eodem.

2774 1119 2960 1180 (Anno
2989 1114 3236 1181 eodem.)

2659 1203 2973 1276 [Ludewig,
3017 1203 3110 1256 ubi
3140 1201 3360 1274 supra.]

2229 1290 2293 1344 In
2323 1289 2558 1344 nomine
2607 1295 2816 1344 sancta:
2865 1296 2922 1342 et
2967 1289 3277 1342 individua:
3323 1287 3640 1356 Trinitatis,
3696 1289 3872 1342 Hem-

2161 1393 2311 1430 nicus
2335 1377 2530 1431 divina
2550 1378 2774 1430 favente
2804 1377 3109 1430 clementia
3127 1393 3250 1429 rex.

2230 1464 2287 1519 Si
2316 1465 2455 1534 quid
2478 1481 2580 1517 nos
2603 1465 2874 1518 Ecclesias
2917 1463 3041 1529 Dei,
3075 1465 3161 1517 vel
3195 1464 3254 1516 in
3286 1463 3501 1517 eisdem
3523 1463 3869 1528 servientes,

2161 1553 2230 1608 de
2277 1553 2488 1607 nostris
2519 1553 2700 1607 ditare
2730 1554 3143 1614 studuerimus,
3173 1554 3372 1623 procul
3413 1552 3588 1606 dubio
3619 1552 3871 1606 immar-

2160 1641 2422 1695 cescibile
2476 1641 2778 1712 praemium
2841 1642 2900 1694 in
2939 1643 3134 1695 futuro
3193 1657 3488 1710 capessere
3550 1641 3869 1694 credimus.

2160 1733 2282 1794 Qua
2303 1731 2372 1784 de
2421 1747 2481 1784 re
2528 1730 2748 1784 cunctis
2780 1730 3050 1783 fidelibus
3081 1730 3312 1795 nostris,
3359 1728 3742 1798 praesentibus
3765 1730 3876 1783 sci-

2160 1820 2294 1873 licet
2323 1824 2379 1872 et
2416 1819 2645 1884 futuris,
2705 1825 2911 1872 notum
2963 1834 3084 1870 esse
3135 1819 3404 1871 volumus
3435 1817 3684 1886 qualiter
3740 1835 3869 1881 nos,

2159 1913 2385 1961 aeternae
2407 1906 2536 1960 vitae
2594 1906 2879 1960 desiderio
2912 1905 3274 1972 inflammati,
3301 1911 3421 1959 tam
3469 1922 3573 1976 pro
3608 1907 3875 1961 remedio

2161 1996 2367 2050 animae
2398 1999 2606 2049 nostrae
2653 2011 2827 2065 quam
2868 1999 3170 2066 parentum
3205 1999 3561 2058 nostrorum,
3594 2010 3700 2048 nec
3747 2011 3874 2048 non

2160 2089 2216 2138 et
2263 2083 2590 2137 interventu
2655 2082 2873 2136 dilectae
2950 2082 3184 2151 (uxoris)
3245 2080 3576 2134 contectalis
3648 2087 3870 2134 nostrae

2160 2171 2574 2241 Chunignndae,
2616 2176 2672 2224 et
2711 2187 2812 2240 pro
2872 2169 3226 2223 dilectissimi
3274 2169 3596 2222 Altahensis
3640 2168 3874 2222 abbatis

2161 2260 2480 2316 Godehardi
2549 2259 2877 2326 gratissimo
2958 2257 3256 2328 obsequio,
3341 2257 3531 2311 eidem
3603 2257 3874 2311 Ecclesiae

2159 2349 2252 2402 cui
2307 2347 2429 2418 ipse
2487 2363 2727 2417 praeesse
2795 2347 3036 2413 videtur,
3096 2346 3156 2399 in
3211 2362 3381 2399 usum
3450 2345 3872 2399 monachorum

2161 2436 2306 2490 inibi
2340 2437 2451 2490 Deo
2477 2435 2903 2500 famulantium,
2928 2434 2988 2487 in
3029 2435 3306 2488 comitatu
3332 2433 3667 2488 Thiemonis
3705 2449 3874 2502 prae-

2161 2525 2318 2590 sidis,
2361 2540 2544 2595 prope
2601 2523 3040 2592 monasterium,
3089 2523 3148 2576 in
3180 2523 3313 2575 villa
3363 2521 3877 2593 Helnigerimperk

2162 2613 2332 2678 dicta,
2392 2614 2707 2666 mercatum
2759 2611 3026 2676 habenti;
3081 2611 3366 2664 telonium
3413 2616 3532 2664 tam
3583 2609 3876 2662 viantium

2162 2717 2336 2772 quam
2385 2699 2778 2769 navigantium
2811 2699 3074 2768 exigendi
3098 2699 3193 2768 jus
3218 2703 3564 2770 perpetuum
3596 2714 3701 2768 per
3761 2698 3881 2752 hoc

2161 2789 2352 2859 regale
2401 2793 2750 2857 praeceptum
2817 2787 3168 2840 contulimus
3227 2791 3399 2857 atque
3459 2784 3876 2840 concessimus.

2161 2878 2320 2942 Quod
2362 2877 2408 2931 si
2439 2893 2552 2948 qua
2582 2892 2827 2946 persona
2847 2876 3035 2928 eidem
3069 2877 3191 2928 loco
3223 2874 3546 2939 abstulerit,
3581 2874 3640 2927 in
3671 2873 3881 2928 futuro

2158 2965 2373 3035 judicio
2404 2963 2784 3018 examinanda
2828 2964 2956 3017 erit.
3016 2963 3080 3016 Et
3126 2967 3188 3016 ut
3217 2963 3322 3016 hac
3361 2968 3572 3016 nostra:
3603 2961 3880 3015 traditio-

2165 3055 2251 3108 nis
2326 3053 2630 3107 auctoritas
2697 3052 2914 3106 stabilis
2987 3055 3042 3105 et
3111 3050 3447 3104 inconvulsa
3509 3056 3881 3120 permaneat,

2165 3159 2336 3196 manu
2371 3141 2605 3212 propria
2643 3158 2771 3196 eam
2818 3140 3155 3194 roborantes
3205 3139 3447 3207 sigillari
3479 3145 3682 3192 nostra
3732 3139 3882 3193 ima-

2163 3231 2295 3302 gine
2318 3230 2618 3299 jussimus.

2236 3320 2376 3373 Data
2399 3335 2471 3371 vn
2504 3318 2634 3372 ldus
2661 3316 2838 3382 Junii,
2880 3315 3192 3370 indictione
3230 3333 3321 3384 vn,
3355 3332 3506 3370 anno
3553 3317 3879 3370 Dominicae

2163 3406 2576 3460 incarnationis
2610 3409 2765 3471 1009,
2801 3421 2951 3458 anno
3010 3421 3142 3459 vero
3183 3405 3405 3459 domini
3441 3405 3693 3459 Heinrici
3723 3407 3881 3475 regis

2163 3493 2397 3548 secundi
2427 3494 2722 3562 regnantis
2753 3510 2870 3547 νιιι.

2233 3586 2437 3636 Actum
2470 3582 2798 3653 Merseburg
2819 3581 3078 3636 feliciter.
3105 3585 3310 3636 Amen.

2958 3672 3084 3725 LIV.

2166 3759 2412 3814 Ecclesia
2437 3759 2776 3826 Northwuld,
2828 3779 2857 3810 α
2886 3761 3005 3814 sitae
3034 3762 3091 3812 in
3122 3773 3313 3826 eremo,
3349 3778 3370 3805 ιτ
3436 3758 3612 3811 multa
3654 3760 3883 3828 praedia

2895 3842 3122 3904 confrri.

2818 3929 3005 3995 (Anno
3042 3925 3220 3993 l009.)

2488 4014 2802 4086 [Ludewig,
2834 4016 2930 4068 ubi
2964 4031 3154 4083 supra,
3197 4030 3251 4082 p.
3296 4010 3547 4082 33l-3‘2.]

2240 4103 2303 4156 In
2355 4102 2592 4156 nomine
2621 4109 2829 4156 sancta:
2860 4108 2917 4156 et
2963 4101 3272 4155 individua:
3316 4100 3637 4165 Trinitatis,

2168 4205 2318 4244 RICUS
2339 4189 2533 4243 divina
2562 4190 2785 4243 favente
2816 4189 3000 4260 gratia
3031 4205 3145 4241 rex.

3707 4101 3882 4154 Ham-

361 4283 752 4338 Silfenchoven
783 4286 975 4335 autem
1024 4286 1140 4334 tres
1190 4297 1416 4333 mansos
1469 4297 1598 4334 cum
1647 4281 1948 4352 mancipiis
1999 4283 2055 4335 in
2084 4302 2127 4355 ι)
2238 4277 2903 4348 Plantationiscujnsque
2923 4277 3185 4330 surculus
3209 4280 3411 4328 trunco
3432 4273 3600 4329 viridi
3621 4274 3887 4346 imputa-

360 4371 450 4425 his
516 4370 934 4436 habitantibus;
1001 4369 1061 4422 in
1127 4368 1552 4439 Mangollingen
1603 4384 1732 4422 vero
1798 4369 2058 4438 superius

362 4458 848 4512 molendinarium
907 4473 1035 4510 cum
1101 4456 1452 4523 molendino,
1486 4456 1545 4510 in
1601 4472 1748 4526 pago
1799 4458 2062 4510 Wonaul-

362 4564 539 4618 gowe,
580 4546 637 4600 in
672 4546 946 4600 comitatu
978 4562 1109 4598 vero
1140 4545 1437 4599 Ruotberti
1470 4544 1695 4598 comitis
1739 4545 1882 4613 sitis,
1932 4561 2062 4598 cum

361 4634 631 4688 omnibus
676 4635 1024 4705 appenditiis
1067 4634 1181 4688 sive
1243 4633 1584 4689 utilitatibus
1633 4649 1762 4704 quae
1811 4632 1922 4687 dici
1968 4638 2066 4686 aut

361 4722 652 4775 nominari
696 4729 952 4792 possunt,
985 4739 1089 4793 per
1110 4724 1256 4777 hanc
1288 4723 1464 4776 nostri
1493 4722 1764 4792 praecepti
1794 4721 2064 4792 paginam

363 4809 728 4861 concedimus
760 4816 931 4879 atque
981 4812 1275 4879 largimur.
1326 4812 1393 4863 Et
1448 4811 1516 4864 de
1573 4816 1767 4862 nostro
1821 4810 1949 4879 jure
2002 4825 2066 4861 ac

365 4894 623 4948 dominio
655 4895 715 4947 in
753 4913 953 4949 eorum
980 4896 1074 4965 jus
1099 4914 1162 4950 ac
1210 4897 1534 4951 dominium
1573 4897 1835 4951 omnium
1893 4903 2068 4950 trans-

364 4983 676 5050 fundimus,
724 5001 789 5036 ea
843 4984 1058 5052 quippe
1110 4984 1352 5050 ratione,
1389 4991 1472 5050 ut,
1530 4987 1836 5054 praedictus
1895 4984 2066 5038 abbas

367 5072 572 5142 suique
603 5088 969 5136 successores,
1005 5089 1116 5124 una
1163 5089 1294 5125 cum
1341 5073 1611 5126 fratribus
1644 5073 1786 5127 inibi
1830 5075 1942 5127 Deo
1981 5075 2064 5126 fa-

366 5160 743 5227 mulantibus,
778 5160 846 5212 de
871 5159 1294 5228 prwnominato
1314 5160 1466 5213 bono
1479 5161 1715 5230 ejusque
1730 5161 2068 5214 utensilibus

367 5249 572 5302 dehinc
629 5248 864 5301 liberam
910 5247 1159 5300 habeant
1199 5251 1560 5316 potestatem,
1602 5249 1669 5300 ad
1702 5265 2068 5302 communem

368 5355 534 5392 usum
581 5338 846 5402 fratrum,
883 5334 1166 5408 quidquid
1221 5335 1300 5386 eis
1338 5335 1575 5388 libuerit
1619 5336 1882 5404 faciendi,
1941 5353 2072 5390 om-

371 5427 531 5480 nium
583 5426 887 5481 hominum
933 5423 1386 5479 contradictione
1431 5429 1669 5478 remota.
1731 5427 1796 5478 Et
1851 5431 1916 5478 ut
1953 5425 2072 5479 haec

372 5514 675 5568 auctoritas
707 5520 917 5567 nostra:
956 5510 1286 5567 donationis
1343 5511 1563 5564 stabilis
1613 5517 1669 5565 et
1740 5513 2074 5566 inconvulsa

375 5608 708 5670 permaneat
740 5603 895 5654 omni
941 5608 1220 5670 tempore,
1265 5601 1369 5653 hoc
1403 5605 1748 5670 prmccptum
1787 5601 1918 5654 inde
1947 5617 2074 5654 con-

2168 4370 2280 4430 tus,
2314 4372 2529 4435 quanto
2552 4365 2761 4435 saepius
2789 4365 2950 4434 aquis
2971 4363 3328 4418 circumfusis
3376 4362 3671 4432 irrigatur,
3713 4369 3884 4417 tanto

2172 4454 2360 4522 citius,
2407 4454 2796 4508 crescentibus
2820 4451 3043 4526 [ramis]
3076 4453 3130 4506 in
3153 4452 3349 4506 orbem
3381 4451 3641 4522 erigitur.
3684 4453 3878 4506 Eccle-

2174 4543 2285 4596 sias
2316 4541 2493 4611 igitur
2537 4541 2636 4595 Dei
2694 4541 3110 4610 comparationi
3165 4540 3348 4593 eidem
3401 4556 3503 4592 nos
3543 4556 3889 4610 recompen-

2174 4635 2384 4693 santes,
2419 4629 2749 4700 ubicunque
2771 4631 3030 4683 locorum
3058 4628 3278 4683 noviter
3296 4628 3602 4696 plantatas,
3637 4627 3684 4680 si
3709 4627 3889 4681 bonis

2175 4717 2385 4772 nostris
2431 4718 2724 4788 aliquanto
2781 4711 3086 4787 benignius
3161 4716 3429 4771 adhibitis
3489 4715 3886 4778 sublevamus,

2177 4813 2336 4861 tanto
2367 4823 2462 4860 eas
2491 4806 2657 4860 citius
2705 4806 2765 4859 in
2801 4807 2991 4860 divina
3020 4805 3189 4859 laude
3237 4805 3479 4858 feliciter
3531 4820 3890 4867 excrescere,

2175 4902 2449 4966 tantoque
2481 4913 2585 4949 nos
2615 4895 2836 4948 firmius
2879 4892 3324 4966 imperiiOnostri
3356 4893 3585 4946 culmen
3625 4892 3892 4946 stabilire

2177 4984 2420 5038 fideliter
2449 4983 2808 5037 conﬁdimus.

2247 5073 2604 5142 Quapropter
2633 5071 2896 5125 omnium
2947 5070 3048 5124 Dei
3105 5070 3408 5139 nostrique
3442 5068 3700 5122 fidelium
3753 5071 3891 5122 uni-

2179 5161 2429 5214 versitati
2481 5165 2682 5213 notum
2716 5160 2982 5212 volumus
3031 5159 3280 5228 qualiter
3312 5175 3438 5222 nos,
3486 5157 3558 5209 ob
3590 5157 3894 5212 interven—

2180 5255 2303 5303 tum
2354 5265 2418 5302 ac
2467 5248 2803 5317 petitionem
2858 5249 3078 5301 dilecta
3128 5246 3390 5316 conjugis
3428 5250 3640 5298 nostra:
3682 5246 3899 5299 Chuni-

2182 5338 2386 5406 gundae
2417 5336 2797 5406 imperatricis
2817 5342 3095 5405 augustae,
3128 5341 3182 5388 et
3206 5334 3486 5388 Brunonis
3507 5336 3896 5403 Auguslensis

2181 5426 2441 5480 Ecclesiae
2473 5427 2753 5495 praesulis,
2798 5431 2855 5479 et
2877 5431 3215 5478 caeterorum
3246 5423 3505 5477 fidelium
3531 5429 3890 5488 nostrorum,

2184 5515 2492 5568 Eberhardi
2545 5514 2994 5583 Ratisponensis,
3042 5512 3330 5567 Bennonis
3362 5511 3712 5566 Pataviensis
3761 5512 3895 5578 epi-

2184 5618 2510 5670 scoporum,
2539 5603 2607 5654 ad
2648 5602 2949 5654 Ecclesiam
2990 5601 3157 5654 sitam
3187 5601 3245 5652 in
3276 5616 3491 5663 eremo,
3545 5616 3679 5669 quae
3727 5616 3897 5652 voca-
