3980 6438
157 424 255 476 5289

1421 428 1810 485 DIPLOMATA
1853 432 2413 491 ECCLESIASTICA.

2358 26 2683 39 μιῇ-Τῇ

3581 450 3686 502 290

159 556 248 604 tur
289 553 604 617 Nortwald,
642 570 673 606 a
718 553 1034 606 Guntherio
1092 556 1396 621 monacho,
1455 560 1511 609 et
1552 556 1692 610 inibi
1750 558 1867 628 pri-
1900 561 1944 612 A
1983 566 2217 630 nostrae,
2255 579 2316 616 ac
2376 564 2616 617 senioris
2649 566 2853 633 nostri,
2900 568 3163 622 videlicet
3220 572 3441 625 Ottonis
3497 573 3689 643 impe-

155 641 323 693 mitus
364 643 736 695 eremeticam
799 643 975 695 vitam
1010 643 1275 711 ducente,
1333 649 1747 711 constructam,
1804 646 1865 699 in

158 729 371 783 honore
432 730 920 783 victoriosissimae.
989 732 1173 784 crucis
1212 739 1537 803 sanctasque
1568 733 1667 787 Dei
1698 734 1865 804 geni-

159 817 310 869 tricis
345 819 558 879 Mariaa,
592 835 696 871 nec
739 836 854 872 non
892 821 951 872 Β.
986 820 1224 873 Joannis
1286 822 1569 891 Baptistae,
1604 822 1664 875 in
1698 840 1861 876 usum

159 906 397 960 fratrum
452 908 534 960 ibi
581 908 697 959 Deo
758 908 863 960 sub
914 909 1109 977 regula
1159 908 1210 962 S.
1263 909 1554 963 Benedicti
1613 911 1868 963 servien-

159 995 327 1057 tium;
364 995 652 1065 quidquid
685 995 1013 1060 habuimus,
1048 1012 1080 1048 a
1136 996 1290 1049 fonte
1328 1014 1491 1067 aqua:
1523 1014 1649 1068 quas
1690 1014 1856 1052 voca-

160 1088 249 1134 tur
281 1082 609 1152 Leiptliusa,
648 1100 828 1154 usque
860 1085 929 1137 ad
991 1084 1178 1137 locum
1226 1085 1325 1155 qui
1384 1092 1622 1139 vocatur
1679 1087 1865 1140 Swar-

160 1172 499 1235 tawinchilt,
532 1178 590 1225 et
622 1172 753 1225 inde
816 1188 994 1243 usque
1053 1174 1121 1226 ad
1190 1180 1449 1227 montem
1502 1174 1601 1245 qui
1634 1182 1867 1230 vocatur

165 1260 640 1327 Ekkirischbuch,
676 1266 729 1312 et
763 1260 841 1313 ita
887 1276 1065 1331 usque
1098 1261 1166 1314 ad
1203 1278 1411 1331 aquam
1471 1280 1600 1333 quae.
1633 1272 1871 1318 vocatur

165 1348 585 1410 Forehenbach,
620 1352 675 1401 et
730 1348 863 1401 inde
912 1349 981 1401 ad
1018 1350 1456 1415 Holerenberch,
1515 1369 1697 1422 usque
1731 1353 1867 1408 dum

161 1437 353 1489 venias
415 1436 893 1502 Plecentenstein,
938 1442 994 1490 et
1040 1437 1174 1491 inde
1217 1438 1288 1491 ad
1356 1439 1783 1507 Grachenbach,
1815 1444 1870 1493 et

162 1526 236 1577 sic
269 1526 336 1578 ad
370 1525 588 1579 fontem
622 1526 802 1595 ipsius
859 1542 1047 1596 aqum,
1099 1532 1154 1580 et
1184 1527 1260 1581 ita
1316 1544 1421 1598 per
1465 1545 1675 1598 aquam
1738 1546 1867 1600 quae

162 1614 371 1666 dicitur
406 1614 727 1680 Flinsbach,
785 1619 841 1669 et
900 1615 1053 1679 hinc,
1107 1621 1167 1668 ut
1212 1616 1691 1671 subterminalum
1762 1624 1865 1686 est,

159 1703 224 1755 ad
258 1704 478 1755 flumen
511 1703 715 1772 Regin,
768 1707 823 1755 et
857 1720 960 1773 per
998 1704 1333 1758 descensum
1378 1706 1561 1775 Regni
1614 1706 1869 1759 fluminis

161 1808 340 1861 usque
374 1793 433 1843 in
468 1793 660 1844 villam
700 1790 857 1845 illam
914 1792 1210 1859 Piberach,
1245 1810 1373 1864 qua:
1432 1794 1675 1847 duarum
1710 1795 1869 1847 Pibe-

1979 651 2202 715 ratoris,
2267 652 2608 723 dileclaéque
2667 656 2931 725 eunjugis
3004 661 3215 711 nostra:
3287 659 3684 732 Chunigundae

1974 739 2210 806 reginae,
2246 756 2343 793 seu
2400 749 2711 811 parentum
2769 750 3118 810 nostrorum,
3180 764 3283 800 nec
3330 765 3443 802 non
3475 756 3531 805 et
3578 769 3682 823 pro

1976 828 2140 896 regni
2190 829 2392 896 nostri,
2445 837 2595 884 statu
2647 834 2993 886 monasterio
3056 834 3475 905 Ratisponensi,
3522 841 3677 909 quod

1976 915 2051 967 ibi
2100 922 2333 988 vocatur
2365 919 2907 985 Oberenmuuester,
2943 922 3000 974 in
3054 923 3271 976 honore
3329 932 3539 979 sancta:
3581 928 3682 981 Dei

1975 1005 2274 1057 Geuitricis
2306 1024 2648 1078 semperque
2680 1010 2927 1078 Virginis
2984 1011 3171 1064 Mariae
3212 1011 3493 1079 dedicato,
3555 1014 3678 1085 ipsa

1975 1088 2067 1141 die
2099 1089 2393 1159 quaillud,
2454 1107 2559 1160 per
2619 1109 2721 1145 nos
2751 1110 2783 1144 a
2814 1094 3190 1147 fundamento
3224 1097 3559 1166 perfectum,
3622 1100 3679 1152 in

1974 1178 2281 1247 praesentia
2331 1180 2509 1231 nostri
2546 1196 2615 1232 xv
2677 1182 2798 1233 Kal.
2843 1182 2971 1234 Maii
3026 1184 3347 1236 consecrari
3405 1185 3680 1253 gfecimus,

1978 1266 2267 1335 quandam
2331 1268 2508 1320 nostri
2562 1269 2709 1337 juris
2786 1276 3006 1323 curtem
3086 1272 3319 1325 nomine
3374 1274 3569 1328 Salaht
3624 1276 3682 1329 in

1976 1354 2253 1407 comitatu
2287 1356 2591 1425 Ruotperti
2650 1356 2897 1421 comitis,
2933 1357 2991 1411 in
3054 1375 3203 1429 pago
3247 1360 3683 1432 Duonochgowe

1977 1458 2107 1495 cum
2137 1443 2404 1496 omnibus
2435 1445 2553 1497 suis
2600 1445 2965 1514 pertinentiis
3023 1463 3123 1500 seu
3153 1449 3528 1518 appendiciis,
3573 1452 3684 1504 vil—

1976 1531 2067 1595 lis,
2094 1531 2250 1599 vicis,
2285 1548 2413 1585 cum
2471 1533 2702 1586 familiis
2742 1534 3040 1604 utriusque
3088 1552 3254 1589 sexus
3305 1537 3475 1603 areis,
3539 1539 3684 1593 aedi-

1977 1619 2139 1687 liciis,
2174 1620 2391 1691 campis
2450 1622 2649 1691 pratis,
2711 1623 2957 1692 pascuis,
3018 1625 3193 1689 silvis,
3252 1626 3681 1690 venationibus,

1978 1708 2140 1778 aquis
2171 1725 2520 1779 aquarumve
2554 1711 2905 1776 decursibus,
2962 1712 3396 1781 piscationibus,
3464 1716 3684 1769 molen-

1980 1796 2147 1862 diuis,
2170 1797 2410 1850 exitibus
2445 1803 2502 1851 et
2546 1797 2843 1864 reditibus,
2896 1800 3003 1852 viis
3065 1806 3119 1853 et
3171 1801 3361 1867 inviis,
3425 1805 3683 1872 quaesitis

161 1880 290 1932 rach
326 1879 516 1932 media
565 1879 867 1943 interfluit,
932 1886 988 1933 et
1034 1882 1112 1934 sic
1169 1898 1396 1935 sursum
1459 1897 1560 1952 per
1604 1881 1867 1935 eamdem
1903 1863 1941 1915 Β
1980 1886 2096 1938 sive
2122 1885 2500 1954 inquirendis,
2536 1902 2665 1939 cum
2700 1887 2968 1940 omnibus
3011 1904 3137 1959 quae
3189 1890 3451 1959 quolibet
3507 1893 3681 1946 modo

162 1968 463 2029 Piberach,
498 1984 677 2037 usqce
719 1969 787 2020 ad
829 1969 1018 2022 locum
1071 1970 1169 2039 qui
1202 1975 1287 2023 est
1316 1970 1376 2023 iu
1426 1978 1621 2023 monte
1679 1972 1866 2025 Hane-

158 2057 319 2121 wicb,
383 2062 442 2109 et
496 2056 627 2110 inde
685 2072 789 2125 per
844 2056 1151 2111 decursum
1232 2074 1397 2129 aqua:
1445 2074 1574 2128 quae
1631 2064 1869 2111 vocatur

157 2145 390 2208 Sebach,
431 2150 487 2197 et
517 2145 597 2197 sic
636 2144 788 2210 inde,
832 2150 895 2198 ut
931 2146 1099 2199 modo
1131 2147 1506 2200 terminatum
1537 2152 1642 2211 est,
1680 2162 1865 2217 usque

162 2233 226 2286 ad
258 2234 451 2286 locum
491 2232 586 2286 ubi
637 2233 979 2286 Kelbirbach
1021 2234 1174 2287 cadit
1210 2235 1271 2287 in
1305 2235 1500 2288 album
1532 2235 1736 2305 Regin,
1770 2252 1869 2289 us-

162 2337 268 2391 que
302 2321 361 2374 in
395 2322 828 2385 Atlaltresbach,
886 2327 941 2374 et
973 2322 1107 2375 inde
1167 2323 1236 2375 ad
1284 2339 1557 2393 magnum
1613 2324 1865 2392 lapidem

162 2410 257 2480 qui
288 2426 357 2463 ex
384 2410 655 2463 orientali
683 2410 853 2480 plaga
882 2426 1064 2480 prope
1106 2415 1341 2465 stratam
1396 2412 1550 2481 jacet
1600 2428 1728 2483 quae
1762 2414 1864 2466 Ba-

161 2499 373 2552 variam
408 2497 615 2563 tendit,
651 2504 707 2550 et
739 2499 816 2551 sic
846 2514 951 2568 per
989 2502 1225 2552 stratam
1269 2515 1449 2569 usque
1507 2500 1575 2553 ad
1632 2500 1863 2569 nigrum

166 2587 363 2656 Regin,
400 2591 457 2639 et
489 2602 714 2639 sursum
748 2601 851 2657 per
908 2587 1179 2640 eumdem
1229 2588 1491 2655 ﬂuvium,
1547 2588 1616 2642 ad
1672 2590 1857 2643 locum

163 2675 253 2726 ubi
284 2674 569 2728 interfluit
600 2691 748 2745 aqua
800 2675 1054 2741 Fladinz,
1092 2676 1301 2730 etinde
1324 2677 1391 2730 ad
1442 2677 1660 2731 fontem
1703 2678 1862 2746 ejus—

164 2762 281 2815 dem
314 2778 508 2833 aquae,
551 2768 608 2816 et
634 2763 713 2816 ita
746 2780 926 2835 usque
966 2765 1035 2817 ad
1073 2764 1399 2833 Naufﬁnna,
1430 2781 1560 2819 cum
1593 2766 1862 2820 omnibus

164 2852 522 2914 utensilibus,
556 2867 685 2904 cum
718 2852 886 2913 areis,
926 2851 1205 2917 aediﬁciis,
1252 2852 1426 2923 agris,
1471 2854 1657 2914 terris,
1689 2854 1858 2907 cultis

162 2945 212 2991 et
280 2940 536 3005 incultis,
600 2941 797 3010 pratis,
866 2940 1113 3010 pascuis,
1185 2941 1375 3011 sylvis,
1432 2941 1858 3007 venationibus,

160 3030 337 3098 aquis,
370 3045 731 3100 aquarumve
790 3029 1144 3095 decursibus,
1202 3029 1632 3100 piscationibus,
1668 3031 1856 3085 molis.

1977 1968 2088 2021 dici
2134 1975 2232 2021 aut
2275 1968 2565 2021 nominari
2630 1977 2869 2040 possunt
2947 1972 3310 2041 utilitatibus,
3376 1990 3480 2045 per
3540 1975 3684 2028 hanc

1978 2062 2232 2109 nostrain
2280 2058 2530 2127 regalem
2617 2059 2885 2128 paginam
2942 2060 3129 2113 eidem
3199 2062 3547 2116 monasterio
3610 2065 3680 2116 ad

1978 2161 2145 2199 usum
2178 2150 2233 2198 et
2271 2146 2553 2215 stipendia
2578 2147 3105 2201 sanctimonialium
3137 2148 3279 2203 inibi
3332 2151 3448 2204 Deo
3486 2151 3672 2205 famu-

1975 2234 2222 2287 lantium
2270 2234 2491 2304 integre
2549 2236 2935 2289 concessimus
2990 2241 3160 2308 atque
3209 2240 3572 2305 tradidimus,
3626 2247 3684 2293 et

1976 2322 2046 2376 de
2077 2328 2269 2376 nostro
2296 2323 2425 2393 jure
2460 2339 2523 2376 ac
2554 2324 2811 2377 dominio
2835 2324 2892 2378 in
2923 2325 3048 2395 ejus
3097 2325 3192 2395 jus
3241 2331 3297 2380 et
3358 2328 3680 2382 dominium

1975 2412 2211 2465 omnino
2236 2412 2713 2479 transfundimus,
2756 2428 2823 2467 ea
2858 2414 3073 2483 quippe
3116 2415 3340 2468 ratione
3403 2420 3466 2469 ut
3516 2416 3685 2470 abba-

1972 2499 2107 2552 tissa
2202 2499 2492 2569 Wicpurg,
2579 2517 2707 2570 quae
2784 2517 2935 2554 nunc
3019 2502 3260 2571 prmfato
3334 2504 3683 2557 monasterio

1971 2604 2217 2658 prmesse
2275 2588 2517 2654 videtur,
2571 2590 2739 2660 eique
2796 2590 3165 2644 succedentes
3250 2590 3553 2645 abbatissa:
3612 2592 3681 2645 de

1971 2677 2170 2730 eadem
2204 2677 2576 2747 proprietate,
2611 2680 2676 2731 ad
2737 2694 2906 2731 usum
2965 2684 3160 2732 tamen
3224 2680 3561 2734 monasterii
3630 2685 3685 2733 et

1971 2765 2493 2819 sanctimonialium
2560 2765 2779 2820 ibidem
2853 2768 2965 2819 Deo
3021 2767 3417 2833 servientium,
3474 2768 3681 2821 dehinc

1970 2853 2211 2907 liberam
2270 2854 2522 2907 habeant
2558 2858 2920 2924 potestatem,
2953 2855 3229 2925 quicquid
3259 2856 3343 2908 eis
3403 2856 3684 2926 placuerit

1968 2939 2234 3005 faciendi,
2278 2940 2540 2993 omnium
2576 2940 2879 2995 hominum
2931 2941 3385 2996 contradictione
3444 2943 3561 2995 sive
3593 2943 3680 2997 in-

1970 3029 2307 3100 quietudine
2336 3034 2576 3084 remota.
2620 3029 2686 3083 Et
2715 3034 2777 3083 ut
2806 3031 2928 3083 haec
2956 3035 3165 3083 nostra!
3197 3030 3525 3084 donationis
3582 3048 3678 3085 seu

163 3118 527 3183 molendinis,
598 3118 704 3171 viis
758 3123 812 3171 et
884 3118 1075 3183 inviis,
1152 3118 1397 3171 exitibus
1458 3125 1515 3171 et
1554 3118 1858 3186 reditibus,
1892 3140 1933 3194 ο
1971 3118 2416 3173 confirmationis
2459 3119 2768 3173 auctoritas
2802 3118 3021 3171 stabilis
3060 3124 3117 3172 et
3136 3118 3474 3173 inconvulsa
3517 3123 3680 3173 omni

160 3205 407 3273 quaesitis
454 3209 514 3258 et
569 3205 952 3275 inquirendis,
1025 3221 1128 3259 seu
1191 3222 1322 3259 cum
1378 3206 1536 3259 omni
1612 3206 1862 3260 utilitate

161 3310 277 3363 qua!
308 3295 431 3348 ullo
469 3294 646 3347 modo
676 3295 808 3347 inde
843 3294 1146 3365 provenire
1181 3295 1409 3365 poterit,
1470 3311 1573 3366 per
1620 3295 1727 3348 hoc
1755 3312 1865 3348 no-

162 3389 330 3436 strum
370 3387 751 3453 praeceptum,
811 3382 871 3435 in
925 3382 1226 3453 proprium
1285 3383 1626 3437 donavimus
1692 3388 1862 3454 atque

162 3471 647 3535 conﬁrmavimus,
684 3486 751 3524 ea
796 3470 1064 3524 videlicet
1118 3471 1340 3524 ratione
1392 3476 1457 3526 ut
1494 3488 1665 3525 nemo
1719 3474 1861 3525 ulte-

162 3561 289 3626 rius,
336 3563 562 3631 absque
621 3560 878 3629 ejusdem
935 3560 1092 3614 cellaz
1142 3561 1454 3631 provisoris
1510 3577 1862 3632 suorumque

161 3665 550 3703 successorum
608 3648 858 3711 licentia,
956 3653 1299 3718 potestatem
1361 3649 1571 3703 habeat
1640 3650 1864 3703 novalia

162 3738 416 3805 faciendi,
448 3737 737 3808 piscandi,
771 3742 870 3790 aut
894 3738 1054 3790 nullo
1075 3736 1309 3807 ingenio
1340 3737 1489 3790 feras
1514 3737 1859 3807 decipiendi,

164 3832 248 3879 aut
267 3827 597 3898 quamlibet
614 3830 979 3897 potestatem,
996 3824 1143 3879 infra
1158 3825 1467 3896 praacriptu
1479 3842 1533 3879 m
1548 3825 1861 3879 terminum

162 3918 471 3970 exercendi.
533 3917 601 3969 Et
631 3920 696 3969 ut
745 3916 867 3968 haec
906 3914 1236 3969 donationis
1297 3920 1504 3968 nostra:
1553 3915 1862 3967 auctoritas

164 4004 362 4059 stabilis
387 4012 571 4077 atque
604 4004 940 4058 inconvulsa
971 4003 1131 4058 omni
1160 4007 1499 4073 permaneat
1530 4020 1671 4065 aivo,
1717 4003 1863 4057 hanc

163 4092 423 4162 chartam,
457 4094 603 4147 inde
632 4092 1040 4162 conscriptam,
1071 4092 1388 4163 subtusque
1422 4108 1594 4146 manu
1626 4092 1862 4161 propria

164 4182 495 4249 roboratam,
532 4180 713 4251 sigilli
737 4182 914 4235 nostri
944 4180 1263 4251 [jussimus]
1313 4180 1695 4251 impressione
1722 4180 1859 4234 insi-

160 4270 313 4338 gniri.

222 4360 353 4413 Data
384 4376 460 4413 vn
501 4358 643 4412 Idus
669 4357 847 4424 Junii,
885 4357 1089 4412 indict.
1130 4374 1227 4423 vn,
1252 4372 1405 4411 anno
1438 4356 1669 4411 Domini
1700 4358 1856 4423 1009,

160 4462 292 4501 anno
321 4465 458 4502 vero
487 4446 718 4501 domini
750 4446 978 4499 Henrici
1009 4446 1243 4500 secundi
1275 4462 1371 4499 vn.

218 4542 413 4591 Actum
451 4536 795 4605 Merseburg
835 4536 895 4589 in
929 4535 1028 4588 Dei
1061 4535 1297 4588 nomine
1324 4534 1582 4588 feliciter.

163 4697 257 4749 R91:
282 4698 575 4751 Henricus
632 4696 686 4749 II
731 4695 899 4748 donat
950 4624 1285 4763 IlicYmhenoni
1339 4693 1720 4747 Obermunsler
1765 4709 1863 4761 per

219 4771 385 4836 ipsum
414 4785 450 4821 a
466 4766 841 4835 fundamento
867 4768 1106 4834 perfecto
1137 4770 1187 4817 et
1213 4768 1271 4817 in
1302 4767 1595 4831 praesentia
1651 4779 1748 4816 sua
1797 4768 1856 4817 t7

222 4843 349 4908 Apr.
379 4844 704 4893 consecrato
734 4836 1031 4905 quamdam
1070 4838 1159 4889 sui
1202 4836 1352 4903 juris
1381 4843 1595 4904 partem
1637 4836 1856 4891 Salach.

618 4926 811 4993 (Anno
844 4925 1001 4981 lOlO.
1069 4923 1249 4991 April.
1289 4922 1396 4989 l7.)

424 4996 626 5067 {Ried,
662 4994 792 5050 Cod.
829 4999 1064 5063 episcop.
1098 4994 1310 5048 Batisb.
1344 4995 1385 5054 Ι,
1430 4994 1573 5061 130.]

222 5076 272 5129 In
299 5080 539 5131 nomine
607 5079 821 5129 sanctae
875 5080 932 5127 et
975 5073 1289 5127 individua:
1332 5072 1647 5139 Trinitatis,
1704 5074 1859 5125 Hem-

163 5178 290 5219 mcts
325 5167 525 5222 divina
562 5165 797 5219 favente
830 5162 1136 5216 clementia
1165 5178 1285 5215 rex.

219 5254 272 5307 Si
310 5256 709 5311 Ecclesiarum
745 5251 847 5305 L‘ei
899 5253 1021 5306 loca
1051 5251 1294 5321 alicujus
1335 5249 1474 5304 doni
1504 5249 1859 5303 incremento

162 5341 443 5399 sublimare
497 5343 593 5399 vel
627 5342 937 5395 meliorare
982 5339 1395 5400 studuerimus,
1436 5338 1601 5392 nobis
1649 5339 1856 5391 nostri-

165 5447 254 5499 que
297 5435 458 5506 regni
520 5430 708 5487 statui
759 5429 817 5484 id
872 5429 1152 5499 proficere
1203 5427 1443 5481 minime
1513 5425 1853 5479 diffidimus.

164 5518 497 5594 Quapmpter
538 5519 819 5577 omnium
879 5518 1091 5571 Christi
1137 5516 1422 5581 fidelium,
1481 5512 1855 5584 praesentium

165 5610 341 5665 scilicet
380 5629 445 5665 ac
500 5612 874 5673 futurorum,
938 5610 1215 5677 agnoscat
1265 5603 1553 5658 industria
1611 5600 1859 5673 qualiter

169 5708 265 5761 nos,
298 5701 466 5756 divini
528 5696 761 5754 amoris
824 5695 1118 5762 instinctu,
1171 5710 1273 5767 pro
1328 5691 1587 5748 remedio
1643 5688 1852 5745 animm

1892 4419 1935 4472 Β
2046 4450 2307 4502 Henricus
2415 4450 2472 4503 II

1974 3212 2311 3278 permaneat
2341 3213 2625 3277 tempore,
2673 3208 2780 3262 hoc
2826 3212 3178 3278 praeceptum
3213 3207 3345 3261 inde
3421 3209 3677 3263 conscri-

1974 3300 2140 3367 ptum
2197 3312 2373 3350 manu
2439 3298 2680 3368 propria
2736 3298 3175 3351 corroborantes
3216 3303 3389 3368 atque
3463 3299 3674 3352 confir-

1975 3390 2217 3453 mantes,
2281 3384 2456 3456 sigilli
2513 3386 2693 3440 nostri
2784 3386 3166 3457 impressione
3220 3387 3489 3459 insigniri
3548 3389 3679 3458 jus—

1974 3475 2175 3529 simus.

2042 3563 2294 3629 Sigillum
2349 3562 2536 3616 domui
2570 3561 2809 3617 Henrici
2851 3565 2993 3631 regis
3048 3565 3416 3618 invictissimi.
3474 3564 3678 3633 (Mono-

1972 3652 2263 3719 gramma.)

2044 3740 2392 3794 Guntherius
2474 3739 2843 3793 cancellarius
2906 3738 3022 3793 vice
3081 3739 3343 3809 Willigisi
3415 3742 3673 3796 archica-

1971 3828 2185 3899 pellani
2220 3828 2433 3882 notavi.

2047 3918 2184 3970 Data
2227 3933 2297 3969 xv
2346 3917 2466 3970 Kal.
2522 3916 2670 3983 Maii,
2724 3915 2920 3970 indict.
2968 3932 3088 3979 vm,
3146 3932 3299 3970 anno
3353 3918 3665 3972 Dominica'

1972 4004 2284 4058 nativitatis
2334 4006 2489 4066 lOlO,
2527 4019 2676 4056 anno
2721 4020 2855 4056 vero
2904 4004 3097 4057 domui
3157 4004 3391 4057 secundi
3448 4006 3673 4059 Heurici

1972 4092 2236 4162 regnanti
2262 4108 2381 4157 \‘llt,
2408 4095 2611 4145 Actum
2646 4092 3060 4161 Regenesburg
3086 4091 3347 4146 feliciter.
3382 4097 3590 4148 Amen.

2042 4183 2299 4249 Sigillum
2328 4183 2542 4250 majest.
2602 4183 2750 4235 intus
2799 4184 3120 4251 impressum
3166 4198 3366 4249 magna
3399 4199 3466 4236 ea?
3518 4188 3677 4252 parte

1970 4273 2235 4337 fractum.

2759 4358 2889 4413 LVI.

2580 4464 2679 4500 rex
2757 4447 3029 4515 praedium
3114 4448 3380 4501 Tharz'sca
3431 4450 3677 4502 Ecclesiae

2526 4535 2912 4599 Bambergcnsi
2943 4534 3129 4587 donat.

2470 4625 2656 4687 (Anno
2705 4624 2860 4678 lOlO.
2907 4622 3162 4691 lJunii.)

2047 4712 2434 4780 [Ussermann,
2471 4712 2763 4765 Germania
2796 4725 2955 4763 sacra
3010 4711 3109 4777 Ill,
3145 4713 3371 4765 Preuves
3400 4728 3456 4783 p.
3494 4714 3601 4782 l6.]

2042 4801 2105 4853 In
2156 4799 2385 4853 nomine
2426 4802 2635 4851 sancta).
2684 4802 2741 4851 et
2795 4797 3109 4851 individum
3137 4798 3453 4864 Trinitatis,
3501 4801 3673 4854 llam-

1972 4905 2124 4944 RICUS
2173 4886 2364 4942 divina
2394 4886 2697 4940 ordinante
2729 4886 3091 4956 providentia
3124 4904 3244 4941 rex.

2040 4978 2245 5031 Notum
2275 4976 2347 5028 sit
2369 4975 2638 5028 omnibus
2696 4974 2907 5029 Christi
2972 4974 3258 5041 fidelibus,
3295 4978 3677 5047 prmsentihus

1970 5067 2183 5119 scilicet
2211 5081 2274 5119 ac
2304 5064 2530 5129 futuris,
2574 5064 2731 5135 quia,
2761 5068 3069 5135 postquam
3102 5081 3231 5133 nos,
3266 5066 3454 5120 divina
3487 5068 3666 5137 inspi-

1969 5160 2130 5209 rante
2161 5154 2346 5225 gratia
2367 5159 2424 5207 et
2453 5154 2715 5207 Romana
2745 5157 3079 5207 auctorante
3098 5154 3353 5224 potentia
3384 5156 3672 5208 omnium-

1969 5261 2082 5315 que
2104 5243 2281 5298 nostri
2312 5242 2572 5297 tidelium
2603 5242 2662 5296 in
2714 5242 2971 5296 medium
3037 5244 3371 5296 consulente
3411 5242 3674 5295 concordi

1969 5333 2274 5400 sententia,
2299 5336 2510 5385 nostra!
2544 5329 2911 5401 proprietati,
2944 5331 3137 5383 locum
3198 5330 3521 5383 Bavenberc
3580 5330 3674 5384 di-

1969 5427 2125 5475 ctum
2159 5422 2216 5475 in
2257 5420 2450 5474 sedem
2478 5425 2533 5473 et
2590 5420 2808 5473 cultum
2863 5418 3226 5488 episcopatus
3280 5416 3668 5485 proveximus,

1969 5525 2249 5563 consensu
2283 5515 2340 5563 et
2364 5508 2637 5579 petitione
2671 5506 2835 5560 nobis
2865 5504 3251 5558 dilectissime
3284 5504 3545 5574 conjugis
3574 5504 3675 5559 Cu-

1969 5598 2245 5669 nigundae
2278 5597 2541 5651 videlicet
2570 5596 2783 5664 regina:
2808 5592 3096 5663 quodnam
3123 5590 3439 5660 praedium,
3464 5592 3620 5662 quod
3645 5609 3675 5646 a

1971 5686 2263 5742 modernis
2316 5684 2562 5750 Tareisa,
2631 5681 2701 5736 ab
2768 5676 3198 5748 antiquioribus
3255 5694 3392 5733 vero
3444 5680 3673 5734 Sinthe-
