3980 6414
343 373 437 426 291

1645 367 1701 419 S.
1745 366 2033 422 IIENRICI
2076 367 2145 420 1M
2158 364 2549 420 PERATORIS

3756 369 3867 418 ‘29‘2

340 495 610 549 rishusun
632 498 719 548 est
744 490 1235 562 nuncupatum,in
1266 506 1416 561 pago
1440 488 1753 544 Volcfeltet
1781 490 1838 542 in
1862 489 2033 541 comi-
2067 491 2111 543 Α
2148 489 2485 560 aquilonem
2516 486 2919 553 terminantur,
2956 501 3062 556 per
3088 485 3237 539 hanc
3279 489 3532 539 nostram
3581 487 3871 557 praecepit

342 587 465 635 tatu
493 581 765 636 Tietmari
794 580 1022 635 comitis
1051 580 1248 644 situm,
1283 579 1352 632 ad
1382 579 1619 631 eandem
1652 576 2037 647 supradiclam

341 670 722 741 episcopalem
754 669 945 723 sedem
990 667 1310 723 Bavenberc
1356 682 1484 719 cum
1534 664 1800 719 omnibus
1839 681 2037 718 eorum

346 758 806 829 appertinentiis,
840 756 1103 811 videlicet
1156 755 1326 815 villis,
1382 754 1543 822 vicis,
1613 753 1886 821 ecclesiis,
1946 771 2036 807 ca—

344 846 529 917 pellis,
562 847 734 899 servis
756 851 814 898 et
851 845 1090 911 ancillis,
1128 844 1294 908 areis,
1327 841 1603 906 adiﬁciis,
1661 842 1830 895 terris
1871 842 2039 894 cultis

342 939 399 988 et
426 933 677 1000 incultis,
714 933 838 998 viis,
879 932 1067 1000 inviis,
1118 931 1359 985 exitibus
1391 934 1449 984 et
1488 929 1792 995 reditibus,
1826 930 2038 1000 quaesi-

339 1022 411 1076 tis
461 1021 551 1075 vel
606 1020 987 1092 inquirendis,
1052 1019 1227 1085 silvis,
1311 1017 1546 1088 saginis,
1614 1018 2035 1085 venationibus,

337 1109 521 1180 aquis,
555 1108 986 1180 piscationibus,
1035 1107 1223 1174 molis,
1293 1105 1661 1170 molendinis,
1707 1106 1877 1159 rebus
1910 1123 2039 1159 mo-

344 1196 559 1251 bilibus
590 1202 644 1251 et
675 1195 1068 1251 immobilibus
1093 1211 1157 1248 ac
1185 1193 1405 1248 caeteris
1435 1194 1728 1259 omnibus,
1778 1210 1907 1264 qua:
1934 1194 2039 1247 rite

339 1283 509 1337 scribi
538 1290 639 1337 aut
665 1283 942 1353 appellari
994 1287 1234 1353 possunt
1284 1282 1548 1353 quolibet
1586 1281 1781 1349 modo,
1830 1282 2041 1336 utilita-

336 1372 490 1425 tibus
520 1372 623 1424 hac
647 1376 855 1424 nostrae
884 1370 1237 1423 auctoritatis
1258 1371 1601 1440 prmceptali
1631 1370 1843 1441 pagina
1868 1375 2041 1440 prout

337 1460 557 1513 ﬁrmius
582 1475 901 1528 possumus,
936 1458 1237 1525 donamus,
1296 1464 1467 1529 atque
1500 1460 1762 1512 omnium
1802 1464 2036 1513 contra-

336 1547 584 1600 dictione
631 1554 853 1600 remota
886 1546 1330 1616 proprietamus,
1389 1547 1793 1616 praecipientes
1846 1550 1912 1600 ut
1976 1547 2037 1599 in

342 1636 455 1688 Deo
509 1634 747 1688 dilectus
802 1634 967 1687 nobis
1019 1650 1169 1704 saepe
1229 1634 1393 1688 dictae
1469 1635 1619 1688 sedis
1678 1635 2036 1689 Eberhardus

338 1722 560 1793 primus
590 1722 892 1793 episcopus
920 1723 1163 1776 liberam
1193 1722 1402 1776 dehinc
1458 1723 1666 1777 habeat
1696 1726 2035 1792 potestatem

336 1811 539 1883 suique
562 1828 932 1876 successores,
976 1812 1127 1866 idem
1152 1812 1545 1882 supradictum
1596 1813 1876 1884 prmdium
1909 1830 2038 1867 cum

338 1900 604 1954 omnibus
634 1901 751 1954 suis
789 1900 1147 1970 appendiciis
1208 1900 1463 1968 tenendi,
1532 1901 1879 1971 possidendi,
1938 1903 2069 1953 seu'

335 1989 617 2060 quidquid
640 1988 748 2043 sibi
787 1989 963 2042 libeat
999 1988 1182 2041 modis
1214 1988 1480 2042 omnibus
1507 1988 1566 2041 in
1604 2004 1770 2042 usum
1811 1988 2036 2059 episco-

335 2086 499 2151 patus
528 2081 662 2135 inde
693 2080 957 2134 faciendi.
990 2080 1047 2134 Si
1075 2079 1204 2149 quis
1229 2079 1426 2149 igitur,
1457 2080 1608 2149 quod
1651 2079 1798 2133 absit
1825 2078 1836 2133 Ξ
1868 2079 2038 2150 hujus

335 2175 547 2224 nostra:
580 2168 906 2223 donationis
934 2167 1388 2222 muniﬁcentiam
1449 2168 1740 2222 destruere
1772 2185 1870 2221 seu
1910 2170 2034 2222 vio-

337 2258 453 2311 lare
488 2256 806 2327 prmsumit,
850 2257 907 2310 in
938 2257 1030 2310 die
1054 2255 1259 2326 judicii
1306 2272 1497 2310 coram
1549 2256 1728 2309 oculis
1768 2256 1868 2309 Dei
1922 2262 2036 2309 tor-

341 2351 537 2399 mento
594 2344 1021 2414 inextinguibili
1066 2345 1209 2398 luat.
1264 2344 1427 2408 Quod
1479 2360 1550 2398 ne
1617 2344 1737 2411 ﬁat,
1790 2345 1887 2398 sed
1920 2346 2039 2398 htPC

338 2440 534 2487 nostra
579 2432 809 2486 traditio
840 2433 1252 2503 perpetualiter
1314 2432 1658 2487 inviolabilis
1714 2440 2034 2503 permanet,

336 2521 482 2574 hanc
512 2521 764 2574 chartam
798 2520 928 2574 inde
965 2520 1344 2590 conscriptam
1378 2538 1550 2573 manu
1602 2522 1834 2591 propria
1866 2522 2035 2575 robo-

336 2614 529 2663 rantes
551 2608 720 2679 sigilli
743 2608 920 2661 nostri
952 2608 1328 2678 impressione
1351 2607 1926 2678 insignirijussimus.

404 2696 636 2763 Signum
663 2696 872 2750 domini
917 2696 1141 2750 secundi
1169 2698 1412 2750 Hcinrici
1463 2699 1609 2763 regis
1661 2695 2033 2752 invictissimi.

404 2784 749 2839 Guntherius
810 2784 1183 2838 cancellarius
1237 2784 1357 2837 vice
1433 2784 1696 2855 Willigisi
1750 2785 2039 2856 archicap-

332 2873 549 2943 pellani
579 2874 727 2941 (163)
762 2872 970 2927 notavi.
2018 2924 2043 2947 ,

404 2962 544 3016 Data
575 2962 661 3015 Kl.
694 2961 848 3015 Junii
879 2960 1192 3014 indictione
1224 2977 1340 3027 vm,
1394 2976 1546 3014 anno
1612 2961 1921 3015 Dominicis
1954 2961 2038 3015 in-

2150 577 2419 649 paginam
2443 576 2809 629 concedimus
2838 581 3011 646 atque
3046 574 3343 644 largimur,
3403 591 3532 628 cum
3588 575 3871 628 omnibus

2149 665 2505 737 appendiciis
2537 664 2606 719 ad
2641 665 2872 718 eosdem
2929 663 3317 734 pertinentiis,
3371 663 3541 728 areis,
3576 664 3868 727 aediﬁciis,

2152 755 2317 807 turris
2365 754 2533 808 cultis
2578 759 2632 807 et
2664 754 2913 820 incultis,
2953 752 3151 824 pratis,
3203 753 3451 824 pascuis,
3500 769 3869 823 aquarnmve

2148 843 2503 907 decursibus,
2545 841 2912 905 molendinis,
2947 841 3382 910 piscationibus,
3426 842 3867 906 venationibus,

2150 931 2319 1002 sylvis
2375 930 2688 1001 extirpatis,
2734 931 2817 982 vel
2889 930 3073 983 adhuc
3117 930 3494 1000 extirpandis,
3555 947 3654 983 seu
3725 947 3870 984 cum

2151 1019 2440 1086 omnibus,
2475 1035 2603 1090 qum
2633 1018 2745 1071 dici
2787 1022 2887 1071 aut
2941 1018 3234 1071 nominari
3292 1024 3551 1088 possunt,
3590 1020 3874 1073 utensili-

2151 1108 2276 1173 bus,
2320 1109 2472 1162 etde
2530 1113 2722 1161 nostro
2756 1107 2886 1177 jure
2944 1123 3008 1159 ac
3065 1106 3323 1160 dominio
3357 1106 3415 1160 in
3465 1107 3589 1177 ejus
3649 1109 3741 1177 jus
3800 1125 3873 1161 ac

2150 1196 2471 1251 dominium
2491 1196 2730 1249 omnino
2757 1194 3232 1250 transfundimus.
3275 1196 3340 1249 Et
3369 1196 3585 1266 quippe
3634 1197 3872 1250 ratione

2151 1291 2215 1339 ut
2242 1285 2542 1356 praedictus
2572 1283 2759 1354 {abbas
2816 1284 3020 1355 suique
3069 1300 3422 1338 successores
3464 1284 3669 1338 exinde
3714 1284 3870 1338 libe-

2149 1390 2272 1427 ram
2317 1373 2568 1426 habeant
2615 1377 2962 1442 potestatem
2994 1372 3251 1439 tenendi,
3312 1372 3713 1443 commutandi
3770 1375 3868 1427 vel

2150 1460 2430 1531 quidquid
2465 1460 2545 1513 eis
2592 1459 2653 1515 in
2706 1476 2872 1513 usnm
2912 1459 3327 1529 praedictorum
3393 1461 3635 1515 fratrum
3683 1477 3869 1530 agere

2149 1551 2398 1604 libuerit.
2471 1551 2534 1604 Et
2582 1555 2644 1603 ut
2703 1550 2823 1603 hinc
2869 1555 3077 1603 nostra:
3138 1549 3469 1603 donationis
3520 1550 3863 1614 auctoritas,

2150 1639 2410 1692 omnium
2442 1638 2745 1693 hominum
2794 1637 3246 1691 contradictione
3278 1643 3517 1705 remota,
3552 1638 3776 1692 stabilis
3803 1646 3869 1691 et

2149 1728 2318 1781 ﬁrma
2388 1732 2631 1792 constet,
2683 1725 2831 1779 hanc
2896 1726 3151 1779 chartam
3210 1741 3278 1778 ex
3350 1730 3544 1779 nostra
3590 1726 3868 1796 jussione

2152 1815 2535 1885 conscriptam
2590 1830 2656 1868 ac
2725 1813 3030 1884 signatam,
3117 1811 3351 1884 propria
3410 1830 3582 1868 manu
3651 1815 3867 1869 subtus

2152 1903 2528 1957 ﬁrmavimus.

2224 1992 2363 2046 Data
2396 2008 2473 2045 vu
2520 1990 2757 2045 Kalend.
2808 1990 2964 2057 Julii,
2996 1990 3191 2044 indict.
3245 2007 3318 2056 ix,
3354 2007 3506 2045 anno
3538 1992 3863 2046 Dominicm

2154 2079 2566 2133 incarnationis
2599 2081 2756 2146 1011,
2803 2094 2953 2131 anno
3000 2094 3135 2132 vero
3195 2078 3415 2133 domini
3470 2079 3721 2135 Heinrici
3776 2098 3868 2132 se-

2150 2168 2324 2224 cundi
2354 2167 2650 2239 regnantis
2677 2184 2731 2222 x.
2766 2169 2928 2222 Actm
2957 2167 3352 2239 Regenspurg.

2908 2274 3090 2328 LVIII.

2218 2364 2282 2417 S.
2352 2365 2572 2417 Henrici
2615 2365 2746 2431 imp.
2801 2362 3048 2486 giploma
3110 2362 3301 2500 dqtlum
3351 2378 3451 2430 pro
3526 2364 3865 2416 monasterio

2843 2448 3192 2499 egernseensi.

2843 2448 3192 2499 egernseensi.

2801 2522 2995 2590 (Anno
3032 2520 3210 2589 lOlt.)

2151 2609 2301 2679 [Pez,
2343 2609 2482 2663 Cod.
2535 2608 2760 2678 diplom.
2821 2610 2947 2663 hist.
3001 2611 3184 2677 epist.,
3244 2624 3309 2661 ex
3365 2607 3506 2663 bibl.
3555 2610 3859 2679 Tegerns.]

2220 2699 2284 2751 In
2317 2698 2552 2750 nomine
2612 2702 2823 2750 sanctas
2861 2705 2918 2750 et
2972 2696 3287 2750 individua!
3337 2697 3651 2762 Trinitatis,
3696 2700 3859 2751 Has-

2148 2802 2300 2840 mcus
2328 2786 2534 2840 Divina
2564 2785 2787 2839 favente
2825 2785 3133 2839 clementia
3162 2800 3275 2838 rex.

2220 2874 2446 2928 Cunctis
2502 2874 2713 2927 nostris
2778 2873 3046 2927 fidelibus
3108 2878 3312 2927 notum
3376 2889 3497 2926 esse
3563 2874 3857 2936 volumus,

2145 2961 2526 3033 praesentibus
2556 2962 2772 3015 scilicet
2799 2967 2974 3032 atque
3009 2962 3239 3030 futuris,
3291 2962 3537 3031 qualiter
3593 2978 3718 3027 nos,
3781 2967 3860 3018 ob

332 3049 679 3103 carnationis
734 3048 1041 3103 millesimo
1095 3049 1151 3110 Χ,
1198 3064 1349 3101 anno
1398 3065 1530 3102 vero
1562 3049 1761 3103 domni
1803 3049 2037 3104 secundi
2068 3050 2108 3104 C
2146 3050 2355 3104 animae
2403 3055 2617 3104 nostrae
2659 3055 3109 3121 nostrorumque
3167 3054 3468 3121 parentum
3503 3051 3855 3115 remedium,

338 3136 588 3192 Heinrici
620 3136 913 3206 regnantis
944 3153 1059 3189 vin.

404 3230 606 3280 Actum
638 3225 942 3295 Mogontim
972 3224 1233 3278 feliciter.
1259 3227 1466 3289 Amen,

1119 3312 1277 3365 LVII.

407 3400 465 3455 S.
500 3401 717 3454 Henrici
742 3400 1093 3469 privilegium
1114 3415 1217 3468 pro
1261 3400 1484 3453 ecclesia
1507 3399 1819 3456 Altahensi.

981 3487 1168 3557 (Anno
1207 3487 1385 3558 IOll.)

518 3575 826 3646 [Ludewig,
872 3577 1051 3646 Scrip.
1110 3592 1218 3630 rer.
1253 3579 1460 3640 Germ,
1516 3575 1560 3641 Ι,
1603 3576 1855 3645 335-36.]

405 3666 469 3719 In
503 3664 737 3720 nomine
768 3669 977 3719 sanctae
1008 3669 1066 3719 et
1113 3664 1429 3719 individua;
1483 3663 1796 3725 Trinitatis,

334 3767 485 3807 meus
518 3753 709 3807 divina
738 3752 963 3807 favente
984 3753 1289 3806 clementia
1319 3768 1439 3806 rex.

402 3841 460 3895 Si
486 3841 619 3912 quid
652 3857 758 3895 nos
792 3841 1063 3895 Ecclesias
1096 3841 1215 3907 Dei,
1267 3841 1355 3895 vel
1387 3841 1448 3895 in
1504 3840 1721 3895 eisdem
1777 3840 2034 3893 servien-

331 3935 436 3996 tes,
494 3931 564 3983 de
616 3930 827 3983 nostris
871 3930 1053 3983 ditare
1122 3929 1533 3995 studuerimus,
1600 3929 1799 3999 procul
1854 3928 2030 3982 dubio

335 4015 807 4070 immarcessnbile
838 4015 1143 4086 praemium
1173 4016 1233 4069 in
1282 4016 1476 4070 futuro
1528 4032 1821 4087 capessere
1854 4015 2032 4069 credi-

332 4120 481 4158 mus.
515 4103 638 4167 Qua
686 4103 755 4157 de
786 4119 847 4157 re
877 4104 1095 4157 cunctis
1122 4104 1391 4158 ﬁdelibus
1438 4104 1668 4169 nostris,
1727 4103 2034 4175 praesenti-

332 4192 439 4245 bus
468 4190 683 4245 scilicet
708 4195 881 4262 atque
910 4190 1139 4254 futuris,
1174 4195 1375 4244 notum
1428 4206 1551 4245 esse
1593 4192 1858 4245 volumus
1888 4207 2035 4261 qua-

329 4278 464 4334 l'rter
494 4297 621 4349 nos,
684 4284 918 4334 aeterna:
967 4278 1095 4332 vita;
1151 4279 1434 4334 desiderio
1499 4279 1861 4347 inflammati,
1918 4284 2034 4334 tam

330 4383 436 4439 pro
474 4367 734 4421 remedio
765 4366 977 4421 animae
1019 4370 1229 4420 nostra:
1259 4382 1432 4437 quam
1480 4372 1786 4437 parentum
1817 4372 2037 4422 nostro-

333 4471 483 4521 rum,
518 4471 623 4509 nec
654 4471 773 4509 non
822 4460 881 4509 et
918 4455 1245 4509 interventu
1297 4455 1521 4510 dilecta:
1558 4456 1891 4509 contectalis
1927 4472 2034 4510 no-

330 4549 464 4598 stra;
496 4542 926 4614 Chunegundas,
983 4545 1040 4596 et
1070 4557 1175 4613 pro
1230 4541 1424 4596 dilecti
1474 4542 1798 4595 Altahensis
1855 4543 2035 4597 Gode-

329 4631 496 4686 hardi
526 4631 852 4702 gratissimo
902 4630 1202 4701 obsequio,
1243 4630 1431 4684 eidem
1467 4630 1725 4684 Ecclesiae
1783 4630 1876 4684 cui
1906 4630 2027 4700 ipse

330 4735 573 4790 prmesse
622 4719 866 4785 videtur,
914 4719 974 4773 in
1012 4735 1181 4772 usum
1237 4719 1656 4772 monachorum
1713 4718 1857 4773 inibi
1915 4720 2028 4773 Deo

334 4808 763 4875 famulantium,
796 4808 854 4861 in
887 4807 1118 4862 marcha
1173 4811 1230 4861 et
1257 4807 1539 4861 comitatu
1585 4807 1833 4861 Heinrici
1884 4823 2031 4861 mar-

331 4896 577 4963 chionis,
611 4896 807 4950 decem
838 4896 1058 4967 regales
1091 4911 1341 4962 mansos,
1375 4896 1527 4949 inter
1584 4896 1689 4950 hos
1750 4896 2028 4949 terminos

329 5001 484 5050 suos,
523 4984 657 5049 item
698 4983 756 5038 in
775 4984 1042 5038 orientali
1073 4984 1244 5054 plaga
1293 4983 1363 5037 de
1410 4984 1508 5037 illo
1538 4984 1683 5037 vallo
1713 4986 1769 5036 et
1809 4983 2029 5038 duabus

328 5072 647 5137 arboribus,
679 5073 851 5142 vulgo
909 5072 1157 5127 Felevun
1203 5070 1389 5136 dictis,
1449 5072 1645 5124 subtus
1681 5070 1878 5125 villam
1916 5073 2028 5126 Ab-

326 5161 518 5216 batorf
539 5161 772 5223 dictam,
809 5176 989 5232 usque
1046 5159 1284 5213 fluvium
1335 5158 1601 5225 Danubii,
1637 5163 1694 5212 et
1720 5158 1853 5212 inde
1894 5175 2031 5213 rur-

327 5266 455 5304 sum
486 5249 546 5303 in
602 5249 907 5304 latitudine
956 5263 1138 5318 usque
1195 5246 1257 5299 in
1309 5245 1718 5299 occidentalem
1776 5246 2028 5316 plagam,

328 5339 397 5393 ad
428 5338 739 5393 terminum
762 5335 1070 5392 ministerii
1107 5333 1417 5403 Sigimares
1444 5332 1688 5398 Weride,
1738 5333 1798 5387 in
1842 5334 2029 5404 longi-

328 5427 525 5482 tudine
581 5442 740 5495 vero,
806 5426 877 5478 de
944 5421 1204 5477 Danubio
1263 5435 1446 5491 usque
1497 5420 1568 5474 ad
1619 5420 1906 5491 Wagreim
1958 5421 2031 5476 ad

1865 3666 2032 3718 Ham-

2144 3145 2491 3209 aaternaeque
2546 3138 2677 3192 vitae
2713 3138 3083 3205 desiderium,
3137 3138 3458 3192 interventu
3493 3154 3724 3209 quoque
3766 3142 3855 3194 di-

2142 3228 2272 3282 lecti
2330 3228 2510 3281 nostri
2563 3226 2905 3291 Godehardi,
2956 3226 3177 3281 abbatis
3223 3227 3580 3280 Altachensis
3631 3228 3859 3295 praedia

2144 3316 2410 3388 quasdam
2468 3315 2764 3385 cujusdam
2825 3314 3057 3369 artiﬁcis
3140 3313 3492 3385 Percngarii,
3545 3332 3710 3389 _qme
3778 3317 3853 3370 ad

2142 3403 2562 3458 monasterium
2629 3403 2683 3456 S.
2754 3402 2978 3468 Quirini
3007 3403 3075 3457 M.
3112 3403 3184 3457 ad
3237 3403 3553 3472 Tegernsee
3601 3404 3858 3474 pertine-

2141 3492 2298 3555 bant,
2351 3508 2419 3546 eo
2468 3491 2619 3563 quod
2679 3492 2831 3546 idem
2883 3507 3077 3545 servus
3150 3491 3409 3562 ejusdem
3461 3496 3610 3546 esset
3668 3492 3857 3547 Eccle-

2145 3580 2264 3647 siaa,
2324 3579 2393 3634 ab
2475 3581 2822 3650 Imperatore
2912 3579 3144 3647 Ottone,
3234 3585 3427 3634 nostro
3490 3585 3855 3635 antecessore

2142 3669 2200 3722 in
2258 3668 2493 3722 Francia
2542 3672 2597 3721 et
2664 3668 2723 3722 in
2794 3667 3068 3739 Turingia
3127 3668 3237 3722 sibi
3289 3685 3553 3723 concessa
3614 3669 3676 3723 in
3739 3685 3854 3723 no-

2144 3761 2325 3810 strum
2353 3757 2448 3825 jus
2479 3755 2821 3811 cambiendo
2853 3756 3164 3826 recipimus
3196 3774 3209 3810 :
3252 3762 3487 3810 econtra
3538 3772 3674 3811 vero
3700 3758 3855 3811 ultra

2144 3843 2383 3897 tluvium
2427 3842 2649 3897 Ainzim
2682 3843 2741 3897 in
2801 3844 3075 3898 comitatu
3136 3843 3364 3898 Henrici
3409 3844 3760 3924 marchionis
3788 3846 3851 3898 in

2147 3944 2473 4003 opportuno
2515 3933 2637 3986 loco
2681 3932 2845 4003 juxta
2906 3933 3189 4002 praedium
3240 3933 3497 4004 ejusdem
3566 3934 3850 4000 Ecclesitr,

2146 4019 2503 4074 Creberbach
2538 4020 2778 4084 dictum,
2811 4020 2869 4074 in
2902 4021 3219 4075 meridiana
3246 4022 3419 4093 plaga
3457 4021 3857 4093 interjacentis

2144 4112 2334 4164 stratas
2365 4108 2632 4179 publicas,
2688 4124 2817 4179 quas
2848 4109 3295 4165 Hochenstrassa
3339 4110 3510 4180 vulgo
3550 4126 3852 4181 nuncupa-

2144 4201 2256 4261 tur,
2291 4202 2515 4266 partem
2560 4196 2737 4262 silvae,
2800 4197 3090 4251 Enisiwalt
3146 4197 3336 4265 dictae,
3389 4198 3569 4252 liohas
3626 4199 3856 4267 regales

2144 4285 2441 4356 sexaginta
2493 4285 2563 4338 ad
2619 4286 3010 4356 supradictum
3059 4287 3390 4341 cmnohium
3429 4289 3749 4357 Tegernsee
3788 4287 3855 4341 in

2148 4388 2318 4426 usum
2375 4372 2789 4427 monachorum
2868 4374 3013 4428 inibi
3085 4375 3201 4429 Deo
3276 4376 3704 4445 famulantium,
3745 4392 3856 4446 per

2145 4461 2294 4515 hanc
2347 4460 2528 4514 nostri
2603 4462 2874 4532 praecepti
2924 4461 3199 4534 paginam
3240 4463 3633 4525 concedimus,
3668 4469 3724 4517 et
3776 4464 3853 4517 de

2143 4544 2486 4613 nostrojure
2516 4544 2573 4597 in
2593 4545 2761 4614 jusac
2787 4543 3111 4599 dominium
3140 4560 3364 4611 eorum,
3400 4560 3532 4598 cum
3581 4544 3852 4598 omnibus

2140 4632 2485 4686 utensilibus
2561 4649 2692 4703 quae
2741 4632 2821 4687 ibi
2875 4632 3122 4687 inveniri
3190 4633 3279 4686 vel
3341 4633 3524 4703 aptari
3585 4636 3850 4703 possunt,

2141 4736 2376 4792 prorsus
2401 4721 2876 4788 transfundimus,
2915 4725 2972 4775 et
3001 4721 3049 4774 si
3075 4721 3158 4775 ibi
3183 4721 3245 4775 in
3275 4721 3566 4791 integrum
3602 4722 3851 4775 inventae

2141 4825 2261 4863 non
2288 4808 2523 4877 fuerint,
2560 4809 2621 4864 in
2649 4810 2915 4879 proximo
2944 4809 3068 4863 loco
3102 4813 3301 4864 nostro
3342 4810 3741 4880 suppleantur,
3780 4828 3853 4865 eo

2141 4896 2408 4950 videlicet
2434 4901 2635 4951 tenore
2681 4900 2743 4950 ut
2795 4897 2950 4951 illius
2998 4896 3108 4951 loci
3165 4897 3400 4952 abbates
3464 4898 3665 4952 exinde
3706 4898 3852 4953 Iibe—

2144 5000 2266 5038 ram
2296 4984 2545 5038 habeant
2598 4990 2940 5054 potestatem
2968 4984 3030 5038 in
3062 4994 3230 5040 usum
3290 4987 3605 5041 eorundem
3644 4988 3856 5056 :mona-

2142 5072 2405 5134 chorum,
2453 5072 2730 5143 quicquid
2780 5073 2862 5126 eis
2916 5073 3049 5128 inde
3097 5073 3342 5128 faciendi
3376 5074 3678 5145 placuerit,
3728 5091 3855 5130 om-

2142 5159 2306 5213 nium
2328 5159 2633 5214 hominum
2674 5161 3129 5215 contradictione
3159 5167 3399 5217 remota.

2218 5248 2279 5301 Et
2322 5254 2387 5301 ut
2429 5248 2551 5321 haec
2604 5254 2820 5302 nostra:
2850 5249 3179 5303 donationis
3220 5250 3523 5304 auctoritas
3586 5250 3755 5306 ﬁrma
3800 5259 3859 5307 et

2142 5334 2358 5389 stabilis
2411 5340 2649 5402 constet,
2702 5336 2849 5390 hanc
2904 5338 3160 5392 chartam
3215 5354 3282 5392 ex
3341 5343 3534 5394 nostra
3592 5340 3858 5410 jussione

2143 5421 2412 5493 scriptam
2426 5429 2482 5477 et
2495 5423 2781 5494 signatam
2809 5440 2985 5480 manu
3011 5426 3244 5498 propria
3261 5427 3636 5482 ﬁrmavimus.

402 5590 548 5657 (Ilii-3)
578 5587 697 5639 Non
728 5600 866 5653 ergo
882 5584 1002 5653 jam
1032 5584 1100 5637 23
1128 5581 1291 5635 Febr.
1325 5579 1430 5633 hoc
1462 5596 1613 5634 anno
1639 5585 1901 5636 mortuus
1929 5586 2071 5651 erat,
2105 5588 2166 5635 ut
2195 5582 2430 5654 quidam
2478 5584 2704 5641 volunt.
