3980 6420
174 376 279 425 293

1454 373 1845 430 DlPLOMATA
1885 376 2445 433 ECCLESIAS'I‘ICA.

3604 386 3706 436 2114

246 497 601 550 Gnntherius
645 494 1021 548 caancellarius
1066 493 1184 547 vice
1246 493 1643 548 Erchambaldi
1703 494 1884 548 arclii-
1916 498 1956 549 Α
2000 499 2349 561 interventu,
2379 500 2550 565 atque
2583 495 2913 565 Meginwerc
2945 502 3151 549 sanctae
3176 497 3706 553 Podrebronnensis

170 586 459 654 capellani
492 584 816 653 recognovi.

247 675 387 727 Data
440 691 527 727 xav
580 673 706 727 Kal.
772 672 924 738 Julii,
993 671 1189 725 indict.
1246 688 1318 737 ix,
1365 687 1518 724 anno
1579 671 1891 724 Dominicae

172 763 594 816 incarnationis
653 766 810 827 1011,
872 778 1021 814 anno
1102 778 1236 814 vero
1296 760 1517 814 domini
1560 760 1786 815 Henrici
1840 761 1889 813 Ιῐ

168 853 473 922 regnantis
494 868 548 905 χ.
583 856 784 907 Actum
814 850 1221 903 Randesburae.

978 939 1106 992 LIX.

173 1030 229 1083 S.
265 1030 494 1082 Henrici
522 1028 766 1094 diploma
810 1041 917 1095 per
966 1025 1113 1093 quod
1170 1028 1441 1091 integrum
1498 1028 1808 1079 comitatum
1837 1030 1890 1079 in

238 1115 384 1167 pago
422 1099 835 1163 Lobedengmwe
878 1098 1110 1165 reliquis
1166 1099 1413 1149 Ecclesiae
1478 1099 1891 1151 Wormatiensis

248 1170 557 1223 ditionibaas
585 1171 805 1237 adjicit.

831 1255 1021 1321 (Anno
1070 1255 1246 1321 1011.)

358 1329 688 1398 [Schannat,
716 1329 1057 1395 episcopatus
1090 1326 1377 1391 Wormat.,
1414 1326 1478 1389 ll,
1503 1341 1558 1395 p.
1595 1324 1709 1396 38.]

246 1418 312 1471 In
346 1417 584 1470 nomine
633 1421 841 1469 sanctae
873 1421 929 1467 et
986 1414 1300 1467 individuae
1352 1413 1669 1481 Trinitatis,
1722 1413 1891 1468 Hein-

173 1506 330 1559 ricus
352 1505 546 1557 divina
571 1504 875 1557 ordinante
903 1502 1266 1572 providentia
1298 1519 1418 1557 rex.

247 1596 527 1649 Omnium
584 1594 778 1664 itaque
829 1597 1037 1645 sancta),
1099 1592 1195 1645 Dei
1284 1592 1543 1645 Ecclesiae
1588 1592 1889 1663 utriusque

171 1700 344 1737 sexus
376 1684 640 1737 ﬁdelium
672 1683 778 1735 sub
810 1681 972 1750 regni
1017 1681 1198 1734 nostri
1250 1680 1468 1734 ditione
1528 1681 1883 1749 degentium,

170 1790 345 1827 nosse
391 1776 657 1825 volumus
716 1769 1009 1823 solertiam
1071 1770 1321 1839 qualiter
1363 1769 1744 1837 Bnrchardus,
1794 1787 1887 1823 ve-
1927 1778 1964 1831 Β

170 1862 453 1916 nerabilis
516 1861 817 1931 episcopus
892 1863 1101 1911 sanctae
1158 1857 1409 1910 ecclesiae
1442 1859 1889 1926 Wormatiensis,

170 1951 343 2004 nobis
385 1951 444 2003 in
498 1949 768 2002 omnibus
829 1946 1219 2012 ﬁdelissimus,
1275 1946 1732 1999 dominationem
1789 1964 1891 2000 no-

170 2045 352 2092 stram
381 2038 582 2091 adiens
631 2036 855 2105 rogavit
901 2042 965 2088 ut
1014 2034 1309 2087 tidelitatis
1364 2033 1625 2103 variique
1678 2034 1890 2086 laboris

171 2141 409 2195 semper
473 2141 578 2195 pro
630 2128 822 2176 nostra
903 2122 1209 2175 dilectione
1263 2120 1511 2190 impeusi
1570 2121 1893 2174 recordare-

172 2230 328 2269 mur.
359 2212 536 2281 Cujus
563 2228 697 2264 vero
730 2210 1001 2281 petitioni
1046 2226 1147 2261 nos
1197 2224 1496 2261 assensum
1546 2209 1888 2278 praebentes,

173 2304 432 2373 fideique
460 2302 567 2354 sibi
618 2300 915 2371 promissa:
977 2299 1319 2352 memoriam
1376 2303 1659 2365 tenentes,
1710 2297 1890 2351 inter-

174 2398 352 2445 ventu
385 2391 600 2443 scilicet
653 2404 717 2441 ac
774 2387 1052 2458 petitione
1108 2386 1327 2440 dilectae
1362 2386 1625 2456 conjugis
1684 2392 1893 2439 nostra:

173 2480 539 2550 Cunigundae
607 2478 844 2548 reginae,
892 2476 1227 2529 comitatum
1286 2476 1341 2528 in
1392 2491 1542 2544 pago
1593 2475 1892 2528 Lobeden-

175 2586 366 2640 gouve
394 2569 590 2632 situm,
646 2582 777 2619 cum
836 2566 1101 2618 omnibus
1156 2563 1265 2616 sibi
1322 2563 1764 2633 pertinentibus,
1792 2580 1893 2632 per

176 2662 325 2713 hanc
367 2661 624 2710 nostram
703 2654 958 2723 regalem
1019 2652 1289 2723 paginam
1366 2651 1659 2714 cessimus,
1730 2658 1785 2704 et
1823 2652 1891 2705 de

177 2753 377 2800 nostro
402 2747 532 2813 jure
563 2759 627 2796 ac
657 2742 915 2796 dominio
948 2740 1005 2793 in
1030 2756 1146 2792 suae
1177 2738 1410 2792 ditionis
1440 2755 1676 2791 manum
1713 2745 1892 2791 trans-

176 2835 466 2896 misimus,
498 2848 566 2885 eo
598 2830 862 2884 videlicet
893 2828 1130 2882 rationis
1164 2833 1362 2881 tenore
1421 2833 1485 2880 ut
1525 2827 1646 2896 jam
1707 2826 1890 2879 dictus

170 2923 477 2992 episcopus
502 2920 570 2974 de
623 2918 897 2988 praedicto
940 2916 1218 2969 comitatu
1259 2923 1316 2968 et
1374 2915 1498 2982 ejus
1534 2913 1890 2967 utilitatibus

170 3013 385 3065 dehinc
444 3010 654 3063 habeat
747 3010 1087 3076 potestatem
1161 3004 1407 3067 fruendi,
1472 3002 1742 3070 habendi,
1798 3003 1884 3053 Vel

174 3098 466 3171 quidquid
512 3096 621 3150 sibi
660 3094 943 3165 placuerit
968 3093 1236 3155 faciendi,
1269 3091 1531 3146 omnium
1576 3092 1881 3145 hominum

172 3187 632 3243 contradictione
717 3188 953 3236 remota.
1015 3181 1171 3245 Quod
1231 3187 1295 3234 ut
1360 3182 1550 3233 verius
1596 3180 1879 3241 credatur,

170 3277 627 3347 diligentiusque
710 3275 1048 3325 observetur
1124 3270 1194 3323 ab
1268 3269 1557 3333 omnibus,
1634 3268 1885 3337 propriis

173 3367 447 3421 manibus
510 3362 873 3426 roborautes,
935 3358 1125 3429 sigillo
1197 3363 1392 3411 nostro
1441 3357 1713 3427 insigniri
1767 3356 1865 3427 jus

173 3457 382 3509 simus.
1362 3439 1367 3447 '

241 3546 476 3611 Signum
506 3541 715 3594 domini
750 3538 1007 3591 Heinrici
1036 3538 1180 3603 regis
1222 3536 1592 3588 invictissimi.

246 3633 575 3688 Guntherus
606 3625 1004 3690 cancellarius,
1030 3624 1097 3678 ad
1158 3622 1339 3676 vicem
1378 3620 1745 3675 Erkambaldi
1803 3637 1889 3675 ar-

172 3717 579 3791 chicapellani,
622 3715 831 3769 notavi.

247 3812 387 3865 Data
439 3822 519 3860 vn
574 3805 707 3859 ldus
758 3802 905 3865 Maii,
963 3801 1145 3855 indict
1199 3816 1315 3864 vui,
1364 3814 1518 3852 anno
1572 3797 1888 3852 Dominican

173 3902 459 3953 incarnat.
516 3892 824 3948 millesimo
863 3891 954 3954 Xl,
1005 3905 1158 3943 anno
1218 3903 1353 3941 vero
1407 3886 1607 3941 domui
1654 3885 1887 3940 secundi

179 3985 438 4043 Heinrici
467 4000 523 4037 x.

247 4080 457 4130 Actum
500 4069 817 4126 Bavenberc
846 4066 1108 4121 feliciter.
1134 4069 1333 4121 Amen.

994 4155 1073 4207 LX
1084 4194 1096 4209 .

246 4254 289 4307 S
340 4251 563 4306 Henrici
606 4246 957 4381 privilegzzm
985 4242 1396 4377 pa'aii0ilfcailesia
1434 4239 1882 4294 Paderbornensi.

912 4332 1025 4369 uno
1210 4355 1223 4367 .

912 4332 1025 4369 DDO
1062 4332 1223 4367 ‘IUII.

385 4400 592 4473 [Codex
614 4397 1001 4467 diplomaticus
1029 4395 1152 4448 Hist
1181 4391 1449 4460 Westph.,
1473 4406 1531 4459 p.
1568 4388 1677 4459 61.]

249 4496 310 4548 C.
380 4493 443 4544 lu
523 4487 756 4541 nomine
813 4488 1023 4537 sanctae
1104 4486 1160 4533 et
1204 4479 1515 4533 individua:
1572 4476 1887 4542 Trinitatis,

178 4587 487 4639 ﬂammeus
517 4576 709 4630 divina
739 4573 1039 4627 ordinante
1066 4568 1427 4641 providentia
1450 4584 1564 4620 rex.

253 4671 473 4726 Divinas
514 4664 744 4737 pietatis
812 4660 1135 4726 clementia,
1198 4674 1328 4728 qua:
1385 4673 1491 4710 nos
1548 4655 1619 4709 ad
1663 4655 1889 4708 culmen

172 4761 348 4830 regis:
372 4753 688 4823 majestatis
715 4750 999 4821 perduxit,
1046 4748 1117 4801 ad
1157 4748 1265 4800 hoc
1314 4744 1496 4799 voluit
1546 4759 1791 4814 regnare
1824 4748 1889 4797 ut

176 4847 553 4906 ecclesiarum
610 4840 799 4896 ordini
864 4838 1150 4892 firmando
1233 4841 1407 4906 atque
1464 4833 1889 4887 corroborando

176 4936 589 4993 subveniamus
619 4950 633 4998 ;
670 4930 758 4984 his
787 4932 982 4983 autem
1023 4925 1271 4979 maxime
1318 4923 1477 4989 locis,
1511 4938 1641 4992 quae
1674 4921 1745 4974 ab
1787 4938 1888 4974 an-

174 5025 557 5085 tecessoribus
595 5018 806 5075 nostris
847 5016 1081 5086 regibus
1126 5011 1576 5084 imperatoribus
1633 5009 1887 5072 fundata,

174 5116 414 5185 sedjam
466 5108 711 5182 peccatis
769 5102 1132 5175 exigentibus
1182 5117 1329 5172 pene
1387 5098 1731 5153 videbantur
1785 5112 1889 5149 an-

174 5204 417 5257 nullata.
488 5196 852 5265 Quapropter
922 5188 1185 5243 omnium
1241 5186 1501 5240 ﬁdelium
1559 5190 1888 5238 nostrorum

171 5288 552 5363 prmsentium
604 5282 821 5337 scilicet
864 5295 927 5332 ac
957 5278 1283 5331 futurorum
1340 5274 1637 5329 industriae
1688 5277 1888 5325 notum

168 5360 290 5435 esse
318 5368 587 5430 volumus
617 5370 887 5442 qualiter,
928 5382 1033 5420 nos
1081 5364 1260 5419 divini
1308 5362 1524 5416 amoris
1584 5360 1884 5425 instinctu,

173 5486 276 5542 pro
307 5464 570 5522 remedio
603 5460 812 5514 animas
835 5460 1047 5510 nostra:
1081 5470 1178 5507 seu
1212 5456 1518 5524 parentum
1542 5453 1889 5515 nostrorum,

172 5537 423 5613 necnon
454 5558 511 5607 et
565 5548 724 5605 tertii
783 5544 1005 5601 Ottonis
1063 5543 1232 5597 bonae
1291 5539 1587 5594 memoriae
1644 5537 1891 5608 impera~

173 5647 340 5715 toris,
369 5644 715 5709 dilectaeque
744 5632 1007 5704 conjugis
1038 5635 1243 5687 nostrae
1273 5626 1634 5697 Cunigundan
1674 5626 1889 5695 reginae

2007 584 2263 639 Ecclesiae
2293 584 2631 638 venerabilis
2672 585 2924 655 episcopi
2955 590 3181 656 rogatu,
3234 586 3343 639 sibi
3383 594 3705 659 sanctasque

2001 690 2115 726 suae
2152 673 2407 727 Ecclesiae
2436 690 2468 726 a
2509 672 2715 726 Karolo
2749 689 2957 744 magno
2998 674 3345 744 imperatore
3378 674 3520 728 olim
3572 677 3702 729 fun-

2003 763 2171 823 datae,
2224 762 2433 829 nostris
2470 779 2604 816 vero
2634 763 2992 832 temporibus
3037 763 3368 816 incendium
3399 780 3602 833 passas,
3644 766 3704 818 in

2002 851 2216 904 honore
2243 851 2393 903 enim
2427 856 2633 905 sanctae
2692 851 2791 905 Dei
2842 851 3135 920 genitricis
3192 868 3532 921 semperque
3590 853 3703 905 vir-

2002 940 2152 1010 ginis
2197 940 2387 993 Mariae
2436 945 2493 993 et
2545 940 2724 993 sancti
2791 939 3001 992 Kiliani
3070 940 3318 992 martiris
3375 940 3703 1011 Liboriique

2000 1028 2341 1081 confessoris
2376 1027 2671 1091 dedicatae,
2706 1028 3039 1081 comitatum
3064 1044 3235 1099 quem
3263 1028 3484 1082 Hahold
3515 1044 3706 1082 comes

2003 1118 2140 1170 dum
2192 1117 2326 1169 vixit
2381 1118 2589 1183 tenuit,
2647 1117 2819 1169 situm
2868 1116 3085 1169 scilicet
3137 1116 3197 1169 in
3231 1116 3367 1168 locis
3422 1118 3701 1186 Haverga,

2003 1206 2221 1276 Limga,
2260 1206 2585 1259 Thiatmalli
2640 1209 2779 1273 Aga,
2820 1205 3117 1273 Patherga,
3168 1206 3534 1275 Treveresga,
3569 1206 3706 1259 Lan-

2002 1294 2248 1364 ganeka,
2282 1294 2591 1364 Erpesfeld,
2627 1294 2854 1358 Silbiki,
2892 1293 3137 1356 Matfeld,
3200 1294 3492 1363 Nihterga,
3523 1293 3707 1347 Sinat-

2002 1383 2137 1447 feld,
2202 1383 2466 1435 Ballcvan
2533 1398 2716 1452 prope
2775 1382 3037 1451 Spriada,
3113 1381 3395 1447 Lambiki,
3453 1382 3702 1443 Lession,

2000 1471 2498 1535 Sewardeshusun,
2568 1486 2696 1523 cum
2743 1469 2900 1522 omni
2962 1469 3339 1538 legalitatein
3396 1470 3702 1538 proprium

2002 1559 2365 1613 concedimus
2389 1558 2857 1629 atquelargimur
2885 1573 2990 1626 per
3022 1558 3166 1609 hanc
3187 1563 3433 1609 nostram
3452 1559 3703 1627 regalem

2002 1648 2294 1719 paginam,
2349 1664 2414 1700 eo
2461 1646 2723 1700 videlicet
2770 1645 3008 1698 rationis
3065 1651 3259 1698 tenore
3316 1652 3377 1698 ut
3435 1645 3705 1715 praefatus

2002 1736 2306 1806 episcopus
2336 1735 2667 1805 Meginwerc
2698 1733 2901 1803 suique
2942 1749 3295 1787 successores
3353 1733 3703 1804 praescriptar.

1982 1826 2245 1879 ecclesiae
2303 1824 2675 1895 praesidentes
2733 1824 2938 1876 dehinc
2996 1822 3237 1876 liberam
3302 1823 3549 1875 habeant
3600 1839 3703 1892 po-

2002 1918 2290 1980 testatem,
2332 1913 2401 1966 de
2453 1912 2652 1965 eodem
2708 1912 2980 1964 comitatu
3049 1911 3285 1981 ejusque
3352 1910 3701 1963 utilitatibus

2003 2002 2283 2073 quidquid
2332 2001 2413 2055 eis
2472 2000 2753 2070 placuerit
2804 1999 3073 2064 faciendi,
3135 2000 3203 2052 ad
3246 2014 3449 2052 eorum
3507 2005 3701 2051 tamen

2002 2092 2310 2144 utilitatem
2365 2090 2639 2155 ecclesiae,
2721 2088 2878 2141 omni
2954 2087 3219 2139 videlicet
3301 2086 3705 2157 inquietudine

2000 2186 2240 2233 remota.
2274 2180 2335 2233 Et
2356 2184 2418 2233 ut
2446 2180 2569 2232 haec
2596 2184 2807 2231 nostrae
2866 2176 3192 2229 traditionis
3250 2192 3350 2228 seu
3401 2176 3705 2229 conﬁrma-

2000 2269 2172 2322 tionis
2194 2269 2500 2322 auctoritas
2527 2265 2743 2321 stabilis
2767 2272 2823 2319 et
2848 2266 3177 2318 inconvulsa
3200 2264 3359 2317 omni
3386 2265 3709 2318 habeantur

1916 2385 1921 2391 ~
1998 2363 2285 2428 tempore,
2332 2358 2441 2411 hoc
2498 2361 2846 2426 praeceptum
2904 2354 3039 2408 inde
3090 2353 3473 2421 conscriptum
3532 2369 3706 2406 manu

2000 2447 2234 2518 propria
2254 2448 2485 2500 firmare
2512 2445 2860 2510 curavimus,
2894 2448 2949 2496 et
2976 2443 3163 2512 sigillo
3199 2447 3391 2495 nostro
3429 2441 3694 2511 insigniri

1995 2536 2291 2606 jussimus.

2105 2625 2328 2691 Signum
2348 2621 2533 2678 damni
2555 2624 2794 2676 Heinrici
2824 2621 2900 2690 (L.
2925 2621 3029 2685 M.)
3059 2622 3203 2689 regis
3230 2619 3597 2673 invictissimi.

2071 2712 2420 2767 Guntherius
2487 2710 2860 2764 caucellarius
2941 2708 3009 2762 ad
3098 2710 3279 2761 vicem
3341 2707 3706 2760 Erkambaldi

2000 2791 2439 2862 archirapellani
2470 2790 2796 2859 recognovi.

2073 2882 2275 2934 Datum
2310 2896 2361 2932 tv
2418 2879 2548 2930 ldus
2620 2877 2828 2946 April..
2888 2874 3197 2928 indictione
3254 2891 3325 2937 ax,

2000 2954 2224 3005 minicae
2279 2949 2688 3002 incarnationis
2766 2947 3070 2999 millesimo
3126 2947 3284 2998 Χιωο.

1998 3024 2195 3077 domui
2226 3022 2460 3075 secundi
2490 3019 2713 3072 Henrici
2770 3018 3062 3086 regnantis
3095 3032 3169 3069 ιχ.

2064 3116 2265 3164 Actum
2287 3106 2689 3175 Triburaregia
2732 3106 2872 3158 villa
2907 3104 3165 3157 feliciter.
3200 3108 3401 3157 Amen.

2499 3265 2746 3319 Traalitio
2770 3194 3030 3317 Iligririci
3052 3265 3213 3330 regis.

2637 3338 2824 3404 (Anno
2878 3335 3053 3403 1012).

2286 3407 2558 3480 [Dronke,
2583 3402 2711 3462 Coit.
2760 3408 2990 3474 Diplom.
3016 3402 3191 3457 'Fuld.
3217 3421 3272 3474 p.
3308 3402 3453 3474 343.)

2065 3499 2125 3552 In
2156 3498 2388 3552 nomine
2426 3501 2637 3549 sanctae
2685 3500 2741 3546 et
2807 3492 3117 3545 individua:
3174 3491 3489 3551 Trinitatis,
3549 3493 3703 3545 lleav-

2000 3594 2159 3632 mcus
2190 3577 2383 3630 divina
2413 3576 2635 3629 favente
2667 3573 2974 3626 clementia
3015 3572 3407 3625 Romanorum
3442 3586 3559 3625 rex.

2065 3669 2297 3721 Constat
2357 3682 2459 3718 nos
2527 3664 2722 3717 divina
2819 3662 3159 3729 disponente
3244 3659 3429 3729 gratia
3491 3660 3710 3712 caeteris

1995 3754 2423 3826 supereminere
2446 3750 2807 3813 mortalibus,
2838 3749 3084 3818 ideoque
3108 3748 3375 3801 convenit
3404 3753 3485 3813 ut,
3530 3748 3694 3816 cujus

1997 3844 2379 3916 praecellimus
2404 3856 2659 3901 inlinere,
2688 3839 2810 3909 ejus
2832 3836 3112 3891 voluntati
3136 3852 3337 3905 parere
3359 3836 3416 3888 in
3433 3836 3705 3890 omnibus

1997 3934 2328 3987 studeamus
2363 3948 2376 3995 ;
2408 3930 2653 4000 ideoque
2684 3927 2952 3981 omnibus
2988 3925 3329 3979 Christianae
3364 3924 3497 3978 fidei
3522 3925 3708 3978 culto—

1996 4023 2154 4077 ribus
2207 4019 2535 4089 nostrisque
2612 4016 2898 4076 ﬁdelibus,
2960 4021 3077 4068 tam
3108 4013 3483 4085 praesentibus
3535 4030 3706 4084 quam

1996 4110 2225 4175 futuris,
2275 4108 2539 4179 cupimus
2590 4122 2711 4159 esse
2796 4110 2995 4159 notum
3043 4103 3293 4174 qualiter
3359 4104 3703 4157 venerabilis

1996 4201 2142 4254 abba
2173 4197 2464 4253 Branthoh
2514 4196 2583 4249 de
2625 4194 2976 4249 monasterio
3008 4193 3185 4247 sancti
3217 4192 3501 4247 Bonefacii
3550 4191 3704 4262 quod

2004 4288 2209 4343 Fultha
2238 4290 2476 4340 vocatur
2514 4300 2629 4338 una
2685 4300 2812 4337 cum
2854 4282 3150 4335 monachis
3209 4282 3326 4334 suis
3368 4281 3712 4351 supplicavit

2004 4376 2342 4431 celsitudine
2401 4379 2610 4428 nostrae
2664 4378 2724 4425 ut
2780 4372 3041 4425 homines
3100 4371 3359 4425 Romano
3411 4371 3705 4440 quondam

1998 4465 2245 4537 imperio
2276 4464 2606 4527 attinentes,
2640 4461 2739 4531 qui
2797 4476 2969 4529 super
3014 4463 3197 4512 terras
3238 4458 3573 4511 monasterii
3608 4474 3707 4511 eo-

1998 4572 2129 4611 rum
2161 4557 2548 4615 conimanent,
2584 4566 2727 4620 quos
2768 4549 2906 4601 olim
2948 4547 3091 4600 divae
3132 4543 3429 4598 memoriae
3460 4543 3708 4596 domnus

2001 4644 2324 4701 Lodewicus
2373 4658 2464 4694 rex
2518 4641 2773 4708 itemque
2823 4636 3093 4690 dominus
3142 4634 3312 4687 Ottho
3369 4632 3703 4701 imperator,

2000 4735 2174 4804 hujus
2210 4732 2464 4786 nominis
2515 4730 2754 4801 primus,
2791 4725 3162 4780 contulerunt
3214 4726 3281 4781 et
3328 4721 3704 4775 conﬁrmave-

2000 4827 2135 4877 runt
2165 4819 2511 4875 scholasticis
2545 4814 2879 4871 monasterii
2916 4812 3214 4867 Fnldensis
3242 4817 3299 4865 et
3330 4826 3533 4864 eorum
3572 4824 3705 4862 suc-

2000 4910 2320 4966 cessoribus
2353 4925 2455 4979 pro
2509 4906 2702 4978 pueris
2734 4903 3057 4957 nutriendis
3090 4908 3147 4955 et
3187 4899 3502 4970 disciplinis
3540 4898 3706 4951 scho-

2000 4998 2210 5054 lasticis
2236 4996 2566 5051 imbuendis
2607 4994 2677 5047 ad
2721 4993 2938 5046 cultum
2988 4991 3248 5045 divinum
3308 4988 3543 5042 uberius
3579 5001 3708 5054 aug-

2001 5086 2375 5142 mentandum
2410 5101 2421 5138 :
2456 5101 2558 5137 nos
2581 5098 2814 5153 quoque
2856 5080 2997 5150 ipsis
3028 5096 3091 5133 ac
3129 5077 3477 5132 monasterio
3507 5090 3705 5127 eorum

1999 5176 2225 5231 tradere
2255 5182 2312 5228 et
2341 5173 2685 5227 confirmare
2729 5170 3069 5223 auctoritate
3117 5165 3277 5235 regia
3335 5164 3709 5232 dignaremur

2001 5281 2115 5318 una
2162 5280 2291 5317 cum
2351 5260 2643 5332 provincia
2701 5259 2927 5313 Sarowe
2988 5256 3139 5309 dicta
3168 5259 3225 5306 et
3279 5251 3527 5323 quadam
3574 5248 3707 5300 villa

2002 5354 2107 5407 sita
2142 5353 2200 5405 in
2221 5350 2534 5421 Thuringia
2563 5347 2809 5404 Holzhus
2827 5347 3177 5412 nuncupata,
3207 5356 3335 5409 quae
3355 5338 3435 5392 eis
3470 5335 3703 5405 quidam

2000 5455 2191 5494 comes
2224 5440 2293 5492 de
2325 5436 2631 5491 Boemenia
2688 5432 2925 5488 nomine
2965 5427 3245 5483 'l‘hacholf
3272 5427 3327 5477 in
3361 5429 3705 5477 testamento

1999 5528 2262 5595 contulit,
2295 5531 2431 5597 aput
2470 5525 2627 5595 ipsos
2654 5523 2874 5592 eligens
2906 5516 3265 5586 sepulturam
3293 5513 3565 5581 :insnper
3595 5510 3709 5563 alia

2000 5619 2151 5673 bona
2186 5633 2313 5687 quan
2337 5615 2418 5668 eis
2471 5612 2648 5666 nostri
2699 5614 3086 5665 antecessores
3135 5600 3513 5672 imperatores
3544 5614 3709 5668 reges

3389 2891 3539 2927 anno
3600 2875 3708 2928 Do-

3356 2948 3524 2998 Anno
3576 2961 3709 2998 vero
