3980 6428
294 413 398 468 295

1607 412 1662 466 S.
1705 409 1992 466 HENRICI
2029 408 2500 466 IMPERATORIS

3700 414 3813 466 9.96

293 540 584 612 principes
606 557 669 594 ac
706 540 802 594 alii
857 540 1052 594 fideles
1099 539 1246 593 infra
1304 541 1628 594 Romanum
1674 539 1986 610 imperium
2017 543 2061 594 Α
2101 556 2232 593 cum
2263 539 2451 594 hanno
2483 544 2539 594 et
2581 557 2712 594 cum
2765 541 2882 594 suis
2937 541 3207 596 omnibus
3253 543 3642 612 pertinentiis,
3703 559 3817 613 per

296 629 616 682 devotionis
649 628 857 681 intuitu
889 629 1244 698 optulerunt.
1284 629 1396 682 Nos
1428 629 1604 698 igitur
1635 628 1705 681 ob
1737 629 1994 683 divinum

297 732 551 769 amorem
575 721 631 768 et
663 716 843 786 ipsius
869 717 1048 769 sancti
1080 717 1186 769 loci
1221 716 1592 770 reverentiam
1628 717 1820 770 omnia
1848 717 1996 770 bona

294 809 412 857 tam
444 803 677 857 mobilia
710 819 881 874 quam
918 803 1238 857 immobilia
1260 820 1388 857 cum
1423 804 1685 868 abhatiis,
1721 803 1992 870 comiciis,

295 893 496 956 centis,
526 891 780 961 judiciis,
811 892 1093 944 theloneis
1133 893 1398 955 monetis,
1446 891 1671 956 bannis,
1729 891 1994 946 districti-

299 979 429 1046 bus,
471 980 820 1045 wiltbannis,
862 979 1326 1048 jurisdicionibus
1378 981 1833 1050 quibuscunque,
1867 995 1995 1050 quas

295 1068 450 1122 idem
486 1069 787 1122 Fulthense
820 1067 1228 1120 monasterium
1281 1068 1537 1138 possidet
1582 1068 1729 1122 infra
1753 1083 1993 1137 regnum

296 1154 569 1208 divinitus
602 1154 765 1207 nobis
789 1155 1004 1218 datum,
1060 1154 1144 1206 vel
1176 1170 1305 1223 quin
1335 1153 1395 1206 in
1456 1153 1715 1206 futurum
1762 1152 1996 1222 adipisci

296 1243 502 1312 poterit
528 1242 771 1296 Domino
803 1243 1168 1309 concedente,
1203 1257 1315 1294 una
1357 1257 1486 1294 cum
1522 1241 1856 1294 hominibus
1887 1240 1994 1294 im-

295 1330 439 1402 perii
461 1330 766 1384 antedictis
798 1335 1001 1383 etcum
1035 1331 1305 1383 omnibus
1331 1346 1505 1399 super
1527 1335 1708 1382 terras
1739 1329 1994 1399 ipsorum

294 1419 697 1485 residentibus,
733 1419 830 1489 qui
880 1434 985 1488 pro
1039 1418 1376 1471 condicione
1426 1434 1526 1470 sua
1567 1417 1635 1471 ad
1674 1417 1874 1470 iiscum
1907 1434 1994 1471 re-

296 1507 452 1575 gium
484 1522 716 1559 censum
747 1506 966 1559 solvere
993 1506 1289 1568 deberent,
1329 1521 1430 1557 nec
1479 1521 1594 1557 non
1628 1511 1682 1557 et
1734 1504 1995 1574 praedicti

295 1594 586 1648 Thacholﬁ
612 1595 837 1648 comitis
868 1598 1272 1647 testamentum
1320 1594 1426 1663 ipsi
1466 1593 1657 1646 abbati
1709 1595 1994 1646 Branthoo

295 1682 532 1752 ejusque
584 1681 1002 1735 successoribus
1043 1686 1098 1735 et
1157 1681 1503 1734 monasterio
1544 1679 1836 1733 Fulthensi
1893 1696 1996 1750 per

293 1769 396 1824 hos
422 1770 610 1840 apices
632 1771 950 1824 serenitatis
993 1776 1202 1823 nostrm
1234 1769 1515 1823 tradimus
1559 1773 1613 1820 et
1658 1769 1993 1822 auctoritate

295 1858 454 1928 regia
494 1858 554 1912 in
609 1863 952 1929 perpetuum
994 1859 1425 1911 confirmamus.
1480 1858 1760 1910 Pi'mterea
1805 1846 1993 1910 distrii

295 1944 542 1998 ctissime
583 1946 954 2015 prohibemus
994 1961 1067 1998 ne
1101 1944 1253 1997 missi
1287 1944 1467 1997 nostri
1522 1945 1609 1998 vel
1653 1944 1846 1997 ballivi
1883 1944 1992 1996 im-

293 2033 440 2102 perii
468 2033 684 2104 aliquid
737 2034 961 2099 tollant,
1011 2032 1242 2103 rapiant
1303 2034 1389 2085 vel
1437 2032 1708 2086 invadant
1759 2033 1827 2086 de
1858 2049 1992 2102 sup-

293 2121 564 2191 pellectili
593 2127 690 2174 aut
720 2121 890 2174 rebus
921 2120 1192 2174 abbatum
1252 2121 1675 2186 deredentium,
1737 2121 1830 2174 sed
1865 2137 1995 2174 suc-

295 2210 506 2263 cessori
532 2209 728 2263 omnia
757 2214 1116 2262 reserventur
1148 2226 1160 2264 :
1197 2225 1301 2262 nec
1330 2226 1432 2280 pro
1474 2209 1831 2278 investitura,
1865 2226 1992 2281 quae

296 2314 400 2369 per
423 2302 708 2368 sceptrum
734 2297 954 2367 regium
988 2297 1110 2351 fieri
1141 2297 1330 2363 debet,
1379 2297 1448 2350 ab
1498 2297 1701 2351 abbate
1749 2299 1818 2352 de
1848 2315 1993 2352 novo

292 2390 480 2438 creato
503 2384 721 2454 aliquid
754 2389 1094 2454 expetatur;
1137 2385 1230 2439 sed
1266 2386 1344 2438 sic
1367 2386 1560 2440 omnia
1593 2403 1698 2455 pro
1733 2387 1994 2441 libertate

295 2473 555 2542 ejusdem
591 2473 771 2527 sancti
803 2473 912 2527 loci
943 2474 1138 2527 taliter
1175 2475 1515 2528 ordinentur
1554 2476 1849 2529 utihidem
1874 2477 1996 2529 cul-

296 2566 388 2613 tus
433 2561 662 2615 Domini
717 2568 991 2633 perpetuo
1042 2569 1190 2616 stare
1236 2563 1429 2632 IltHSit.
1471 2565 1531 2616 l-It
1576 2579 1646 2616 ne
1686 2564 1994 2634 quisquam

297 2649 598 2703 hominum
628 2649 834 2703 futuris
893 2651 1252 2720 temporibus
1298 2655 1498 2704 contra
1564 2651 1710 2704 hanc
1741 2656 1993 2705 nostram

295 2738 660 2792 traditionem
693 2756 790 2792 seu
837 2739 1329 2792 conﬁrmationem
1390 2741 1582 2792 venire
1635 2741 1863 2802 audeat,
1892 2741 1996 2793 hos

297 2827 484 2897 apices
530 2827 664 2880 inde
716 2827 1067 2897 conscriptos
1125 2843 1301 2880 manu
1376 2827 1607 2898 pr0pria
1659 2829 1996 2882 roborantes

296 2916 485 2986 sigillo
518 2919 710 2968 nostro
739 2915 977 2968 fecimus
1012 2914 1298 2984 insigniri.

368 3005 595 3070 Signum
631 3004 816 3057 damni
845 3006 1087 3058 llcinrici
1135 3005 1229 3072 (M)
1258 3006 1402 3071 regis
1443 3007 1814 3058 invictissimi.

369 3091 762 3146 Erkanbaldus
788 3092 1276 3162 archicapellanus
1312 3093 1640 3162 recognovi.

371 3181 508 3232 Data
551 3195 662 3232 xvu
705 3179 828 3234 Kal.
879 3181 1111 3234 Januar.
1175 3179 1489 3232 indictione
1534 3194 1614 3246 XI,
1657 3197 1807 3233 anno
1863 3197 1996 3234 vero

298 3266 824 3321 domnimillesimo
856 3269 968 3320 ΧΠ.
1005 3269 1145 3320 Item
1179 3283 1330 3320 anno
1389 3267 1586 3320 domni
1628 3268 1878 3322 Heinrici
1911 3285 1998 3321 se-

299 3355 469 3409 cundi
496 3356 789 3424 regnantis
819 3372 891 3408 Xl.
926 3359 1129 3408 Actum
1186 3356 1388 3408 Fultba
1437 3357 1782 3410 monasterio
1807 3357 1862 3411 in
1898 3374 1996 3411 uo-

299 3443 453 3497 mine
486 3443 711 3497 Domini
743 3443 999 3497 feliciter.
1034 3447 1238 3497 Amen.

1085 3533 1238 3586 LXII.

373 3621 621 3675 Traditio
673 3618 936 3674 Heinrici
999 3623 1144 3687 regis
1203 3620 1268 3674 de
1315 3622 1510 3686 [θνρειί
1566 3621 1993 3677 Zunderenhart.

849 3711 1031 3775 (lOl2,
1068 3712 1135 3762 29
1168 3709 1445 3778 decemh.)

823 3797 1095 3868 [Dronke,
1129 3799 1224 3852 ubi
1255 3795 1468 3869 supra]

371 3889 433 3942 In
484 3886 718 3942 nomine
776 3891 984 3956 sanctae
1017 3891 1073 3940 et
1102 3887 1413 3940 individum
1469 3884 1784 3954 Trinitatis,
1832 3887 1997 3941 Hem-

300 3991 453 4030 mcus
484 3975 679 4029 divina
710 3975 940 4028 favente
971 3974 1278 4028 clementia
1310 3990 1424 4027 rex.

371 4064 429 4118 Si
459 4064 824 4118 ecclesiarum
859 4063 955 4117 Dei
1005 4064 1128 4117 loca
1165 4063 1404 4132 alicujus
1448 4061 1583 4116 doni
1639 4062 1995 4118 incremento

303 4153 615 4206 sublimare
642 4153 726 4206 vel
764 4153 1067 4206 meliorare
1123 4150 1534 4215 studuerimus,
1571 4149 1733 4203 nobis
1785 4149 1998 4203 nostri—

301 4258 412 4312 que
456 4241 621 4310 regni
679 4240 853 4293 statui
909 4240 967 4294 id
1023 4239 1302 4310 proficere
1356 4238 1594 4292 minime
1645 4237 1991 4292 dubitamus.

299 4330 663 4400 Quapropter
688 4329 947 4383 omnium
1006 4328 1264 4383 fidelium
1322 4332 1676 4392 nostrorum,
1734 4343 1992 4396 praesen-

300 4420 444 4472 tium
495 4418 708 4471 scilicet
755 4433 818 4472 ac
893 4417 1243 4483 futurorum,
1289 4415 1591 4470 industriae
1646 4419 1844 4468 notum
1874 4430 1995 4468 esse

300 4507 565 4559 volumus
593 4505 840 4576 qualiter
872 4522 971 4559 nos
1011 4505 1189 4559 divini
1211 4504 1422 4563 amoris
1475 4503 1773 4568 instinctu,
1821 4502 1997 4555 inter-

300 4599 474 4649 ventu
505 4611 739 4666 quoque
777 4610 842 4647 ac
880 4595 1166 4664 peticione
1223 4593 1512 4662 Branthoy
1555 4591 1796 4656 abbatis,
1827 4606 2001 4661 quan-

301 4683 433 4736 dam
481 4683 628 4752 juris
667 4682 854 4736 nostri
916 4682 1080 4753 regni
1167 4681 1421 4734 forestim
1476 4679 1626 4732 intra
1667 4679 1806 4732 istos
1852 4678 1998 4731 fines

299 4770 653 4840 adjacentem
678 4771 879 4841 hisque
911 4771 1170 4824 terminis
1190 4769 1552 4840 prmeinctam
1589 4785 1602 4821 :
1626 4767 1694 4820 de
1721 4766 2000 4820 Biberaho

302 4859 514 4912 scilicet
545 4874 729 4928 usque
755 4858 825 4911 ad
855 4858 1214 4926 Wolfeshart,
1242 4874 1305 4912 ac
1340 4857 1473 4912 inde
1516 4861 1666 4910 recte
1712 4861 2002 4909 transcur-

300 4946 479 5000 rendo
532 4946 996 5000 Rodenmannun
1049 4950 1104 4999 et
1166 4945 1631 5016 Byochineherge
1683 4960 1866 5015 usque
1927 4942 2000 4996 ad

303 5034 552 5090 Calbabo
585 5039 640 5088 et
668 5033 972 5099 Fliedenu;
1020 5033 1153 5087 hinc
1191 5039 1380 5087 autem
1420 5033 1488 5087 ad
1547 5032 1888 5102 Langenaho
1945 5035 2003 5085 et

304 5123 653 5188 Widenaho;
704 5121 837 5176 hinc
891 5137 1024 5174 vero
1074 5121 1136 5175 in
1202 5120 1546 5175 Guncenaho
1600 5126 1656 5173 et
1712 5120 1772 5173 in
1822 5121 1995 5174 Mose-

300 5212 586 5278 hrunnen,
622 5215 678 5264 et
708 5210 842 5264 inde
875 5209 953 5262 sic
1004 5215 1158 5264 recte
1202 5209 1533 5262 transiendo
1581 5208 1708 5262 loca
1774 5207 2003 5262 Ufecre-

301 5300 522 5371 ginfelt,
552 5297 1132 5363 Warmuntessneida,
1157 5296 1588 5350 Iliwineshusun
1607 5299 1663 5349 et
1692 5296 1996 5350 llerihrah-

302 5390 602 5455 teshusun,
634 5403 855 5441 necnon
895 5385 1130 5440 Slierefa
1164 5386 1432 5439 deorsum
1481 5384 1540 5438 in
1571 5383 1808 5448 Slidcsa,
1842 5389 1897 5438 et
1923 5385 2001 5438 sic

301 5494 402 5548 per
427 5477 694 5531 deorsum
732 5492 916 5546 usque
955 5475 1014 5528 in
1062 5474 1320 5539 Fuldam,
1356 5473 1464 5526 sibi
1509 5489 1741 5544 suaeque
1790 5478 1998 5528 sanctae

303 5565 555 5620 ecclesias
584 5566 645 5620 in
675 5565 896 5620 honore
919 5563 1020 5618 Dei
1049 5562 1344 5634 genitricis
1384 5562 1678 5634 sanctique
1728 5562 2000 5617 Bonifacii

304 5653 716 5724 archiepiscopi
773 5657 827 5706 et
875 5652 1141 5723 martyris
1174 5655 1513 5706 consecrata
1547 5668 1608 5706 ac
1639 5656 1996 5718 constructae,

2107 629 2252 682 hanc
2273 634 2529 683 nostram
2553 631 2806 700 regalem
2839 630 3110 700 paginam
3144 630 3204 685 in
3261 633 3559 702 proprium
3603 648 3813 684 conce-

2104 714 2291 769 dimus
2318 721 2489 786 atque
2522 715 2820 786 largimur,
2845 721 2902 770 et
2936 717 3004 770 de
3046 722 3241 770 nostro
3269 719 3399 788 jure
3455 735 3518 772 ac
3549 718 3815 772 dominio

2103 804 2163 857 in
2185 805 2307 873 ejus
2331 805 2426 873 jus
2454 809 2512 858 et
2541 805 2861 858 dominium
2923 805 3160 859 omnino
3209 807 3684 874 transfundimus,
3743 823 3816 860 ea

2105 891 2320 945 scilicet
2348 893 2570 946 ratione
2612 899 2675 968 ut
2723 894 3026 963 przedictus
3077 895 3250 948 abbas
3297 896 3548 949 Brantho
3599 895 3814 965 suique

2103 996 2451 1033 successores
2483 981 2550 1033 de
2581 983 2852 1051 praedicta
2910 983 3106 1035 foresti
3155 991 3212 1036 et
3257 984 3380 1053 ejus
3421 983 3814 1055 ‘pertinentiis

2103 1067 2343 1122 liberam
2397 1069 2605 1123 dehinc
2654 1075 2994 1139 potestatem
3052 1071 3306 1126 habeant
3361 1072 3636 1143 quicquid
3698 1071 3814 1125 sibi

2101 1156 2236 1210 inde
2269 1158 2546 1227 placuerit
2601 1157 2870 1224 faciendi,
2929 1159 3000 1212 ad
3059 1175 3227 1212 usum
3288 1165 3476 1213 tamen
3529 1161 3813 1226 ecclesiae,

2104 1245 2364 1299 omnium
2397 1246 2696 1300 hominum
2719 1247 3169 1301 contradictione
3209 1253 3450 1301 remota.
3486 1250 3551 1302 Et
3597 1253 3657 1301 ut
3683 1249 3814 1301 haec

2104 1339 2312 1386 nostrae
2353 1333 2678 1387 traditionis
2737 1335 3049 1387 auctoritas
3093 1335 3310 1389 stabilis
3364 1340 3420 1389 et
3469 1337 3815 1390 inconvulsa

2102 1435 2208 1490 per
2233 1420 2423 1474 futura
2445 1428 2782 1491 permaneat
2808 1427 3092 1493 tempora,
3128 1423 3234 1476 hoc
3281 1430 3636 1494 praeceptum
3672 1424 3812 1478 inde

2102 1508 2484 1578 conscriptum
2570 1525 2744 1562 manu
2824 1510 3059 1580 propria
3118 1511 3556 1564 corroborantes
3616 1510 3812 1579 sigillo

2105 1601 2298 1649 nostro
2333 1596 2597 1666 insigniri
2623 1597 2921 1666 jussimus.

2173 1685 2400 1749 Signum
2426 1685 2616 1738 domui
2651 1686 2912 1739 IIeinrici
2941 1687 3028 1752 (Μ)
3054 1689 3199 1754 regis
3224 1689 3588 1741 invictissimi.

2173 1773 2520 1826 Guntherius
2575 1773 2945 1826 cancellarius
2988 1775 3104 1828 vice
3165 1775 3562 1829 Erchambaldi
3619 1777 3812 1830 archi-

2104 1861 2386 1929 capellani
2417 1861 2738 1931 recognovi.
2775 1862 2851 1925 (S)

2176 1949 2315 2002 Data
2343 1965 2395 2002 IV
2448 1949 2570 2003 Kal.
2630 1949 2908 2016 Januarii,
2949 1950 3260 2004 indictione
3293 1967 3343 2017 x,

2102 2037 2246 2091 nicas
2276 2038 2688 2091 incarnationis
2713 2038 3019 2092 millesimo
3050 2040 3187 2094 ΧΙΠ.

2103 2126 2339 2180 secundi
2374 2126 2621 2179 Heinrici
2669 2127 2963 2195 regnantis
2993 2144 3071 2182 XI.

2174 2217 2376 2267 Actum
2413 2215 2605 2268 Polida
2630 2215 2893 2269 feliciter.
2930 2219 3135 2270 Amen.

2867 2305 3048 2358 LXIII.

2248 2390 2497 2444 Traditio
2526 2393 2769 2445 Heinrici
2798 2393 2862 2445 II
2887 2391 3031 2457 regis
3063 2391 3128 2444 de
3182 2394 3426 2460 ancnce
3455 2408 3659 2446 marca.

2620 2479 2813 2545 (Anno
2848 2478 3031 2531 1012⁸2
3064 2480 3130 2530 30
3161 2479 3307 2547 dec.)

2627 2564 2896 2635 [Dronke,
2930 2567 3026 2617 ubi
3055 2567 3269 2635 suprml

2177 2654 2234 2706 In
2266 2652 2504 2706 nomine
2550 2658 2758 2706 sanctae
2818 2659 2875 2706 et
2921 2653 3223 2706 individere
3280 2654 3592 2720 Trinitatis,
3647 2658 3812 2709 Ham-

2104 2755 2278 2805 nicus,
2338 2741 2526 2794 divina
2580 2741 2803 2795 favente
2879 2742 3180 2795 clementia
3259 2742 3651 2797 Romanorum
3705 2744 3817 2797 im-

2107 2834 2337 2899 perator
2386 2834 2683 2897 angustus,
2744 2829 3012 2882 omnibus
3080 2829 3348 2883 ﬁdelibus
3404 2831 3613 2883 nostris
3671 2847 3817 2900 prae-

2107 2915 2364 2969 sentibus
2411 2915 2624 2969 scilicet
2670 2921 2726 2968 et
2783 2915 2988 2969 futuris
3035 2916 3281 2986 gratiam
3343 2923 3399 2971 et
3460 2919 3702 2972 salutem
3755 2920 3814 2972 in

2108 3003 2347 3057 Christo.

3415 1967 3568 2005 anno
3606 1953 3808 2006 Domi-

3256 2044 3417 2094 Anno
3447 2056 3579 2094 vero
3611 2041 3813 2095 domui

2032 3089 2072 3143 C
2183 3093 2391 3146 Notum
2427 3108 2548 3144 esse
2581 3091 2847 3146 volumus
2877 3092 3135 3146 omnium
3195 3093 3481 3147 catholicae
3515 3093 3650 3147 tidei
3688 3111 3818 3148 me-

2108 3180 2305 3234 moria:
2337 3179 2603 3248 qualiter,
2645 3179 2970 3233 interventu
3001 3196 3063 3233 ac
3093 3180 3375 3251 peticione
3411 3181 3815 3251 Chunigundzp

2105 3267 2484 3337 imperatricis
2532 3273 2790 3338 angustia
2837 3274 3047 3322 nostra;
3106 3269 3325 3323 dilectae
3379 3271 3666 3340 conjugis,
3703 3287 3810 3340 per

2102 3356 2250 3410 hanc
2279 3356 2460 3409 nostri
2488 3356 2806 3426 imperialis
2833 3357 3097 3427 praecepti
3131 3356 3400 3426 paginam
3434 3358 3809 3412 concedimus

2105 3449 2314 3498 sancta
2355 3443 2619 3498 Fuldensi
2668 3444 2917 3498 ecclesia:
2967 3449 3023 3498 et
3075 3445 3288 3498 domno
3321 3447 3580 3515 Bopponi
3618 3446 3812 3500 abbati

2106 3533 2345 3603 ejusque
2377 3532 2792 3586 successoribus
2814 3532 2872 3586 in
2895 3538 3239 3603 perpetuum
3264 3533 3516 3587 bannum
3550 3519 3816 3589 nostrum

2103 3635 2277 3689 super
2301 3619 2511 3673 diversi
2543 3620 2771 3688 generis
2824 3620 2970 3672 feras
3024 3620 3176 3673 inter
3223 3621 3366 3675 ﬁnes
3416 3610 3474 3675 et
3533 3623 3811 3676 terminos

2107 3707 2606 3778 Lupencemarcha
2634 3724 3095 3778 quaquaversum
3137 3709 3336 3763 eadem
3388 3710 3808 3778 Lupencemar-

2104 3799 2210 3850 clia
2239 3797 2584 3863 extenditur,
2609 3813 2676 3849 ex
2699 3813 2981 3850 consensu
3011 3801 3068 3850 et
3105 3790 3398 3850 voluntate
3460 3798 3809 3853 Erkenbaldi

2104 3884 2548 3954 Mogontinensis
2597 3883 3009 3954 archiepiscopi
3067 3900 3288 3938 necnon
3345 3889 3403 3937 et
3444 3883 3676 3938 Arnoldi
3717 3885 3811 3939 ab-

2105 3973 2252 4027 batis
2295 3972 2676 4027 Herfeldensis
2719 3977 2775 4024 et
2829 3972 3170 4026 Willeliclmi
3229 3973 3456 4026 comitis
3526 3979 3582 4025 et
3619 3973 3812 4027 fratris

2105 4063 2228 4132 ejus
2258 4060 2860 4132 Bopponis.‘Sigimari
2893 4077 3122 4131 quoque
3154 4061 3408 4116 advocati
3441 4066 3498 4114 et
3549 4062 3808 4116 omnium

2104 4151 2251 4204 circa
2275 4149 2661 4204 habitantium
2720 4149 2819 4219 qui
2866 4149 2943 4202 ibi
2983 4149 3146 4219 juxta
3197 4150 3412 4220 praedia
3443 4150 3650 4204 habere
3707 4168 3811 4205 no-

2101 4243 2357 4305 scuntur,
2388 4255 2454 4292 eo
2502 4237 2759 4291 vicelicet
2813 4243 3015 4291 tenore
3083 4244 3368 4308 quatenus
3426 4238 3628 4292 eadem
3658 4255 3803 4309 prae-

2108 4326 2421 4394 nominata,
2456 4329 2648 4380 sancta
2695 4325 2915 4379 scilicet
2954 4326 3250 4380 Fuldensis
3305 4326 3559 4392 ecclesia,
3592 4333 3811 4382 noster-

2110 4431 2220 4485 que
2251 4414 2435 4468 ﬁdelis
2467 4415 2660 4484 Boppo
2692 4414 2947 4483 ejusdem
2979 4413 3228 4467 ecclesize
3250 4415 3591 4468 venerabilis
3612 4415 3806 4483 abbas,

2112 4519 2428 4573 omnesque
2460 4503 2559 4573 qui
2585 4503 2646 4555 in
2674 4502 2944 4573 praesenti
2979 4503 3247 4556 Fuldensi
3304 4504 3540 4556 ecclesia
3573 4504 3678 4556 sibi
3705 4521 3812 4574 pro

2110 4591 2316 4644 futuris
2366 4591 2723 4661 temporibus
2766 4591 3079 4644 successuri
3135 4595 3284 4659 sunt,
3341 4591 3489 4645 infra
3543 4592 3811 4662 praefatos

2110 4679 2252 4733 ﬁnes
2286 4679 2642 4734 forestandos
2672 4679 2777 4733 hac
2806 4685 3002 4733 nostra
3048 4679 3334 4750 imperiali
3388 4681 3692 4735 traditione
3724 4687 3807 4736 ta-

2110 4768 2222 4821 lem
2253 4784 2452 4839 pacem
2484 4773 2540 4822 et
2567 4767 2929 4822 securitatem
2959 4768 3163 4822 amodo
3197 4773 3253 4821 et
3299 4768 3567 4838 deinceps
3617 4770 3686 4823 de
3713 4787 3812 4822 cae-

2107 4854 2244 4908 teris
2283 4854 2860 4924 comprovincialibus
2914 4859 2972 4908 et
3021 4855 3235 4908 circum
3287 4856 3618 4910 sedentibus
3661 4857 3808 4910 obti-

2110 4947 2303 5008 neant,
2341 4944 2568 5013 qualem
2603 4943 2724 4996 haec
2756 4942 2954 4996 eadem
3013 4949 3351 5014 craterasque
3406 4945 3653 4998 ecclesiae
3684 4945 3811 4998 hac-

2111 5036 2278 5085 tenus
2321 5031 2534 5084 habere
2583 5031 2719 5084 visae
2775 5036 2928 5097 sunt,
2991 5047 3116 5102 quzc
3175 5036 3372 5085 nostra
3423 5032 3539 5085 sive
3585 5033 3808 5102 prinde-

2110 5135 2398 5173 cessorum
2431 5125 2758 5173 nostrorum
2787 5119 3200 5190 imperatorum
3225 5120 3497 5174 videlidet
3523 5125 3581 5174 et
3610 5137 3808 5191 regum

2111 5208 2181 5262 de
2207 5207 2541 5277 hujusmodi
2570 5207 2878 5262 forestibus
2925 5207 3270 5262 forestandis
3324 5214 3607 5278 pracepta
3630 5225 3810 5264 susce-

2110 5301 2338 5367 perunt.
2401 5298 2466 5350 Et
2511 5300 2575 5350 ut
2627 5296 2745 5351 haec
2791 5296 2968 5350 banni
3020 5296 3204 5365 nostri
3252 5297 3542 5352 concessio
3591 5297 3808 5351 stabilis

2111 5401 2338 5456 semper
2360 5391 2415 5438 et
2437 5385 2765 5439 inconvulsa
2786 5390 3144 5455 permaneat,
3160 5385 3268 5438 hoc
3291 5391 3645 5455 praeceptum
3676 5385 3807 5440 inde

2109 5473 2495 5543 conscriptum
2528 5489 2701 5528 manu
2726 5473 2959 5544 propria
3017 5473 3451 5527 corroborantes
3481 5473 3655 5544 sigilli
3713 5490 3807 5528 no-

2110 5561 2210 5616 stri
2239 5562 2617 5633 impressione
2646 5561 2922 5631 jussimus
2954 5561 3223 5632 insigniri
3253 5561 3580 5616 etnominis
3631 5564 3802 5617 nostri

2110 5655 2392 5706 caractere
2415 5649 2762 5706 confirmari.
