3980 6400
79 344 175 394 297

1343 337 1740 393 DlPLOMATA
1780 337 2333 394 ECCLESIASTICA.

3496 348 3602 399 298
3628 414 3633 420 _

140 467 371 532 Signum
422 465 671 519 Heinrici
712 463 1096 531 gloriosissimi
1143 463 1487 530 imperatoris
1534 463 1777 531 augusti.
1810 462 1859 517 Α
1902 461 2035 515 licet
2064 478 2269 533 regum
2302 463 2390 516 vel
2428 462 2850 533 imperatorum
2890 465 3261 535 Francorum,
3301 467 3361 521 in
3394 469 3605 538 quibus

142 556 255 624 Ego
293 552 646 608 Guntherius
679 551 1052 605 cancellarius
1086 550 1406 621 recognovi.

146 642 351 695 Datum
393 658 452 694 Ill
489 641 613 694 Kal.
646 640 878 694 Januar.

141 734 347 784 Actum
385 729 559 783 Fulde
584 728 858 784 feliciter.

147 819 359 872 Notum
398 820 471 871 sit
501 818 771 871 omnibus
805 816 1071 871 ﬁdelibus
1104 814 1354 887 qualiter
1384 830 1509 879 nos,
1544 830 1673 868 cum
1702 829 1793 867 ec-

79 907 240 960 clesia
273 906 957 974 Fuldensizconcambium
983 905 1276 968 facientes,
1303 904 1568 958 dedimus
1600 909 1795 957 sancto

87 995 368 1049 Bonifacio
400 996 593 1049 locum
622 994 994 1065 proprietatis
1034 998 1241 1047 nostra
1265 994 1323 1046 in
1349 995 1614 1062 Lupence
1638 1007 1795 1045 mar-

87 1086 204 1145 clia.
242 1092 300 1138 et
330 1085 658 1155 recepimus
706 1084 817 1137 alia
856 1083 998 1149 loca,
1052 1083 1159 1137 hoc
1190 1087 1277 1136 est
1329 1080 1687 1135 Wazerlosen
1745 1084 1801 1133 et

89 1174 382 1243 Eibingen.

154 1263 217 1316 lli
264 1266 403 1315 sunt
435 1264 628 1314 autem
683 1259 827 1313 ﬁnes
876 1263 932 1312 et
958 1257 1191 1313 termini
1226 1258 1485 1328 Lupence
1520 1256 1753 1311 marcha
1786 1272 1798 1309 :

87 1350 530 1405 Truchenebach
576 1348 712 1401 inde
753 1348 819 1402 ad
851 1347 1379 1409 Steinenbrunnen,
1414 1346 1545 1399 inde
1574 1345 1644 1399 ad
1680 1346 1802 1398 Bir-

95 1440 263 1491 kinen
321 1440 504 1501 solen,
555 1437 689 1491 inde
736 1437 802 1490 ad
837 1436 1238 1500 Holcbiberen,
1290 1434 1423 1489 inde
1455 1434 1527 1487 ad
1559 1434 1803 1487 alterum

94 1528 349 1582 Biberen.
408 1525 539 1579 inde
572 1525 642 1578 ad
693 1524 1073 1585 Hattenbach,
1110 1523 1240 1576 inde
1290 1523 1360 1575 ad
1417 1519 1800 1591 Leingruben,

95 1616 222 1668 inde
273 1614 343 1667 ad
394 1613 760 1681 Cumbelum,
801 1611 932 1665 inde
981 1611 1047 1665 ad
1091 1610 1494 1681 Lyopbergun,
1554 1608 1685 1662 inde
1733 1607 1802 1660 ad

97 1704 495 1766 ilursuerzum,
558 1700 690 1753 inde
750 1699 820 1752 ad
882 1699 1433 1754 Brestinesbrunnen
1471 1738 1484 1762 ,
1546 1697 1679 1750 inde
1734 1695 1801 1748 ad

94 1792 292 1844 Heben
343 1789 700 1852 eibcholcen,
756 1787 889 1841 inde
942 1787 1013 1840 ad
1072 1786 1483 1851 Merenlinden,
1541 1784 1676 1839 inde
1734 1784 1804 1836 ad

98 1879 512 1944 Habecbental,
552 1878 682 1930 inde
708 1876 1011 1931 Steininen
1066 1882 1312 1941 strazen,
1367 1874 1500 1927 inde
1554 1873 1620 1926 ad
1658 1871 1806 1924 Wei-

96 1968 475 2021 denbrunnen
532 1971 587 2019 et
627 1966 849 2019 Nazaha
879 1964 1115 2018 inferius
1169 1964 1238 2017 ad
1276 1961 1805 2030 Sleinenbrunnen,

96 2058 222 2109 inde
256 2056 327 2110 ad
360 2055 621 2108 Widinen
651 2054 830 2116 solen,
864 2052 998 2106 inde
1022 2052 1089 2105 ad
1121 2051 1523 2116 Marcsteinen,
1572 2049 1704 2103 inde
1736 2049 1806 2102 ad

97 2144 327 2213 Neptale
360 2157 588 2195 sursum
623 2145 679 2194 et
721 2140 954 2209 Neptale
987 2140 1156 2204 infra,
1190 2138 1322 2192 inde
1349 2139 1416 2191 ad
1449 2138 1807 2192 Setensteten

97 2250 191 2302 per
220 2231 521 2302 capellam,
589 2230 659 2283 de
689 2230 905 2298 capella
938 2229 1006 2282 ad
1050 2228 1352 2295 Hurselen,
1378 2226 1513 2280 inde
1548 2226 1621 2279 ad
1657 2225 1811 2279 Otte-

98 2336 329 2383 reswag,
366 2317 496 2371 inde
531 2316 599 2370 ad
638 2316 958 2380 llorwiden,
991 2314 1126 2368 inde
1160 2314 1228 2367 ad
1294 2312 1642 2383 Lacbweige,
1676 2312 1810 2365 inde

102 2406 529 2472 Kabenbuhele,
579 2404 713 2458 inde
754 2403 821 2457 ad
861 2404 1237 2472 Wartbergen
1289 2402 1348 2455 in
1383 2402 1621 2463 fontem,
1676 2400 1810 2453 inde

100 2497 167 2550 ad
204 2498 639 2565 Zugenturnen,
685 2492 815 2546 inde
849 2492 919 2544 ad
957 2492 1299 2561 Madungen,
1333 2490 1466 2544 inde
1497 2490 1566 2543 ad
1607 2487 1814 2543 Gerwi-

101 2583 449 2647 nessteinen,
492 2582 628 2636 inde
668 2583 737 2635 ad
774 2580 1001 2651 Alviges
1034 2580 1166 2642 sol.,
1203 2580 1334 2633 inde
1367 2579 1435 2633 ad
1468 2577 1809 2641 Suarzbach,

104 2673 231 2727 inde
262 2674 332 2726 ad
363 2671 588 2737 Alinde,
612 2676 669 2725 et
696 2670 897 2724 Alinde
930 2669 1169 2723 inferius
1191 2669 1262 2722 ad
1295 2668 1552 2732 Merrith,
1578 2668 1711 2721 inde
1743 2667 1813 2720 ad

107 2761 500 2831 Liggenhoug.
532 2759 665 2812 inde
712 2759 778 2812 ad
813 2758 1207 2826 Drinbougen,
1256 2756 1387 2810 inde
1428 2757 1499 2810 ad
1532 2757 1814 2810 Rotenso-

108 2853 215 2915 len,
250 2849 386 2903 inde
418 2848 489 2901 ad
521 2848 836 2913 Gotdedah,
869 2847 1001 2900 inde
1033 2848 1103 2900 ad
1138 2845 1388 2910 Aborne,
1423 2845 1555 2899 inde
1587 2845 1656 2897 ad
1692 2845 1814 2897 Ku-

108 2939 263 3006 bacb,
310 2942 369 2991 et
423 2937 492 2991 de
547 2936 783 2990 Kubacb
830 2935 977 2988 infra
1011 2935 1067 2988 in
1099 2935 1391 3000 Werraha,
1424 2938 1482 2988 et
1509 2933 1578 2987 de
1617 2934 1815 2988 Werra

108 3027 345 3081 inferius
379 3025 437 3079 in
469 3023 806 3093 pradictum
840 3020 1303 3077 Truckenebach.

878 3129 1054 3183 LXIV.

111 3239 356 3292 Hcinrici
410 3239 557 3303 regis
603 3240 959 3305 praeceptum,
1012 3249 1110 3302 per
1166 3232 1312 3305 quod
1367 3232 1822 3285 Vormaticensem

176 3302 487 3363 Ecclesium,
528 3302 711 3377 [inter]
753 3302 802 3359 et
859 3306 1153 3377 cauobium
1202 3302 1668 3377 Laurisheimense
1700 3316 1822 3355 con-

179 3374 543 3444 troversiam,
559 3374 771 3431 ratione
790 3378 1024 3431 Forestis
1048 3376 1331 3429 Odcnwalt
1357 3374 1588 3428 dirimit.

770 3465 956 3533 (Anno
988 3461 1169 3531 1012.)

324 3554 661 3625 [Schannag
696 3552 1066 3621 Episcopatus
1104 3552 1366 3612 Vormat.,
1394 3549 1461 3614 II,
1495 3546 1611 3619 38.]

180 3645 242 3697 In
287 3643 530 3698 nomine
569 3646 779 3695 sancta
836 3644 891 3693 et
930 3638 1242 3693 individua
1293 3636 1602 3703 Trinitatis,
1652 3634 1825 3688 Hem-

119 3749 279 3799 διευς,
314 3731 515 3786 divina
546 3729 853 3784 ordinante
883 3726 1211 3793 clementia,
1243 3742 1361 3780 rex.

183 3821 353 3877 Omni
388 3820 586 3890 itaque
618 3822 829 3871 sancta
860 3816 960 3871 Dei
984 3814 1247 3870 Ecclesia
1274 3812 1534 3869 ﬁdelium
1562 3812 1618 3866 in
1652 3826 1831 3882 regno

120 3916 306 3964 nostro
368 3907 709 3978 degentium
763 3921 931 3959 nosse
993 3904 1258 3959 volumus
1325 3900 1637 3956 sollertiam
1688 3915 1830 3970 quo-

121 3998 280 4051 modo
332 3996 424 4050 vir
476 3994 838 4059 venerabilis,
880 3998 937 4047 et
984 3991 1152 4046 nobis
1203 3991 1265 4044 in
1324 3989 1594 4044 omnibus
1623 3987 1829 4053 ﬁdelis,

125 4085 509 4147 Burchardus,
557 4081 1001 4137 Wormatiensis
1045 4079 1297 4134 ecclesia
1345 4078 1668 4148 episcopus,
1731 4076 1834 4128 do-

122 4175 496 4227 minationem
540 4176 799 4225 nostram
847 4169 991 4225 adiit
1042 4185 1165 4223 sese
1199 4166 1586 4231 reclamando,
1621 4164 1694 4218 ob
1723 4164 1834 4217 fre-

122 4268 384 4332 quentem
444 4258 873 4314 contentionem
922 4257 1178 4312 habitam
1234 4258 1385 4309 inter
1438 4269 1600 4307 suam
1652 4253 1835 4307 Eccle-

120 4352 254 4405 siam
291 4395 305 4419 ,
369 4355 431 4404 et
487 4346 990 4403 Laureshamensis
1047 4344 1342 4410 ecclesia,
1403 4342 1689 4407 abbatem,
1764 4340 1834 4393 de

122 4439 466 4511 quibusdam
514 4435 859 4491 utilitatibus
904 4451 1032 4505 qua
1065 4438 1199 4488 sunt
1245 4434 1304 4486 in
1340 4447 1490 4502 pago
1533 4428 1831 4484 Lobedun-

123 4543 293 4596 gowe,
327 4544 397 4581 eo
432 4526 593 4597 quod
617 4524 891 4595 prafatus
912 4524 1087 4577 abbas
1110 4520 1542 4576 Wormatiensis
1576 4518 1835 4572 Ecclesia

126 4634 287 4671 omne
326 4615 661 4670 silvaticum
692 4613 750 4666 iu
791 4613 931 4666 silva
952 4611 1247 4665 Odenwalt
1277 4608 1621 4680 potestativa
1661 4621 1836 4661 manu

130 4706 253 4759 velit
325 4704 625 4768 abdicare,
699 4716 933 4772 suaque
996 4716 1101 4771 per
1167 4700 1459 4770 integrum
1512 4696 1834 4750 vendicare.

130 4793 203 4848 0b
251 4796 401 4849 hanc
464 4791 646 4861 igitur
714 4789 1145 4843 altercationem
1202 4793 1414 4842 nostra
1490 4783 1840 4840 excellentia

129 4883 374 4952 porrexit
455 4882 817 4952 praceptum
902 4876 1209 4947 Dagoberti
1270 4872 1638 4928 famosissimi
1687 4872 1840 4941 regis

134 4972 480 5027 Francorum
538 4968 934 5037 relegandum,
992 4967 1051 5020 in
1096 4982 1211 5037 quo
1267 4964 1543 5035 scriptum
1595 4961 1845 5016 habetur

131 5062 369 5131 qualiter
397 5062 526 5131 ipse
563 5055 919 5127 Dagobertus
942 5071 1035 5108 rex
1070 5054 1138 5107 ad
1166 5053 1460 5107 basilicam
1486 5050 1667 5105 sancti
1692 5048 1847 5103 Petri

130 5148 363 5220 apostoﬁ
418 5145 757 5199 Wormatia
812 5147 1194 5197 constructam
1249 5140 1487 5194 tradidit
1543 5138 1846 5192 castellum

134 5238 460 5307 Ladinburg
491 5235 553 5287 in
606 5248 755 5303 pago
802 5231 1241 5300 Lobedungowe
1274 5229 1447 5282 situm
1494 5243 1624 5281 cum
1667 5225 1851 5279 omni-

136 5326 231 5380 bus
260 5322 616 5382 utensilibus
654 5320 792 5373 illuc
842 5318 1264 5390 pertinentibus
1305 5321 1362 5371 et
1394 5315 1553 5370 omni
1594 5314 1848 5369 silvatica

137 5416 191 5468 iu
226 5416 364 5469 silva
395 5410 701 5469 Odenwalt
732 5424 747 5475 ;
799 5408 869 5461 ad
898 5408 1005 5462 hoc
1038 5408 1213 5461 etiam
1260 5404 1473 5460 nostris
1504 5403 1717 5457 visibus
1749 5402 1848 5456 ob-

140 5504 257 5557 tulit
298 5504 601 5575 pracepta
657 5512 1051 5551 successorum
1103 5495 1281 5563 illius,
1320 5492 1585 5547 videlicet
1638 5489 1852 5560 Pipini,

145 5589 342 5659 Karoli,
379 5585 717 5653 Ludowici;
752 5583 978 5639 Ottonis
1024 5583 1219 5655 primi,
1264 5580 1714 5636 clarissimorum
1745 5577 1851 5632 sci-

499 5703 777 5767 PATROL.
833 5699 1004 5763 CXL.

1903 550 2175 620 scriptum
2208 550 2501 604 invenitur
2531 552 2820 622 quomodo
2852 551 2963 621 ipsi
2996 553 3360 608 traditionem
3393 561 3449 610 et
3478 572 3611 610 con-

1904 637 2287 692 ﬁrmationem
2335 640 2653 709 praescripti
2703 640 2854 709 regis
2894 639 3012 694 suis
3060 643 3541 711 praceptionibus
3577 660 3610 697 a

1904 742 2051 779 novo
2090 727 2505 781 conﬁrmarunt
2537 744 2551 793 ;
2606 727 2705 781 sed
2743 743 2848 798 pro
2901 728 2987 781 rei
3027 730 3299 783 ﬁrmitate
3349 737 3611 800 precatus

1907 822 1991 868 est
2030 820 2285 870 nostram
2332 815 2697 869 clementiam
2746 822 2808 869 ut
2866 816 3155 888 frequenti
3206 816 3389 889 litigio
3437 819 3612 873 ﬁnem

1908 908 2307 969 statueremus.
2374 905 2548 974 Cujus
2597 904 2997 975 petitionibus,
3047 906 3120 959 ob
3182 907 3281 959 Dei
3332 924 3611 975 amorem,

1909 993 2147 1063 ejusque
2188 992 2354 1046 fidele
2388 992 2684 1047 servitium
2726 994 2972 1047 libenter
3008 999 3350 1062 annuentes,
3393 996 3616 1065 Boppo-

1912 1097 2043 1133 nem
2074 1080 2385 1151 supradicti
2418 1081 2550 1151 pagi
2581 1082 2848 1135 comitem
2879 1097 2913 1134 a
2940 1081 3190 1135 culmine
3224 1083 3403 1135 nostri
3434 1082 3615 1153 impe-

1910 1169 1983 1223 rii
2027 1169 2099 1223 ad
2149 1169 2556 1223 destruendam
2596 1168 2761 1222 litem
2807 1173 3088 1222 vetustam
3130 1169 3417 1235 misimus,
3453 1176 3510 1222 et
3556 1174 3619 1222 ut

1911 1256 2192 1328 Sigebodo
2223 1257 2685 1311 Wormaticensis
2716 1257 2904 1325 miles,
2948 1261 3003 1309 et
3038 1258 3342 1310 Wernerus
3376 1258 3619 1311 Laures-

1914 1346 2204 1401 hamensis
2264 1345 2449 1413 miles,
2531 1332 2812 1399 nec‘non
2884 1345 3135 1399 scabinei
3213 1343 3620 1415 pranominati

1915 1435 2162 1502 comitis,
2194 1451 2322 1488 cum
2344 1435 2673 1505 juramento
2695 1450 2941 1488 marcam
2978 1434 3620 1503 Lobedunburgensem,

1916 1543 2019 1596 pro
2078 1542 2191 1596 qua
2244 1524 2684 1588 contenderunt,
2743 1540 2775 1577 a
2832 1539 3023 1577 marca
3080 1540 3207 1593 qua
3274 1523 3505 1593 respicit
3550 1523 3621 1577 ad

1917 1613 2253 1685 Epfenheim
2302 1612 2744 1682 distinguerent,
2795 1612 3192 1681 praecepimus.
3227 1611 3325 1664 Isti
3359 1616 3493 1664 sunt
3523 1609 3623 1680 qui

1918 1719 2021 1771 pro
2100 1702 2300 1755 eadem
2359 1718 2551 1755 marca
2618 1702 2997 1770 juraverunt:
3079 1700 3306 1764 Sibodo,
3381 1700 3619 1767 Siguin,

1918 1793 2139 1858 Wazzo,
2189 1791 2478 1849 Auduom.
2538 1789 2925 1859 Reolfreging,
2988 1789 3124 1842 item
3185 1788 3402 1857 Signin.
3459 1790 3622 1842 Ilart-

1917 1894 2117 1945 manu,
2156 1878 2367 1943 lletzel,
2419 1876 2644 1930 Eskrih.
2698 1878 2762 1929 Et
2808 1876 2927 1929 istis
2973 1875 3236 1929 terminis
3267 1875 3625 1945 supradictas

1920 1984 2138 2021 marces
2188 1967 2589 2020 distinxerunt.
2641 1965 2989 2034 Hegisurum
3041 1982 3221 2034 usque
3265 1965 3323 2017 in
3369 1964 3626 2018 Flichen-

1918 2056 2082 2123 bach,
2117 2059 2174 2109 et
2218 2055 2295 2108 sic
2325 2070 2505 2125 usque
2552 2053 2611 2107 in
2656 2069 2973 2123 possessam
3028 2052 3409 2106 Homathoni:
3464 2057 3520 2105 et
3549 2052 3628 2105 sic

1921 2159 2150 2197 sursum
2198 2158 2514 2213 possessam
2562 2157 2742 2210 usque
2774 2141 2841 2194 ad
2894 2140 3191 2193 Enthelem
3242 2139 3627 2205 Wichelstein,

1920 2231 2054 2285 inde
2087 2231 2159 2284 ad
2206 2230 2542 2283 orientalem
2573 2230 2816 2293 bornen,
2858 2228 2991 2282 inde
3037 2229 3107 2281 ad
3149 2244 3483 2298 spumosum
3517 2233 3628 2280 sta-

1921 2336 2123 2389 gnum,
2150 2324 2207 2372 et
2230 2319 2309 2371 sic
2346 2318 2403 2372 in
2440 2319 2739 2372 Ulmenam
2767 2338 2782 2383 ;
2814 2322 2869 2370 et
2890 2316 3024 2369 inde
3056 2332 3239 2386 usque
3262 2316 3333 2369 ad
3364 2314 3632 2369 intonein

1926 2409 2138 2478 Egkam
2168 2428 2182 2473 ;
2212 2408 2398 2461 indea
2427 2406 2622 2460 dun‘en
2650 2405 2998 2465 Wichental,
3032 2405 3163 2457 inde
3197 2404 3254 2457 in
3293 2403 3633 2457 orientalem

1924 2499 2241 2558 Ulmenam,
2289 2501 2345 2549 et
2394 2495 2469 2549 sic
2505 2511 2682 2565 usque
2715 2494 2787 2547 ad
2836 2493 3362 2548 Bicheresvindam.
3407 2492 3543 2547 lude
3575 2494 3635 2547 in

1923 2589 2205 2641 Nevarum
2237 2590 2291 2638 et
2323 2584 2403 2637 sic
2450 2585 2731 2638 Nevarum
2781 2582 3050 2636 deorsum
3104 2597 3284 2651 usque
3316 2581 3372 2634 in
3410 2581 3633 2635 Niwen-

1924 2674 2101 2737 heim,
2135 2674 2273 2726 etin
2308 2688 2375 2726 ea
2415 2671 2560 2724 nihil
2594 2670 2837 2741 speciale
2879 2670 3169 2735 dixerunt,
3204 2673 3436 2738 excepto
3471 2669 3635 2723 Cole-

1926 2762 2181 2833 genberg
2232 2765 2288 2813 et
2340 2760 2627 2813 Forestem
2678 2774 2806 2829 qua
2873 2756 3312 2824 Eugizunforste
3371 2754 3633 2809 nomina-

1928 2856 2042 2904 tur.
2085 2850 2445 2918 Quapropter
2495 2846 2599 2900 hoc
2648 2850 2859 2899 nostra
2903 2844 3255 2898 auctoritatis
3286 2848 3636 2913 praeceptum

1927 2938 2113 2991 eidem
2148 2935 2405 2990 Ecclesia
2442 2934 2569 2988 ﬁeri
2615 2933 2991 2998 decrevimus,
3032 2947 3136 3003 per
3176 2933 3325 3001 quod
3363 2931 3637 2999 jubemus

1859 3013 1900 3068 (ἶ
1932 3031 1997 3079 ut
2054 3024 2290 3095 prafato
2352 3022 2619 3093 episcopo
2670 3021 3023 3085 Burchardo,
3071 3024 3171 3073 aut
3220 3018 3637 3072 successoribus

1930 3114 2069 3181 suis,
2108 3113 2334 3166 nullum
2382 3109 2866 3179 impedimentum
2923 3106 3211 3179 pradictis
3260 3105 3522 3160 Ecclesia
3552 3105 3638 3159 fa-

1930 3201 2238 3257 cultatibus
2288 3200 2360 3254 ab
2401 3199 2590 3268 aliqua
2632 3212 2880 3267 persona
2936 3200 3237 3262 occurrat;
3293 3195 3483 3249 ethoc
3539 3194 3639 3247 ad-

1928 3290 2158 3362 jicimus
2191 3304 2204 3342 :
2236 3287 2283 3341 si
2313 3287 2411 3358 qui
2445 3285 2831 3356 superbiendo
2884 3284 3035 3338 istud
3091 3288 3324 3354 pactum
3377 3283 3463 3337 vel
3496 3299 3642 3352 pra-

1932 3383 2160 3450 ceptum
2204 3374 2521 3441 violaverit,
2562 3378 2678 3427 tres
2727 3374 2901 3427 libras
2945 3372 3070 3426 auri
3117 3372 3186 3426 ad
3219 3386 3506 3425 cameram
3535 3386 3639 3424 no-

1934 3474 2109 3523 stram
2140 3467 2228 3521 vel
2280 3465 2617 3520 successoris
2655 3464 2837 3518 nostri
2876 3463 3113 3530 tribuat,
3147 3468 3205 3517 et
3231 3462 3385 3533 quod
3418 3462 3643 3532 incepe-

1936 3558 2012 3611 rit
2058 3556 2288 3609 irritum
2335 3554 2634 3608 habeatur.
2686 3553 2766 3615 Et,
2819 3556 2883 3605 ut
2928 3552 3047 3605 hac
3086 3552 3396 3604 auctoritas
3430 3556 3639 3605 nostra

1937 3644 2392 3701 conﬁrmationis
2451 3642 2619 3696 ﬁrma
2669 3641 3004 3711 stabilisque
3049 3644 3408 3710 permaneat,
3442 3639 3641 3693 annuli

1941 3733 2122 3789 nostri
2152 3731 2531 3802 impressione
2572 3745 2699 3784 eam
2727 3728 2996 3799 insigniri
3019 3727 3315 3799 jussimus,
3349 3742 3642 3797 manuque

1940 3822 2175 3895 propria
2200 3820 2401 3874 subtus
2434 3818 2857 3873 annotavimus.

2013 3908 2337 3964 Guntherus
2423 3905 2818 3973 cancellarius,
2903 3906 2972 3960 ad
3045 3905 3227 3959 vicem
3295 3903 3644 3958 Erkanbaldi

1944 3995 2388 4067 archicapellani
2432 3994 2756 4065 recognovi.
3014 4062 3021 4069 ο

2019 4087 2157 4140 Data
2187 4101 2257 4138 xv
2304 4083 2542 4137 Kalend.
2594 4081 2910 4153 Septemb.,
2950 4097 3102 4135 anno
3151 4080 3428 4134 incarnat.
3483 4080 3645 4134 Dom.

1947 4173 2253 4229 millesimo
2297 4171 2662 4236 duodecimo,
2696 4170 3012 4224 indictione
3044 4167 3287 4233 decima,
3332 4185 3483 4222 anno
3514 4183 3649 4221 vero

1874 4291 1918 4346 Ι)
1948 4262 2168 4318 domini
2199 4260 2429 4316 Henrici
2462 4259 2699 4313 secundi
2731 4259 2979 4314 decimo.

1980 4356 2183 4406 Actum
2217 4348 2480 4403 Nerstein
2510 4347 2774 4402 feliciter.
2802 4349 3005 4401 Amen.
3102 4392 3115 4397 -

2731 4470 2881 4524 LXV.

1948 4580 2190 4635 Abbatia
2222 4577 2572 4642 Florinensis,
2638 4590 2758 4644 qua:
2809 4580 2886 4628 est
2918 4572 3386 4628 Benedictinorum
3416 4573 3477 4624 in
3516 4570 3655 4644 dia-

2019 4651 2128 4705 cesi
2156 4647 2459 4711 Leodiensi,
2493 4664 2527 4700 a
2568 4641 2809 4702 Gerardo
2852 4646 2891 4697 Ι
2936 4646 3312 4700 Cameracensi
3335 4648 3385 4697 et
3416 4641 3657 4697 Atreba-

2024 4723 2163 4774 tensi
2245 4721 2490 4787 episcopo
2574 4717 2836 4784 fundata,

2024 4793 2082 4847 S.
2109 4792 2353 4845 Henrici.

2936 4716 3288 4783 conﬁrmatur
3365 4713 3659 4782 diplomate

2615 4875 2805 4946 (Anno
2840 4872 3019 4943 1012.)

2320 4964 2585 5035 [Mirans
2621 4964 2759 5033 Opp.
2792 4962 3045 5031 diptom.,
3076 4960 3119 5025 ῐ,
3153 4957 3305 5031 675.]

2027 5056 2276 5119 (Initium
2328 5052 2517 5121 deest.)
2557 5051 2919 5121 Quapropter
2949 5047 3364 5102 innotescimus
3396 5044 3663 5100 omnibus

1960 5141 2458 5206 Christiﬁdelibus,
2508 5146 2563 5192 et
2604 5139 2833 5205 nostris,
2879 5143 2995 5191 tam
3047 5134 3254 5189 futuris
3294 5149 3469 5205 quam
3516 5147 3663 5201 pra-

1961 5228 2238 5294 sentibus,
2288 5226 2425 5298 quia
2468 5225 2747 5280 Gerardus
2797 5224 2885 5277 vir
2942 5221 3288 5277 venerabilis
3335 5221 3394 5274 in
3441 5214 3661 5288 primis,

1962 5320 2157 5372 noster
2186 5315 2536 5385 capellanus,
2580 5318 2782 5383 postea
2820 5327 2976 5376 vero,
3011 5308 3112 5363 Dei
3139 5307 3324 5377 gratia
3351 5309 3667 5371 annuente,

1963 5409 2021 5460 et
2059 5420 2150 5457 me
2199 5403 2386 5463 dante,
2452 5399 2875 5456 Cameracensis
2930 5398 3233 5467 episcopus
3293 5392 3544 5457 eﬁ‘ectus,
3614 5396 3673 5445 et

1965 5492 2166 5546 fratres
2199 5489 2287 5543 sui
2319 5488 2682 5554 Godefridus,
2720 5491 2776 5539 et
2804 5483 3095 5547 Arnult‘us,
3138 5479 3426 5533 abbatiam
3467 5493 3670 5549 quam-

1969 5580 2101 5634 dam
2132 5578 2194 5632 in
2224 5592 2374 5649 pago
2417 5574 2749 5631 Lomacensi
2781 5573 2947 5626 sitam
2988 5584 3091 5639 pro
3132 5567 3315 5621 salute
3347 5566 3671 5621 animarum

3282 5685 3365 5741 10
