3980 6404
309 275 416 328 299

1623 274 1679 329 S.
1724 271 2008 330 HENMCI
2049 271 2529 330 IilPERATORlS

3732 278 3834 329 3.00

313 415 569 466 suarum,
617 403 672 454 et
724 413 960 455 suorum
1009 403 1315 471 parentum
1373 398 1626 453 Florines
1677 400 1821 468 (t66)
1873 413 2009 452 con-
2048 401 2090 452 Α
2125 397 2863 469 gun(lrnsing)dictum,in
2887 393 3378 468 pagoKelesgowe
3402 397 3536 451 etin
3559 396 3831 451 comitatu

313 493 663 544 struxerunt.

385 579 639 642 Quorum
673 578 1000 633 interventu
1042 577 1224 648 ipsam
1255 575 1543 630 abbatiam
1579 592 1706 629 cum
1749 574 2016 629 omnibus

315 667 479 722 bouis
525 667 595 720 ad
629 667 889 721 eamdem
932 665 1372 737 pertinentibus,
1422 663 1628 717 futuris
1658 669 1714 716 et
1759 679 2014 734 praesen-

316 756 487 821 tibus,
536 754 595 808 in
625 761 818 808 nostro
869 753 1284 808 mundiburnio
1334 758 1391 807 et
1446 752 1686 806 tuitionc
1736 758 2016 824 perpetuo

315 843 762 896 conservandam
787 844 1158 913 suscepimus.

385 931 690 986 Communi
732 931 909 1001 igitur
951 931 1189 984 fratrum
1240 945 1495 992 assensu,
1545 929 1718 999 hujus
1757 933 2016 983 constru-

311 1028 416 1076 etas
449 1023 520 1074 ab
551 1021 630 1074 eis
663 1020 925 1084 abbatiir,
951 1019 1258 1073 Godelrido
1282 1018 1451 1072 cessit
1474 1017 1790 1072 advocatio.

385 1111 452 1164 Et
497 1124 568 1162 ne
609 1109 802 1179 aliqua
841 1108 991 1162 inter
1042 1107 1222 1177 ipsam
1274 1113 1329 1160 et
1369 1106 1656 1159 abbatiam
1708 1104 2015 1159 suscitare-

317 1203 411 1253 tur
459 1198 774 1264 altercatio,
843 1197 995 1250 idem
1046 1196 1380 1249 Godefridus
1444 1196 1539 1265 jus
1609 1193 2016 1260 advocationis,

317 1288 468 1358 quod
514 1286 771 1352 retinuit,
818 1285 877 1339 in
919 1290 1109 1338 nostra
1141 1284 1449 1354 praesentia
1480 1283 1558 1337 sic
1605 1283 1887 1354 exposuit.
1940 1283 2016 1335 De

315 1375 556 1445 singulis
587 1375 840 1428 foris.....

385 1464 440 1518 Si
500 1463 629 1535 quis
696 1469 886 1516 autem
961 1467 1320 1532 posterorum
1389 1460 1563 1531 hujus
1636 1458 2018 1513 advocationis

314 1551 462 1604 ultra
509 1553 630 1605 [nec
676 1552 945 1604 adversus
1008 1551 1301 1603 ecclesiam
1344 1548 1659 1618 quidquam
1712 1548 2015 1601 molestum

314 1648 650 1708 arroganter
679 1638 955 1703 intulerit,
1005 1639 1256 1691 Baldrico
1291 1637 1719 1690 Leodicensium
1751 1635 2017 1706 episcopo

314 1744 465 1780 nunc
507 1728 672 1780 nobis
703 1727 1008 1792 assistenti,
1049 1734 1105 1779 et
1134 1727 1554 1779 successoribus
1602 1729 1746 1794 ejus,
1800 1730 1863 1778 ut
1912 1741 2014 1778 no-

313 1823 425 1868 stra
451 1818 635 1886 vigeat
679 1817 992 1877 Concessio,
1035 1816 1158 1868 loco
1204 1814 1382 1867 nostri
1423 1820 1484 1866 ut
1533 1813 1752 1883 iudices
1795 1818 1852 1866 et
1900 1813 2018 1866 vin-

313 1903 464 1957 dices
545 1905 756 1957 arctius
834 1911 1175 1973 appareant,
1261 1903 1596 1955 auctoritate
1674 1901 2014 1971 potiore.....

309 1992 581 2046 Jubemus
621 2009 758 2062 ergo
793 1993 1020 2061 publice
1071 1997 1126 2044 et
1155 1990 1213 2043 in
1261 1991 1428 2060 pleno
1473 1989 1784 2059 colloquio,
1816 1994 2016 2059 quate-

314 2097 420 2133 nus
468 2081 789 2150 impensius
848 2081 1007 2131 labor
1055 2094 1167 2131 non
1212 2077 1444 2147 periret,
1495 2077 1592 2130 sed
1636 2093 1902 2131 securum
1963 2081 2020 2130 et

312 2168 610 2222 defensum
679 2173 939 2220 maneret
999 2167 1410 2219 monasterium
1469 2165 1527 2219 in
1591 2166 1810 2218 honore
1870 2165 2020 2218 beati

308 2257 545 2310 Joannis
593 2257 856 2324 Baptistae
911 2260 1340 2318 constructum;
1391 2257 1448 2306 et
1494 2253 1638 2306 inibi
1696 2252 2018 2306 habitantes

309 2361 414 2414 pro
459 2343 850 2398 incolumitate
887 2349 1101 2406 nostra,
1154 2350 1208 2396 et
1253 2341 1517 2411 conjugis
1552 2347 1782 2405 nostrae,
1826 2348 1882 2394 et
1913 2357 2016 2411 pro

311 2439 456 2485 statu
491 2431 718 2500 imperii
745 2431 922 2483 nostri
951 2431 1046 2482 Dei
1075 2429 1672 2499 rlementiamjugiter
1691 2434 2012 2497 exorarent,

313 2522 420 2574 hoc
462 2529 666 2574 nostra“.
700 2519 1056 2572 auctoritatis
1091 2525 1441 2588 praeceptum
1479 2519 1604 2571 fieri
1638 2517 2012 2573 decrevimus.

384 2610 514 2662 Haec
543 2614 676 2661 sunt
707 2613 896 2660 autem
937 2607 1321 2676 ingenuorum
1357 2606 1586 2659 testium
1622 2606 1888 2660 nomina:

384 2697 743 2750 Burchardus
775 2696 1108 2748 Wormaeiie
1140 2695 1460 2764 episcopus.

382 2786 711 2840 Heribertus
740 2784 1096 2840 Coloniensis
1123 2785 1603 2854 archiepiscopus.

383 2873 731 2927 Deodoricus
791 2873 1052 2927 Metensis
1097 2872 1426 2942 episcopus,
1475 2871 1650 2924 frater
1709 2870 2014 2939 Cunegun-

312 2961 398 3015 dis
428 2961 827 3031 imperatricis.

377 3051 722 3103 Adelboldus
758 3047 1178 3118 Ultrajectensis
1208 3047 1529 3118 episcopus.

378 3137 715 3190 Godel‘ridus
746 3137 877 3203 dux,
913 3143 1018 3190 etc.

382 3226 574 3278 Frater
603 3228 724 3295 ejus
755 3225 974 3278 EtllelO.

380 3314 511 3367 Otto
537 3313 646 3366 dux
681 3311 1083 3381 Lotharingize.

377 3401 585 3455 Albero
615 3403 725 3454 dux
758 3401 1218 3454 Mosellanorum.

384 3491 521 3544 Data
545 3489 764 3543 decima
809 3489 1049 3559 septima
1084 3488 1234 3555 Maii,
1268 3503 1418 3541 anno
1474 3485 1780 3540 Dominicae
1824 3486 2012 3540 incar-

309 3579 556 3633 nationis
618 3577 924 3632 millcsinio
977 3577 1340 3641 duodecimo,
1399 3575 1706 3629 indictione
1770 3575 2009 3641 decima,

308 3675 680 3722 concurrente
732 3667 1004 3732 secundo,
1047 3671 1247 3735 epacta
1288 3665 1554 3718 vicesima
1585 3672 1810 3735 quarta,
1861 3682 2012 3720 anno

310 3747 499 3794 autem
538 3739 788 3795 lleinrici
821 3737 1193 3807 imperatoris
1225 3737 1548 3791 undecimo.

376 3832 578 3882 Actum
612 3826 836 3882 Leodici
864 3827 1118 3880 feliciter.
1153 3829 1354 3880 Amen.

1073 3931 1248 3986 LXVI.

307 4045 608 4109 Imperator
689 4041 952 4095 Henricus
1041 4036 1207 4092 donat
1278 4037 1526 4092 Ecclesiae
1629 4037 2013 4103 Bambergensi

376 4115 545 4166 locum
602 4112 823 4174 Irnsi‘ng
874 4109 930 4162 in
993 4125 1135 4176 pago
1192 4110 1494 4176 Kelesgowe
1545 4113 1593 4161 el
1634 4111 1694 4162 in
1747 4112 2008 4163 comitatu

374 4184 582 4238 Ottonis
615 4183 680 4234 de
719 4181 1047 4247 Viuelspach
1073 4182 1258 4232 silum.

836 4270 1017 4334 (Anno
1054 4270 1207 4333 l012,
1244 4271 1262 4322 l
1307 4267 1474 4337 Nov.)

588 4357 775 4429 [Ried,
807 4357 933 4414 Cod.
977 4360 1140 4426 episc.
1183 4357 1433 4423 Ratisb.,
1477 4357 1519 4420 l,
1568 4355 1714 4427 t30.]

375 4467 432 4522 Ο.
503 4467 566 4520 ln
630 4464 866 4519 nomine
921 4469 1132 4518 sancta
1198 4468 1254 4518 et
1319 4462 1629 4518 individua
1687 4462 1999 4528 Trinitatis,

303 4556 621 4619 ﬂammeus,
674 4553 865 4608 divina
916 4553 1140 4608 favente
1210 4551 1536 4618 clementia,
1604 4550 2000 4604 Romanorum

301 4646 614 4715 imperator
637 4647 944 4713 Augustus.

371 4731 638 4787 Omnium
672 4731 776 4801 Xpi
821 4730 1115 4801 nostrique
1164 4729 1423 4784 fidelium
1465 4727 1685 4783 noverit
1715 4726 1999 4781 industria

300 4820 548 4895 qualiter
569 4835 692 4884 nos,
720 4820 792 4872 ob
818 4819 1139 4873 remedium
1170 4819 1377 4872 animm
1401 4823 1455 4872 et
1477 4833 1581 4888 per
1608 4817 1995 4870 interventum

299 4914 507 4966 nostra:
536 4907 918 4961 dilectissimus
952 4907 1209 4977 conjugis
1238 4906 1639 4976 Chunigundaa
1671 4904 1992 4975 imperatri-

297 4999 377 5052 cis
412 5001 705 5065 Augustin,
731 4997 1017 5066 quendam
1047 4995 1224 5049 nostri
1257 4995 1405 5064 juris
1445 4998 1630 5049 locum
1661 4993 1991 5065 Eringesin-

366 5121 517 5188 (166)
542 5117 785 5183 Florina,
817 5119 987 5186 vulgo
1017 5119 1290 5182 Florenne,
1323 5116 1682 5187 episcopatus
1711 5115 1988 5172 Leodien-

291 5193 368 5246 sis
399 5189 748 5261 oppidulum
772 5189 923 5242 inter
951 5189 1142 5261 Sabim
1187 5194 1243 5242 et
1274 5190 1482 5261 Mosam
1507 5188 1723 5261 situm,
1755 5189 1985 5261 sexqui-

291 5257 499 5317 milia'ri
534 5279 562 5313 a
608 5260 995 5330 Philippopoli
1043 5259 1351 5330 liannonﬁize
1385 5257 1620 5330 oppido,
1649 5265 1706 5311 et
1731 5257 1985 5328 quinque

289 5351 322 5388 a
359 5329 1208 5386 Mariae-Montio,milliaribus:
1257 5329 1405 5384 Olim
1437 5329 1571 5383 satis
1593 5329 1836 5396 lautum,
1883 5331 1982 5383 sed

289 5406 497 5474 saepius
529 5419 559 5455 a
591 5403 768 5474 Gallis
791 5417 1072 5474 eversum.

355 5469 452 5528 Est
502 5474 619 5527 illic
682 5473 909 5527 abbatia
970 5469 1485 5535 Benedictinorum,
1543 5470 1612 5525 de
1671 5486 1785 5542 qua
1851 5470 1977 5525 vide

283 5544 448 5615 plura
497 5544 645 5598 inter
694 5543 956 5614 Origines
1002 5542 1435 5609 Benedictinas;
1470 5542 1605 5596 item
1651 5542 1966 5613 capitulum

2126 488 2349 542 Ottonis
2387 488 2609 542 comitis
2637 493 2830 552 situm,
2856 493 3060 539 sanctas
3094 485 3553 556 Babenbergcnsi
3582 485 3834 540 ecclesia!

2126 577 2184 630 in
2236 577 2513 630 honorem
2567 576 2716 630 beati
2776 574 2926 629 Petri
2986 575 3264 646 principis
3323 577 3721 646 apostolorum
3780 583 3838 630 et

2127 666 2304 720 sancti
2363 665 2590 735 Georgii
2651 664 2914 734 martyris
2979 670 3318 717 constructas
3377 669 3433 717 et
3461 670 3827 731 consecratae,

2127 771 2256 808 cum
2307 754 2574 807 omnibus
2623 752 3001 824 appendiciis,
3060 753 3271 804 scilicet
3327 752 3494 805 terris
3551 753 3719 806 cultis
3777 759 3836 806 et

2127 842 2378 908 incultis,
2425 842 2591 907 villis,
2638 842 2839 901 vineis,
2891 840 3066 911 agris,
3113 841 3308 910 pratis,
3377 841 3626 911 pascuis,
3671 841 3836 912 aquis

2129 947 2524 1002 aquarumque
2562 930 2914 995 decursibus,
2947 929 3314 996 molendinis,
3345 929 3511 996 arcis,
3551 929 3829 997 aediliciis,

2129 1022 2431 1091 utriusque
2484 1035 2650 1072 sexus
2693 1019 3017 1087 mancipiis,
3064 1017 3313 1070 exitibus
3358 1024 3411 1071 et
3443 1019 3740 1085 reditibus,
3777 1023 3838 1072 et

2128 1126 2258 1164 cum
2316 1109 2583 1162 omnibus
2633 1107 2974 1161 utilitatibus
3007 1123 3134 1176 quas
3180 1107 3265 1160 vel
3299 1106 3468 1160 scribi
3516 1107 3600 1160 vel
3647 1108 3835 1161 nomi-

2127 1198 2254 1252 nari
2304 1202 2561 1269 possunt,
2619 1212 2846 1248 summo
2895 1200 2952 1248 et
3010 1194 3230 1248 liberali
3285 1195 3598 1249 devotionis
3644 1196 3835 1250 studio

2129 1286 2189 1340 in
2233 1287 2533 1357 prOprium
2572 1285 2933 1337 concedimus
2987 1289 3044 1338 et.
3091 1285 3411 1349 donamus;
3464 1301 3528 1337 ea
3571 1283 3838 1338 videlicet

2128 1376 2465 1428 condicione
2523 1378 2806 1442 quatenus
2881 1372 3138 1442 ejusdem
3209 1373 3545 1442 supradiclze
3620 1380 3833 1426 sancte

2133 1462 2620 1534 Babenbergensis
2652 1461 2904 1514 ecclesiae.
2950 1459 3292 1514 venerabilis
3322 1462 3622 1531 episcopus
3658 1463 3832 1515 Eber-

2130 1553 2342 1607 hardus
2394 1552 2597 1621 suique
2640 1565 2990 1602 successores
3036 1549 3304 1618 deinceps
3338 1550 3572 1602 liberam
3626 1551 3833 1603 exinde

2128 1640 2376 1694 habeant
2409 1643 2747 1708 potestatem
2791 1637 3040 1704 tenendi,
3076 1637 3425 1706 possidendi,
3458 1642 3514 1690 et
3555 1637 3833 1708 quicquid

2129 1729 2197 1782 ad
2260 1744 2422 1780 usum
2492 1726 2778 1796 pizedictze
2875 1725 3123 1778 ecclesia!
3201 1727 3486 1794 pertineat
3560 1726 3832 1792 faciendi,

2127 1816 2390 1870 omnium
2444 1822 2662 1868 remoto
2712 1813 3177 1866 contradictionis
3209 1814 3525 1868 obstaculo.
3585 1814 3642 1868 Si
3677 1816 3828 1886 quis,

2129 1905 2279 1974 quod
2310 1903 2500 1957 absit!
2538 1903 2708 1973 hujus
2748 1909 2954 1956 nostrxz
3003 1902 3326 1955 donationis
3375 1903 3834 1957 muniﬁcentiam

2127 1995 2420 2047 destruere
2453 1997 2784 2062 praesumat,
2832 1991 3258 2059 inextinguibili
3289 1997 3575 2045 tormento
3627 1992 3685 2045 in
3739 1991 3834 2045 die

2121 2082 2326 2152 judicii
2355 2083 2510 2146 luat;
2546 2081 2596 2134 id
2627 2098 2697 2134 ne
2739 2081 2858 2144 tiat,
2887 2081 2981 2134 sed
3012 2086 3073 2133 ut
3106 2081 3274 2150 bujus
3318 2086 3528 2133 nostraa
3576 2080 3834 2134 donatio-

2129 2172 2216 2224 nis
2248 2171 2555 2223 auctoritas
2604 2168 2824 2223 stabilis
2865 2174 2922 2222 et
2954 2168 3288 2221 inconvulsa
3336 2173 3692 2238 permaneat,
3722 2169 3832 2222 lioc

2128 2267 2480 2330 praeceptum
2534 2258 2664 2310 inde
2710 2258 3094 2326 conscriptum
3147 2257 3381 2326 propria
3421 2273 3596 2310 manu
3639 2273 3832 2310 corro-

2127 2348 2398 2402 borantes
2445 2346 2616 2415 sigilli
2697 2345 2879 2399 nostri
2952 2345 3330 2418 impressione
3393 2343 3673 2415 jnssimus
3744 2345 3831 2398 in-

2128 2435 2353 2506 signiri.

2196 2525 2429 2592 Signum
2489 2523 2674 2576 damni
2745 2523 2986 2576 Heinrici
3055 2523 3406 2575 invictissimi
3460 2523 3823 2577 Romanorum

2126 2615 2472 2682 imperatoris
2505 2615 2761 2678 Augusti.
2789 2613 3257 2681 (Monogramma.)

2197 2702 2545 2756 Guntlicrius
2603 2701 2972 2754 cancellarius
3030 2700 3147 2754 vice
3209 2698 3584 2754 Ercbanbaldi
3643 2699 3831 2754 archi-

2126 2789 2406 2862 capellani
2435 2789 2761 2860 recognovi.

2201 2883 2340 2934 Data
2389 2880 2510 2934 Kal.
2556 2878 2912 2944 Novembris,
2947 2877 3140 2931 indict.
3189 2893 3269 2942 ιιι,
3319 2893 3470 2931 anno
3519 2877 3830 2931 Dominicm

2047 2961 2086 3012 (Σ
2126 2969 2534 3023 incarnationis
2582 2969 2735 3034 l0l2,
2801 2983 2952 3021 anno
3009 2983 3141 3020 vero
3187 2965 3382 3020 domui
3443 2966 3692 3020 ilcinrici
3742 2983 3830 3020 se-

2127 3057 2298 3112 cundi
2330 3057 2624 3128 regnantis
2654 3073 2749 3122 xu,
2785 3055 3014 3126 imperii
3044 3059 3234 3108 autem
3269 3069 3306 3106 ι.

2198 3152 2402 3201 Actum
2431 3147 2750 3202 Merseburc
2770 3145 3029 3198 feliciter.
3062 3147 3263 3197 Anien.

2649 3235 2790 3285 Cum
2817 3233 3000 3300 sigillo
3024 3231 3298 3300 majestat.

2870 3320 3072 3374 LXVII.

2135 3410 2193 3465 S.
2258 3411 2480 3465 Henriei
2534 3411 2889 3480 privilegium
2939 3424 3037 3476 pro
3081 3410 3406 3462 monasterio
3455 3408 3510 3462 S.
3545 3409 3830 3464 Benedicti

2763 3481 2959 3534 Montis
2979 3482 3196 3532 Casini.

2782 3568 2964 3637 (Anno
3000 3568 3178 3633 tOl3.)

2337 3657 2756 3730 [Tosti,.Sloria
2782 3658 2924 3711 delia
2956 3657 3120 3710 badia
3145 3657 3352 3718 Casini,
3387 3657 3427 3723 l,
3458 3656 3620 3725 249.]

2196 3748 2257 3800 ln
2320 3749 2553 3801 nomine
2593 3753 2802 3800 sanctas
2843 3753 2900 3799 et
2951 3745 3264 3800 indit-ideae
3311 3744 3603 3799 Trinitatis
3663 3747 3828 3799 HEIN-

2122 3852 2292 3902 mers,
2337 3836 2530 3891 divina
2578 3836 2798 3889 favente
2828 3834 3151 3899 clementia,
3204 3833 3590 3887 Romanorum
3638 3833 3824 3904 impe-

2119 3931 2274 3978 rator
2298 3927 2608 3994 Augustus.

2190 4012 2428 4082 Oportet
2506 4011 2792 4082 imperiali
2849 4009 3248 4080 magnitudine
3287 4009 3539 4080 praelatis
3570 4009 3686 4064 Deo
3744 4009 3822 4064 fa-

2120 4100 2466 4154 mulantium
2533 4116 2731 4170 preces
2795 4099 3096 4165 obaudire,
3171 4103 3229 4152 et
3299 4099 3449 4168 quod
3522 4098 3818 4168 petierint,

2120 4206 2316 4244 amore
2377 4195 2702 4243 sanctorum
2754 4204 3002 4258 quorum
3049 4187 3416 4241 veneratione
3468 4188 3588 4241 loca
3633 4189 3822 4242 dicata

2039 4258 2082 4312 D
2122 4283 2274 4346 sunt,
2314 4278 2413 4332 ubi
2450 4294 2652 4347 greges
2697 4277 2818 4343 Dei,
2869 4276 3059 4330 divina
3094 4275 3458 4343 militatione,
3516 4281 3572 4328 et
3613 4277 3820 4347 exequi

2113 4369 2440 4434 procurant,
2505 4364 2748 4417 libenter
2795 4362 3219 4432 obtemperare,
3273 4377 3518 4432 quiaque
3573 4377 3821 4417 munera

2113 4469 2250 4523 erga
2302 4453 2503 4507 eadem
2544 4454 2686 4519 loca,
2719 4451 3248 4522 adjpercipiendam
3283 4449 3538 4504 divinam
3571 4449 3819 4504 retribu-

2109 4541 2347 4607 tionem,
2389 4541 2666 4595 conferre.
2701 4541 2927 4604 Quanto
2984 4539 3293 4593 studiosius
3351 4539 3458 4592 hoc
3501 4537 3632 4608 quis
3677 4554 3815 4609 pro-

2109 4645 2308 4684 curare
2364 4629 2675 4695 contendit,
2741 4633 2924 4697 tanto,
2982 4630 3103 4698 ejus
3159 4626 3550 4681 misericordia
3612 4626 3815 4696 fultus,

2108 4723 2166 4773 et
2201 4719 2504 4790 praesentia
2557 4717 2780 4772 facilius
2810 4716 3119 4781 transilire,
3160 4721 3216 4770 et
3263 4722 3536 4770 aeternam
3565 4714 3814 4770 beatitu-

2109 4807 2302 4862 dinem
2351 4807 2572 4862 facilius
2619 4822 2911 4878 capessere
2967 4804 3407 4876 promerebitur.
3459 4803 3642 4875 igitur
3678 4821 3818 4859 cun-

2105 4899 2329 4949 ctorum
2358 4895 2618 4950 ﬁdelium
2657 4900 2864 4948 sanctae
2901 4893 3001 4947 Dei
3059 4893 3311 4947 Ecclesiaa
3344 4896 3812 4962 nostrorumque,

2104 4985 2474 5056 praesentium
2514 4983 2776 5038 videlicet
2819 4999 2884 5037 ac
2940 4983 3290 5049 futurorum,
3340 4986 3648 5052 cognoscat
3696 4984 3807 5037 sol-

2102 5111 2298 5166 decem
2329 5110 2758 5174 canonicorum,
2793 5109 3098 5164 fundatum
3153 5107 3213 5161 in
3254 5107 3533 5161 honorem
3565 5105 3623 5160 S.
3657 5105 3809 5162 Gen-

2100 5184 2298 5253 gulphi
2352 5181 2640 5251 martyris,
2689 5197 2722 5234 a
2761 5181 3011 5253 quodam
3047 5179 3265 5253 abbate
3323 5177 3666 5253 Florinensi,
3707 5179 3808 5248 qui

2098 5247 2960 5329 sibisuisque'successoribus
3018 5247 3610 5329 titulumhpraepositi
3668 5247 3806 5329 cum

2089 5328 2220 5395 jure
2251 5319 2584 5395 conferendi
2611 5321 2950 5395 prmbendas
2984 5319 3313 5395 reservavit,
3365 5319 3448 5372 ac'
3469 5319 3583 5395 jus
3612 5320 3807 5395 archi-

2093 5389 2394 5520 diaconalet
2417 5394 2479 5449 in
2516 5389 2794 5464 oppidum
2836 5393 3164 5448 Florinense
3192 5391 3432 5461 ejusque
3480 5389 3805 5446 districtum

2093 5483 2368 5539 acquisivi
2402 5507 2414 5518 .
2827 5505 2839 5516 .
