3980 6420
151 304 245 358 301

1421 303 1814 362 DII’LOMATA
1855 306 2410 366 ECCLESIASTICA.

3576 320 3677 374 302

146 429 316 484 lertia
343 429 482 501 quia
528 428 615 484 vir
651 428 1001 483 venerabilis
1057 429 1233 483 abbas
1290 430 1597 492 Atinulfus.
1661 430 1851 485 erudi-
1884 433 1928 485 A
1968 448 2317 488 concessum.
2358 436 2470 489 Nec
2502 451 2619 489 non
2648 436 2819 490 etiam
2877 453 2910 490 a
2943 436 3109 491 nobis
3139 438 3302 503 adiit,
3337 446 3510 512 atque
3542 458 3675 496 con-

146 525 238 573 tus
269 518 642 589 regularibus
675 517 1018 589 disciplinis,
1052 523 1108 571 et
1137 522 1325 571 rector
1363 518 1610 573 ccenobii
1668 517 1858 572 Sancti

151 607 464 675 Benedicti,
501 608 600 678 qui
652 612 739 661 est
772 608 946 661 situm
993 606 1053 660 in
1084 612 1272 660 castro
1331 607 1558 673 Casino,
1609 608 1708 661 ubi
1738 607 1861 677 ipse

149 696 235 749 sui
299 697 559 766 corporis
618 696 932 766 sepulturae
987 696 1177 749 locum
1238 696 1609 750 veneratione
1654 696 1862 751 dicavit

149 801 278 839 cum
302 790 508 839 cuncta
558 785 1010 855 congregatione
1042 800 1219 855 quam
1256 783 1317 838 in
1368 784 1569 839 eodem
1604 786 1725 838 loco
1756 785 1860 853 sub

152 876 355 945 regula
378 874 612 929 almiﬁci
638 874 980 929 confessoris
1010 874 1402 944 omnipotenti
1435 875 1548 928 Deo
1574 873 1861 928 Benedicti

153 965 428 1018 veraciter
474 963 763 1018 deservire
794 962 1191 1033 cognovimus,
1253 978 1357 1032 per
1408 979 1554 1033 quos
1612 962 1734 1032 ipse
1766 979 1857 1016 ve-

154 1053 427 1107 nerabilis
457 1052 632 1106 abbas
662 1052 951 1122 pecientes
984 1050 1104 1121 (sic)
1133 1051 1536 1105 celsitudinem
1583 1056 1861 1119 nostram,

154 1148 217 1196 ut
246 1142 320 1195 ob
352 1141 635 1195 honorem
688 1140 789 1195 Dei
841 1146 898 1194 et
955 1139 1341 1194 reverentiam
1382 1140 1639 1210 ejusdem
1681 1139 1863 1193 sancti

154 1231 284 1295 loci,
320 1232 648 1302 animasque
682 1235 892 1284 nostra:
924 1235 1320 1299 augmentem,
1353 1244 1456 1282 nec
1508 1245 1623 1282 non
1681 1228 1862 1282 stabi-

152 1320 376 1375 litatem
411 1319 595 1373 nostri
626 1318 811 1390 regni,
866 1319 1181 1372 secundum
1243 1318 1725 1387 praedecessorum
1760 1334 1859 1371 no-

152 1416 408 1463 strorum
460 1409 879 1478 imperatorum
941 1410 1247 1477 praecepta,
1310 1410 1689 1476 augustorum
1722 1406 1863 1459 scili-

152 1504 242 1552 cet
281 1498 492 1563 Caroli,
542 1496 815 1562 Lotharii,
850 1495 1097 1562 Ottonis,
1130 1512 1233 1565 per
1261 1495 1370 1549 hoc
1399 1501 1610 1549 nostra:
1663 1502 1861 1549 aucto-

151 1587 341 1641 ritatis
375 1587 494 1641 imo
553 1585 1005 1641 confirmationis
1056 1591 1409 1655 praeceptum
1465 1585 1614 1638 circa
1670 1584 1859 1656 ipsum

148 1676 545 1729 venerabilem
576 1676 763 1729 locum
797 1690 863 1728 ea
910 1690 1039 1744 quae,
1073 1674 1271 1727 subter
1296 1674 1509 1744 scripta
1539 1674 1859 1728 decernunt

148 1765 497 1819 conﬁrmare
543 1769 599 1818 et
648 1763 1020 1817 corroborare
1051 1762 1452 1831 dignaremur;
1514 1778 1714 1816 omnes
1770 1778 1861 1815 res

150 1860 207 1907 et
229 1853 626 1925 possessiones
658 1858 715 1906 et
764 1852 1083 1922 mancipias
1110 1857 1165 1904 et
1205 1851 1481 1916 aldianas,
1531 1852 1862 1918 cartulatos,

151 1944 237 1996 vel
299 1943 536 1996 otfertos
569 1958 769 1996 servos
821 1946 878 1994 et
908 1941 1163 2006 ancillas,
1199 1956 1328 1993 cum
1364 1940 1531 1994 terris
1576 1945 1632 1993 et
1663 1939 1862 2008 vineis,

151 2031 337 2095 silvis,
383 2030 700 2095 montibus,
761 2029 970 2100 planis,
1020 2027 1392 2099 planitiebus,
1454 2028 1616 2098 aquis
1694 2044 1868 2099 aqua-

155 2135 408 2190 rumque
463 2118 795 2173 decursibus
839 2123 1013 2187 atque
1060 2115 1318 2187 piscariis
1394 2115 1654 2187 deposita
1719 2116 1869 2170 infra

154 2210 303 2263 lines
344 2208 671 2279 Pandulpbi
711 2206 1069 2278 principatus
1102 2208 1371 2276 Capuano
1422 2212 1475 2259 et
1542 2204 1869 2274 Pandulpbi

156 2299 569 2351 Beneventano
620 2296 889 2366 principi,
943 2312 1073 2349 cum
1158 2293 1439 2347 universis
1495 2293 1868 2363 pertinenciis

154 2403 288 2457 qum
321 2403 446 2439 esse
479 2386 747 2440 videntur
776 2384 925 2438 infra
955 2385 1062 2437 hos
1129 2384 1272 2437 lines
1326 2398 1453 2453 qum
1501 2382 1741 2435 inferius
1769 2383 1867 2436 de-

154 2478 466 2541 claramus,
530 2478 587 2528 et
633 2474 787 2546 quod
839 2472 1094 2543 antiquis
1168 2471 1531 2541 temporibus
1577 2486 1867 2541 possessus

155 2570 263 2617 est.
334 2562 649 2632 Incipiente
709 2579 742 2616 a
791 2561 981 2631 prima
1048 2559 1159 2613 ﬁne
1212 2560 1283 2612 ab
1332 2559 1455 2629 ipso
1499 2560 1760 2613 Carnello
1814 2564 1870 2611 et

154 2651 453 2723 quomodo
528 2650 658 2704 salit
710 2666 815 2720 per
893 2648 1019 2719 ipsa
1095 2653 1291 2701 contra
1364 2663 1546 2717 usque
1610 2647 1669 2701 in
1749 2646 1869 2699 rivo

156 2742 425 2795 sicco.....
488 2740 799 2809 (seguonoi
863 2740 1012 2791 nomz'
1064 2736 1125 2790 di
1179 2742 1337 2801 terre,
1393 2737 1565 2790 chiese
1610 2736 1675 2790 ed
1732 2737 1870 2789 altre

155 2835 404 2899 suggelte
465 2831 579 2883 alla
629 2829 933 2896 badia).....
1022 2826 1079 2879 in
1144 2825 1455 2895 integrum,
1515 2826 1865 2896 quibuscun-

157 2936 272 2990 que
303 2917 491 2972 nostri
532 2916 695 2987 regni
729 2916 940 2969 ﬁnibus
972 2913 1143 2985 positi
1173 2919 1324 2980 sunt,
1360 2918 1416 2965 et
1442 2929 1569 2983 qum
1603 2914 1667 2966 ad
1706 2929 1868 2966 eum-

1972 521 2192 575 ﬁrmari
2224 523 2458 593 placuit,
2494 530 2555 577 ut
2584 540 2649 577 ex
2682 525 2951 579 omnibus
2990 526 3160 580 rebus
3224 529 3308 582 vel
3376 530 3677 601 mancipiis

1972 624 2038 661 ex
2070 609 2195 679 ipso
2251 616 2447 664 sancto
2508 612 2860 665 monasterio
2920 612 3341 682 pertinentibus
3389 617 3677 671 cartulatis

1971 699 2056 750 vel
2087 698 2323 765 offertis,
2366 699 2560 753 liberis
2612 706 2785 771 atque
2818 702 2995 754 servis
3025 702 3122 755 ubi
3153 719 3284 773 pars
3334 705 3515 775 ipsius
3549 723 3676 759 mo-

1974 788 2208 840 nasterii
2241 788 2419 841 sancti
2450 788 2617 841 citius
2636 790 2821 842 valeat
2850 790 3318 860 suamjustitiam
3355 795 3668 865 consequi:

1974 874 2051 927 ita
2081 881 2210 944 post
2255 876 2403 929 facta
2437 876 2810 947 inquisitione
2876 895 2996 932 rem
3055 895 3228 949 quem
3294 882 3674 937 clamaverint

1972 964 2398 1034 per‘prmdictos
2427 981 2656 1019 veraces
2687 966 2951 1021 homines
3009 969 3127 1037 jam
3187 971 3461 1040 praedicto
3490 972 3675 1042 perti-

1975 1068 2109 1106 nere
2154 1059 2347 1107 sancto
2402 1055 2751 1108 monasterio
2800 1056 2857 1109 in
2909 1057 3126 1126 palatio
3174 1075 3675 1132 quorumcumque

1973 1142 2165 1195 taliter
2194 1144 2563 1213 respondere,
2594 1147 2693 1197 aut
2719 1144 2788 1198 de
2817 1153 3175 1200 sacramento
3221 1150 3669 1218 compelluntur.

1972 1230 2027 1284 Si
2050 1246 2183 1284 vero
2214 1235 2283 1284 de
2340 1231 2513 1285 servis
2562 1239 2662 1286 aut
2728 1232 2968 1296 ancillis,
3030 1234 3119 1287 vel
3183 1235 3253 1290 de
3322 1236 3677 1307 quibuslibet

1972 1319 2142 1373 rebus
2173 1325 2295 1374 orta
2343 1321 2632 1374 contentio
2690 1320 2884 1390 fuerit,
2937 1320 3107 1377 liceat
3150 1313 3450 1378 monaclzis
3491 1324 3676 1379 eidem

1972 1408 2153 1461 sancti
2219 1409 2552 1463 monasterii
2611 1409 2737 1480 ipos
2791 1410 3038 1465 retinere
3098 1428 3401 1483 quousque
3461 1412 3522 1466 in
3569 1430 3678 1467 no-

1971 1502 2145 1551 stram
2187 1514 2287 1551 seu
2345 1498 2682 1552 eorumdem
2733 1513 3119 1552 successorum
3153 1505 3484 1554 nostrorum
3530 1518 3675 1572 pra:-

1970 1586 2215 1640 sentiam
2248 1586 2499 1652 veniant,
2535 1591 2591 1639 et
2622 1586 2833 1640 ibidem
2865 1603 3059 1642 coram
3091 1588 3256 1642 nobis
3300 1590 3500 1660 positis
3530 1590 3677 1644 deli-

1972 1676 2265 1728 berentur.
2293 1674 2629 1744 Quicunque
2664 1674 2905 1745 [contra]
2965 1675 3113 1729 hanc
3177 1685 3433 1731 nostram
3492 1678 3677 1747 impe-

1974 1764 2173 1816 rialem
2206 1762 2627 1816 institutionem
2661 1762 2742 1816 ire
2765 1764 3087 1830 tentaverit,
3123 1770 3289 1819 antea
3335 1781 3465 1835 quas
3505 1782 3678 1835 supra

1976 1856 2291 1905 memorata
2330 1851 2806 1921 incompreliensa
2862 1858 2996 1904 sunt
3061 1853 3301 1906 minime
3352 1853 3675 1919 observare,

1976 1941 2115 2012 quin
2160 1940 2399 1995 fortasse
2422 1940 2634 1993 violare
2690 1946 2790 1993 aut
2818 1940 3148 2011 dirumpere
3182 1943 3501 2009 tentaverit,
3538 1942 3679 1996 sciat

1976 2044 2034 2081 se
2064 2044 2233 2098 pasna
2263 2028 2710 2097 persolviturum
2742 2027 2866 2080 auri
2898 2028 3102 2098 optimi
3135 2029 3308 2083 libras
3341 2032 3517 2093 mille,
3552 2046 3675 2084 me-

1976 2117 2252 2172 dietatem
2315 2133 2557 2170 cameras
2616 2122 2850 2183 nostrm,
2907 2122 2964 2170 et
3027 2118 3392 2172 medietatem
3458 2119 3674 2173 d0an

1975 2206 2244 2261 Atenulfo
2277 2205 2590 2259 venerabili
2645 2206 2858 2271 abbati,
2919 2206 3003 2259 vel
3064 2206 3299 2277 suisque
3340 2208 3677 2260 succvssori-

1976 2295 2102 2363 bus,
2188 2295 2274 2348 vel
2338 2294 2590 2348 ecclesim
2683 2296 2860 2348 sancti
2923 2295 3237 2349 Benedicti.
3308 2296 3679 2366 Prmcipimus

1977 2384 2172 2448 etiam,
2214 2382 2546 2453 ubicunque
2627 2387 2892 2452 repertus
2936 2383 3110 2437 fuerit
3157 2399 3222 2436 ex
3270 2384 3441 2437 rebus
3499 2382 3678 2454 ipsius

1978 2473 2160 2527 sancti
2211 2471 2565 2537 monasterii,
2598 2472 2684 2525 vel
2725 2471 2883 2525 cellis
2915 2471 3142 2525 illicitas
3202 2477 3373 2543 atque
3437 2473 3676 2526 damno-

1978 2578 2067 2615 sas
2095 2577 2192 2615 seu
2253 2560 2487 2614 inutiles
2532 2576 2676 2631 quas
2733 2560 3069 2630 scriptiones
3128 2561 3215 2614 vel
3296 2561 3681 2615 contumatio-

1977 2668 2078 2705 nes
2138 2656 2506 2714 evacuentur,
2542 2650 2630 2703 vel
2660 2650 2729 2702 ad
2768 2649 2891 2717 ejus
2947 2654 3294 2720 potestatem
3356 2652 3534 2704 sancti
3578 2651 3681 2703 Be-

1979 2738 2190 2792 nedicti
2221 2737 2617 2790 restituantur.
2672 2738 2741 2791 Ut
2770 2742 2963 2792 autem
3017 2739 3135 2792 haec
3170 2743 3363 2791 nostra
3417 2738 3685 2808 imperia-

1979 2827 2046 2879 Iis
2076 2824 2387 2896 prmceptio
2428 2838 2530 2894 per
2556 2825 2813 2879 futurum
2849 2830 3176 2896 temporum
3232 2826 3546 2879 ﬁrmiorem
3581 2826 3683 2880 ob-

1977 2916 2159 2969 tineat
2186 2913 2464 2983 vigorem,
2519 2929 2722 2966 manus
2752 2919 2976 2967 nostras
3036 2915 3234 2967 subter
3302 2915 3682 2982 firmavimus,

160 3008 295 3062 dem
327 3006 657 3060 venerabile
713 3004 1129 3057 monasterium
1161 3002 1313 3056 beati
1370 3003 1656 3056 Benedicti
1715 3003 1861 3056 Chri-
1901 2996 1941 3051 C
1981 3009 2038 3059 et
2101 3002 2315 3056 annulo
2374 3006 2568 3054 nostro
2650 3001 2890 3071 sigillari
2944 3001 3219 3072 jussimus
3279 3002 3535 3071 (fortasse
3588 3003 3685 3057 in-

158 3096 232 3149 sti
299 3095 640 3149 confessoris
720 3098 1110 3162 pervenerunt
1166 3096 1224 3144 et
1290 3105 1562 3154 possessa:
1612 3090 1870 3160 fuerunt,

160 3186 250 3239 vel
282 3184 543 3254 quolibet
576 3182 744 3236 modo
769 3185 1100 3245 tenuerunt,
1134 3196 1239 3250 per
1268 3180 1413 3233 hanc
1472 3186 1681 3233 nostra:
1735 3197 1873 3233 con-

161 3272 512 3327 ﬁrmaticnis
568 3270 967 3324 auctoritatem
1004 3268 1217 3322 nostris
1258 3268 1586 3339 futurisque
1646 3274 1870 3339 tempo-

158 3363 325 3417 ribus
360 3361 593 3415 abbates
623 3360 801 3431 ipsius
844 3358 1179 3412 monasterii
1229 3357 1412 3428 ipsius
1470 3358 1645 3411 sancti
1689 3359 1870 3411 Bene-

160 3451 307 3506 dicti
334 3449 581 3504 ﬁrmiter
636 3447 1047 3502 inviolabiliter
1091 3450 1285 3501 teneat
1338 3450 1396 3500 et
1441 3446 1743 3517 possideat,
1814 3451 1877 3500 ut

156 3540 407 3595 facultas
451 3538 538 3592 vel
613 3537 831 3591 utilitas
888 3536 1067 3606 ipsius
1153 3535 1494 3588 venerabilis
1542 3534 1876 3589 monasterii

156 3628 440 3699 exigerit;
474 3627 554 3681 ita
624 3632 689 3680 ut
746 3626 938 3680 nullus
972 3624 1171 3695 judex,
1225 3623 1451 3695 publice
1508 3624 1781 3695 quislibet
1810 3640 1874 3676 ex

147 3718 427 3792 judiciali
487 3721 768 3787 potestate
821 3716 880 3768 in
938 3716 1110 3768 cellas
1159 3716 1215 3767 et
1294 3713 1477 3779 villas,
1532 3718 1631 3766 aut
1684 3729 1873 3783 agros,

156 3825 262 3862 seu
323 3808 449 3860 loca
507 3804 625 3857 sive
679 3804 930 3874 reliquas
977 3801 1369 3872 possessiones
1452 3817 1625 3871 supra
1679 3800 1877 3871 scripti

157 3894 418 3952 cmnobii
472 3892 664 3949 Sancti
722 3891 1013 3946 Benedicti
1067 3906 1210 3962 quas
1302 3889 1582 3945 moderno
1639 3890 1761 3960 ipse
1819 3890 1879 3943 in

159 3986 636 4058 quibuscumque
688 3981 852 4052 pagis
903 3984 959 4034 et
1013 3978 1321 4033 territoriis
1377 3978 1527 4031 infra
1574 3978 1756 4032 nostri
1798 3994 1881 4032 re-

160 4075 267 4146 gni
311 4072 535 4127 ditione
593 4071 746 4141 juste
811 4075 867 4122 et
910 4068 1172 4138 legaliter
1236 4066 1523 4145 possidet,_
1574 4067 1660 4120 vel
1721 4066 1880 4137 quic-

162 4163 307 4235 quid
366 4166 424 4213 et
478 4158 748 4229 deinceps
823 4156 1016 4210 divina
1100 4155 1284 4225 pietas
1362 4153 1471 4224 ipsi
1511 4158 1707 4208 sancto
1758 4155 1882 4207 loco

162 4250 419 4308 voluerit
471 4263 705 4319 augere,
772 4246 840 4300 ad
928 4262 1128 4299 causas
1221 4243 1534 4298 audiendas
1592 4242 1679 4296 vel
1733 4243 1879 4297 fredi
1915 4284 1955 4337 Β

162 4346 271 4395 aut
355 4336 574 4391 tributa
651 4333 940 4405 exigendi,
1014 4333 1102 4386 vel
1162 4331 1488 4385 mansiones
1567 4335 1666 4384 aut
1722 4347 1883 4400 para-

165 4437 254 4483 tas
307 4424 618 4489 faciendas,
688 4423 775 4476 vel
844 4438 1056 4488 servos,
1109 4437 1210 4475 seu
1284 4421 1595 4474 cartulatos
1654 4421 1737 4473 vel
1801 4420 1885 4473 of-

162 4518 375 4577 fertos,
409 4518 466 4568 et
496 4512 597 4583 qui
646 4527 820 4581 super
850 4516 1065 4564 terram
1098 4508 1279 4579 ipsius
1337 4507 1673 4561 monasterii
1741 4507 1893 4561 resi-'

163 4607 315 4660 dent
370 4603 702 4657 nullatenus
752 4598 1201 4669 distringendos,
1232 4613 1336 4651 nec
1362 4597 1507 4650 ullas
1548 4595 1883 4650 redhibitio-

164 4711 276 4749 nes
330 4696 434 4745 aut
500 4688 732 4743 illicitas
781 4686 1106 4741 occasiones
1200 4685 1597 4756 requirendas,
1676 4684 1887 4738 nostris

162 4782 502 4851 futurisque
542 4776 905 4846 temporibus
936 4774 1163 4845 ingredi
1213 4774 1438 4841 audeat,
1474 4788 1580 4827 nec
1631 4789 1698 4827 ea
1757 4788 1884 4843 qum

162 4870 442 4943 superius
473 4870 793 4921 memorata
832 4868 966 4918 sunt
1022 4863 1255 4934 penitus
1297 4861 1522 4932 exigere
1553 4867 1884 4932 praesumat,

159 4961 265 5015 sed
316 4959 492 5013 liceat
545 4958 891 5026 praesentem
944 4951 1256 5006 Altinulfus
1308 4949 1651 5004 venerabilis
1712 4949 1888 5003 abbas

157 5052 409 5121 ejusque
465 5058 841 5110 successores,
897 5057 1015 5095 una
1067 5056 1197 5094 cum
1253 5037 1718 5109 congregatione,
1778 5036 1886 5090 ibi-

156 5142 293 5195 dem
332 5138 454 5192 Deo
481 5132 862 5188 famulantem
895 5129 1000 5183 sub
1023 5133 1233 5182 nostrae
1263 5126 1563 5181 munitatis
1596 5125 1886 5180 defensio-

156 5228 249 5283 nis
276 5224 515 5298 quietos
548 5219 752 5275 ordine
784 5217 971 5270 vivere
1002 5220 1059 5270 et
1115 5215 1384 5281 residere,
1433 5218 1489 5267 et
1538 5214 1718 5268 Deum
1784 5228 1887 5282 pro

156 5322 361 5371 nostra
381 5310 587 5366 anima
628 5304 951 5377 supplicare
986 5320 999 5358 :
1036 5308 1093 5357 et
1124 5302 1403 5373 quidquid
1457 5300 1626 5354 ﬁscus
1657 5316 1720 5353 ex
1756 5300 1887 5370 jure

150 5408 275 5476 jam
326 5398 563 5474 praefati
614 5393 954 5451 monasterii
1020 5408 1154 5463 pars
1183 5390 1415 5461 publica
1467 5405 1693 5461 sperare
1737 5393 1891 5459 pote-

156 5498 268 5556 rat,
330 5506 443 5563 pro
500 5486 717 5540 animm
760 5487 969 5536 nostrae
1025 5478 1290 5534 mercede
1321 5478 1701 5533 luminaribus
1779 5476 1888 5547 ipsi

159 5580 530 5636 sanctissimo
594 5570 950 5628 monasterio
1006 5574 1199 5623 nostra
1278 5572 1506 5621 maneat
1554 5565 1889 5619 auctoritate

1980 3090 2223 3163 signiri).

2053 3182 2281 3247 Signum
2339 3177 2525 3231 domui
2579 3177 2805 3231 Henrici
2863 3181 3201 3234 serenissimi
3259 3185 3310 3234 et
3337 3181 3691 3235 invictissimi

1980 3269 2325 3339 imperatoris
2354 3268 2612 3333 Augusti.

2056 3358 2355 3412 IIeinricus
2398 3353 2771 3409 cancellarius
2832 3354 2952 3409 vice
3002 3356 3276 3411 Everardi
3328 3358 3584 3429 episcopi
3635 3363 3690 3413 et

1983 3444 2422 3516 archicapellani
2457 3443 2783 3513 recognovi.

2058 3535 2263 3587 Datum
2324 3548 2473 3585 anno
2523 3532 2835 3585 Dominicm
2908 3531 3321 3588 incarnationis
3384 3534 3690 3588 millesimo

1984 3640 2103 3690 xm,
2138 3620 2452 3676 indictione
2492 3636 2591 3685 xu,
2639 3637 2791 3673 anno
2831 3637 2966 3674 vero
3035 3623 3236 3676 domui
3282 3622 3533 3676 IIeinrici
3587 3622 3695 3675 im-

1986 3711 2269 3783 peratoris
2298 3709 2547 3780 Augusti
2581 3708 2877 3779 regnantis
2907 3710 3272 3777 duodecimo,
3313 3710 3543 3782 imperii
3573 3712 3696 3781 ejus

1987 3799 2197 3871 primo.

2058 3890 2260 3941 Actum
2296 3886 2490 3939 Romae
2512 3884 2774 3939 feliciter.
2807 3888 3011 3941 Amen.

2731 3992 2965 4048 LXVIII.

1993 4103 2049 4157 S.
2139 4101 2401 4155 Henricus
2453 4098 2703 4152 Ecclesiae
2780 4101 3191 4166 Bergomensis,
3257 4116 3291 4154 a
3374 4099 3700 4167 Reginfredo

2063 4172 2508 4310 epislpopotmale
2586 4170 2808 4237 habita,
2867 4175 3229 4239 possessiones
3315 4177 3365 4225 et
3408 4173 3703 4241 privilegia

2065 4259 2161 4296 con
2204 4258 2321 4295 rma
2357 4282 2367 4292 .
3502 4258 3503 4261 η

2065 4258 2348 4296 οοηηνιηαι
2357 4282 2367 4292 .
3502 4258 3503 4261 π

2637 4327 2825 4397 (Anno
2870 4331 3054 4395 1013)

2357 4416 2627 4486 [Ugbelli,
2662 4418 2825 4470 Italia
2849 4432 3027 4483 sacra,
3060 4418 3147 4478 IV,
3188 4415 3334 4488 438.]

2068 4507 2131 4561 In
2190 4505 2430 4559 nomine
2487 4509 2704 4557 sanctae
2731 4510 2785 4556 et
2832 4504 3145 4558 individua!
3197 4503 3510 4572 Trinitatis,
3569 4506 3709 4559 HEN-

1996 4611 2173 4659 mcus,
2206 4593 2400 4648 divina
2427 4592 2653 4644 favente
2701 4592 3027 4659 clementia,
3081 4608 3197 4646 rex.

2068 4681 2341 4751 Congruit
2370 4679 2722 4734 excellentiae
2755 4685 2967 4733 nostra:
3003 4679 3352 4734 venerabilia
3381 4687 3704 4736 sanctorum

1997 4773 2120 4825 loca
2150 4771 2359 4824 intuitu
2391 4767 2621 4839 pietatis
2683 4768 2991 4838 respicere,
3057 4774 3231 4840 atque
3293 4785 3365 4822 ne
3396 4769 3541 4823 inibi
3592 4771 3707 4824 Deo

1997 4860 2308 4913 servientes
2341 4859 2594 4929 aliquam
2633 4856 2907 4926 injuriam
2969 4857 3289 4928 patiantur,
3319 4859 3542 4911 solicita
3582 4875 3714 4913 con-

1998 4948 2356 5003 sideratione
2386 4945 2714 5018 providere.
2761 4946 3034 5010 Quocirca
3058 4947 3320 5001 omnium
3368 4950 3576 5001 sanctm
3610 4948 3712 5001 Dei

2004 5034 2290 5099 Ecclesiae,
2324 5038 2770 5105 nostrorumque
2811 5035 3090 5103 tidelium,
3150 5035 3525 5105 prmsentium
3560 5036 3708 5089 scili-

2000 5129 2091 5177 cet
2122 5140 2186 5177 ac
2219 5122 2571 5187 futurorum,
2604 5124 2871 5176 volumus
2912 5129 3109 5193 pateat
3140 5124 3437 5179 industriae
3471 5125 3716 5195 qualiter

2000 5212 2431 5266 Theoderulfus
2459 5212 2901 5265 archidiaconus
2926 5210 3072 5284 [pro]
3103 5229 3182 5276 se,
3231 5218 3286 5266 et
3330 5228 3436 5281 pro
3494 5212 3716 5264 caeteris

2002 5300 2273 5355 omnibus
2334 5300 2519 5353 eidem
2587 5301 2849 5354 Ecclesia:
2902 5300 3283 5354 servientibus
3346 5298 3712 5368 prmsentiam

2003 5395 2254 5444 nostram
2303 5388 2616 5443 tristissimi
2670 5388 2954 5454 adierunt,
3028 5394 3085 5441 et
3145 5387 3486 5441 nunciantes
3548 5385 3710 5440 nobis

2001 5476 2238 5529 adversa
2296 5490 2423 5545 qua:
2477 5474 2547 5529 de
2628 5475 2933 5529 territoriis
3000 5475 3171 5528 rebus
3246 5472 3535 5526 canonicaa
3591 5490 3709 5527 sua:

2006 5582 2037 5619 a
2090 5563 2440 5635 Reginfredo
2532 5563 2801 5635 episcopo
2834 5563 3075 5633 aliisque
3132 5562 3298 5615 malis
3376 5561 3710 5616 hominibus
