3980 6400
323 365 424 418 303

319 487 469 559 passi
519 489 768 552 fuerant,

321 582 631 630 oraverunt
660 583 743 639 ut,
772 583 1007 646 propter
1047 576 1365 628 remedium
1426 581 1484 628 et
1536 575 1774 627 salutem
1807 574 2015 626 animas

323 673 556 730 nostrae,
609 664 874 718 universa
906 664 1120 734 praedia
1173 670 1231 716 et
1261 680 1349 716 res
1404 662 1689 716 canonica:
1731 661 2014 715 facultatis

319 753 619 807 beatorum
653 760 968 820 martyrum
1000 751 1302 805 Alexandri
1332 757 1500 821 atque
1549 749 1848 812 Vincentii,
1899 749 2011 801 duo

320 843 535 897 scilicet.
566 849 816 896 mercata
850 842 917 893 ab
951 840 1258 894 Adelberto
1284 838 1755 892 reverendissimo
1786 843 2013 907 pastore

319 933 544 996 collata,
577 938 634 983 et
665 945 1042 1000 quaecumque
1074 929 1184 981 alia
1213 933 1344 980 sunt
1365 928 1435 979 ab
1465 927 1588 996 ipso
1619 926 1831 979 donata
1862 942 1876 978 :
1911 941 2014 979 nec

319 1033 434 1070 non
467 1025 523 1071 et
553 1034 765 1074 omnia,
785 1031 912 1086 qua:
934 1015 1003 1068 ab
1034 1019 1222 1068 Azone
1243 1014 1567 1066 venerando
1597 1012 1890 1082 pontifice,
1914 1029 2009 1066 seu

322 1105 541 1159 caeteris
573 1107 707 1157 viris
741 1106 919 1158 Deum
948 1102 1280 1155 timentibus
1313 1107 1449 1154 sunt
1491 1117 1774 1166 concessa,
1808 1117 2011 1153 secun-

320 1195 457 1248 dum
483 1195 825 1246 voluntatem
852 1193 1217 1253 donaturum,
1249 1205 1347 1259 per
1380 1190 1780 1242 auctoritatem
1805 1195 2012 1241 nostra:

317 1281 663 1335 defensionis
692 1289 750 1333 et
781 1279 1050 1348 prmcepti
1071 1280 1247 1330 nostri
1285 1279 1554 1348 paginam
1613 1277 1694 1330 eis
1727 1279 1892 1329 liceat
1917 1277 2013 1329 ob-

315 1371 518 1423 tinere.
551 1369 806 1433 Quorum
842 1366 1232 1436 petitionibus,
1279 1374 1343 1419 ut
1369 1366 1589 1436 justum
1650 1373 1755 1434 est,
1791 1365 2012 1419 miseri-

315 1458 562 1511 corditer
599 1462 938 1519 annnentes,
977 1468 1078 1524 per
1131 1455 1278 1506 hanc
1333 1453 1512 1506 nostri
1545 1453 1815 1522 praecepti
1847 1451 2009 1522 pagi-

317 1560 448 1598 nam
483 1544 890 1598 coniirmamus
921 1549 976 1596 et
1008 1542 1445 1595 (-orroboramus
1474 1543 1575 1608 eis,
1611 1542 1764 1595 salvo
1794 1541 2011 1594 honore

315 1633 588 1703 episcopi,
624 1648 823 1686 omnes
857 1648 944 1683 res
972 1637 1028 1684 et
1061 1631 1352 1684 facultates
1376 1631 1658 1699 praedictas
1691 1632 2007 1697 ianonicze,

314 1721 737 1790 sicutsuperius
771 1719 1202 1788 Comprehensos
1236 1726 1395 1782 sunt;
1420 1734 1486 1771 eo
1514 1717 1777 1771 videlicet
1808 1717 2010 1771 ordine

313 1817 379 1863 ut
407 1811 617 1862 amodo
650 1809 707 1861 in
740 1815 928 1872 antea,
954 1807 1019 1860 ad
1055 1824 1220 1860 usum
1255 1816 1310 1859 et
1333 1807 1636 1860 utilitatem
1669 1812 1878 1859 sanctae
1920 1807 2011 1860 Ec-

311 1897 499 1949 clesia:
554 1896 949 1959 servientimu,
1010 1900 1126 1947 tam
1187 1895 1296 1964 ipsi
1343 1911 1515 1963 quam
1549 1899 1607 1946 et
1661 1909 2012 1947 successores

311 2001 507 2038 eorum
544 1985 810 2043 habeant.
847 1989 1080 2036 teneant
1107 1982 1466 2052 lirmiterqne
1499 1981 1850 2051 possideant,
1883 1998 2009 2034 om-

311 2073 473 2126 nium
547 2072 849 2124 hominum
908 2070 1356 2123 contradictione
1402 2077 1459 2122 et
1517 2070 1856 2140 repetitione
1915 2086 2010 2122 re-

310 2167 480 2214 mota.
520 2157 920 2228 Prmcipientes
970 2156 1165 2227 itaque
1224 2158 1511 2211 sancimus
1549 2167 1613 2211 nt
1653 2159 1844 2212 nullus
1875 2157 2007 2223 dux,

309 2247 794 2316 archiepiscoims.
859 2245 1180 2315 episcopus,
1237 2245 1514 2314 marcbio,
1582 2263 1792 2312 comes,
1860 2246 2008 2299 vice-

309 2351 523 2399 conies,
556 2333 834 2402 gastaldio
883 2350 985 2386 nec
1045 2336 1193 2386 nllus
1242 2334 1569 2404 reipublicae
1628 2342 1875 2400 exactor,
1908 2349 2010 2387 seu

307 2425 500 2493 aliqua
529 2422 694 2491 regni
721 2422 898 2474 nostri
954 2438 1163 2491 magna
1212 2439 1497 2492 parvaque
1566 2439 1810 2492 persona
1865 2439 2010 2493 prae-

309 2511 488 2564 dictos
551 2510 879 2578 canonicos,
919 2511 1007 2563 vel
1056 2527 1406 2563 successores
1454 2527 1678 2576 eorum,
1755 2511 1854 2580 qui
1903 2524 2006 2580 pro

307 2603 564 2670 tempore
621 2599 692 2650 ad
726 2597 960 2668 pra'fata
1027 2598 1442 2651 vcnerabihum
1495 2605 1820 2652 sanctorum
1884 2600 2008 2652 loca

307 2687 425 2741 Deo
456 2687 719 2740 servituri
740 2694 890 2753 sunt,
923 2687 992 2739 de
1017 2687 1417 2756 suprascriptis
1455 2687 1623 2740 rebus
1687 2687 2002 2754 disvcstire,

307 2775 628 2842 molestare,
664 2774 749 2827 vel
781 2774 1099 2845 inquietare
1150 2781 1478 2844 praesumat.
1529 2775 1586 2830 Si
1648 2762 1777 2844 quis
1847 2791 2004 2844 vero,

306 2865 460 2933 quod
491 2863 748 2917 futurum
787 2880 898 2915 non
933 2864 1236 2930 credimus,
1297 2863 1470 2932 hujus
1527 2870 1738 2918 nostra:
1793 2879 2004 2933 praece-

303 2952 515 3020 ptionis
583 2953 823 3004 violator
871 2951 1144 3015 extiterit,
1195 2952 1333 3004 sciat
1410 2967 1469 3004 se
1548 2951 2000 3022 compositurum

305 3039 476 3092 libras
504 3045 731 3092 centum
763 3038 885 3093 auri
947 3039 1171 3110 optimi,
1233 3038 1599 3093 medietatem
1657 3039 1872 3094 scilicet
1915 3058 2003 3095 ca-

303 3142 477 3181 merae
539 3136 767 3194 nostrae,
829 3133 886 3180 et
930 3127 1262 3180 memoratis
1306 3127 1598 3180 canonicis
1654 3128 1744 3180 vel
1798 3145 2001 3185 eorum

304 3215 722 3268 successoribus
775 3215 1033 3268 alteram.
1072 3215 1234 3278 Quod
1267 3220 1329 3267 ut
1360 3215 1546 3267 verius
1575 3215 1858 3280 credatur,
1908 3217 1998 3271 di-

303 3302 692 3372 ligentiusque
731 3302 801 3355 ab
830 3303 1100 3355 omnibus
1140 3303 1493 3368 observetur,
1517 3302 1625 3354 hoc
1646 3311 1999 3375 prmceptnm

305 3389 440 3442 inde
470 3389 880 3459 conscriptum,
932 3405 1104 3442 manu
1169 3389 1403 3460 propria
1453 3391 1881 3459 contirmantes,
1923 3394 1998 3448 si-

305 3477 429 3546 gilli
453 3478 636 3530 nostri
687 3477 1070 3547 impressione
1094 3479 1371 3548 jussimus
1394 3477 1690 3548 insigniri.

374 3564 599 3629 Signum
621 3567 680 3618 D.
720 3565 942 3619 Henrici
968 3567 1112 3632 regis
1142 3567 1508 3619 invictissimi.

372 3651 647 3705 Henricus
694 3653 813 3705 vice
897 3652 1164 3707 Everardi
1224 3653 1477 3724 episcopi
1534 3657 1592 3708 et
1653 3652 2000 3725 archicapel-

305 3739 422 3793 lani
445 3741 793 3810 recognovit.

372 3831 575 3882 Actum
609 3845 761 3882 anno
811 3828 1218 3883 incarnationis
1277 3830 1588 3884 Dominicaa
1647 3831 1805 3896 1013,
1848 3830 1998 3884 indi-

303 3914 491 3968 ctione
520 3915 842 3982 undecima,
887 3931 1037 3969 anno
1080 3932 1212 3970 vero
1270 3916 1495 3971 domini
1547 3918 1776 3972 IIenrici
1845 3919 1997 3988 regis

301 4001 552 4069 secundi,
581 4003 873 4072 regnantis
908 4019 983 4056 ΣΙ.

371 4095 573 4146 Actum
603 4090 1018 4159 Magedeburch
1040 4089 1300 4146 feliciter.
1337 4096 1541 4148 Amen.

1075 4195 1246 4250 LXIX.

301 4285 355 4338 S.
408 4284 679 4338 Henricus
731 4283 980 4340 Ecclesiae
1021 4284 1452 4339 Paderbornensi
1500 4291 1740 4342 curtuem
1782 4288 1992 4342 Berne-

901 4356 1100 4408 shuson
1130 4356 1387 4409 concedit.

936 4443 1121 4513 (Anno
1160 4444 1341 4513 1013.)

584 4529 733 4602 [Cod.
759 4530 983 4600 diplom.
1023 4533 1169 4586 Hist.
1212 4533 1480 4602 Westph.,
1509 4549 1567 4603 p.
1594 4533 1707 4603 62.}

367 4620 432 4673 C.
497 4620 564 4672 In
624 4619 857 4672 nomine
924 4625 1132 4674 sanctae
1207 4625 1264 4674 et
1309 4621 1624 4676 individnze
1679 4621 1988 4687 Trinitatis,

296 4705 619 4772 Hsmmcus,
662 4705 856 4759 divina
888 4707 1112 4761 favente
1142 4708 1474 4776 clementia,
1514 4724 1631 4762 rex.

365 4795 650 4857 Quoniam
694 4795 899 4848 divinae
950 4797 1344 4865 dispositionis
1379 4797 1742 4866 providentia
1771 4815 1876 4852 nos
1914 4799 1982 4853 ad

293 4897 583 4935 summum
615 4881 944 4951 reipublicae
998 4885 1227 4937 culmen
1271 4885 1587 4954 regendum
1617 4886 1875 4955 provexit
1930 4891 1988 4939 et

292 4969 647 5023 universitati
681 4969 1016 5035 multorum,
1090 4972 1352 5041 quamvis
1406 4973 1614 5026 merito
1662 4973 1986 5043 inferiores,

290 5062 484 5112 tamen
536 5057 917 5111 eminentiore
1001 5059 1249 5129 quadam
1313 5059 1566 5113 nominis
1607 5063 1986 5132 praerogativa

291 5161 535 5215 praesse
609 5145 909 5214 disposuit,
951 5145 1097 5214 ejus,
1131 5146 1294 5216 cujus
1333 5147 1730 5203 misericordia
1785 5166 1984 5204 sumus

291 5233 600 5299 sublimati,
624 5232 683 5286 in
740 5233 1008 5288 omnibus
1055 5241 1280 5304 oportet
1309 5236 1542 5291 obedire
1563 5239 1886 5308 prmeeptis,
1919 5246 1983 5294 ut

289 5322 524 5375 utilitati
554 5320 915 5376 subditorum
971 5323 1358 5392 providentes,
1417 5331 1632 5395 quanto
1695 5330 1822 5396 plus
1863 5345 1980 5398 prae

288 5410 508 5462 ceteris
568 5411 673 5464 sub
723 5411 910 5479 specie
976 5410 1207 5464 honoris
1285 5412 1603 5467 ascendisse
1666 5415 1977 5481 cernimur,

286 5500 445 5550 tanto
477 5496 662 5567 magis
711 5497 952 5552 interius
998 5498 1311 5568 humiliati,
1360 5499 1450 5554 bis
1480 5501 1581 5571 qui
1635 5503 1740 5556 sub
1774 5504 1980 5558 umbra

287 5583 585 5653 regiminis
653 5585 999 5653 deserviunt,
1056 5585 1314 5640 debitum
1370 5590 1768 5644 retributionis
1820 5590 1978 5644 exhi-

1624 364 1678 418 S.
1725 360 2018 417 IlENRlCl
2063 360 2538 416 IMPERATOBIS

864 485 1312 541 misericordiam
1395 490 1652 540 nostram
1726 485 2011 555 supplices
2047 487 2094 538 Α
2123 483 2331 548 bendo,
2363 482 2634 538 familiari
2664 481 3057 552 compassione
3086 479 3634 536 condescendamus.
3683 480 3822 533 Nam

3722 359 3825 411 304-

2125 572 2192 639 si,
2229 572 2534 643 qualitates
2563 570 2935 624 servientium
2959 570 3127 623 nobis
3172 569 3284 639 piae
3323 567 3690 622 discrecionis
3729 567 3824 620 in-

2123 662 2273 715 tuitu
2299 660 2707 723 examinantes,
2733 658 3044 729 unicuique
3066 675 3170 728 pro
3185 657 3460 728 qualitate
3485 657 3825 710 meritorum

2123 765 2559 818 recompensare
2616 747 3025 809 studuerimus,
3121 746 3374 800 debitum
3447 744 3823 815 persolvendo

2124 839 2485 892 Dominicum
2541 843 2892 907 prmeeptum
2940 835 3271 905 implemus,
3309 840 3366 888 et
3421 833 3820 888 excellentiam

2126 926 2301 992 regias
2331 925 2647 995 dignitatis.

2192 1014 2217 1042 *
2240 1014 2482 1068 Studere
2544 1013 2811 1076 vidimus,
2867 1011 3156 1082 quandam
3187 1015 3400 1064 cortem
3434 1013 3642 1063 ucstra!
3674 1024 3816 1079 pro-

2121 1102 2383 1172 prietatis
2453 1102 2846 1154 Berneshuson
2899 1101 3132 1163 dictam,
3192 1099 3251 1152 in
3301 1115 3449 1167 pago
3503 1100 3689 1165 Lisga,
3749 1097 3812 1150 in

2120 1191 2394 1245 comitatu
2448 1189 2658 1244 Udonis
2701 1189 3090 1258 sitam,quam
3142 1187 3212 1241 ab
3274 1188 3555 1241 Unewano
3590 1186 3827 1240 Bremo-

2120 1295 2297 1333 nense
2329 1279 2758 1348 archiepiscopo
2801 1277 3048 1331 donante
3115 1292 3219 1346 per
3257 1275 3597 1330 advocatum
3655 1290 3824 1328 suum

2123 1369 2376 1422 Udonem
2411 1367 2624 1436 absque
2677 1365 2836 1418 omni
2879 1364 3334 1418 contradictione
3399 1363 3657 1432 legitima
3708 1368 3826 1414 tra-

2122 1455 2338 1510 ditione
2370 1454 2712 1525 accepimus,
2747 1461 2956 1506 sanctae
3010 1451 3511 1506 Paderbrunncusi
3568 1450 3824 1504 ecclesiae

2120 1544 2178 1598 in
2211 1546 2432 1598 honore
2463 1549 2671 1596 sanctae
2705 1543 2802 1596 Dei
2830 1541 3125 1613 genitricis
3158 1541 3344 1594 Maria:
3373 1543 3824 1608 sanctorumque

2124 1631 2616 1687 Kilianimartiris
2673 1637 2730 1685 et
2790 1630 2998 1685 Liborii
3055 1629 3400 1684 confessoris
3446 1633 3820 1694 consecratas,

2123 1738 2227 1791 pro
2258 1721 2516 1774 remedio
2559 1720 2888 1773 animarum
2913 1720 3060 1773 divas
3115 1717 3411 1772 memoriae
3443 1716 3664 1771 Ottonis
3698 1715 3818 1768 im-

2123 1809 2401 1880 peratoris
2442 1808 2606 1861 tercii
2666 1807 2909 1860 senioris
2963 1808 3180 1860 scilicet
3213 1806 3414 1872 nostri,
3443 1805 3824 1874 omniumque

2121 1905 2426 1968 parentum
2450 1901 2797 1961 nostrorum,
2834 1895 3003 1949 simul
3032 1911 3095 1948 ac
3124 1895 3509 1949 dilectiSsinue
3557 1893 3821 1964 conjugis

2121 1991 2353 2050 nostrae,
2378 1989 2434 2040 et
2471 1984 2774 2038 stabilitate
2805 1983 2990 2052 regni,
3034 1983 3416 2054 proprietario
3455 1982 3587 2052 jure
3615 1997 3823 2035 conce-

2121 2074 2312 2128 dimus
2354 2087 2484 2125 cum
2537 2070 2803 2124 omnibus
2835 2071 3293 2141 appertineutiis,
3342 2070 3535 2128 rebus.
3585 2070 3820 2124 territo-

2118 2161 2239 2227 riis,
2273 2159 2442 2226 villis,
2487 2158 2787 2228 mancipiis
2821 2161 3119 2228 utriusque
3177 2175 3368 2222 sexus,
3409 2157 3589 2224 silvis,
3643 2173 3819 2211 vena-

2119 2247 2395 2313 tionibus,
2435 2243 2600 2315 aquis
2626 2261 2977 2315 aquarumve
3032 2245 3388 2312 decursibus,
3450 2245 3819 2311 molendinis,

2118 2333 2552 2404 piscationibus,
2604 2331 2707 2384 viis
2766 2340 2822 2385 et
2862 2331 3048 2398 inviis,
3103 2333 3349 2385 exitibus
3399 2337 3457 2386 et
3517 2333 3822 2401 reditibus,

2117 2421 2296 2492 pratis
2323 2426 2378 2474 et
2408 2420 2651 2491 pascuis,
2704 2424 2760 2473 et
2807 2436 2936 2473 cum
2977 2419 3248 2473 omnibus
3281 2421 3572 2490 acquisitis
3617 2421 3704 2474 vel
3736 2422 3823 2474 in-

2116 2509 2442 2581 quirendis;
2493 2525 2561 2562 ea
2628 2508 2850 2562 ratione
2898 2513 2962 2563 ut
3031 2509 3470 2579 prenominatus
3517 2509 3821 2580 cpiscopus

2117 2599 2354 2669 ejusque
2408 2612 2755 2651 successores
2789 2597 3031 2651 liberam
3079 2603 3418 2667 potestatem
3475 2597 3532 2650 in
3557 2599 3820 2668 ejusdem

2115 2687 2366 2742 ecclesiae
2398 2685 2706 2739 utilitatem
2766 2685 3025 2739 vertendi
3056 2686 3319 2739 habeant.
3354 2686 3411 2740 Si
3466 2686 3592 2756 quis
3623 2693 3818 2740 autem

2114 2777 2174 2829 in
2200 2780 2519 2846 posterum,
2548 2773 2704 2844 quod
2735 2771 2910 2826 absit!
2947 2774 3224 2843 prefatam
3255 2775 3551 2827 ecclesiam
3581 2775 3819 2844 inquie-

2113 2868 2234 2918 tare
2266 2863 2571 2917 contendat
2627 2861 2697 2916 de
2745 2862 2958 2916 eisdem
2994 2863 3228 2932 prediis,
3276 2869 3557 2934 perpetuo
3586 2863 3821 2916 anathe-

2113 2959 2266 3008 mate
2317 2952 2751 3006 condemnetur.
2803 2951 3044 3020 lusnper
3097 2966 3126 3003 c
3164 2950 3337 3004 libras
3408 2950 3535 3005 auri
3610 2950 3819 3021 optimi

2033 3044 2074 3100 C
2113 3045 2441 3110 componat,
2470 3038 2889 3094 dimidietatem
2929 3040 3103 3109 regiae
3133 3054 3395 3103 cameras,
3428 3045 3483 3093 et
3533 3038 3818 3109 reliquam

2112 3135 2335 3200 partem
2368 3129 2556 3182 eidem
2583 3127 2832 3181 ecclesia!
2863 3143 3037 3197 quam
3069 3128 3387 3198 inquietare
3445 3127 3816 3198 presumpsit.

2114 3220 2195 3284 Et,
2229 3223 2294 3272 ut
2321 3219 2441 3271 hazc
2477 3222 2689 3270 nostra:
2716 3215 3044 3270 tradicionis
3075 3216 3381 3270 auctoritas
3433 3214 3649 3269 stabilis
3691 3231 3822 3285 per-

2111 3311 2360 3371 maneat,
2388 3305 2534 3358 hanc
2563 3304 2772 3374 regalis
2802 3304 3058 3374 precepti
3095 3304 3365 3374 paginam
3408 3302 3690 3359 conscribi
3729 3319 3816 3369 ac,

2111 3412 2282 3450 manu
2320 3393 2554 3465 propria
2592 3393 3035 3460 .‘contirmantes,
3086 3394 3276 3463 sigillo
3318 3401 3513 3448 nostro
3535 3391 3818 3463 jussimus

2108 3482 2399 3554 insigniri.

2177 3574 2410 3638 Signum
2452 3570 2637 3624 damni
2680 3569 2926 3623 Heinrici
2989 3569 3214 3623 secundi
3270 3573 3414 3640 regis
3472 3573 3657 3646 (L.M.)
3717 3575 3815 3648 [in-

2105 3663 2412 3715 victissimi.

2179 3747 2527 3804 Guntherins
2556 3745 2928 3800 cancellarius
2959 3745 3079 3801 vice
3121 3747 3476 3804 Ercambaldi
3524 3753 3820 3826 archicap-

2107 3835 2365 3907 pellani..

2884 3923 3025 3976 LXX.

2106 4031 2164 4086 S.
2215 4031 2491 4084 Henricus
2522 4029 2780 4084 Ecclesia:
2825 4030 3310 4106 _Paderbornensis
3379 4038 3678 4106 privilegia
3759 4045 3811 4094 et

2600 4101 2957 4169 possessiones
2989 4102 3292 4172 conﬁrmat.

2751 4191 2939 4257 (Anno
2976 4192 3157 4260 1014.)

2375 4274 2523 4345 [ϐοά.
2550 4276 2768 4345 diplom.
2795 4281 2940 4334 Hist.
2974 4281 3251 4348 Westph.,
3275 4295 3388 4351 pag
3406 4279 3531 4352 '63.]

2175 4364 2241 4418 In
2284 4363 2515 4417 nomine
2552 4371 2758 4419 sancta:
2807 4372 2866 4421 et
2900 4367 3210 4422 iudividuae
3264 4369 3584 4434 Trinitatis,
3637 4373 3806 4427 Ham-

2102 4465 2279 4515 mcus,
2311 4451 2498 4504 divina
2546 4451 2770 4508 favente
2815 4455 3143 4522 clementia,
3179 4455 3578 4512 Romanorum
3614 4459 3803 4531 impe-

2095 4545 2252 4593 rator
2289 4543 2600 4609 Augustus.

2164 4627 2446 4692 Quoniam
2487 4628 2696 4683 divinze
2730 4630 3125 4700 dispositionis
3175 4632 3538 4701 providentia
3585 4651 3691 4689 nos
3723 4639 3796 4692 ad

2094 4716 2406 4785 regendum
2442 4716 2621 4769 tocius
2663 4718 2992 4787 reipublicae
3036 4720 3432 4774 monarchiam
3484 4725 3802 4792 apostolica

2092 4803 2487 4858 benedictione
2528 4807 2811 4874 provexit,
2863 4812 2994 4860 ante
3027 4808 3222 4860 omnia
3253 4813 3445 4863 autem
3487 4810 3595 4864 hoc
3634 4813 3799 4868 labo-

2091 4907 2217 4944 rare
2249 4891 2522 4946 debemus
2552 4897 2635 4958 ut,
2679 4893 2780 4964 qui
2830 4911 3099 4948 coronam
3133 4896 3351 4949 terreni
3400 4897 3631 4968 imperii
3663 4917 3802 4956 con-

2091 4982 2278 5042 cessit,
2310 4983 2439 5047 post
2476 4995 2778 5035 emensum
2828 4982 3000 5052 hujus
3029 4983 3161 5037 vitae
3211 4985 3470 5054 spacium
3514 5003 3581 5040 ea
3619 4990 3799 5045 etiam

2090 5066 2353 5119 coronari
2397 5068 2690 5136 permittat
2748 5085 2877 5140 quae
2910 5087 3028 5125 non
3069 5071 3362 5127 auferatur
3401 5075 3460 5128 in
3487 5081 3794 5134 aeternum.

2089 5152 2248 5216 Quod
2277 5154 2638 5224 potissimum
2673 5157 2797 5211 fieri
2837 5158 3220 5226 decernimus,
3255 5161 3304 5214 si
3357 5162 3481 5216 loca
3527 5165 3796 5220 ecclesia-

2090 5241 2246 5294 sticis
2291 5242 2580 5314 obsequiis
2630 5245 2903 5315 deputata
2951 5254 3145 5302 nostra
3187 5251 3526 5306 auctoritate
3599 5269 3795 5309 corro-

2090 5329 2385 5393 borentur,
2417 5338 2480 5388 ut
2504 5333 2662 5386 omni
2705 5335 2971 5388 exteriori
3019 5335 3420 5407 inquietudine
3465 5347 3688 5395 remota
3730 5344 3792 5398 in

2087 5418 2481 5488 tranquilitate
2525 5427 2917 5490 permaneant,
2951 5425 3224 5493 quatinus
3262 5443 3464 5481 eorum
3517 5431 3793 5499 precibus

2088 5504 2426 5574 adjuvemur
2459 5506 2561 5576 qui
2589 5507 2669 5560 ibi
2719 5508 2813 5562 die
2856 5516 3142 5582 noctuque
3186 5513 3542 5570 orationibus
3585 5517 3644 5572 in
3687 5519 3793 5574 Dei
3843 5517 3852 5524 ’

2088 5592 2326 5648 servicio
2353 5610 2550 5649 vacare
2597 5595 2900 5666 debentur,
2953 5604 3008 5653 et
3057 5601 3213 5672 quod
3258 5617 3363 5672 per
3402 5620 3524 5672 nos,
3575 5611 3786 5677 utputo
