3980 6424
172 412 274 465 305

1449 408 1839 465 DIPLOMATA
1878 408 2424 466 ECCLESIASTICA.

3593 417 3694 470 306

170 528 531 584 conscieucia
560 528 790 601 trepidi,
814 544 1057 601 querere
1079 544 1197 584 non
1228 529 1655 600 praesumimus,
1684 535 1892 585 sanctas
1922 534 1967 586 A
2007 530 2065 585 in
2097 533 2224 586 loco
2256 531 2600 586 Porcariana
2636 531 2786 586 dicto
2842 534 3171 601 constructi,
3206 540 3413 591 nostra:
3465 537 3695 608 pietatis

170 620 272 674 Dei
307 619 571 674 Ecclesia
630 618 1002 673 servientium
1057 619 1154 689 pia
1210 620 1619 673 intercessione
1688 619 1878 688 impe-

167 714 412 763 tremus.
473 708 834 778 Quapropter
865 707 1224 761 universitati
1255 708 1514 762 ﬁdelium
1551 713 1881 762 nostrorum

168 802 367 862 patere
397 798 663 849 volumus
712 795 962 867 qualiter
1015 796 1479 866 Megenuvercus,
1527 798 1879 851 Paterbrun-

169 886 370 939 nensis
420 885 678 939 Ecclesia:
751 884 1094 938 venerabilis
1154 885 1479 954 episcopus,
1543 901 1647 955 pro
1701 885 1880 938 eccle-

170 974 399 1028 siastica
452 973 702 1027 utilitate
734 972 983 1027 arduum
1038 973 1289 1026 laborem
1323 988 1645 1043 aggressus,
1686 973 1879 1026 nobis-

170 1080 303 1117 cum
362 1063 567 1117 limina
626 1063 926 1116 beatorum
988 1062 1377 1132 apostolorum
1428 1061 1583 1115 Petri
1636 1064 1691 1114 et
1720 1060 1880 1116 Pauli

170 1151 267 1221 pia
326 1150 650 1205 intentione
727 1150 1012 1220 quaesivit,
1075 1149 1281 1203 devote
1342 1149 1765 1219 supplicaturus
1819 1154 1883 1204 ut

174 1240 421 1294 Ecclesia
448 1238 541 1293 cui
575 1238 697 1308 ipse
748 1238 1019 1309 pastorali
1057 1254 1194 1292 cura
1243 1238 1532 1307 praesidet,
1589 1237 1647 1290 in
1682 1237 1881 1308 primis

172 1326 504 1397 apostolica,
540 1327 749 1381 deinde
806 1331 1001 1379 nostra
1030 1324 1320 1395 imperiali
1351 1324 1691 1379 auctoritate
1748 1341 1879 1378 cor-

172 1419 499 1481 roboretur,
522 1432 627 1486 pro
652 1433 721 1470 eo
752 1417 1004 1469 maxime
1030 1415 1188 1487 quia,
1221 1415 1454 1485 quando
1506 1414 1745 1468 ecclesia
1773 1414 1883 1468 fuit

167 1510 555 1567 concremata,
597 1504 795 1558 omnia
840 1504 1101 1573 ejusdem
1160 1503 1413 1557 ecclesiae
1465 1508 1756 1573 praecepta
1794 1508 1879 1556 at-

169 1610 284 1665 que
338 1592 645 1663 privilegia
687 1592 955 1646 incendio
994 1591 1313 1661 perierunt.
1374 1593 1549 1662 Cujus
1591 1591 1877 1661 petitioni,

167 1683 309 1753 quia
387 1682 745 1735 rationabilis
827 1682 1076 1749 videtur,
1152 1682 1398 1751 gratuito
1473 1681 1876 1747 adsentientes,

165 1769 456 1841 quidquid
485 1771 687 1823 eadem
708 1769 943 1822 ecclesia
972 1784 1075 1839 per
1107 1769 1389 1839 justitiam
1421 1768 1680 1823 obtinere
1711 1769 1877 1823 debet

164 1863 598 1912 antecessorum
631 1862 967 1911 nostrorum
1013 1858 1097 1910 vel
1133 1863 1326 1911 nostra
1373 1856 1687 1923 oblatione,
1720 1862 1880 1911 caste—

166 1947 365 2017 risque
424 1945 693 2000 ﬁdelibus
752 1945 836 1999 ibi
889 1946 1160 1999 collatum
1192 1945 1253 1999 in
1304 1946 1498 2007 rebus,
1549 1945 1877 2012 territoriis,

166 2036 253 2089 vel
306 2034 371 2088 in
428 2034 800 2089 comitatibus
855 2050 921 2088 ac
966 2034 1250 2099 districtu,
1297 2035 1383 2087 vel
1438 2033 1878 2105 quibuscunque

165 2123 536 2188 utensilibus,
584 2139 650 2176 ac
702 2122 976 2194 quicquid
1031 2122 1153 2192 ipse
1207 2122 1511 2193 episc0pus
1569 2122 1878 2193 praedictus

165 2212 612 2281 legenuvercus
660 2214 731 2265 de
787 2228 888 2264 sua
941 2211 1272 2265 haereditate
1330 2210 1410 2264 ibi
1464 2210 1731 2276 contulit,
1791 2213 1878 2265 vel

164 2300 399 2354 aliunde
431 2315 536 2370 per
563 2299 1080 2353 commutationem
1119 2304 1220 2352 aut
1258 2298 1574 2369 precariam
1620 2299 1880 2369 legaliter

163 2389 497 2459 adquisivit,
539 2389 728 2442 denuo
760 2388 952 2441 stabili
982 2388 1137 2441 dono
1194 2388 1564 2442 concedimus
1602 2392 1659 2441 et
1689 2388 1875 2456 impe-

165 2480 291 2533 riali
324 2478 669 2532 auctoritate
718 2478 1145 2532 conﬁrmamus.
1184 2478 1241 2533 Si
1275 2478 1403 2547 quis
1452 2483 1645 2531 autem
1669 2483 1876 2531 nostras

163 2567 626 2623 conﬁrmationis
660 2568 906 2621 edictum
940 2566 1180 2619 ulterius
1220 2566 1412 2636 aliqua
1442 2566 1876 2636 presumptione

163 2657 484 2727 infringere
556 2655 942 2726 temptaverit,
1001 2661 1234 2708 centum
1302 2655 1581 2708 librarum
1624 2654 1749 2707 auri
1802 2654 1873 2708 ad

166 2751 430 2799 nostrum
482 2744 709 2814 pondus
752 2742 1175 2812 compositione
1235 2744 1534 2809 multetur,
1582 2758 1647 2795 ac
1702 2742 1873 2795 dimi-

164 2834 321 2887 dium
394 2848 636 2887 camerae
707 2838 919 2885 nostrae.
985 2831 1293 2901 persolvat,
1383 2831 1673 2901 reliquum
1741 2848 1874 2885 vero

164 2923 349 2976 eidem
412 2920 687 2987 ecclesia,
741 2936 913 2990 quam
976 2918 1282 2973 temerarie
1337 2918 1663 2990 inquietare
1721 2936 1874 2990 prie-

164 3009 430 3079 sumpsit.
497 3010 582 3073 Et,
634 3013 694 3061 ut
740 3009 859 3061 haec
912 3007 1272 3061 conﬁrmatio
1327 3022 1432 3076 per
1488 3006 1873 3061 successiones

163 3102 497 3168 temporum
528 3096 749 3149 stabilis
774 3102 830 3149 et
850 3096 1183 3149 inconvulsa
1214 3099 1566 3165 permaneat,
1596 3095 1743 3149 hanc
1775 3096 1879 3149 im-
1912 3083 1952 3138 C

163 3187 397 3256 perialis
414 3186 683 3255 praecepti
712 3184 1128 3255 paginaminde
1148 3184 1433 3237 conscribi
1453 3200 1517 3237 ac
1540 3200 1713 3237 manu
1746 3200 1873 3253 pro-

166 3276 287 3345 pria
317 3274 735 3327 conﬁrmantes
756 3273 948 3341 sigillo
980 3277 1173 3325 nostro
1197 3271 1475 3341 jussimus
1514 3271 1801 3341 insigniri.

232 3362 468 3426 Signum
525 3359 712 3413 damni
756 3360 1005 3412 Heinrici
1051 3360 1386 3412 serenissimi
1427 3363 1478 3411 et
1528 3361 1878 3412 invictissimi

165 3451 520 3517 imperatoris
550 3448 632 3513 (L.
670 3448 785 3514 M.).

229 3538 545 3594 Guuterius
594 3534 968 3589 cancellarius
1037 3534 1158 3589 vice
1229 3534 1567 3588 Ercaubaldi
1628 3534 1875 3589 archica-

165 3628 377 3697 pellani
414 3624 747 3695 recognovi.

234 3716 376 3769 Data
423 3711 743 3766 indictione
797 3727 874 3777 xl,
926 3726 1079 3764 anno
1121 3710 1432 3764 Dominicae
1466 3710 1877 3765 incarnationis

170 3805 321 3865 lOli,
364 3818 525 3855 anno
580 3816 715 3853 vero
746 3799 943 3854 domui
995 3798 1251 3853 lleinrici
1289 3799 1526 3853 secundi
1582 3800 1877 3869 regnantis

168 3909 261 3958 xu,
294 3889 537 3959 imperii
568 3905 703 3943 vero
731 3905 767 3942 ι.

235 3985 441 4034 Actum
474 3977 669 4048 Papias
699 3976 960 4031 feliciter.
994 3978 1195 4030 Amen.

948 4066 1119 4119 LXXI.

174 4162 397 4216 Sanctus
456 4157 746 4215 Henricus,
808 4156 963 4208 Petro
1019 4156 1269 4224 episcopo
1325 4158 1375 4207 et
1423 4153 1615 4207 abbati
1668 4155 1724 4209 S.
1768 4155 1873 4208 Mi-

230 4232 429 4284 chaelis
472 4231 531 4279 in
587 4228 935 4289 Porcariana,
996 4225 1134 4278 bona
1186 4240 1288 4278 sua
1326 4230 1375 4277 et
1406 4226 1542 4289 jura
1571 4228 1870 4292 confirmat,

238 4317 378 4353 anno
459 4300 622 4357 ltll3.
681 4300 802 4364 post
878 4298 1235 4363 pro/ligatum
1310 4296 1635 4349 Arduinum
1700 4297 1877 4350 ltulize

237 4373 393 4433 reg/ni
459 4372 799 4429 invusnrem;
850 4368 933 4419 vel
981 4371 1119 4419 certe
1175 4381 1316 4419 anno
1377 4368 1530 4422 1014,

238 4444 387 4505 scim,
438 4454 551 4507 quo
606 4438 696 4490 die
749 4439 981 4504 acceptis
1011 4452 1045 4489 a
1091 4439 1327 4490 Romano
1351 4438 1608 4505 ponti/tce
1656 4440 1881 4506 imperii

240 4512 557 4579 insignibus
588 4511 748 4577 carpit
776 4522 888 4561 esse
917 4510 1233 4575 imperator.

241 4599 429 4672 [Apud
459 4597 799 4659 Acherium,
828 4595 1107 4663 Spiciteg.,
1162 4595 1254 4657 Ill.
1281 4597 1403 4660 386,
1437 4610 1468 4647 e
1491 4594 1670 4649 veteri
1697 4610 1877 4648 mem-

458 4686 649 4739 brana
681 4683 896 4736 archivi
928 4683 1180 4737 ecclesiae
1224 4681 1577 4754 Bisuntinaz].

236 4774 295 4827 In
330 4774 579 4827 nomine
610 4776 817 4824 sanctae
849 4776 906 4824 et
961 4770 1272 4823 individuus
1325 4769 1637 4835 Trinitatis,
1672 4772 1877 4824 linum-

176 4878 281 4927 ccs,
306 4863 508 4916 divina
542 4861 769 4914 favente
799 4859 1125 4925 clementia,
1161 4874 1276 4912 rex.

242 4951 383 5005 Dum
437 4948 899 5017 uniuscujusque
953 4946 1213 5017 regimen
1253 4950 1480 5017 oportet
1526 4945 1881 5000 rectitudinis

178 5039 460 5093 moderari
515 5036 783 5100 habenis,
856 5036 1068 5105 regalis
1125 5035 1353 5088 culmen
1427 5034 1667 5088 honoris
1715 5038 1877 5088 tanto

178 5126 460 5181 liberalius
493 5132 673 5197 atque
706 5123 986 5195 prolixius
1033 5139 1271 5194 operam
1324 5138 1442 5176 suae
1494 5122 1883 5177 desudationis

173 5214 397 5282 justitiaz
428 5213 777 5284 impendere
805 5212 994 5271 debet,
1027 5216 1083 5265 et
1116 5211 1366 5265 maxime
1418 5210 1477 5264 in
1506 5216 1655 5265 statu
1690 5212 1883 5264 catho-

182 5303 292 5357 licae
341 5302 635 5367 Ecclesim,
696 5306 914 5370 quanto
963 5316 1022 5353 se
1054 5299 1204 5353 videt
1257 5315 1289 5352 a
1322 5298 1563 5352 Domino
1607 5298 1882 5352 divinitus

178 5392 482 5446 sublimari.
553 5387 802 5444 Proinde
877 5387 1139 5441 omnium
1199 5392 1407 5440 sancta:
1468 5388 1565 5440 Dei
1617 5385 1881 5440 Ecclesite

185 5486 622 5551 nostrorumque
683 5476 1059 5547 praesentium
1118 5491 1183 5529 ac
1242 5475 1567 5530 futurorum
1622 5474 1882 5529 ﬁdelium

185 5569 487 5640 eomperiat
568 5564 806 5620 solertia
878 5564 1159 5619 domuum
1220 5565 1474 5630 Petrum,
1549 5562 1881 5629 religiosum

189 5656 533 5730 episcopum,
569 5659 629 5709 et
666 5653 932 5708 abbatem
965 5651 1299 5707 monasterii
1353 5651 1531 5705 sancti
1575 5650 1879 5716 Michaelis,

1600 4371 1724 4419 ante
1776 4368 1875 4420 Pa-
1905 4364 1947 4416 D

1992 620 2357 674 clementiam
2416 625 2472 675 et
2507 620 2954 676 misericorditer
3002 621 3233 688 adiisse,
3286 629 3592 694 quatenus,
3623 626 3696 680 ob

1992 714 2221 763 aeternas
2251 709 2733 763 remunerationis
2764 710 3093 781 prmmium,
3126 717 3454 783 nostraeque
3485 714 3694 768 animas

1993 796 2338 863 remedium,
2371 798 2494 867 jam
2555 797 2771 851 dictum
2833 800 3251 853 monasterium
3285 801 3346 854 in
3399 801 3695 855 cacumine

1993 885 2206 938 montis
2236 885 2411 939 situm
2442 891 2639 939 nostra
2684 888 3015 958 prmceptali
3073 889 3412 943 auctoritate
3465 894 3521 943 et
3577 896 3691 943 sta-

1991 974 2211 1027 bilitate
2263 974 2767 1027 corroboraremus
2825 981 2883 1029 et
2940 976 3430 1031 conﬁrmaremus.
3491 978 3693 1048 Cujus-

1991 1080 2103 1133 que
2130 1063 2303 1116 sacris
2334 1062 2622 1132 precibus,
2655 1080 2752 1133 spe
2812 1063 2991 1117 futuri
3041 1066 3416 1119 emolumenti
3463 1068 3692 1137 prospi—

1991 1152 2205 1205 cientes
2252 1156 2423 1221 atque
2452 1151 2726 1214 faventes,
2773 1152 3137 1222 propositum
3186 1155 3508 1209 ccenobium
3564 1172 3692 1209 cum

1991 1239 2231 1308 Alpibus
2260 1243 2317 1291 et
2371 1238 2638 1293 omnibus
2667 1238 2847 1305 silvis,
2902 1241 3142 1311 campis,
3198 1242 3474 1309 aediﬁciis,
3526 1250 3691 1299 caste-

1991 1324 2187 1396 risque
2237 1326 2593 1396 appendiciis
2658 1342 2763 1396 per
2821 1327 2932 1380 tria
3004 1328 3275 1382 milliaria
3341 1330 3400 1384 in
3453 1330 3692 1385 circuitu

1991 1413 2173 1483 ipsius
2221 1430 2285 1468 ex
2346 1414 2506 1467 omni
2548 1420 2710 1485 parte
2764 1416 2986 1485 positis,
3028 1432 3127 1469 seu
3176 1433 3306 1470 cum
3346 1419 3578 1472 castello
3637 1425 3693 1473 et

1992 1507 2147 1556 corte
2174 1503 2245 1556 de
2300 1503 2585 1567 Clavasce,
2638 1519 2811 1574 quam
2859 1505 2977 1574 Ugo
3014 1506 3268 1559 marchio
3300 1507 3371 1559 ad
3425 1508 3690 1561 enimdem

1992 1596 2250 1644 sanctum
2283 1595 2338 1644 et
2366 1592 2753 1646 venerabilem
2788 1593 2971 1646 locum
2996 1609 3100 1662 pro
3132 1611 3249 1648 sua:
3276 1594 3481 1649 animas
3506 1611 3691 1649 reme-

1992 1679 2086 1733 dio
2114 1680 2269 1734 dedit
2298 1684 2355 1734 et
2409 1680 2644 1734 tradidit
2672 1696 2803 1734 cum
2860 1682 3130 1735 omnibus
3160 1682 3276 1735 suis
3327 1684 3691 1753 pertinentiis

1994 1768 2193 1822 charta
2246 1769 2495 1840 prepriaz
2540 1769 2889 1836 donationis,
2949 1776 3119 1840 atque
3148 1771 3468 1836 Castaneto,
3502 1771 3687 1838 Cacia,

1994 1856 2329 1919 Breteneso;
2404 1857 2642 1910 Villarez
2706 1874 2833 1928 quae
2882 1858 3091 1913 dicitur
3147 1860 3408 1925 Castello,
3470 1861 3688 1926 Curtes,

1991 1944 2275 2009 Maliasco,
2333 1945 2662 2012 Sablonem,
2714 1949 3047 2016 casterisque
3094 1948 3265 2001 rebus
3299 1965 3440 2019 quas
3482 1948 3690 2003 Ardui-

1990 2048 2097 2086 nus
2122 2032 2375 2086 marchio
2407 2033 2562 2086 ﬁlius
2587 2034 2788 2088 Otonis
2819 2034 2977 2088 dedit
3004 2035 3076 2088 ad
3125 2037 3540 2090 monasterium
3574 2038 3687 2106 jam

1986 2122 2314 2190 praefatum,
2367 2137 2499 2174 cum
2572 2123 2813 2188 cellulis,
2857 2128 2913 2175 et
2968 2124 3237 2189 ecclesiis,
3300 2131 3356 2178 et
3412 2125 3689 2178 universis

1987 2210 2115 2263 aliis
2172 2210 2345 2263 rebus
2417 2210 2725 2264 mobilibus
2772 2215 2828 2264 et
2896 2211 3309 2274 immobilibus,
3354 2229 3479 2283 quae
3538 2229 3691 2267 nunc

1986 2299 2198 2352 habere
2238 2298 2526 2365 videntur,
2560 2304 2617 2352 et
2656 2298 2712 2351 in
2734 2300 2997 2370 sequenti
3031 2299 3246 2355 ibidem
3305 2302 3452 2355 Deus
3480 2317 3689 2372 augere

1988 2387 2249 2453 voluerit,
2284 2387 2522 2456 praefato
2562 2386 2756 2440 abbati
2788 2394 2845 2440 et
2893 2393 3107 2442 sanctas
3168 2390 3603 2459 congregationi
3629 2390 3688 2443 in

1986 2476 2187 2529 eodem
2239 2477 2360 2528 loco
2421 2476 2533 2528 Deo
2586 2476 2910 2543 famulanti,
2980 2477 3214 2549 suisque
3270 2480 3690 2532 successoribus

1987 2569 2178 2617 nostra
2231 2564 2558 2633 praeceptali
2615 2564 3081 2618 corroboratione
3147 2566 3557 2620 conﬁrmamus
3606 2572 3689 2620 at-

1986 2668 2098 2722 que
2153 2652 2350 2721 (prout
2386 2653 2535 2722 juste
2588 2658 2645 2705 et
2675 2652 2938 2722 legaliter
2986 2656 3313 2723 possumus)
3364 2655 3686 2708 stabilimus

1986 2746 2041 2793 et
2071 2741 2537 2804 corroboramus;
2601 2756 2668 2794 eo
2714 2741 2977 2794 videlicet
3041 2743 3240 2797 ordine
3287 2759 3401 2814 quo
3440 2744 3559 2813 ipse
3594 2744 3688 2797 ab-

1984 2828 2085 2882 bas
2115 2832 2171 2883 et
2227 2829 2598 2898 congregatio
2632 2829 2740 2882 sibi
2797 2830 3121 2891 commissa,
3159 2848 3511 2901 suorumque
3568 2848 3687 2886 suc-

1983 2932 2234 2970 cessores
2307 2916 2720 2969 monasterium
2780 2934 2910 2970 cum
2987 2918 3145 2971 omni
3198 2919 3527 2989 integritate
3597 2920 3688 2973 in-

1987 3005 2265 3059 trinsecus
2308 3010 2364 3058 et
2409 3004 2759 3058 extrinsecus
2806 3006 3077 3071 habeant,
3136 3012 3371 3060 teneant
3416 3007 3687 3061 ﬁrmiter-

1990 3110 2101 3164 que
2130 3093 2486 3163 possideant;
2550 3098 2739 3147 nostra
2782 3101 3225 3165 nostrorumque
3275 3112 3683 3163 successorum,

1990 3188 2048 3237 et
2100 3183 2360 3235 omnium
2419 3181 2721 3235 hominum
2753 3189 2972 3237 semota
3002 3184 3431 3254 inquietudine,
3467 3190 3521 3239 et
3548 3200 3681 3238 con-

1989 3270 2350 3334 tradictione,
2381 3287 2475 3322 seu
2510 3269 2973 3323 diminoratione.

2061 3359 2441 3413 Concedimus
2514 3358 2748 3427 insuper
2816 3365 2873 3412 et
2938 3359 3218 3429 largimur
3278 3359 3458 3429 ipsius
3508 3360 3688 3413 sancti

1988 3448 2095 3502 loci
2122 3446 2563 3518 congregatione
2598 3446 2841 3499 habendi
2894 3448 3179 3500 licontiam
3228 3448 3477 3517 eligendi
3523 3447 3693 3500 abba-

1988 3544 2105 3591 tem
2152 3536 2411 3589 moribus
2460 3536 2786 3605 probatum.
2840 3536 3139 3604 praeceptis
3172 3537 3379 3590 Christi
3406 3543 3461 3591 et
3491 3540 3691 3593 recula

1986 3623 2165 3675 sancti
2212 3622 2498 3675 Benedicti
2572 3623 2943 3676 adornatum.
3033 3625 3434 3694 Pl'mcipietites
3512 3627 3691 3695 igitur

1983 3711 2273 3780 jubemus,
2314 3715 2372 3762 et
2426 3708 2529 3761 hac
2557 3716 2745 3761 nostra
2800 3713 3128 3778 pt'mceptali
3184 3713 3524 3766 auctoritate
3557 3730 3687 3767 sau-

1987 3801 2169 3851 cimus
2218 3802 2282 3850 ut
2328 3798 2522 3850 nullus
2559 3798 2692 3860 dux,
2751 3799 3228 3869 archiepiscopus.
3273 3808 3330 3853 et
3369 3802 3687 3870 episcopus,

1988 3886 2264 3950 marchio,
2299 3901 2511 3949 comes,
2569 3885 2899 3949 vicecomes,
2962 3888 3328 3953 sculdasciUs,
3384 3889 3684 3959 gastaldio,

1987 3975 2262 4043 nullaque
2328 3973 2503 4026 nostri
2564 3973 2725 4042 regni
2810 3989 3020 4041 magna
3070 3991 3357 4046 parvaque
3443 3992 3689 4046 persona

1986 4063 2329 4131 praedictum
2377 4062 2809 4127 monasterium,
2855 4068 2955 4115 aut
3010 4063 3261 4127 abbates,
3303 4081 3400 4117 seu
3455 4080 3689 4134 congre-

1986 4152 2278 4221 gationem
2370 4150 2717 4221 inquietare,
2810 4151 3132 4213 molestare,
3187 4152 3500 4217 disvestire,
3588 4158 3690 4206 aut

1986 4241 2214 4294 fodrum
2247 4240 2467 4303 tollere,
2501 4256 2599 4292 seu
2635 4244 2818 4308 legem
2862 4240 3068 4304 facere,
3121 4247 3220 4293 aut
3271 4241 3326 4309 pl
3349 4242 3542 4294 .citum
3598 4247 3690 4294 te-

1988 4345 2146 4393 nere,
2175 4329 2285 4382 nisi
2316 4328 2490 4381 abbas
2540 4328 2798 4396 ejusdem
2833 4327 2942 4381 loci
2992 4335 3091 4380 aut
3120 4328 3236 4381 suis
3266 4329 3448 4382 missis
3480 4346 3691 4399 pressu-

1989 4421 2125 4471 mat.
2173 4417 2228 4471 Si
2286 4416 2413 4486 quis
2471 4421 2664 4468 autem
2728 4415 2900 4483 hujus
2949 4422 3157 4469 nostra:
3211 4417 3691 4471 corroborationis

1988 4505 2215 4577 paginas
2272 4504 2511 4556 violator
2566 4501 2867 4568 exstiterit,
2918 4503 3057 4555 sciat
3113 4520 3173 4555 se
3230 4504 3688 4572 compositurum

1990 4595 2115 4648 auri
2161 4591 2365 4662 optimi
2416 4591 2592 4643 libras
2650 4591 2830 4653 mille,
2891 4591 3251 4645 medietatem
3304 4608 3543 4647 cameras
3586 4610 3688 4648 no-

1990 4686 2141 4745 strae,
2173 4688 2229 4734 et
2286 4678 2653 4732 medietatem
2718 4678 2911 4731 abbati
2967 4678 3201 4748 suisque
3248 4681 3687 4735 successoribus.

1989 4769 2145 4833 Quod
2178 4773 2242 4821 ut
2270 4766 2459 4820 verius
2490 4765 2775 4832 credatur,
2815 4771 2873 4818 et
2907 4781 3076 4831 nunc,
3103 4770 3178 4829 [et
3224 4766 3283 4820 in
3325 4768 3563 4838 posteris
3616 4767 3688 4822 ab

1989 4856 2304 4912 omnibus.
2355 4894 2366 4905 .
2414 4894 2424 4905 .
2470 4893 2483 4906 .
2529 4892 2545 4909 .
2589 4893 2602 4906 .
2647 4894 2660 4907 .
2695 4860 2753 4906 et
2798 4870 2975 4907 manu
3032 4855 3269 4925 prepria
3326 4856 3688 4922 roborantes,

1990 4944 2163 5014 sigilli
2193 4942 2376 4996 nostri
2401 4941 2780 5012 impressione
2808 4942 3083 5009 jussimus
3116 4944 3402 5012 insigniri.

2740 5049 2936 5102 LXXII.
2983 5078 3004 5094 .

1991 5140 2209 5193 Henrici
2246 5140 2309 5192 II
2334 5138 2680 5206 imperatoris
2720 5136 2963 5204 diploma
2999 5153 3105 5205 pra
3129 5141 3453 5193 monasterio
3477 5141 3533 5194 S.
3572 5140 3690 5194 Sal-

2449 5209 2654 5261 uatoris
2698 5209 2953 5261 Fontanas
3004 5211 3224 5265 Taonis.

2639 5296 2824 5365 (Anno
2858 5296 3038 5365 10H.)

1993 5384 2298 5459 [Zaccaria,
2350 5383 2708 5438 bibliothecae
2761 5383 2976 5437 Estensi
3037 5385 3361 5454 praefectus.
3413 5382 3689 5437 Anecdota

2060 5473 2228 5527 medii
2271 5474 2395 5540 aevi,
2444 5487 2575 5540 pars
2606 5487 2688 5534 ιιι,
2739 5486 2873 5539 pag.
2924 5473 3051 5537 2l8,
3103 5487 3171 5525 ex
3220 5468 3452 5522 archivo
3506 5472 3567 5524 P.
3627 5474 3684 5523 P.

2063 5558 2668 5613 Vallumbrosanorum
2697 5555 3180 5627 Pistoriensium.]

2066 5650 2129 5703 In
2167 5646 2401 5702 nomine
2446 5652 2658 5701 sanctae
2698 5652 2755 5699 et
2804 5644 3117 5699 individua
3178 5642 3496 5713 Trinitatis,
3543 5646 3686 5699 Hau-
