3980 6474
240 486 342 537 307
1540 484 1595 537 8.
1640 482 1933 538 HENRICI
1976 480 2452 537 IMPERATORIS
3660 488 3766 537 308

238 620 410 669 meus,
442 603 634 658 divina
666 603 947 674 largiente
969 603 1293 671 clementia,
1326 603 1717 660 Romanorum
1749 604 1942 675 impe-
1973 607 2020 658 A
2057 621 2186 659 cum
2219 605 2378 659 omni
2419 620 2621 660 eorum
2669 604 3024 670 haereditate,
3082 609 3323 676 paterno
3370 605 3456 659 vel
3501 609 3767 660 materno

240 696 396 745 rator
426 693 739 762 Augustus.
2048 693 2202 764 jure,
2249 694 2624 766 proprietate,
2668 693 3095 762 communaliis,
3137 693 3253 748 sive
3283 693 3555 749 omnibus
3594 693 3771 748 rebus

311 781 535 834 Iustum
589 784 645 833 et
685 778 1024 833 rationabile
1081 780 1247 834 nobis
1318 781 1545 835 videtur
1593 781 1654 835 in
1719 796 1947 834 venera-
2058 796 2186 850 qua:
2235 781 2304 834 ab
2353 798 2548 834 eorum
2593 781 2927 851 parmtibus
2981 796 3240 851 possessa
3283 781 3538 847 fuerunt,
3589 785 3646 834 et
3676 797 3773 835 eo-

242 868 382 922 bilia
425 873 752 922 sanctorum
799 868 900 921 Dei
930 870 1056 922 loca
1086 885 1215 938 qua:
1246 870 1317 923 ab
1347 887 1380 923 a
1410 869 1579 923 bonis
1617 869 1948 924 hominibus
2058 884 2190 922 rum
2246 869 2528 940 acquisita
2603 887 2719 923 sive
2779 869 3147 940 acquirenda,
3216 870 3570 924 nominative
3629 870 3777 923 silva

247 957 458 1011 intuitu
515 956 746 1027 pietatis
790 962 847 1010 et
885 973 983 1028 spe
1014 957 1253 1011 alternae
1305 957 1788 1012 remunerationis
1813 973 1951 1011 con-
2059 959 2394 1024 Armanore,
2445 959 2788 1029 Carpeneta,
2840 959 3038 1024 Succa,
3083 958 3468 1029 Septingenti,
3519 958 3637 1012 sive
3670 973 3780 1028 per

249 1046 516 1100 feruntur
572 1051 744 1116 atque
801 1051 997 1098 nostro
1047 1044 1167 1115 juri
1216 1050 1273 1098 et
1325 1045 1580 1100 dominio
1623 1046 1951 1108 traduntur,
2063 1052 2266 1099 caetera
2297 1046 2421 1101 loca
2476 1046 2536 1101 in
2575 1047 2852 1101 comitatu
2901 1047 3309 1101 Mantuanense
3361 1046 3777 1116 rejacentibus,

254 1142 450 1190 nostra
494 1135 830 1189 auctoritate
883 1134 1328 1204 ﬁerijussimus.
1386 1135 1663 1199 Quocirca
1691 1135 1954 1189 omnium
2063 1134 2490 1205 piscationibus,
2551 1135 2892 1190 fluminibus
2922 1140 2982 1188 et
3030 1135 3360 1205 paludibus,
3412 1135 3536 1189 sine
3577 1135 3780 1205 aliquo

257 1230 463 1278 sancta:
517 1224 616 1278 Dei
663 1223 918 1278 Ecclesiae
971 1229 1417 1294 nostrorumque
1475 1223 1756 1287 ﬁdelium,
1808 1239 1955 1294 prae-
2065 1223 2390 1294 scriptionis
2411 1224 2598 1291 titulo,
2625 1225 2945 1295 quodjuste
2966 1235 3023 1277 et
3045 1223 3399 1294 Iegalitereis
3421 1223 3775 1293 pertinente,

257 1315 507 1367 sentiam
546 1313 759 1366 scilicet
803 1319 859 1366 et
899 1313 1247 1379 futurorum,
1296 1313 1560 1366 volumus
1601 1310 1958 1367 universitati
2067 1327 2198 1365 cum
2229 1312 2462 1365 familiis
2517 1312 2816 1383 utriusque
2850 1329 3033 1375 sexus,
3082 1312 3259 1366 servis
3297 1316 3355 1365 et
3403 1311 3649 1378 ancillis,
3715 1310 3785 1364 li-

258 1407 450 1470 pateat
504 1400 751 1471 qualiter
796 1417 899 1454 nos
963 1400 1238 1470 recepisse
1298 1400 1716 1454 monasterium
1770 1398 1960 1454 Sancti

261 1489 587 1556 Salvatoris,
624 1489 777 1560 quod
807 1495 895 1543 est
934 1489 1107 1543 situm
1151 1489 1210 1542 in
1253 1491 1505 1543 Fontana
1532 1489 1772 1555 Tanoni,
1807 1488 1960 1560 quod

266 1577 586 1644 Bonifacius
644 1579 899 1632 marchio
946 1594 1051 1647 pro
1107 1579 1366 1632 remedio
1419 1579 1629 1632 animae
1689 1594 1802 1631 suae
1854 1577 1962 1631 sibi

262 1665 494 1736 praedia,
546 1665 698 1735 quod
740 1671 974 1719 vocatur
1011 1665 1236 1720 Cafadia
1276 1666 1662 1736 Bonifacinga,
1698 1667 1964 1736 proprie-

262 1754 411 1809 tario
450 1754 582 1824 jure
631 1754 817 1808 eidem
869 1755 1166 1820 concessit,
1220 1759 1276 1809 et
1318 1754 1512 1808 villam
1561 1771 1686 1825 quae
1735 1763 1966 1808 vocatur

265 1842 504 1897 Stazauo
552 1858 680 1894 cum
722 1842 989 1896 omnibus
1033 1842 1148 1896 suis
1193 1843 1578 1912 pertinentiis,
1611 1849 1667 1896 et
1703 1842 1765 1896 in
1795 1843 1964 1897 badzo

269 1930 462 1985 omnia
495 1947 624 2001 quae
659 1931 880 2000 habuit,
912 1937 969 1984 et
1006 1931 1114 1984 sibi
1154 1932 1418 1985 similiter
1460 1932 1823 2006 condonavit,
1867 1930 1970 1982 sub

267 2019 450 2074 nostri
490 2020 692 2073 mundi
737 2019 910 2073 furdii
957 2019 1200 2073 tuitione
1243 2019 1566 2089 recepimus
1614 2019 1736 2073 haec
1769 2025 1828 2072 et
1861 2019 1973 2072 alia

269 2124 399 2180 quae
442 2107 502 2161 in
535 2114 702 2161 antea
733 2109 848 2162 Deo
881 2107 1194 2161 auxiliante
1233 2108 1532 2178 acquirere
1565 2107 1839 2177 potuerit,
1876 2124 1972 2160 vo-

272 2197 464 2251 lumus
509 2201 572 2250 ut
618 2198 724 2250 sub
775 2200 972 2249 nostra
1020 2195 1355 2250 defensione
1406 2195 1597 2266 quiete
1641 2211 1704 2249 ac
1744 2195 1976 2266 pacilice

272 2289 553 2355 perpetuo
583 2289 918 2354 permaneat
940 2283 1063 2337 sine
1093 2283 1496 2337 molestatione
1526 2283 1785 2353 alicujus.
1816 2283 1976 2347 Quod

273 2389 408 2426 vero
458 2371 846 2442 praecipimus,
897 2376 954 2425 et
997 2371 1068 2426 ab
1117 2373 1221 2425 hac
1266 2372 1410 2425 hora
1459 2371 1521 2425 in
1571 2378 1739 2425 antea
1786 2373 1980 2425 nullus

274 2459 409 2525 dux,
457 2458 730 2523 marchio,
775 2457 1095 2528 episcopus,
1142 2474 1354 2526 comes,
1399 2458 1730 2524 vicecomes,
1771 2456 1981 2527 gastal-

276 2546 390 2611 dio,
453 2545 787 2611 sculdascio,
839 2546 1055 2599 decano
1114 2561 1211 2598 seu
1269 2545 1465 2617 aliqua
1511 2545 1694 2600 nostri
1750 2543 1983 2615 imperii

279 2650 489 2704 magna
510 2650 798 2705 parvaque
829 2650 1072 2704 persona
1092 2635 1304 2688 audeat
1330 2636 1607 2689 Joannem
1636 2634 1982 2688 monachum

281 2722 546 2776 abbatem
594 2723 693 2792 qui
743 2722 820 2776 ibi
862 2723 975 2775 Deo
1009 2722 1204 2787 servit,
1253 2727 1428 2793 atque
1466 2723 1608 2776 alios
1655 2721 1983 2785 monachos,

286 2812 387 2883 qui
426 2811 597 2865 modo
627 2818 763 2865 sunt
791 2817 890 2865 aut
927 2828 1029 2882 pro
1072 2817 1334 2881 tempore
1366 2812 1511 2865 inibi
1551 2813 1662 2866 Deo
1703 2811 1985 2864 famulen-

287 2906 400 2965 tur,
446 2898 760 2964 disvestire,
802 2900 1103 2953 molestare
1146 2905 1245 2953 aut
1292 2900 1635 2971 iniquietare
1682 2905 1990 2970 praesumat

289 2987 412 3042 sine
445 2986 616 3058 legati
638 2987 878 3058 judicio.
912 2987 970 3042 Si
997 2987 1126 3058 quis
1156 2987 1333 3057 igitur
1361 2988 1533 3058 hujus
1566 2989 1740 3042 nostri
1785 2988 1989 3042 mundi

290 3075 482 3132 burdii
511 3075 748 3129 violator
776 3075 1073 3139 exstiterit,
1108 3076 1245 3130 sciat
1276 3094 1334 3130 se
1367 3078 1820 3146 compositurum
1865 3075 1991 3129 auri

2069 1401 2340 1465 bellariis,
2397 1401 2690 1470 precariis,
2722 1407 2778 1456 et
2831 1417 2963 1455 cum
3017 1399 3288 1454 omnibus
3358 1400 3530 1454 rebus
3573 1416 3778 1453 eorum

2071 1489 2378 1543 mobilibus
2407 1495 2463 1544 et
2492 1490 2902 1557 immobilibus,
2963 1505 3062 1560 per
3089 1489 3260 1558 hujus
3298 1488 3476 1542 nostri
3507 1487 3788 1559 praecepti

2071 1577 2368 1648 paginam,
2405 1584 2576 1649 prout
2597 1579 2754 1649 juste
2793 1585 2850 1632 et
2895 1577 3154 1645 Iegaliter
3184 1592 3512 1647 possumus,
3562 1592 3792 1630 conces-

2074 1665 2255 1718 simus
2301 1672 2360 1719 et
2388 1667 2848 1732 corroboramus,
2884 1667 3098 1720 scilicet
3138 1672 3407 1736 utrasque
3461 1665 3616 1736 ripas
3666 1667 3791 1720 Ilu—

2075 1752 2248 1806 minis
2277 1754 2518 1822 Tartari,
2549 1756 2757 1810 deinde
2797 1771 3026 1810 sursum
3064 1770 3246 1825 usque
3276 1754 3346 1808 ad
3375 1755 3594 1808 llumen
3629 1753 3790 1818 Olei;

2083 1853 2154 1906 de
2188 1845 2301 1899 alia
2347 1848 2508 1915 parte
2567 1845 2737 1897 Fossa
2791 1843 2934 1907 alta;
2986 1843 3054 1895 de
3107 1841 3277 1896 tertia
3338 1847 3500 1912 parte
3552 1841 3796 1896 ecclesia

2086 1937 2279 1996 Sancti
2305 1931 2559 1990 Faustini
2609 1931 2668 1985 in
2698 1933 2871 2000 caput
2931 1930 3191 1995 Variana,
3237 1935 3294 1984 et
3350 1930 3485 1984 inde
3528 1947 3795 1984 seorsum

2087 2043 2267 2098 usque
2297 2025 2357 2078 in
2388 2021 2614 2093 Agricia
2661 2019 2907 2088 majore;
2941 2036 3009 2073 ea
3038 2017 3303 2072 videlicet
3329 2018 3555 2072 ratione
3583 2035 3792 2072 conce-

2087 2117 2276 2172 dimus
2305 2113 2386 2167 eis
2417 2125 2649 2164 omnem
2691 2109 2984 2161 teloueum
3015 2111 3073 2160 et
3128 2107 3451 2176 ripaticum,
3495 2105 3651 2175 quod
3686 2121 3794 2175 pro

2090 2202 2318 2274 negotio
2390 2201 2654 2254 exercent
2709 2196 2770 2249 in
2831 2196 3036 2261 Garda,
3085 2199 3142 2248 et
3210 2195 3270 2247 in
3323 2195 3544 2260 Lasese,
3616 2199 3674 2248 et
3731 2193 3798 2246 in

2089 2308 2315 2348 summo
2367 2290 2532 2352 Lacu,
2570 2287 2656 2339 vel
2709 2285 2769 2338 in
2803 2284 3086 2348 Brixiana,
3123 2288 3178 2337 et
3211 2284 3270 2337 in
3304 2283 3580 2349 Ferraria,
3614 2283 3699 2336 vel
3734 2282 3802 2338 in

2091 2381 2377 2444 Comaclu,
2409 2383 2467 2432 et
2510 2377 2572 2430 in
2621 2375 2911 2438 Ravenna,
2966 2372 3100 2443 ipsi,
3141 2371 3374 2442 suisque
3423 2372 3580 2439 liliis,
3612 2388 3676 2424 ac
3698 2371 3801 2424 ho-

2092 2470 2343 2526 minibus
2387 2466 2488 2538 qui
2519 2465 2749 2519 illorum
2781 2479 3008 2516 causam
3049 2462 3372 2516 laborantes
3400 2461 3800 2532 negotiantur,

2091 2557 2383 2616 licentiam
2414 2555 2689 2615 ,habeant
2749 2551 3086 2622 potestative
3131 2550 3467 2621 negotiandi
3520 2565 3624 2619 per
3676 2549 3802 2618 jam

2093 2649 2308 2704 dictum
2345 2648 2551 2700 Lacum
2600 2643 2816 2712 absque
2851 2639 3112 2693 omnium
3149 2639 3452 2693 hominum
3514 2637 3804 2692 contradi-

2095 2736 2305 2799 ctione,
2354 2733 2443 2786 vel
2505 2731 2733 2802 publica
2789 2728 3106 2792 iunctione,
3167 2727 3252 2780 vel
3305 2727 3548 2796 alicujus
3587 2724 3808 2779 telonei

2097 2827 2184 2880 vel
2217 2822 2440 2894 ripatici
2471 2820 2709 2875 reddita.
2746 2817 3151 2888 Praecipientes
3189 2817 3383 2886 itaque
3431 2816 3708 2886 jubemus
3742 2819 3814 2868 ut

2101 2915 2290 2969 nullus
2319 2912 2451 2974 dux,
2504 2909 2828 2979 episcopos,
2863 2906 3138 2972 marchio,
3200 2921 3410 2971 comes,
3463 2905 3808 2968 vicecomes,

2101 3000 2402 3072 gastaldio,
2462 2995 2799 3061 sculdascio,
2872 2994 3142 3061 decanns,
3211 2993 3296 3046 vel
3373 2993 3568 3063 aliqua
3626 2991 3813 3045 nostri

2105 3089 2268 3161 regni
2317 3103 2525 3158 magna
2576 3100 2864 3155 parvaque
2923 3097 3169 3152 persona
3221 3081 3292 3135 de
3352 3081 3487 3134 hinc
3540 3081 3814 3150 praefatos

293 3164 500 3234 optimi
537 3165 681 3218 libra
729 3171 983 3230 centum,
1048 3165 1414 3218 medietatem
1467 3181 1707 3218 cameize
1764 3170 1994 3230 nostrae,

2202 3193 2448 3233 mannos
2472 3175 2541 3229 de
2585 3175 2702 3228 suis
2748 3171 3030 3244 personis,
3081 3170 3196 3224 sive
3227 3169 3400 3223 etiam
3443 3170 3513 3223 de
3537 3169 3813 3222 omnibus

297 3259 354 3307 et
384 3252 746 3307 medietatem
797 3254 1101 3322 praefatum
1157 3255 1439 3307 Joannem
1491 3253 1781 3321 abbatem,
1821 3261 1992 3323 atque

297 3341 590 3408 fratribus,
626 3347 799 3411 atque
831 3341 948 3394 suis
980 3341 1421 3394 successoribus.
1489 3341 1653 3404 Quod
1716 3347 1777 3395 ut
1807 3342 1995 3394 verius

299 3429 1020 3500 credaturdiligentiusque
1041 3429 1110 3483 ab
1145 3429 1410 3484 omnibus
1426 3429 1780 3495 observetur,
1811 3431 1994 3499 sigillo

302 3523 496 3571 nostro
511 3517 790 3587 jussimus
827 3517 1114 3588 insigniri.

378 3606 674 3660 Ileinricus
731 3607 1100 3662 cancellarius
1153 3606 1272 3661 vice
1327 3607 1562 3662 Everadi
1633 3605 1890 3678 episcopi
1945 3611 2001 3661 et

305 3693 787 3749 archicancellarii
809 3696 1158 3767 recognovit.

376 3785 546 3838 Locus
562 3785 755 3852 sigilli.

377 3873 581 3926 Datum
617 3890 766 3926 anno
821 3873 1128 3927 Dominicae
1162 3873 1571 3928 incarnationis
1614 3872 1770 3936 1014,
1802 3870 2001 3925 indict.

305 3977 402 4027 xu,
486 3978 638 4016 anno
705 3963 925 4017 domini
1003 3963 1252 4019 tleinrici
1321 3962 1685 4034 imperatoris
1759 3957 2006 4029 Augusti

308 4050 472 4118 regni
493 4065 590 4115 xu,
625 4052 772 4119 (167)
804 4051 1036 4122 imperii
1064 4053 1189 4122 ejus
1220 4070 1256 4106 ι.

381 4139 581 4191 Actum
608 4139 670 4192 in
700 4139 950 4210 Papiano
981 4141 1237 4194 feliciter.
1267 4142 1470 4192 Amen.

1048 4245 1272 4300 LXXIII.

313 4334 575 4387 Henricus
605 4334 637 4386 1
645 4335 665 4387 ι
695 4334 996 4390 Germania
1047 4349 1145 4386 rex
1180 4331 1505 4384 Arimanm‘s
1555 4327 1871 4382 Mantuanis
1898 4326 2015 4393 pri-

891 4406 1093 4469 vilegia
1130 4404 1428 4470 conﬁrmat.

967 4491 1154 4561 (Anno
1191 4489 1367 4558 1014.)

673 4580 786 4653 [Mn
798 4581 994 4648 ratori,
1026 4583 1223 4648 Antiq.
1246 4578 1369 4632 Ital.
1382 4617 1397 4645 ,
1420 4575 1510 4642 ιν,
1549 4570 1659 4644 13.]

390 4689 455 4741 In
480 4689 714 4742 nomine
753 4695 962 4742 sancta:
992 4693 1048 4741 et
1093 4685 1404 4741 individuae
1453 4681 1767 4749 Trinitatis,
1803 4680 2018 4732 Heum-

319 4777 651 4840 cus,'divina
671 4778 894 4831 favente
917 4776 1243 4839 clementia,
1270 4788 1387 4827 rex.

393 4865 664 4920 Omnium
707 4873 1035 4918 sanctorum
1093 4863 1191 4918 Dei
1229 4865 1671 4929 nostrorumque
1736 4855 2017 4922 ﬁdelium,

323 4953 688 5023 praesentium
721 4953 936 5006 scilicet
976 4969 1041 5006 ac
1090 4951 1436 5015 futurorum,
1478 4947 1704 5001 noverit
1739 4944 2019 5012 sagacita-

321 5043 395 5096 tis
422 5041 703 5095 industria
727 5041 974 5111 qualiter
1005 5057 1133 5106 nos,
1175 5055 1281 5109 pro
1315 5037 1414 5092 Dei
1446 5052 1662 5100 amore,
1695 5035 2022 5104 animaeque

326 5135 532 5185 nostrae
591 5129 871 5196 remedio,
943 5133 1179 5182 cunctos
1249 5125 1594 5180 Arimannos
1655 5123 1716 5176 in
1791 5121 2021 5175 civitate

323 5219 588 5285 Mantum,
622 5216 738 5271 sive
781 5216 841 5270 in
885 5220 1065 5269 castro
1116 5214 1216 5286 qui
1265 5213 1476 5268 dicitur
1513 5213 1738 5278 Portus,
1799 5209 1915 5262 sive
1962 5209 2022 5262 in

326 5308 544 5361 vicoras
601 5323 730 5378 quae
773 5304 1149 5358 nominantur
1203 5303 1409 5357 Sancto
1459 5299 1720 5368 Georgio,
1771 5297 2020 5368 Cepada,

325 5397 676 5468 Formigosa,
721 5411 822 5450 seu
852 5399 907 5448 et
938 5395 996 5447 in
1027 5393 1302 5448 comitatu
1333 5392 1638 5445 Mantuano
1669 5386 2011 5450 habitantes,

394 5520 545 5590 (167)
569 5521 686 5575 Nisi
736 5519 900 5573 malis
931 5517 1209 5572 mendum
1239 5515 1298 5569 in
1329 5529 1614 5590 annorum
1658 5509 2020 5590 supputatio-

322 5581 454 5645 nem
477 5581 795 5661 irrepsisse,
855 5590 1300 5661 scriptumque;
1326 5584 1615 5661 regnixu.‘
1636 5581 1746 5661 pro
1769 5597 1893 5661 χιιι-ς

319 5662 570 5730 diploma
595 5652 797 5715 'datuni
827 5652 1110 5714 ante-Kal.
1146 5652 1370 5730 Martias
1397 5652 1489 5708 an.
1529 5657 1682 5708 1014.
1705 5653 1848 5730 Tum
1871 5652 2021 5705 belle

319 5723 513 5786 omnia
561 5735 759 5786 tluent.
811 5734 952 5786 Nam
1005 5729 1176 5800 (quod
1205 5729 1275 5783 ad
1321 5728 1476 5782 hunc
1525 5740 1742 5779 annum
1773 5723 2014 5778 demon-

2107 3266 2392 3339 praedictis
2451 3263 2621 3318 rebus
2686 3261 3032 3332 inquietare,
3100 3259 3418 3323 disvestire,
3480 3258 3812 3321 molestare,

2107 3357 2413 3424 nullusque
2434 3352 2494 3405 in
2523 3367 2722 3404 eorum
2756 3348 3149 3403 mansionibus
3170 3347 3251 3401 eis
3283 3347 3474 3400 invitis
3492 3345 3816 3415 hospitium

2106 3446 2314 3509 facere,
2367 3442 2454 3494 vel
2500 3441 2756 3510 aliquam
2812 3436 3099 3508 publicam
3154 3436 3528 3500 iunctionem,
3584 3433 3694 3486 nisi
3740 3433 3814 3487 ad

2109 3549 2236 3586 eam
2288 3546 2461 3602 quam
2503 3528 2591 3582 sui
2625 3533 3007 3580 antecessores
3050 3526 3366 3579 secundum
3420 3525 3605 3593 legem
3655 3523 3818 3575 fece-

2109 3626 2267 3686 runt,
2294 3634 2517 3689 cogere,
2547 3617 2670 3670 sine
2722 3615 2890 3685 legali
2931 3613 3152 3684 judicio
3187 3613 3371 3667 facere
3399 3617 3731 3683 praesumat.
3755 3609 3818 3665 Si

2112 3710 2242 3781 quis
2262 3715 2476 3774 autem,
2511 3704 2664 3776 quod
2700 3704 2955 3757 futurum
2980 3719 3096 3756 non
3125 3703 3432 3768 credimus,
3468 3706 3670 3754 contra
3701 3699 3816 3752 hoc

2113 3804 2374 3853 nostrum
2407 3797 2757 3865 praeceptum
2789 3791 3122 3860 insurgerit,
3171 3797 3272 3844 aut
3302 3790 3441 3844 illud
3499 3789 3822 3858 infringere

2114 3883 2440 3949 tentaverit,
2474 3881 2614 3934 sciat
2643 3895 2702 3932 se
2750 3879 3205 3948 compositurum
3236 3879 3359 3931 auri
3393 3876 3598 3948 optimi
3646 3876 3826 3930 libras

2119 3975 2296 4038 mille,
2367 3969 2730 4024 medietatem
2777 3983 3016 4020 camerae
3047 3975 3276 4032 nostrae,
3337 3971 3395 4019 et
3449 3964 3823 4019 medietatem

2123 4061 2404 4133 praedictis
2455 4055 2804 4120 Arimauuis,
2855 4055 2916 4109 in
2957 4056 3078 4124 jam
3110 4055 3261 4108 dicta
3307 4055 3533 4108 Mantua
3560 4052 3823 4119 civitate,

2121 4152 2236 4205 sive
2297 4149 2356 4202 in
2430 4153 2614 4198 castro
2663 4145 2857 4208 Portu,
2929 4143 3015 4196 vel
3064 4143 3124 4195 in
3177 4142 3455 4196 comitatu
3516 4141 3830 4194 Mantuano

2123 4235 2506 4293 residentibus
2535 4232 2944 4286 habitantibus.
3017 4231 3175 4294 Quod
3219 4236 3282 4283 ut
3312 4231 3500 4283 verius
3530 4229 3828 4293 credatur,

2125 4331 2181 4378 et
2228 4321 2557 4391 diligentius
2593 4321 2662 4374 ab
2719 4320 2986 4373 omnibus
3027 4321 3379 4384 observetur,
3435 4317 3612 4372 nostri
3651 4317 3833 4386 sigilli

2047 4438 2088 4491 ι)
2131 4410 2504 4482 impressione
2529 4409 2725 4462 subter
2754 4408 3016 4478 insigniri
3043 4406 3338 4476 jussinins.

2200 4521 2427 4586 Signum
2452 4516 2658 4570 domini
2681 4517 2902 4568 Ilenrici
2929 4516 3071 4582 regis
3093 4513 3466 4567 invictissimi.

2202 4624 2480 4678 Henricus
2539 4622 2910 4676 cancellarius
2967 4621 3084 4674 vice
3138 4619 3405 4674 Everardi
3477 4617 3730 4688 episcopi
3773 4625 3834 4672 et

2130 4711 2570 4783 archicapellani
2591 4709 2912 4781 recognovi.

2203 4821 2411 4875 Datum
2470 4835 2620 4872 anno
2674 4815 2983 4872 Dominicaa
3027 4813 3436 4869 incarnationis
3472 4815 3630 4880 1014,
3680 4813 3836 4868 indi-

2130 4908 2320 4963 ctione
2360 4924 2457 4973 xn,
2516 4923 2667 4962 anno
2700 4922 2832 4960 vero
2883 4905 3080 4958 domni
3127 4903 3356 4960 Ilenrici
3408 4903 3560 4974 regis
3592 4896 3840 4957 secundi

2133 4995 2427 5069 regnantis
2451 5012 2547 5050 xu.

2202 5107 2406 5158 Actum
2428 5103 2712 5158 Ravennae
2757 5100 3017 5155 feliciter.
3042 5101 3246 5154 Amen.

2136 5512 2409 5562 stratura
2464 5503 2771 5560 Muratorio
2821 5508 3018 5557 contra
3064 5501 3305 5569 Pagium
3356 5500 3635 5570 aliosque)
3687 5501 3837 5555 circa

2137 5579 2398 5659 Martium
2430 5593 2522 5632 an.
2557 5577 2709 5643 1014,
2748 5575 3021 5632 Henricus
3052 5575 3098 5631 II
3151 5573 3406 5629 Italicum
3432 5587 3679 5647 regnum
3738 5589 3837 5628 ar-

2134 5655 2335 5719 ripuit.
