3980 6418
134 476 241 527 309

906 598 1137 655 LXXIV.

134 686 190 740 S.
225 686 515 743 Henricus
553 688 801 743 Ecclesia:
832 688 1263 755 Hamburgensis
1321 691 1615 759 privilegia
1660 692 1857 759 Conﬁr-

802 764 916 812 mat
935 764 985 813 et
1023 763 1208 829 augel.

788 851 976 915 (Anno
1024 850 1209 916 1014.)

178 952 367 1024 [Αριιά
404 953 803 1025 Lappenberg,
834 956 1267 1022 Hamburgische
1318 955 1587 1022 Urkund.,
1611 972 1668 1027 p.
1703 958 1816 1028 64.]

208 1043 277 1096 lu
310 1042 546 1096 nomine
577 1047 786 1096 sancta
811 1048 867 1096 et
906 1043 1221 1098 individua
1270 1044 1581 1110 Trinitatis,
1612 1046 1851 1100 Hamm-

134 1146 253 1196 ccs,
300 1130 497 1184 divina
525 1130 749 1185 favente
771 1131 1096 1197 clementia,
1122 1133 1512 1187 Romanorum
1538 1134 1855 1204 imperatur

133 1223 453 1287 Angustus.

206 1308 267 1361 Si
335 1308 645 1375 petitiones
710 1308 1073 1363 sacerdotum
1128 1310 1252 1379 pias
1314 1326 1497 1379 prona
1544 1311 1850 1365 devotione

130 1396 200 1449 ad
266 1397 539 1450 elfectum
594 1396 946 1461 duxerimus,
1005 1397 1063 1451 id
1119 1400 1318 1468 procul
1366 1398 1540 1451 dubio
1616 1398 1686 1452 ad
1736 1406 1850 1452 sta-

134 1491 260 1538 tum
296 1485 599 1554 prasentis
644 1486 769 1539 vita
808 1491 864 1540 et
915 1493 1139 1540 aeterna
1199 1487 1573 1540 beatitudinis
1612 1488 1851 1555 pramia

130 1575 491 1643 capessenda
548 1575 714 1630 nobis
786 1575 1157 1644 profuturum
1214 1575 1524 1629 credimus.
1584 1576 1850 1647 Quapro-

130 1668 264 1732 pter
322 1663 587 1717 omnium
663 1664 922 1718 ﬁdelium
964 1669 1292 1718 nostrorum
1361 1665 1727 1735 praesentium
1793 1669 1850 1718 et

130 1752 467 1805 futurorum
498 1753 724 1806 noverit
752 1753 1039 1807 industria
1070 1754 1315 1823 qualiter
1371 1754 1457 1806 vir
1506 1753 1848 1807 venerabilis

133 1843 353 1907 Unaco,
388 1841 937 1911 Hammaburgensis
962 1842 1221 1896 Ecclesia
1254 1841 1646 1912 archiprasul,
1672 1858 1845 1912 quem

129 1947 237 1984 nos
275 1930 467 1983 eiiem
501 1931 886 2002 prafecimus,
923 1932 1135 1984 nostris
1175 1930 1474 1985 obtutibus
1512 1931 1846 2000 praesentari

129 2019 268 2073 fecit
305 2026 599 2090 pracepta
647 2021 830 2074 beata
884 2020 1179 2073 memoria
1235 2020 1478 2073 senioris
1505 2028 1563 2073 et
1591 2025 1843 2073 anteces-

126 2108 277 2163 soris
310 2109 538 2163 Ottonis
578 2108 749 2175 tertii,
807 2109 1170 2177 imperatoris
1220 2108 1483 2179 Augusti,
1515 2107 1580 2162 in
1635 2109 1847 2178 quibus

127 2196 539 2251 continebatur
567 2198 859 2268 quomodo
907 2197 1050 2267 ipse,
1095 2214 1195 2267 pro
1233 2200 1330 2252 Dei
1380 2214 1598 2264 amore,
1647 2214 1846 2252 mona-

127 2285 319 2339 steriis
350 2285 409 2339 in
432 2287 558 2355 ejus
591 2286 881 2357 episcopio
912 2287 1357 2341 consistentibus
1414 2287 1701 2357 imperiali
1740 2304 1843 2342 au-

125 2375 393 2429 ctoritate
425 2374 751 2429 libertatem
792 2381 848 2429 et
886 2376 1192 2429 tuitionem
1245 2376 1637 2441 concessisset,
1672 2392 1845 2445 roga-

126 2464 327 2534 vitque
376 2464 777 2518 celsitudinem
835 2470 1091 2518 nostram
1142 2470 1205 2518 ut
1263 2482 1367 2518 nos
1407 2464 1599 2519 denuo
1649 2470 1843 2519 nostra

128 2554 519 2623 praceptione
549 2553 748 2607 eadem
777 2554 1127 2608 monasteria
1156 2558 1212 2607 et
1237 2553 1436 2608 omnia
1473 2554 1610 2607 illuc
1666 2554 1842 2624 perti-

130 2644 329 2697 nentia
358 2643 857 2697 conﬁrmaremus.
895 2644 1009 2696 Nos
1041 2659 1197 2707 vero,
1227 2643 1353 2712 ejus
1379 2643 1550 2712 justa
1580 2649 1636 2696 et
1665 2644 1839 2696 ratio-

130 2732 309 2786 nabili
342 2731 610 2802 petitioni
634 2748 933 2785 assensum
988 2732 1334 2802 prabentes,
1394 2733 1611 2787 dilecta
1651 2742 1843 2786 conte-

125 2820 291 2874 ctalis
363 2828 598 2885 nostra,
674 2820 1077 2890 Chunigunda
1140 2822 1405 2875 videlicet
1458 2822 1841 2890 imperatricis

125 2914 424 2981 Augusta,
497 2912 936 2976 iuterventione,
988 2912 1057 2964 ad
1110 2912 1392 2965 honorem
1453 2916 1663 2965 sancta
1741 2911 1840 2964 Dei

126 3000 429 3069 genitricis
458 3000 673 3067 Maria,
705 3000 797 3053 cui
829 3000 985 3053 locus
1019 3000 1114 3053 ille
1150 3001 1543 3071 Hammaburg
1595 3005 1680 3053 est
1700 3016 1838 3053 con-

125 3093 397 3151 secratus,
446 3088 636 3143 eidem
698 3089 823 3143 loco
884 3088 1403 3157 Hammaburgensi
1448 3089 1835 3153 concedimus,

124 3178 467 3247 caterisque
491 3178 859 3231 monasteriis
899 3178 968 3231 ad
1004 3179 1151 3231 hanc
1202 3178 1492 3231 dioecesim
1545 3177 1837 3248 pertineu-
1872 3180 1912 3232 C

126 3267 302 3333 tibus,
336 3266 391 3319 id
424 3273 508 3319 est
535 3267 807 3329 Bremun,
836 3266 1115 3325 Buckiun,
1180 3267 1541 3330 Ramaslaun,
1598 3266 1841 3319 Birchsi-

130 3372 274 3416 nun,
311 3355 623 3425 Haslinga,
662 3354 975 3423 Hipesholt,
1038 3354 1319 3425 quidquid
1353 3354 1544 3408 senior
1571 3360 1627 3407 et
1674 3360 1844 3407 ante-

124 3459 321 3497 cessor
370 3459 533 3496 meus
577 3443 782 3513 suique
816 3450 1223 3506 antecessores,
1279 3459 1444 3513 reges
1503 3443 1763 3496 videlicet
1789 3446 1845 3494 et

126 3534 532 3602 imperatores,
557 3532 777 3585 eisdem
831 3531 1195 3586 monasteriis
1240 3532 1506 3585 donando
1554 3544 1651 3585 aut
1680 3530 1844 3584 robo-

128 3621 313 3676 rando
340 3626 774 3686 concesserant;
818 3637 886 3674 ea
924 3620 1187 3674 videlicet
1223 3620 1554 3675 conditione
1603 3625 1665 3673 ut
1704 3636 1845 3673 sem-

128 3726 235 3782 per
290 3711 400 3763 sub
456 3709 703 3763 tuitioue
761 3715 958 3763 nostra
1050 3710 1165 3763 sint
1217 3711 1649 3780 perpetualiter,
1715 3726 1846 3763 cum

130 3799 406 3854 omnibus
438 3798 809 3868 pertinentiis
842 3800 978 3863 suis,
1012 3798 1268 3869 quasitis
1318 3800 1403 3851 vel
1462 3798 1844 3868 inquirendis.

130 3887 517 3943 Concedimus
568 3888 805 3957 insuper
838 3888 1078 3958 prafato
1128 3886 1553 3957 archiepiscopo
1609 3890 1847 3957 ejusque

131 3976 566 4030 successoribus
597 3976 889 4030 licentiam
921 3977 1287 4031 construendi
1310 3982 1622 4030 mercatum
1646 3976 1704 4029 in
1728 3978 1849 4030 loco

135 4068 411 4120 Bremum
443 4072 800 4136 nuncupato,
832 4067 891 4119 in
940 4082 1055 4137 quo
1114 4082 1266 4119 nunc
1323 4066 1850 4137 archiepiscopatus

134 4154 419 4219 consistit,
451 4170 583 4208 cum
619 4155 810 4208 banno
840 4158 897 4208 et
930 4157 1157 4208 teloneo
1184 4161 1355 4224 atque
1384 4161 1612 4208 moneta
1638 4155 1849 4225 publici

133 4244 414 4315 ponderis
460 4250 519 4297 et
584 4243 713 4313 puri
752 4244 996 4313 argenti,
1039 4248 1345 4314 totumque
1405 4244 1561 4314 quod
1611 4243 1744 4296 inde
1778 4244 1850 4296 ad

135 4335 340 4388 ﬁscum
419 4338 681 4386 nostrum
747 4333 1037 4403 pertinere
1108 4332 1484 4401 dignoscitur,
1534 4331 1849 4402 pralibata

138 4421 437 4478 Bremensi
462 4421 817 4474 conferimus
848 4422 992 4476 sedi.
1033 4421 1182 4485 Quin
1212 4421 1385 4475 etiam
1444 4421 1847 4491 negotiatores,

135 4510 399 4583 ejusdem
478 4512 691 4564 incolas
752 4510 877 4573 loci,
957 4518 1169 4564 nostra
1220 4510 1479 4563 tuitionis
1535 4508 1851 4580 patrocinio

136 4600 561 4664 condonamus,
642 4599 1044 4669 pracipientes
1088 4599 1196 4653 hoc
1244 4598 1562 4669 imperialis
1609 4598 1856 4651 auctori-

136 4690 268 4743 tatis
297 4694 617 4759 pracepto,
650 4704 765 4759 quo
805 4689 864 4742 in
920 4689 1191 4743 omnibus
1248 4688 1349 4741 tali
1408 4689 1588 4741 tutela
1644 4693 1698 4740 et
1721 4688 1853 4756 jure

138 4778 463 4849 potiantur,
508 4775 667 4847 quali
690 4776 976 4846 majorum
1015 4777 1278 4831 videlicet
1304 4776 1601 4830 civitatum
1632 4776 1855 4829 instito-

142 4882 227 4917 res
251 4879 358 4933 per
381 4868 645 4917 nostrum
672 4880 913 4935 regnum
938 4865 1111 4936 potiri
1176 4870 1512 4929 noscuntur,
1566 4880 1858 4934 nemoque

140 4953 283 5007 inibi
308 4952 567 5023 aliquam
597 4952 707 5006 sibi
738 4953 987 5009 vindicet
1019 4960 1385 5025 potestatem.
1444 4954 1555 5007 nisi
1607 4952 1860 5025 prafata

141 5041 292 5095 sedis
349 5041 845 5111 archiepiscopus,
868 5048 924 5097 et
981 5044 1290 5097 advocatus
1343 5059 1516 5113 quem
1562 5042 1685 5112 ipse
1744 5042 1860 5094 ele-

142 5129 312 5199 gerit.
349 5129 433 5183 Ad
473 5129 596 5183 hac
664 5129 953 5199 imperiali
1007 5130 1193 5185 edicto
1245 5130 1517 5201 jubemus
1564 5136 1628 5184 ut
1671 5130 1863 5182 nullus

142 5221 278 5283 dux,
335 5233 527 5289 neque
582 5218 839 5272 marchio
881 5219 971 5272 vel
1026 5235 1238 5285 comes,
1298 5224 1397 5271 aut
1426 5218 1540 5271 alia
1597 5218 1866 5288 qualibet

140 5305 448 5374 judiciaria
501 5311 759 5375 potestas
790 5306 849 5359 in
880 5306 1339 5378 supradictorum
1383 5307 1864 5360 monasteriorum

146 5394 510 5459 hominibus,
567 5394 983 5466 ﬂammaburg.
1019 5397 1309 5463 Bremum,
1346 5394 1628 5455 Buckiun,
1662 5396 1864 5449 Rema-

149 5486 335 5543 slaun.
373 5482 744 5549 Birclisinun,
782 5484 1090 5554 llaslinga,
1126 5484 1440 5554 Ripesholt,
1475 5483 1561 5536 vel
1593 5482 1654 5537 in
1697 5489 1869 5537 cate-

155 5575 229 5626 ris
260 5572 638 5643 pertinentiis
668 5572 1006 5626 eorumdem
1066 5572 1322 5643 aliquam
1370 5576 1711 5643 potestatem
1762 5570 1871 5624 sibi

156 5667 412 5731 usurpet,
441 5678 544 5714 seu
580 5660 640 5714 in
684 5660 820 5727 litis,
851 5661 1070 5715 colonis
1100 5666 1273 5731 atque
1319 5659 1757 5731 jamundlingis,
1781 5661 1869 5714 vel

156 5768 250 5803 eos
282 5750 498 5821 aliquis
520 5747 729 5819 capitis
763 5748 956 5803 banno
981 5749 1053 5802 ob
1108 5748 1312 5819 capitis
1359 5748 1575 5802 furtum
1617 5748 1702 5802 vel
1757 5747 1872 5803 alio

1416 464 1805 535 un'wm‘ri
1852 478 2401 539 ECCLESIASTICA.

2500 438 2523 445 κ

3571 494 3672 546 310

1888 606 1933 657 Α
1972 604 2168 677 aliquo
2198 607 2389 662 banuo
2410 608 2791 680 constringat,
2815 616 2913 664 aut
2929 610 3181 682 aliquam
3196 613 3480 684 justitiam
3510 620 3677 685 cogat

1968 696 2175 760 facere,
2216 697 2327 751 nisi
2399 698 2656 753 advocati
2746 700 3162 771 archiepiscopi
3242 704 3669 771 prauominati,

1967 801 2115 855 quos
2165 786 2287 856 ipse
2328 787 2483 853 velit,
2542 792 2597 840 et
2645 789 2956 843 constituat
3005 791 3325 845 advocatos.
3376 792 3489 862 Ipsi
3539 809 3671 847 vero

1966 874 2225 928 advocati
2268 874 2530 928 homines
2583 877 2849 945 prafatos
2899 878 3089 932 banuo
3145 886 3340 933 nostro
3381 882 3667 936 constrin-

1964 973 2104 1031 gant
2130 963 2199 1015 ad
2233 979 2465 1016 omnem
2487 964 2774 1033 justitiam
2824 966 3169 1020 faciendam.
3223 969 3290 1022 Et
3321 974 3381 1021 ut
3411 970 3533 1023 hac
3562 985 3671 1025 no-

1964 1055 2079 1104 stra
2127 1050 2361 1104 donatio
2397 1068 2424 1105 a
2478 1051 2577 1106 Dei
2633 1054 2929 1125 nostrique
2982 1055 3247 1109 fidelibus
3306 1057 3492 1111 verior
3546 1074 3667 1112 esse

1962 1140 2228 1193 credatur
2250 1157 2313 1193 ac
2372 1157 2472 1210 per
2517 1158 2844 1195 successura
2889 1149 3151 1214 tempora
3178 1145 3511 1200 inconvulsa
3539 1142 3666 1200 dili-

1959 1228 2186 1298 gentius
2237 1229 2590 1296 observetur,
2651 1230 2798 1284 hanc
2837 1233 3092 1286 chartam
3128 1235 3412 1289 conscribi
3464 1251 3665 1289 manu-

1961 1334 2074 1388 que
2098 1324 2291 1371 nostra
2342 1319 2768 1373 corroboratam
2820 1320 2993 1390 sigilli
3049 1322 3232 1375 nostri
3289 1322 3665 1392 impressione

1961 1421 2226 1475 msngmri
2261 1422 2558 1475 jusmmus.

2030 1494 2258 1561 Signum
2288 1494 2475 1548 domui
2531 1495 2793 1549 Heinrici
2852 1496 3077 1550 secundi
3107 1497 3226 1562 (Μ.)
3276 1497 3664 1565 glariosissimi

1959 1584 2309 1651 imperatoris
2340 1585 2593 1649 Augusti.

2031 1673 2377 1726 Guntherius
2416 1672 2787 1727 cancellarius
2831 1672 2951 1726 vice
2982 1672 3659 1746 Gumbaldiarchicapel-

1957 1760 2075 1815 lani
2098 1760 2420 1831 recognovi.
2451 1762 2559 1827 (8.)

2033 1850 2173 1903 Data
2202 1849 2581 1904 qualendas
2620 1850 2967 1917 Decembris,
3026 1850 3339 1904 indictione
3380 1868 3479 1913 xu,
3508 1867 3660 1906 anno

1960 1937 2270 1991 Dominica
2312 1938 2720 1991 incarnationis
2778 1940 2934 2003 1014,
2994 1956 3149 1991 anno
3195 1947 3388 1996 autem
3437 1939 3661 1993 domini

1959 2026 2211 2081 Heinrici
2242 2027 2477 2081 secundi
2510 2026 2804 2096 regnantis
2831 2041 2949 2092 XIII,
2980 2027 3213 2098 imperii
3236 2044 3366 2082 vero
3406 2046 3441 2082 ι.

2026 2115 2266 2169 Altstedi
2290 2121 2520 2170 auctum
2542 2116 2802 2169 feliciter.

2717 2188 2907 2241 LXXV.

1956 2259 2012 2313 S.
2074 2260 2339 2313 Henricus
2388 2260 2687 2353 Turcisz'lna
2730 2259 3302 2353 Ecclesiae‘privilcgia
3352 2258 3655 2327 conﬁrmat.

2603 2332 2786 2397 (Anno
2824 2328 3001 2399 ltili.)

2326 2398 2591 2470 {Ughelli,
2630 2401 3008 2473 lturliagsacru.
3046 2400 3104 2453 V.
3136 2398 3297 2473 508.]

2027 2471 2089 2523 lu
2112 2470 2347 2525 nomine
2378 2476 2587 2523 sancta
2609 2476 2665 2523 et
2710 2471 3023 2525 indivndua
3056 2470 3372 2533 Trinitatis,
3432 2471 3657 2529 HRINRI-

1952 2576 2069 2621 cus,
2101 2560 2296 2615 divina
2326 2560 2550 2614 favente
2593 2560 2921 2625 clementia,
2984 2560 3301 2630 imperator
3345 2563 3655 2627 Augustus.

2023 2648 2101 2714 Si,
2146 2649 2405 2702 Ecclesiis
2431 2649 2632 2701 devote
2662 2648 3027 2713 famulantes,
3073 2649 3155 2701 eis
3203 2665 3331 2718 qua
3388 2648 3661 2717 petierint

1952 2738 2372 2792 contulerimus
2437 2744 2670 2791 aterna
2728 2738 3282 2807 recompensationis
3350 2736 3658 2807 pramium

1953 2827 2348 2897 proculdubio
2401 2826 2659 2894 accipere
2714 2842 2827 2878 non
2874 2826 3243 2895 ambigimus.
3294 2826 3659 2895 Quapropter

1951 2916 2212 2969 omnium
2242 2922 2451 2969 sancta
2488 2916 2583 2969 Dei
2619 2915 2875 2968 Ecclesia
2900 2916 3157 2969 iidelium
3188 2921 3656 2983 nostrorumque,

1950 3004 2324 3075 prasentium
2372 3004 2585 3057 scilicet
2622 3020 2686 3057 ac
2740 3004 3092 3067 futurorum,
3156 3010 3428 3074 agnoscat
3461 3003 3652 3056 multi-

1952 3095 2112 3156 tudo,
2164 3094 2478 3147 Arnaldum
2564 3099 2771 3146 sancta
2835 3093 3210 3146 Tarvisiensis
3266 3092 3654 3144 Venerabilem

1950 3181 2305 3251 episcOpum,
2332 3180 2651 3233 interventu
2705 3186 2758 3233 et
2800 3180 3078 3250 petitione
3139 3180 3409 3248 Egilberti
3441 3180 3656 3233 Frisiu—

1954 3270 2146 3340 gensis
2181 3269 2437 3323 Ecclesia
2468 3269 2756 3330 antistitis,
2778 3276 3027 3322 nostram
3058 3268 3415 3338 imperialem
3450 3267 3655 3335 implo-

1955 3374 2107 3411 rasse
2134 3358 2529 3411 celsitudinem
2560 3364 2867 3428 quatenus,
2916 3373 3020 3428 pro
3067 3358 3162 3410 Dei
3196 3372 3390 3409 amore
3425 3360 3660 3408 nostra-

1955 3464 2067 3518 que
2100 3447 2310 3500 anima
2334 3446 2607 3511 remedio,
2633 3446 2737 3498 sibi
2764 3461 2994 3515 suaque
3026 3446 3282 3499 Ecclesia
3320 3445 3662 3497 conﬁrmaro

1956 3537 2331 3604 dignaremur
2361 3551 2460 3603 per
2484 3536 2589 3587 hoc
2624 3542 2880 3586 nostrum
2904 3540 3251 3604 praeceptum
3280 3538 3481 3586 cuncta
3513 3547 3660 3602 pra-

1957 3631 2120 3695 cepta
2165 3641 2198 3677 a
2254 3623 2464 3677 nostris
2524 3622 3036 3692 pradecessoribus
3119 3622 3434 3674 constituta
3489 3628 3661 3688 atque

1956 3714 2314 3767 cunlirmata.
2370 3711 2546 3781 llujus
2605 3710 2795 3779 dignis
2834 3711 3322 3779 postulationibus
3364 3724 3660 3762 assensum

1958 3802 2299 3874 prabentes,
2325 3805 2381 3852 et
2412 3804 2740 3851 nostrorum
2776 3805 3197 3851 antecessorum
3245 3804 3530 3867 pracepta
3561 3797 3663 3850 ob-

1958 3896 2265 3952 servantes,
2301 3888 2712 3941 conlirmamus
2734 3892 2788 3939 et
2810 3886 3248 3939 corroboramus
3279 3886 3386 3939 sibi
3426 3900 3663 3955 suaque

1958 3978 2210 4031 ecclesia
2238 3976 2435 4029 omnia
2466 3975 2949 4045 pradeccssoriini
2987 3980 3429 4042 nostrorumque
3463 3988 3661 4042 regum

1960 4068 2047 4120 vel
2076 4066 2491 4135 imperatorum
2516 4069 2802 4133 pracepta
2845 4068 2902 4115 et
2923 4078 2989 4115 ea
3022 4078 3150 4132 qua
3192 4062 3251 4114 in
3318 4062 3432 4114 illis
3481 4060 3663 4113 conti-

1962 4161 2191 4219 nentur,
2259 4154 2471 4206 scilicet
2518 4152 2659 4205 duas
2708 4157 2898 4221 partes
2954 4150 3164 4204 telonei
3216 4156 3272 4203 et
3328 4150 3559 4203 mercati
3596 4149 3665 4202 de

1961 4242 2303 4299 Tarvisiensi
2338 4247 2506 4312 portu
2534 4257 2664 4293 cum
2696 4240 2952 4293 districlu
2988 4246 3044 4292 et
3104 4239 3271 4308 legali
3300 4238 3532 4309 querela
3563 4252 3665 4290 ceu

1962 4340 2021 4387 et
2048 4333 2189 4387 duas
2222 4332 2516 4401 portiones
2558 4329 2800 4399 publica
2850 4335 3092 4381 moneta
3127 4344 3230 4380 nec
3279 4342 3394 4379 non
3447 4332 3505 4379 et
3531 4325 3668 4378 telo-

1967 4437 2141 4474 neum
2185 4419 2475 4489 pra-dicta
2532 4418 2776 4470 civitatis
2840 4417 3079 4469 interius
3143 4421 3199 4469 et
3237 4415 3493 4469 exterius
3522 4414 3672 4467 sicut

1967 4511 2239 4563 hactenus
2274 4514 2484 4561 nostra
2516 4506 2775 4577 pervenit
2801 4505 3030 4571 ditioni,
3063 4510 3176 4555 tam
3213 4504 3282 4555 de
3332 4502 3669 4555 Christianis

1964 4614 2257 4669 quamque
2273 4602 2330 4650 et
2361 4595 2576 4649 Judais
2608 4594 2707 4663 qui
2741 4593 2953 4645 ibidem
2989 4598 3221 4659 negotia
3259 4605 3519 4643 exercere
3551 4594 3668 4641 stu-

1963 4686 2214 4751 duerint,
2272 4686 2329 4738 in
2400 4684 2691 4751 integrum
2755 4681 3006 4751 praefata
3037 4678 3383 4733 Tarvisiensi
3416 4677 3671 4731 ecclesia

1965 4775 2376 4830 conﬁrmamus
2410 4789 2423 4837 ;
2458 4772 2630 4825 etiam
2660 4770 2924 4824 Sanctam
2972 4768 3202 4822 Mariam
3250 4783 3379 4820 cum
3439 4767 3673 4820 castello

1967 4864 2136 4933 Asylo
2169 4867 2224 4915 et
2256 4861 2525 4913 omnibus
2546 4859 2663 4911 suis
2693 4858 3137 4929 pertinentibus,
3166 4873 3231 4909 ac
3264 4856 3674 4909 monasterium

1970 4950 2373 5021 Crespulinum
2404 4964 2505 5002 seu
2534 4946 3042 5001 abbatiamsancti
3097 4945 3297 5001 Hilarii
3335 4962 3463 4999 cum
3496 4945 3673 4997 eccle-

1972 5042 2205 5095 siastico
2234 5039 2522 5104 districtu,
2546 5053 2652 5092 nec
2682 5053 2797 5090 non
2844 5042 2902 5090 et
2958 5035 3210 5090 decimas
3258 5034 3327 5087 de
3367 5034 3594 5087 bladino
3623 5036 3677 5085 et

1974 5130 2273 5191 ceresaria,
2307 5134 2364 5182 et
2396 5126 2594 5181 omnia
2623 5126 2733 5179 alia
2754 5142 2885 5197 qua
2918 5140 3021 5195 per
3050 5124 3434 5177 instrumenta
3453 5123 3677 5175 charta-

1976 5235 2105 5275 rum
2139 5236 2171 5273 a
2236 5220 2413 5272 Deum
2461 5215 2797 5270 timentibus
2857 5214 3108 5283 prafata
3167 5218 3374 5265 sancta
3427 5208 3679 5262 ecclesia

1974 5310 2185 5363 donata
2203 5312 2259 5361 et
2313 5321 2581 5359 concessa
2630 5320 2751 5357 esse
2811 5307 3150 5365 noscuntur,
3200 5300 3374 5353 etiam
3403 5298 3449 5349 si
3481 5296 3677 5350 immi-

1978 5402 2153 5452 nente
2197 5394 2449 5449 incendii
2505 5392 2760 5461 periculo
2809 5392 2897 5444 vel
2958 5390 3152 5459 aliquo
3199 5385 3519 5440 infortunio
3562 5384 3682 5453 jam

1981 5486 2131 5539 dicta
2190 5481 2426 5537 ecclesia
2471 5481 2698 5535 chartas
2774 5480 2860 5532 vel
2917 5477 3138 5545 aliquas
3188 5471 3527 5540 scriptiones
3584 5487 3687 5541 per

1980 5571 2390 5642 negligentiam
2420 5568 2691 5639 perdidit,
2725 5567 3136 5620 conﬁrmamus
3189 5567 3361 5631 atque
3408 5560 3688 5613 corrobo-

1984 5675 2178 5713 ramns
2210 5658 2292 5710 illi
2319 5672 2421 5727 per
2458 5656 2566 5708 hoc
2587 5659 2796 5707 nostra
2829 5648 3186 5705 auctoritatis
3217 5654 3592 5719 praceptum,
3625 5652 3692 5700 ut

1993 5745 2146 5816 ipsas
2187 5760 2275 5798 res
2327 5742 2580 5814 pontifex
2634 5740 2811 5809 ipsius
2882 5734 3139 5789 Ecclesia
3201 5740 3412 5794 teneat.
3470 5734 3698 5788 ordinet
