3980 6376
295 389 389 440 3H

1598 382 1654 436 S.
1698 379 1982 435 llENRICl
2025 379 2500 436 IMPERATORIS

3711 382 3837 434 3i2

293 519 465 583 atque
494 510 761 581 disponat
819 524 951 563 cum
993 507 1260 562 omnibus
1316 507 1435 562 suis
1485 505 1655 560 rebus
1689 505 1997 560 mobilibus
2029 507 2076 559 A
2113 505 2210 559 alii
2245 505 2422 560 nostri
2453 504 2670 571 ﬁdeles,
2703 503 2809 558 hoc
2840 508 3266 573 cognoscentes,
3295 507 3502 558 nostrae
3551 502 3840 558 ﬁdelitati

295 608 352 657 et
370 599 762 658 immobilibus
800 601 1019 650 remota
1049 596 1310 650 omnium
1354 594 1656 650 hominum
1704 593 1994 648 contradi-

295 690 484 744 ctione
514 689 602 742 vel
639 686 1058 741 molestatione.
1093 685 1149 740 Si
1181 684 1312 755 quis
1360 683 1541 755 igitur
1589 688 1799 737 nostra
1858 698 1996 736 con-

299 776 646 832 ﬁrmationis
692 779 1042 845 praeceptum
1075 772 1293 825 nefario
1325 787 1466 825 ausu
1527 771 1840 840 infringere
1872 775 1997 823 ten-

297 865 524 931 taverit,
585 861 727 917 sciat
779 879 839 915 se
899 860 1350 931 compositurum
1402 859 1528 913 auri
1588 858 1795 930 optimi
1823 857 1999 912 libras

298 958 547 1016 centum,
573 950 936 1004 medietatem
968 963 1211 1002 camerae
1257 952 1491 1014 nostras,
1525 952 1584 1000 et
1631 946 1999 1000 medietatem

228 1105 241 1117 ο
297 1040 613 1111 praelibatae
651 1037 901 1091 ecclesiae
961 1037 1192 1106 suisque
1233 1034 1574 1088 rectoribus.
1619 1034 1782 1097 Quod
1814 1039 1878 1086 ut
1906 1049 2003 1085 ve-

299 1129 416 1183 rius
445 1130 711 1182 credatur
740 1125 1190 1194 diligentiusque
1236 1123 1589 1190 observetur,
1643 1137 1818 1175 manu
1878 1136 2004 1192 pro-

298 1216 426 1286 pria
456 1214 784 1268 roboratum
808 1212 997 1282 sigillo
1022 1217 1218 1264 nostro
1239 1209 1516 1279 jussimus
1539 1207 1829 1279 insigniri.

373 1304 597 1370 Signum
655 1301 864 1355 domini
914 1301 1157 1354 Heinrici
1219 1299 1575 1352 invictissimi
1653 1297 2004 1366 imperatoris

304 1393 568 1458 Augusti.

374 1476 716 1535 Gumherius
765 1476 1140 1531 cancellarius
1195 1476 1313 1530 vice
1373 1473 1760 1530 Harconbaldi
1817 1473 2006 1527 archi-

305 1585 469 1640 capp.
506 1565 724 1622 notavi.

495 1697 507 1709 .
552 1695 565 1709 .
612 1694 624 1707 .
671 1697 683 1708 .
726 1651 1041 1708 Dominicae
1089 1650 1502 1705 incarnationis
1554 1651 1713 1717 1014,
1771 1649 1890 1705 ind.
1927 1668 2004 1717 χι,

2110 593 2356 664 amplius
2399 593 2761 646 stabiliantur
2793 611 2809 659 ;
2838 591 2962 662 ejus
3009 591 3271 662 precibus
3319 597 3658 662 annuentes,
3686 592 3828 662 jam

2111 681 2327 736 dictum
2361 681 2763 735 comitatulum
2815 696 2846 733 a
2894 685 3094 734 nostro
3129 680 3258 750 jure
3298 680 3355 734 in
3402 680 3525 751 ejus
3559 679 3837 734 ecclesiae

2109 775 2449 841 potestatem
2503 770 2737 824 omnino
2797 769 3252 823 transfundimus
3313 775 3370 823 et
3397 770 3834 840 perdonamus,

2111 865 2169 913 et
2189 861 2487 929 praefatam
2527 859 2755 928 plebem
2785 865 2958 928 atque
3016 859 3278 912 chortem
3336 875 3438 928 per
3467 860 3573 912 hoc
3604 854 3838 912 nostra:

2113 947 2466 1001 auctoritatis
2499 951 2852 1016 praeceptum
2915 946 3036 1014 jam
3089 945 3432 1016 supradicta!
3479 945 3836 1000 Novariensi

2113 1034 2362 1089 ecclesiae
2386 1034 2678 1088 reddimus
2705 1038 2761 1086 et
2785 1033 3148 1088 concedimus
3177 1049 3308 1087 cum
3341 1035 3500 1088 omni
3529 1034 3833 1099 districta,

2115 1129 2172 1178 et
2198 1123 2440 1177 teloneis
2496 1137 2560 1176 ac
2617 1121 3029 1192 piscationibus
3089 1137 3219 1192 quae
3265 1121 3323 1176 in
3374 1122 3613 1176 ﬂumine
3657 1123 3835 1176 Toxo

2115 1217 2268 1277 sunt,
2324 1211 2383 1264 in
2455 1211 2569 1264 illis
2642 1209 2855 1263 scilicet
2911 1209 3051 1263 locis
3111 1211 3212 1264 ubi
3269 1210 3394 1280 ipsa
3454 1209 3698 1263 Ecclesia
3747 1225 3830 1263 ex

2114 1305 2359 1371 utraque
2386 1298 2643 1353 ﬂuminis
2671 1303 2829 1352 tenet
2874 1302 3056 1367 parte,
3115 1303 3172 1352 et
3209 1314 3339 1352 cum
3394 1298 3836 1361 venationibus,

2116 1405 2219 1444 seu
2266 1387 2534 1441 omnibus
2589 1387 2760 1440 rebus
2816 1402 2944 1456 quae
2993 1386 3065 1440 ad
3127 1385 3417 1456 publicam
3475 1393 3700 1456 partem
3752 1403 3832 1440 ex

2117 1480 2318 1534 eodem
2358 1478 2691 1532 comitatulo
2720 1477 2870 1547 exigi
2895 1483 3157 1548 possunt,
3183 1494 3313 1531 cum
3337 1477 3589 1548 capellis,
3623 1478 3834 1544 domo,

2117 1568 2328 1634 curtili,
2403 1565 2760 1632 massaritiis,
2853 1566 3015 1634 casis,
3093 1565 3493 1632 sediminibus,
3579 1566 3836 1635 campis,

2117 1655 2317 1727 pratis,
2414 1653 2614 1720 vineis,
2689 1652 2936 1724 pascuis,
3011 1652 3186 1718 silvis,
3268 1652 3531 1720 stalariis,
3607 1653 3840 1722 saletis,

305 1761 460 1799 anno
492 1742 714 1798 domini
745 1741 996 1798 Heinrici
1027 1739 1379 1795 serenissimi
1425 1737 1792 1810 imperatoris
1843 1737 2009 1808 regni
2042 1785 2082 1838 Β
2119 1744 2445 1816 paludibus,
2477 1742 2662 1813 aquis,
2697 1757 2979 1812 aquarum
3039 1741 3390 1809 decursibus,
3453 1742 3836 1804 molendiuis,

307 1851 406 1900 xu,
437 1831 671 1902 imperii
701 1847 836 1884 vero
862 1847 900 1884 ι.

377 1926 578 1976 Actum
603 1920 664 1973 in
700 1918 838 1972 villa
860 1915 1090 1972 Dulceri
1132 1956 1146 1970 .
1191 1955 1204 1970 .
1250 1957 1262 1970 .
1311 1958 1323 1968 .
1369 1956 1382 1969 .

381 2011 549 2064 Locus
572 2008 762 2075 sigilli.

1057 2074 1272 2128 LXXVI.

315 2152 370 2205 S.
404 2149 707 2204 Heinricus
736 2149 891 2201 Petro
928 2149 1172 2214 episcopo
1225 2144 1549 2199 Novariensi
1586 2141 1724 2214 jura
1766 2142 2016 2197 Ecclesia:

475 2233 586 2274 suae
614 2219 873 2283 restituit,
902 2213 970 2270 αδ
1003 2216 1254 2270 Arduino
1285 2213 1604 2268 marchione
1624 2213 1835 2268 ablata.

969 2288 1153 2338 (Anno
1180 2283 1360 2338 lOl/m

969 2288 1153 2339 (Anno
1180 2287 1334 2338 1014.

663 2356 927 2430 [Ughclli,
960 2357 1131 2411 Italia
1167 2351 1353 2421 sacra,
1386 2355 1475 2420 IV,
1512 2351 1670 2425 700.]

385 2450 449 2502 In
474 2445 708 2501 nomine
737 2451 948 2498 sancta:
987 2449 1044 2498 et
1074 2442 1383 2496 individua:
1426 2441 1746 2508 Trinitatis,
1802 2441 2020 2496 HENRI-

315 2553 428 2601 cus,
459 2534 654 2589 divina
679 2533 982 2587 ordinante
1027 2530 1354 2596 clementia,
1408 2530 1806 2584 Romanorum
1834 2528 2022 2599 impe-

318 2630 473 2679 rator
501 2626 809 2691 Augustus.
1267 2632 1273 2639 ”
1497 2667 1502 2672 .

391 2713 536 2766 Dum
565 2709 824 2763 ﬁdelium
855 2706 1230 2778 petitionibus
1259 2710 1472 2760 nostrae
1499 2704 1813 2775 imperialis
1857 2703 2019 2758 celsi-

320 2799 533 2854 tudinis
573 2813 866 2851 assensum
906 2795 1347 2867 przebuerimus,
1380 2811 1476 2848 eos
1532 2799 1729 2847 nostro
1790 2793 2023 2846 servitio

309 2887 705 2960 promptiores
734 2901 797 2939 ac
853 2884 1174 2938 devotiores
1212 2899 1335 2936 esse
1369 2882 1610 2936 minime
1669 2882 2020 2936 dubitamus.

323 2977 684 3043 Quapropter
712 2977 1047 3025 cunctorum
1087 2969 1354 3024 Ecclesiae
1402 2969 1695 3023 catholicae
1741 2969 2018 3033 ﬁdelium,

2120 1831 2554 1905 piscationibus,
2584 1829 2751 1884 cultis
2780 1835 2836 1884 et
2863 1829 3116 1892 incultis,
3183 1829 3380 1883 divisis
3431 1835 3487 1883 ct
3538 1829 3836 1898 indivisis,

2115 1920 2378 1976 terminis
2441 1918 2854 1986 concessionis,
2931 1918 3215 1987 piscariis,
3272 1917 3631 1987 campariciis
3671 1918 3841 1972 aliis-

2121 2022 2233 2078 que
2270 2004 2546 2058 universis
2577 2002 3078 2069 redhibitionibus,
3103 2017 3233 2055 cum
3264 2002 3441 2056 servis
3471 2008 3529 2056 et
3576 2002 3834 2069 ancillis,

2121 2093 2448 2150 aldianibus
2469 2097 2527 2146 et
2579 2091 2822 2146 aldianis
2869 2089 3171 2160 utriusque
3213 2107 3399 2155 sexus,
3432 2107 3565 2144 cum
3632 2091 3837 2144 omni-

2122 2185 2246 2248 bus,
2280 2197 2409 2253 que:
2461 2180 2573 2234 dici
2639 2185 2738 2233 aut
2792 2179 2985 2233 vocari
3026 2183 3284 2248 possunt,
3316 2179 3388 2232 ad
3441 2181 3559 2249 jam
3615 2178 3839 2232 dictam

2122 2272 2352 2343 plebem
2407 2269 2496 2322 vel
2552 2268 2812 2322 chortem
2907 2265 3329 2336 pertinentibus
3375 2267 3463 2320 vel
3524 2265 3842 2336 respicien-

2122 2361 2320 2424 tibus;
2356 2372 2461 2410 nec
2489 2372 2608 2409 non
2641 2360 2697 2409 et
2730 2358 2962 2425 portum
3013 2354 3082 2407 de
3123 2355 3384 2408 Bestamo
3441 2353 3628 2407 eidem
3673 2351 3842 2422 plebi

2095 2435 2533 2519 ‘pertinentem,
2567 2459 2740 2514 quem
2790 2441 3237 2512 gloriosissimus
3275 2442 3590 2495 avunculus
3633 2445 3844 2494 noster

2128 2531 2274 2587 Otho
2303 2531 2481 2601 Major
2509 2529 2849 2600 supradicta
2887 2530 3007 2583 sedi
3053 2545 3158 2600 per
3206 2535 3559 2600 praeceptum
3599 2544 3842 2583 conces-

2127 2619 2201 2672 sit
2233 2621 2351 2673 :ita
2383 2625 2447 2673 ut
2477 2620 2668 2672 nullus
2724 2619 3007 2686 marchio,
3049 2634 3260 2682 comes,
3316 2618 3653 2686 vicecomes,
3683 2619 3842 2672 scul-

2129 2707 2317 2761 datius
2347 2707 2490 2777 ejus,
2516 2723 2616 2760 seu
2643 2707 2916 2777 quaelibet
2958 2722 3169 2776 magna
3218 2722 3508 2776 parvaque
3559 2722 3839 2776 persona,

2129 2795 2390 2850 homines
2416 2797 2537 2866 jam
2597 2795 2733 2848 dicti
2782 2795 3090 2848 comitatus
3121 2810 3221 2848 seu
3275 2794 3459 2864 plebis
3517 2796 3604 2848 vel
3665 2795 3847 2847 chor-

2129 2884 2204 2937 tis
2258 2883 2467 2937 audeat
2500 2883 2865 2953 distringere,
2905 2889 3004 2935 aut
3054 2882 3205 2935 infra
3254 2881 3443 2952 ipsum
3497 2882 3840 2935 comitatum

2131 2972 2350 3042 aliquid
2382 2977 2694 3042 praesumat
2725 2971 2976 3041 exigere,
3021 2972 3108 3024 vel
3163 2976 3387 3040 paratas
3445 2969 3650 3036 facere,
3723 2986 3838 3024 nec

324 3065 769 3131 nostrorumque
797 3065 914 3112 tam
947 3058 1321 3129 praesentium
1363 3073 1538 3128 quam
1572 3058 1901 3111 futurorum
1933 3074 2026 3110 so-
2060 3058 2100 3112 C
2139 3061 2283 3112 ullas
2311 3060 2725 3114 redhibitiones
2781 3059 3078 3129 acquirere
3111 3074 3125 3124 ;
3161 3059 3258 3112 sed
3302 3060 3468 3112 liceat
3517 3065 3842 3112 memorato

324 3150 492 3204 lertia
545 3153 912 3218 recognoscat
945 3148 1198 3210 Petrum,
1246 3145 1513 3199 venerab.
1563 3144 1771 3211 virum,
1821 3150 2028 3198 sanctae

328 3236 689 3292 Novariensis
777 3234 1033 3290 Ecclesiae
1125 3234 1480 3303 episcopum,
1581 3239 2029 3304 nostrorumque

327 3326 580 3390 ﬁdelem,
604 3323 705 3394 qui
736 3329 946 3376 nostrae
977 3321 1267 3374 iidelitatis
1300 3337 1470 3374 causa
1519 3321 1700 3374 multa
1737 3321 2028 3388 sustinuit,

327 3414 539 3467 famem
579 3410 862 3475 videlicet,
931 3409 1108 3476 sitim,
1151 3415 1324 3462 aestus
1362 3413 1417 3461 et
1449 3407 1647 3478 frigus,
1695 3414 1754 3462 et
1794 3408 2032 3479 insuper

331 3499 608 3571 glaciosas
637 3513 809 3568 rupes
839 3497 1127 3566 collesque
1158 3496 1294 3549 satis
1334 3512 1584 3566 asperos,
1640 3497 1810 3551 nudis
1867 3497 2030 3566 pedi-

332 3589 459 3655 bus,
517 3585 992 3658 persequentibus
1065 3583 1334 3650 inimicis,
1389 3584 1660 3654 fugiendo
1719 3587 2028 3654 superavit,

338 3676 630 3747 quietiam
663 3690 816 3728 nunc
845 3672 1286 3744 praesentialiter
1308 3673 1490 3725 multa
1515 3671 1743 3739 damna,
1777 3673 2033 3727 Arduino

339 3765 685 3827 devastante,
744 3762 957 3832 recepit
1011 3761 1166 3830 (nam
1222 3761 1474 3814 ecclesia:
1542 3760 1696 3814 illius
1743 3767 1877 3815 sunt
1944 3762 2034 3816 de-

334 3853 625 3923 praedatae,
701 3856 884 3904 castra
948 3849 1226 3918 disrupta,
1301 3849 1507 3903 domus
1563 3865 1793 3915 eversae,
1854 3849 2034 3903 vineas

337 3941 551 4004 incisa,
597 3939 828 3992 arbores
883 3938 1268 4002 decorticatae,
1324 3937 1562 4006 insuper
1606 3936 1801 4006 plebes
1853 3937 2034 4008 ipsius

337 4032 394 4082 et
421 4032 609 4080 curtes
648 4025 717 4078 ab
755 4025 1011 4078 Arduino
1040 4040 1144 4093 pro
1193 4023 1473 4077 beneficio
1503 4024 1737 4094 suisque
1785 4024 2035 4079 inimicis

337 4117 484 4172 data
507 4116 678 4182 sunt),
702 4119 957 4167 nostram
987 4112 1348 4181 imperialem
1403 4112 1588 4166 adisse
1615 4114 2031 4182 excellentiam,

338 4211 624 4275 quatenus
651 4217 754 4272 pro
788 4201 875 4254 sui
922 4201 1134 4254 laboris
1188 4200 1678 4271 compensatione,
1707 4206 1765 4255 et
1795 4218 2032 4256 suorum

2139 3149 2365 3219 praesuli
2395 3148 2626 3217 suisque
2669 3148 3110 3212 successoribus,
3163 3148 3283 3217 jam
3345 3148 3711 3216 saepedictum
3733 3163 3844 3200 co-

2141 3237 2406 3290 mitatum
2457 3252 2587 3288 cum
2627 3236 2956 3305 supradicta
2986 3235 3152 3304 plebe
3175 3235 3263 3288 vel
3293 3235 3487 3288 chorte
3529 3241 3745 3300 tenere,
3781 3239 3843 3287 et

2142 3341 2340 3379 omnes
2370 3324 2634 3377 homines
2683 3323 2864 3394 ipsius
2912 3323 3216 3377 comitatus
3268 3323 3383 3376 sive
3422 3323 3604 3393 ipsius
3653 3323 3841 3393 plebis

2141 3414 2228 3467 vel
2283 3411 2497 3466 chortis
2551 3428 2653 3482 per
2690 3427 2749 3465 se
2811 3412 2898 3465 vel
2944 3428 3111 3466 suum
3163 3413 3414 3480 legatum
3466 3412 3838 3478 distringere,

2142 3501 2288 3555 sicut
2342 3516 2447 3570 per
2493 3516 2620 3564 nos,
2689 3501 2777 3553 vel
2826 3505 3085 3553 nostrum
3162 3500 3400 3552 missum
3455 3499 3846 3569 distringeudi

2144 3594 2349 3653 essent,
2376 3594 2432 3642 et
2469 3588 2664 3643 omnia
2693 3604 2822 3658 qua:
2849 3588 2919 3641 de
2949 3588 3072 3657 ipso
3113 3588 3388 3640 comitatu
3435 3588 3507 3641 ad
3551 3588 3846 3658 publicam

2141 3685 2363 3749 partem
2389 3678 2680 3748 pertinent
2721 3677 2808 3738 vel
2864 3676 2996 3730 inde
3050 3676 3199 3746 exigi
3246 3681 3504 3746 possunt,
3575 3682 3631 3729 et
3681 3692 3843 3746 prae-

2142 3772 2392 3820 taxatam
2423 3767 2648 3834 plebem
2687 3765 2757 3818 de
2776 3766 3026 3830 Trecate,
3078 3771 3251 3834 atque
3290 3765 3549 3818 chortem
3598 3765 3668 3818 de
3703 3765 3844 3818 Gra-

2142 3855 2347 3908 valona
2374 3871 2504 3908 cum
2534 3853 2801 3908 omnibus
2839 3853 2957 3905 suis
3011 3851 3366 3922 appendiciis
3410 3853 3496 3905 vel
3552 3852 3847 3922 pertinen-

2143 3943 2239 3997 tiis
2266 3942 2493 4007 habeat,
2554 3947 2748 3996 teneat
2794 3941 3153 4010 ﬁrmiterque
3211 3940 3503 4010 possideat
3556 3944 3673 3993 tam
3720 3940 3844 4010 ipse

2145 4047 2320 4102 quam
2377 4045 2724 4084 successores
2763 4029 2936 4094 illius,
2970 4029 3090 4099 qui,
3122 4029 3237 4082 Deo
3303 4028 3550 4093 favente,
3591 4028 3842 4097 disposi-

2145 4120 2367 4173 tionem
2413 4117 2596 4187 ipsius
2650 4117 2800 4170 sedis
2847 4123 2904 4171 et
2948 4117 3276 4170 cathedram
3316 4115 3636 4186 suscepturi
3685 4120 3841 4184 sunt,

2146 4206 2306 4260 omni
2354 4212 2547 4260 nostra
2592 4212 3034 4276 nostrorumque
3087 4220 3478 4258 successorum
3525 4220 3728 4274 regum
3785 4212 3843 4259 et

336 4292 681 4346 damnorum
729 4287 1162 4354 restauratione,
1214 4289 1523 4358 quemdam
1607 4291 2028 4358 comitatulum,
2069 4334 2113 4387 Β
2151 4295 2583 4364 imperatorum,
2659 4293 2818 4347 omni
2860 4294 3162 4347 hominum
3233 4293 3682 4347 contradictione
3756 4295 3847 4348 vel

339 4378 438 4451 qui
469 4378 528 4432 in
549 4379 692 4431 valle
743 4377 958 4430 Ausula
1011 4377 1160 4430 infra
1209 4377 1390 4447 ipsius
1451 4376 1813 4448 episcopatus
1867 4395 2034 4449 paro-

347 4460 534 4522 chiam
556 4467 812 4536 adjacere
864 4466 1240 4536 dignoscitur,
1295 4466 1578 4537 praedictae
1631 4466 1882 4521 ecclesia
1923 4468 2038 4522 No-

348 4556 614 4620 variensi,
671 4571 803 4610 cum
857 4555 1122 4609 omnibus
1168 4556 1564 4610 functionibus
1620 4572 1751 4625 quae
1798 4557 1870 4611 de
1912 4557 2038 4627 ipso

339 4644 674 4698 comitatulo
707 4643 952 4714 publicae
1010 4643 1160 4713 parti
1210 4644 1524 4713 pertinent,
1573 4645 2034 4700 concederemus.

341 4732 453 4785 Nec
481 4747 594 4784 non
620 4731 795 4783 etiam
823 4731 1161 4801 deprecatus
1194 4737 1279 4785 est
1309 4748 1414 4786 nos
1461 4737 1523 4786 ut
1574 4733 1884 4804 quamdam
1915 4734 2038 4802 ple-

338 4819 469 4872 bem
495 4818 582 4870 sui
621 4817 998 4888 episcopatus,
1023 4835 1196 4889 quam
1223 4820 1359 4874 olim
1391 4821 1542 4875 malo
1577 4821 1780 4874 ordine
1803 4826 1860 4875 et
1894 4822 2040 4892 inju-

341 4910 427 4958 sta
475 4904 698 4957 ratione
749 4921 850 4957 sua
913 4906 1166 4974 perdidit
1222 4907 1479 4976 ecclesia,
1508 4925 1639 4979 quae
1694 4909 1804 4963 sita
1857 4914 1946 4963 est
1979 4910 2039 4964 in

342 4993 476 5046 villa
526 5007 656 5060 quae
705 4991 1040 5045 nominatur
1097 4993 1348 5060 Trecate,
1392 5011 1511 5048 non
1576 4997 1716 5051 adeo
1761 4999 1957 5067 procul
2006 5015 2040 5051 a

340 5079 588 5141 civitate,
647 5084 871 5132 curtem
929 5094 1162 5149 quoque
1236 5097 1364 5150 qua:
1437 5084 1754 5138 Gravalona
1809 5085 2036 5145 dicitur.

341 5167 634 5239 quondam
666 5165 844 5236 ipsius
866 5166 1117 5241 episcopi
1142 5168 1556 5235 continentem,
1607 5171 1702 5224 sed
1728 5187 1857 5240 quae
1886 5187 2040 5225 nunc

340 5256 554 5325 injuste
583 5271 825 5324 pervasa
855 5253 976 5308 esse
1007 5254 1378 5323 dignoscitur,
1413 5272 1530 5310 sum
1579 5258 1840 5312 Ecclesiae
1877 5260 2040 5312 resti-

343 5349 656 5398 tueremus.
689 5344 887 5412 Itaque
917 5342 1158 5411 dignum
1195 5347 1280 5395 est
1318 5347 1380 5396 ut
1429 5343 1519 5396 sui
1552 5343 1759 5398 laboris
1806 5361 2036 5414 praeno-

340 5431 593 5485 minatus
620 5432 832 5501 praesul
889 5429 1331 5484 retributionem
1366 5447 1402 5484 a
1441 5431 1607 5484 nobis
1653 5432 1946 5502 suscipiat.
1973 5435 2039 5488 Et

339 5520 613 5590 quoniam
647 5521 871 5590 justum
901 5524 987 5574 est
1013 5524 1080 5575 ut
1103 5534 1276 5589 supra
1324 5519 1618 5574 nominata
1664 5521 1826 5591 plebs
1863 5527 2035 5594 atque

342 5607 511 5660 chors
527 5606 648 5676 jam
706 5607 854 5662 dicta
899 5623 1003 5660 suo
1060 5608 1395 5662 restituatur
1426 5608 1808 5680 episcopatui,
1859 5615 1918 5666 et
1975 5616 2037 5666 ut

990 5691 1011 5713 ἱ
1025 5711 1030 5716 .

2152 4382 2534 4438 diminutione
2591 4388 2832 4436 remota.
2895 4382 2953 4437 Si
3004 4381 3133 4452 quis
3185 4381 3363 4451 igitur
3429 4387 3637 4434 nostra:
3704 4397 3846 4435 con-

2151 4471 2421 4525 cessionis
2451 4475 2508 4524 et
2536 4471 2990 4524 confirmationis
3023 4477 3377 4540 praeceptum
3435 4469 3653 4522 nefarie
3701 4485 3845 4523 ausu

2149 4559 2456 4614 temerario
2484 4560 2696 4613 violare
2729 4560 3162 4629 praesumpserit
3213 4562 3444 4612 centum
3499 4557 3673 4610 libras
3719 4558 3845 4611 auri

2150 4647 2354 4717 optimi
2381 4664 2727 4718 componere
2774 4653 3030 4716 cogatur,
3070 4646 3436 4700 medietatem
3495 4646 3707 4714 palatio
3749 4663 3846 4700 no-

2150 4741 2288 4802 stro,
2338 4740 2395 4788 et
2451 4735 2816 4790 medietatem
2888 4733 3222 4788 Novariensi
3288 4732 3539 4786 ecclesia:
3610 4734 3844 4802 ejusque

2149 4824 2355 4878 rectori
2393 4823 2494 4894 qui
2529 4840 2634 4894 pro
2696 4829 2956 4892 tempore
3008 4822 3154 4876 inibi
3200 4821 3462 4876 habetur.
3519 4823 3586 4875 Et
3637 4827 3703 4876 ut
3739 4823 3847 4878 hoc

2151 4911 2340 4965 verius
2395 4912 2660 4965 credatur
2709 4909 3158 4981 diligentiusque
3205 4910 3278 4964 ab
3335 4909 3601 4963 omnibus
3661 4911 3846 4964 obser-

2149 5005 2334 5065 vetur,
2394 5015 2570 5052 manu
2639 4998 2872 5069 propria
2945 4999 3140 5053 subter
3193 4997 3618 5074 confirmantes,
3677 4998 3845 5069 sigilli

2150 5086 2331 5141 nostri
2358 5085 2739 5156 impressione
2765 5085 3041 5156 jussimus
3068 5085 3360 5155 insigniri.

2220 5177 2454 5243 Signum
2479 5178 2542 5229 D.
2576 5175 2818 5228 Henrici
2839 5177 3172 5229 serenissimi
3215 5180 3267 5228 et
3292 5176 3642 5228 invictissimi
3667 5177 3832 5244 impe-

2148 5265 2349 5316 ratoris
2369 5262 2629 5328 Augusti.

2222 5351 2343 5403 Dat.
2404 5364 2556 5402 anno
2612 5348 3024 5403 incarnationis
3084 5349 3393 5403 Dominicaa
3426 5350 3584 5410 1014,
3640 5349 3832 5404 indici.

2147 5455 2242 5504 xu,
2275 5454 2426 5492 anno
2446 5454 2580 5492 vero
2611 5437 2780 5509 regni
2815 5440 2878 5493 D.
2905 5438 3136 5495 Henrici
3178 5439 3544 5510 imperatoris
3564 5443 3710 5508 Aug.
3741 5456 3833 5494 xm

2147 5525 2375 5596 imperii
2406 5526 2614 5597 primo.

2216 5618 2422 5669 Actum
2441 5614 2778 5670 Trucuiane
2809 5615 3069 5670 feliciter.
3093 5617 3295 5669 Amen.
