3980 6418
106 408 163 457 3|
181 406 210 458 3
1376 407 1773 465 DIPLOMATA
1814 410 2368 468 ECCLESIASTICA.
3529 422 3585 472 31
3602 422 3630 472 4

843 523 1035 578 LXXVI
1047 524 1063 578 Ι
1074 562 1086 576 .

106 612 159 666 S.
219 611 506 665 Henricus
559 611 809 667 Ecclesia:
863 614 1193 667 Savonensis
1272 617 1633 683 possessiones
1697 632 1817 672 con-

714 704 901 769 ﬁrmat
938 706 989 754 et
1026 706 1207 769 auget.

740 790 928 860 (Anno
965 790 1152 860 1014.)

466 878 735 949 [Ughelli,
770 879 935 933 Italia
969 893 1149 943 sacra,
1175 880 1262 945 Vl,
1304 878 1468 951 732.]

180 967 243 1020 In
304 966 543 1020 nomine
582 973 792 1020 sanctae
863 971 919 1020 et
967 967 1281 1021 individua:
1318 968 1632 1038 Trinitatis,
1666 970 1813 1024 Hers-

110 1070 288 1123 ωερε,
318 1056 515 1109 divina
540 1056 763 1109 favente
804 1056 1130 1122 clementia,
1189 1056 1583 1112 Romanorum
1633 1058 1817 1129 impe-

109 1150 266 1197 rator
294 1160 527 1214 semper
566 1147 873 1214 Augustus.

180 1234 265 1287 Ad
296 1234 403 1287 hoc
438 1250 544 1286 nos
577 1233 787 1287 divina:
850 1233 1078 1302 pietatis
1131 1233 1383 1305 provisio
1414 1235 1486 1289 ad
1517 1234 1819 1306 imperiale

108 1321 282 1375 decus
302 1322 582 1391 provexit,
626 1328 681 1375 et
713 1327 885 1376 tantm
932 1322 1231 1392 potestatis
1282 1323 1535 1377 culmine
1583 1327 1815 1379 decora-

107 1410 204 1475 vit,
232 1416 295 1463 ut
320 1427 457 1480 erga
506 1410 765 1464 divinum
798 1412 1018 1465 cultum
1054 1412 1318 1478 sollicite,
1368 1417 1424 1466 et
1452 1413 1603 1467 circa
1636 1416 1817 1468 Eccle-

108 1499 207 1552 siae
233 1499 445 1553 Christi
468 1499 765 1552 munimen
824 1506 880 1553 et
920 1500 1236 1554 custodiam
1285 1506 1457 1571 atque
1505 1504 1817 1557 auctorita-

108 1594 222 1641 tem
246 1587 427 1641 simus
456 1604 683 1657 semper
712 1589 1010 1659 pervigiles
1042 1588 1266 1645 intenti.
1311 1590 1523 1644 Idcirco
1554 1592 1815 1645 omnium

108 1676 372 1731 ﬁdelium
405 1683 616 1730 sanctae
658 1678 757 1730 Dei
790 1676 1049 1731 Ecclesia:
1080 1684 1528 1749 nostrorumque
1560 1696 1816 1749 praesen-

107 1768 252 1819 tium
300 1764 520 1818 scilicet
572 1770 629 1818 et
671 1766 1000 1819 futurorum
1046 1767 1267 1819 noverit
1323 1766 1606 1821 industria
1638 1769 1818 1839 quali-

110 1860 195 1907 ter
241 1854 627 1916 Ardemanus,
678 1854 1017 1908 Savonensis
1053 1855 1377 1926 episcopus,
1416 1857 1814 1926 imperialibus

110 1943 319 1997 nostris
359 1943 655 1997 obtutibus
685 1949 1035 2013 prteceptum
1093 1944 1305 1998 scilicet
1357 1961 1421 1998 ac
1470 1946 1813 1999 mundibur-

112 2032 268 2086 dium
319 2037 747 2086 antecessorum
796 2037 1128 2086 nostrorum
1177 2034 1465 2088 Othonum
1523 2035 1816 2088 nobilissi—

111 2137 338 2174 morum
376 2122 794 2190 imperatorum
824 2121 1053 2187 obtulit,
1086 2123 1377 2193 quomodo
1418 2123 1527 2193 ipsi
1561 2124 1815 2194 praefata:

114 2210 378 2263 Ecclesiae
431 2211 667 2264 Savona:
715 2226 827 2275 res,
860 2226 925 2264 ac
983 2211 1200 2280 praedia
1238 2211 1639 2267 immunitates
1687 2230 1819 2267 con-

110 2301 387 2352 tulerunt.
451 2299 609 2354 Unde
669 2315 771 2352 nos
836 2315 1035 2353 eorum
1092 2298 1560 2354 conﬁrmationes
1613 2317 1819 2371 praece-

110 2394 269 2457 ptum
311 2387 528 2441 scilicet
556 2403 619 2441 ac
672 2388 1148 2441 mundiburdium
1193 2389 1643 2455 considerantes,
1711 2406 1816 2459 pro

114 2476 210 2529 Dei
250 2492 451 2529 amore
474 2480 801 2545 nostraeque
831 2475 1039 2529 animle
1077 2476 1355 2541 remedio,
1387 2476 1818 2545 conﬁrmamus,

113 2572 165 2618 et
220 2564 469 2618 ﬁrmiter
518 2564 577 2617 in
650 2570 995 2635 perpetuum
1055 2565 1491 2619 corroboramus
1551 2582 1654 2635 per
1710 2566 1820 2619 hoc

117 2660 373 2707 nostrum
420 2652 722 2723 imperiale
778 2655 1151 2723 praeceptum,
1185 2654 1424 2707 domum
1484 2670 1614 2707 cum
1672 2656 1819 2708 turri

115 2748 168 2795 et
194 2749 357 2795 curte
413 2748 471 2796 et
520 2742 938 2806 mansionibus,
982 2748 1145 2811 porta
1197 2742 1324 2811 ripa
1374 2741 1553 2813 ipsius
1600 2743 1817 2796 castelli

116 2830 472 2890 Savonensis.
502 2829 739 2900 insuper
768 2831 951 2883 lacum
984 2833 1299 2884 rotundum
1346 2832 1611 2898 Cardeto,
1664 2833 1815 2885 Illan-

120 2919 321 2972 ducuto
372 2920 443 2973 de
493 2920 673 2984 Callo,
740 2920 924 2985 Cairo,
984 2920 1181 2973 Casale
1248 2936 1467 2989 grasso,
1514 2920 1814 2986 Eremana,

117 3012 272 3077 Aqua
314 3006 541 3073 Marcia,
577 3011 633 3059 et
667 3013 817 3059 terra
845 3007 914 3061 de
965 3008 1143 3060 Ponte
1170 3013 1383 3078 quanta
1439 3008 1507 3061 ad
1560 3015 1817 3062 sanctum

120 3096 434 3167 Eugenium
495 3095 804 3166 pertinent,
873 3097 1059 3150 Monte
1112 3098 1291 3151 Curro
1346 3098 1497 3151 valla
1546 3098 1607 3151 in
1664 3102 1819 3164 Aste,
1852 3100 1917 3154 C.

120 3186 388 3239 tunicetla
424 3200 560 3251 una,
623 3184 849 3254 plebem
895 3185 1078 3239 sancti
1112 3186 1335 3253 Donati,
1370 3187 1595 3256 plebem
1652 3170 1815 3241 Melo-

122 3274 274 3337 sinze,
304 3274 535 3343 plebem
584 3280 797 3326 sanctae
833 3274 1021 3327 Mariae
1061 3275 1117 3327 in
1170 3276 1425 3343 Gugada,
1484 3282 1541 3329 et
1589 3277 1819 3346 plebem

121 3363 419 3429 Manarate,
464 3362 614 3427 Sale,
649 3363 834 3417 Monte
881 3364 1009 3429 Bar,
1062 3363 1247 3427 Cario,
1277 3364 1577 3434 Corgenio,
1614 3366 1818 3431 Leone,

120 3452 393 3517 Scrunito,
445 3452 747 3505 Lavaniola
793 3468 923 3522 qum
983 3452 1194 3506 dicitur
1242 3454 1429 3507 Gausa
1475 3454 1640 3516 sicca,
1684 3456 1823 3509 Sali-

118 3548 255 3607 ceto,
325 3540 689 3607 Camariana,
771 3546 980 3594 sanctae
1036 3542 1197 3607 .lulm,
1284 3542 1521 3607 Viniale,
1597 3544 1819 3613 Cinglo,

121 3626 284 3681 Cruce
317 3628 481 3692 ferie,
527 3627 701 3691 Boile,
771 3628 955 3693 Cairo,
1016 3630 1180 3690 Deco.
1242 3630 1478 3695 Salsole,
1524 3632 1717 3695 Plana,
1766 3635 1822 3684 et

123 3714 336 3781 Bruvio,
381 3722 560 3785 atque
611 3716 842 3769 easdem
908 3722 1116 3778 curtes,
1170 3718 1388 3788 plebes,
1440 3720 1823 3789 proprietates

122 3818 239 3857 cum
290 3804 803 3865 decimationibus.
875 3812 933 3859 et
1011 3808 1267 3876 capellis,
1327 3808 1530 3873 vineis,
1589 3809 1823 3862 famulis

126 3894 410 3964 utriusque
442 3908 629 3957 sexus,
676 3892 865 3961 terris,
898 3894 1095 3964 pratis,
1147 3896 1385 3965 campis,
1428 3897 1672 3966 pascuis,
1724 3897 1821 3951 sil-

125 3982 216 4047 vis,
243 3987 459 4035 etcum
495 3982 768 4034 omnibus
796 3983 971 4035 curtis
1016 3984 1263 4053 propriis
1302 3986 1386 4037 vel
1422 3984 1823 4039 decimationi-

127 4066 241 4133 bus,
315 4068 662 4130 redditibus,
724 4069 1084 4135 Aldemanio,
1170 4070 1481 4125 Savonensi
1533 4075 1820 4145 episcopo,

128 4162 178 4208 et
224 4158 344 4225 ejus
391 4156 827 4210 successoribus
860 4158 1098 4211 omnino
1154 4160 1581 4215 conﬁrmamus.
1618 4163 1823 4216 Prieni-

131 4244 340 4312 pientes
368 4247 570 4317 itaque
600 4246 875 4315 jubemus
902 4251 966 4299 ut
1010 4247 1204 4300 nullus
1249 4248 1383 4314 dux,
1418 4251 1693 4317 marrhio,
1728 4269 1820 4305 co-

1851 536 1898 587 Α

1926 602 2231 669 Henricus,
2290 606 2494 658 intuitu
2554 535 2863 659 14νὲἔῆξέγὲ
2874 537 3179 677 Ι’φρέατορῄ
3242 609 3631 665 Savonensium

2428 679 2788 744 possessiones
2811 693 2902 731 con
2909 677 3119 744 firmat.

2585 749 2776 814 (Anno
2809 749 2988 817 1014.)

2288 832 2556 907 [Ughelli,
2578 837 2742 889 Italia
2770 852 2949 901 sacra,
2990 838 3078 903 IV,
3107 839 3256 909 734.]

1999 922 2060 976 In
2123 924 2356 978 nomine
2437 930 2649 977 sanctae
2712 929 2768 979 et
2792 925 3106 980 individua:
3137 927 3431 982 Trinitatis
3485 931 3627 984 Hen-

1928 1026 2101 1077 aicus,
2135 1011 2328 1065 divina
2365 1011 2587 1066 favente
2632 1013 2955 1081 clementia,
3003 1015 3397 1070 Romanorum
3440 1016 3631 1087 impe-

1929 1106 2087 1153 rator
2116 1104 2423 1171 Augustus.

2001 1188 2279 1243 Omnibus
2312 1188 2519 1242 nostris
2564 1188 2829 1243 ﬁdelibus
2870 1194 2985 1244 tam
3035 1192 3416 1262 praesentibus
3454 1209 3627 1263 quam

1927 1278 2136 1332 futuris
2159 1284 2359 1332 notum
2387 1295 2507 1332 esse
2536 1279 2801 1333 volumus
2855 1280 3121 1350 qualiter,
3176 1280 3497 1335 interventu
3524 1285 3629 1335 Ar-

1929 1367 2179 1434 demani,
2210 1368 2464 1438 episc0pi
2515 1368 2859 1422 Savonensis
2894 1410 2907 1435 ,
2968 1369 3146 1422 nostri
3204 1369 3394 1423 dilecti
3426 1369 3630 1433 ﬁdelis,

1927 1457 2291 1510 concedimus
2322 1462 2378 1510 et
2408 1457 2817 1510 conlirmamus
2842 1474 2907 1511 ex
2940 1462 3136 1511 nostra
3173 1458 3502 1528 praeor-ptati
3529 1475 3629 1510 au-

1928 1545 2207 1605 ctoritate.
2232 1546 2669 1599 corroboramus
2700 1546 2966 1599 omnibus
3005 1545 3337 1600 hominibus
3389 1546 3629 1616 majori-

1928 1636 2034 1689 bus
2066 1633 2530 1687 babitantibusin
2559 1635 2878 1688 marchium
2927 1634 3235 1689 Savonensi
3292 1634 3354 1688 in
3400 1636 3632 1689 castello

1926 1740 2125 1778 omnes
2156 1739 2244 1776 res
2278 1728 2332 1776 et
2372 1723 2752 1793 proprietates
2784 1742 2815 1776 a
2843 1724 2987 1793 iugo
3024 1723 3190 1778 Maris
3218 1740 3392 1794 quam
3452 1728 3629 1788 extra,

1851 1823 1890 1875 Β
1931 1817 1985 1866 et
2015 1812 2175 1865 villas
2207 1811 2534 1874 libellarias,
2562 1811 2922 1881 piscationes,
2976 1812 3310 1866 venationes
3359 1828 3489 1882 qua:
3538 1812 3633 1865 ha-

1927 1901 2062 1955 bere
2086 1900 2235 1954 soliti
2284 1904 2437 1953 sunt.
2476 1900 2717 1969 Insuper
2769 1900 2943 1954 etiam
2993 1900 3266 1969 jubemus
3325 1905 3390 1953 ut
3439 1900 3497 1953 in
3545 1900 3634 1953 his

1926 1988 2277 2059 praescriptis
2299 1987 2624 2041 conﬁnibus
2661 1989 2892 2041 castella
2924 2005 3037 2042 non
3101 1988 3476 2055 aediﬁcentur,
3529 2005 3629 2042 ne—

1929 2093 2041 2147 que
2066 2078 2256 2148 aliqua
2287 2076 2733 2147 superimposita
2790 2094 2820 2129 a
2856 2076 3308 2145 marchionibus,
3335 2076 3422 2130 vel
3453 2094 3485 2130 a
3518 2078 3635 2130 suis

1928 2168 2255 2234 comitibus,
2314 2168 2399 2221 vel
2459 2166 2888 2221 vicecomitibus
2953 2166 3239 2237 praedictis
3304 2166 3635 2221 hominibus

1928 2257 2046 2320 ﬁat,
2080 2256 2293 2310 scilicet
2339 2256 2407 2309 de
2457 2256 2640 2321 fodro,
2682 2255 2751 2309 de
2814 2256 3273 2325 apprehensione
3329 2256 3633 2309 hominum

1928 2348 2013 2399 vel
2044 2346 2195 2399 saltu
2251 2344 2587 2410 domorum;
2639 2360 2750 2415 qua
2800 2349 3036 2414 propter
3085 2344 3554 2397 commendamus
3581 2349 3639 2397 et

1929 2435 2171 2490 ﬁrmiter
2222 2433 2280 2487 in
2338 2439 2681 2503 perpetuum
2748 2432 3072 2486 stabilimus
3140 2437 3203 2485 ut
3260 2433 3455 2485 nullus
3500 2433 3634 2498 dux,

1930 2522 2209 2586 marchio,
2259 2521 2578 2592 episcopus,
2662 2536 2874 2584 comes,
2935 2520 3271 2587 vicecomes,
3332 2520 3636 2590 gastaldio,

1928 2617 2187 2676 venator,
2211 2626 2310 2663 seu
2335 2609 2607 2679 quaslibet
2629 2609 2808 2661 nostri
2842 2608 3073 2678 imperii
3103 2624 3311 2679 magna
3350 2624 3638 2679 parvaque

1931 2715 2173 2771 persona
2221 2698 2531 2767 pra-dictos
2607 2697 2871 2750 homines
2914 2696 3242 2751 habitantes
3310 2696 3369 2749 in
3410 2696 3638 2749 castello

1930 2789 2167 2843 Savonze
2217 2785 2285 2839 de
2325 2784 2673 2856 praescriptis
2722 2785 2892 2838 rebus
2923 2784 3243 2855 inquietare
3301 2785 3388 2837 vel
3450 2785 3637 2837 mole-

1932 2883 2079 2930 stare
2122 2878 2453 2946 prazsumat.
2487 2873 2543 2927 Si
2591 2873 2718 2937 quis
2750 2872 2928 2943 igitur
2979 2873 3085 2925 hoc
3134 2878 3398 2925 nostrum
3452 2871 3637 2941 impe-

1932 2965 2071 3019 riale
2130 2969 2483 3033 praeceptum
2566 2962 2779 3015 violare
2832 2976 2927 3013 seu
2990 2962 3253 3030 frangere
3313 2960 3635 3025 tentaverit,

1933 3055 2073 3107 sciat
2092 3068 2150 3106 se
2181 3050 2633 3121 compositurum
2669 3050 2824 3105 mille
2866 3050 3038 3103 libras
3095 3050 3221 3103 auri
3251 3048 3475 3119 optimi,
3526 3065 3641 3102 me-

1933 3144 2202 3196 dietatem
2234 3156 2475 3194 camerae
2536 3146 2767 3203 nostrae,
2828 3138 3195 3191 medietatem
3255 3136 3637 3190 nobilioribus

1930 3229 2261 3283 hominibus
2291 3226 2637 3298 praescriptis
2681 3227 3072 3280 habitantibus
3104 3226 3163 3279 in
3203 3227 3433 3279 castello
3473 3226 3636 3279 Savo-

1932 3318 2113 3372 nensi.
2174 3318 2333 3382 Quod
2381 3322 2443 3370 ut
2501 3316 2688 3369 verius
2718 3316 2982 3369 credatur
3038 3321 3095 3369 et
3161 3315 3497 3385 diligentius
3568 3313 3637 3367 ab

1932 3406 2203 3459 omnibus
2237 3407 2588 3470 observetur,
2628 3421 2802 3459 manu
2858 3404 3089 3475 propria
3118 3404 3635 3469 corroboravimus,

1931 3502 2128 3549 nostro
2152 3495 2341 3565 sigillo
2373 3494 2663 3564 imperiali
2690 3493 2964 3563 jussimus
2995 3492 3279 3562 insigniri.

2001 3584 2229 3649 Signum
2273 3582 2481 3635 domini
2518 3582 2758 3635 Henrici
2801 3583 3133 3635 scrvnissimi
3189 3587 3239 3635 et
3288 3582 3641 3636 invictissimi

1932 3676 2062 3741 imp.
2101 3673 2342 3739 Augusti

2009 3761 2281 3814 lleiiricus
2307 3758 2543 3812 cancell.
2575 3757 2694 3811 vice
2732 3756 3001 3811 Everardi
3052 3757 3305 3828 episcopi
3348 3762 3404 3811 et
3455 3758 3638 3811 nostri

1934 3848 2214 3919 capellani
2242 3848 2590 3919 recognovit.

2005 3939 2207 3992 Datum
2244 3953 2396 3990 anno
2464 3936 2775 3990 Dominicee
2829 3934 3243 3989 incarnationis
3310 3938 3461 3997 1014,
3515 3934 3635 3989 ind.

1934 4044 2025 4091 xu,
2061 4044 2212 4080 anno
2244 4043 2275 4076 v
2301 4025 2523 4079 domini
2550 4026 2798 4080 Heinrici
2821 4025 2959 4097 imp.
3020 4030 3166 4096 Aug.
3216 4025 3509 4095 regnantis
3539 4042 3638 4092 xu,

1935 4115 2163 4186 imperii
2196 4115 2318 4185 ejus
2340 4114 2551 4185 primo.

2006 4209 2209 4258 Actum
2239 4204 2297 4256 in
2329 4202 2539 4275 palatio
2586 4201 2774 4271 Papia:
2806 4202 3067 4256 feliciter.

2670 4291 2885 4345 LXXIX.

130 4348 256 4401 me”
314 4352 410 4388 se“
452 4337 654 4437 aha"?
704 4350 933 4437 ίωΡθ-Γη
1009 4336 1192 4437 {ostri
1258 4353 1494 4437 magna.
1531 4356 1820 4437 parvafl“_e
1856 4384 1897 4437 D
1938 4363 1994 4418 S.
2050 4363 2311 4416 Heinrici
2367 4362 2720 4429 privilegium
2773 4377 2872 4429 pro
2926 4363 3251 4437 monastsrio
3299 4360 3411 4437 SS:
3462 4359 3634 4437 Petri,

132 4438 359 4491 persona
390 4423 732 4493 praedictam
778 4425 967 4478 sedem
1028 4424 1414 4480 Savonensem
1464 4428 1533 4481 de
1572 4430 1825 4498 praefatis

132 4511 283 4565 rebus
327 4513 633 4566 disvestire
679 4518 780 4565 aut
824 4513 1127 4566 molestare
1197 4522 1531 4584 praesumat.
1588 4517 1645 4571 Si
1697 4520 1827 4587 quis

132 4599 226 4653 hoc
249 4602 464 4669 fecerit,
519 4606 749 4655 centum
798 4602 971 4655 libras
1005 4602 1132 4656 auri
1181 4611 1509 4674 componat,
1545 4606 1823 4660 medieta-

130 4693 231 4742 tem
258 4706 504 4744 camerae
570 4695 803 4755 nostrae,
844 4696 901 4744 et
931 4691 1301 4745 medietatem
1351 4694 1623 4762 praedicto
1655 4695 1822 4748 Alde-

130 4791 283 4832 manu
343 4780 623 4851 episcopo
697 4784 755 4831 et
826 4780 1267 4834 successoribus.
1318 4781 1479 4845 Quod
1518 4789 1585 4836 ut
1636 4784 1825 4838 verius

130 4867 388 4933 credatur,
414 4868 569 4922 hanc
599 4867 874 4937 paginam
906 4884 1077 4921 manu
1109 4869 1347 4939 propria
1389 4872 1825 4925 corroborantes

131 4954 343 5023 sigillari
370 4955 785 5026 praecepimus.

190 5044 406 5111 Signum
436 5046 663 5100 domini
715 5045 941 5099 Henrici
978 5047 1317 5100 serenissimi
1355 5052 1405 5100 et
1472 5048 1826 5103 invictissimi

132 5131 357 5198 imperat.
391 5134 667 5202 Augusti,

193 5219 455 5275 Henricus
500 5236 668 5275 cane.
728 5218 847 5274 vice
912 5220 1185 5275 Everardi
1224 5221 1481 5293 episcopi
1532 5228 1591 5277 et
1645 5224 1826 5278 archi-

135 5310 391 5374 capellani
422 5309 788 5379 recognovit.

196 5396 383 5451 Datum
426 5416 589 5453 anno
650 5397 1063 5452 incarnationis
1144 5398 1455 5455 Dominicaa
1522 5400 1826 5455 millesimo

135 5480 330 5540 decimo
354 5493 587 5558 quarto,
624 5486 827 5541 indict.
887 5502 984 5553 xu,
1032 5503 1184 5542 anno
1234 5504 1368 5543 vero
1412 5488 1636 5545 domini
1683 5491 1827 5544 Hen-

142 5571 227 5625 rici
251 5574 613 5646 imperatoris
646 5576 899 5645 Augusti
927 5576 1227 5647 regnantis
1248 5593 1305 5633 v.

199 5666 383 5720 Actum
418 5667 618 5739 Papia
643 5664 906 5721 feliciter.
938 5666 1145 5721 Amen.

2006 4436 2293 4488 Laurentii
2310 4438 2360 4485 et
2382 4433 2728 4495 Cotumbani,
2762 4451 2788 4480 ‹‹
2814 4431 2959 4499 quod
2981 4438 3207 4484 vocatur
3228 4432 3567 4484 Bromiades.
3615 4452 3637 4477 ι

2591 4521 2777 4588 (Anno
2813 4520 2989 4584 1014.)

2363 4608 2631 4677 [Ughelli,
2654 4608 2822 4661 Italia
2852 4622 3030 4670 sacra,
3064 4604 3218 4677 983.]

2008 4700 2068 4752 In
2112 4696 2346 4750 nomine
2377 4702 2585 4749 sancta:
2629 4703 2685 4749 et
2724 4695 3035 4748 individere
3065 4695 3382 4759 Trinitatis,
3426 4697 3637 4750 Heaut-

1936 4802 2057 4853 cus,
2079 4786 2271 4840 divina
2299 4785 2521 4839 favente
2541 4784 2866 4849 clementia,
2910 4784 3305 4838 Romanorum
3357 4784 3497 4854 imp.
3532 4788 3643 4837 Au-

1936 4880 2156 4946 gustus.

2007 4964 2065 5017 Si
2097 4963 2165 5016 ad
2190 4962 2527 5033 petitionem
2584 4976 2877 5015 servorum
2913 4961 3015 5016 Dei
3073 4960 3483 5015 ecclesiasticas
3540 4977 3639 5015 ne-

1936 5050 2223 5106 cessitates
2272 5055 2470 5103 nostro
2527 5050 2852 5103 relevamus
2896 5049 3196 5119 juvamine
3245 5054 3419 5119 atque
3463 5048 3645 5118 impe-

1938 5138 2063 5193 riali
2101 5150 2332 5193 tuemur
2392 5138 2737 5200 munimine,
2771 5136 2828 5191 id
2884 5137 3048 5191 nobis
3106 5143 3163 5191 et
3217 5138 3285 5191 ad
3335 5138 3641 5189 mortalem

1937 5228 2112 5282 vitam
2169 5228 2565 5298 temporaliter
2643 5226 3077 5297 transigendam
3133 5231 3192 5279 et
3234 5225 3305 5278 ad
3359 5229 3636 5277 aeternam

1936 5316 2181 5370 feliciter
2201 5316 2577 5370 obtinendam
2627 5332 2733 5378 pro
2800 5316 2994 5370 futuro
3029 5314 3278 5367 ﬁdeliter
3331 5311 3636 5376 credimus,

1940 5405 2121 5474 Igitur
2155 5411 2357 5458 notum
2394 5405 2466 5457 sit
2494 5405 2765 5459 omnibus
2800 5402 3061 5458 ﬁdelibus
3086 5400 3312 5463 nostris,
3345 5400 3642 5469 praesenti-

1940 5493 2045 5546 bus
2116 5492 2330 5545 scilicet
2408 5498 2466 5546 et
2542 5492 2774 5559 futuris,
2846 5490 3094 5560 qualiter
3158 5487 3245 5541 vir
3299 5486 3641 5541 venerabilis

1938 5579 2309 5634 Constantius
2346 5579 2523 5634 abbas
2546 5578 2887 5633 monasterii
2917 5581 3242 5629 sanctorum
3270 5575 3443 5639 Petri,
3495 5574 3639 5629 Lau-

1938 5668 2110 5723 rentii
2142 5673 2197 5722 et
2229 5667 2593 5731 Columbani,
2628 5666 2784 5739 quod
2813 5669 3047 5719 vocatur
3092 5661 3449 5731 Bromiades,
3498 5663 3640 5718 adiit
