3980 6406
345 475 446 528 315

1653 476 1708 529 5.
1753 471 2036 528 HENRICI
2082 471 2561 528 IMPERATORIS

3764 471 3891 524 316

336 595 707 651 serenitatem
741 593 1012 648 culminis
1058 593 1258 660 nostri,
1308 595 1624 665 deprecans
1655 599 1720 649 ut
1749 609 1837 648 res
1884 595 2036 665 ejus-
2067 598 2114 649 Α
2153 594 2336 650 nostri
2379 612 2494 649 una
2535 611 2668 650 cum
2725 594 2876 649 clero
2919 598 2976 649 et
3029 593 3331 648 monachis
3377 593 3488 648 sibi
3541 593 3892 650 commissis

333 684 466 739 dem
521 683 856 737 monasterii
903 699 1036 738 cum
1081 683 1416 738 hominibus
1447 683 1557 737 sibi
1604 683 1876 754 subjectis
1929 683 2034 736 sub

336 772 702 827 immunitate
763 777 975 825 nostra:
1045 771 1395 826 defensionis
1458 772 1787 836 consistere,
1850 778 1908 826 et
1971 771 2042 825 ab

337 862 496 916 omni
520 862 747 930 publica
777 861 1088 926 functione,
1142 867 1199 914 et
1238 861 1546 931 judiciaria
1611 860 1901 914 exactione
1931 860 2042 913 im-

341 967 517 1005 mune
547 949 912 1021 liberumque
937 950 1404 1015 reddidissemus,
1447 950 1611 1020 cujus
1640 948 1937 1019 petitione,
1969 950 2041 1002 ob

341 1056 599 1094 amorem
683 1040 840 1104 dicti,
913 1045 970 1094 et
1026 1039 1406 1094 reverentiam
1457 1040 1514 1093 Β.
1581 1037 1734 1092 Petri
1778 1036 2042 1108 apostoli,

344 1127 634 1184 Laurentii
693 1134 749 1182 et
779 1127 1139 1194 Coiumbani,
1175 1128 1418 1181 libenter
1469 1142 1764 1180 assensum
1796 1126 2043 1197 prmbui-

341 1233 489 1283 mus,
522 1232 586 1270 ac
634 1233 735 1286 per
783 1217 929 1270 hanc
973 1222 1181 1269 nostra:
1237 1215 1592 1269 auctoritatis
1646 1216 1917 1286 paginam
1957 1231 2048 1268 se-

341 1305 594 1358 cundum
622 1305 909 1374 praecepta
940 1305 1424 1374 praedecessorum
1460 1310 1790 1357 nostrorum
1841 1319 2044 1372 regum

341 1393 604 1446 videlicet
660 1398 718 1446 et
769 1394 1208 1464 imperatorum,
1268 1393 1322 1446 id
1371 1401 1457 1446 est
1503 1392 1710 1456 Caroli,
1747 1391 2038 1457 Ludovici,

345 1481 615 1544 Lotharii,
677 1481 892 1552 Ugonis
931 1487 989 1535 et
1019 1482 1195 1535 trium
1244 1481 1626 1547 Othonorum,
1675 1480 2045 1534 decernimus

347 1571 407 1620 ut
433 1582 632 1619 omnes
680 1584 768 1620 res
800 1567 1018 1637 praefati
1051 1566 1404 1631 monasterii,
1433 1583 1563 1622 cum
1603 1566 1841 1633 cellulis,
1867 1572 1924 1621 et
1947 1566 2047 1618 ho-

345 1655 594 1709 minibus
617 1655 724 1709 sibi
763 1656 1050 1727 subjectis,
1091 1657 1196 1710 sub
1239 1662 1448 1710 nostra;
1481 1655 1827 1709 defensionis
1860 1654 2045 1708 muni-

345 1745 502 1798 mine
524 1745 707 1798 modis
767 1745 1036 1799 omnibus
1083 1746 1416 1799 consistant.
1449 1743 1706 1815 Denique
1746 1745 2047 1797 conﬁrma-

346 1849 475 1887 mus
530 1839 587 1886 et
623 1835 1058 1888 corroboramus
1081 1835 1201 1903 jam
1249 1833 1398 1888 dicto
1448 1832 1797 1886 monasterio
1847 1847 2044 1885 omnes

347 1938 455 1987 res,
488 1923 731 1990 chortes,
769 1923 953 1987 villas,
1004 1923 1289 1988 ecclesias,
1352 1921 1544 1986 cellas,
1585 1919 1957 1984 massaritias,
1993 1924 2049 1972 et

344 2011 588 2066 familias
611 2013 909 2082 utriusque
948 2028 1137 2080 sexus,
1185 2027 1291 2065 nec
1339 2027 1456 2064 non
1503 2009 1788 2080 primitias
1848 2013 1904 2062 et
1951 2008 2050 2062 de-

345 2101 680 2155 cimationes
707 2108 1046 2155 cunctorum
1095 2099 1399 2153 hominum
1454 2104 1667 2152 terram
1729 2097 1908 2168 ipsius
1945 2097 2052 2150 ab—

343 2189 515 2244 batiae
549 2189 956 2253 laborantium,
987 2189 1134 2242 sicut
1174 2204 1278 2258 per
1317 2186 1614 2258 privilegia
1665 2189 2050 2241 Romanorum

345 2277 705 2347 pontiﬁcum,
743 2293 843 2330 seu
862 2292 963 2348 per
989 2281 1273 2347 praecepta
1297 2291 1494 2346 regum
1545 2279 1600 2328 et
1638 2275 2053 2343 imperatorum

347 2365 560 2419 ibidem
596 2381 862 2419 concessa
899 2371 957 2420 et
993 2365 1329 2419 conﬁrmata
1379 2369 1531 2432 sunt,
1596 2379 1710 2417 una
1740 2379 1870 2416 cum
1902 2367 2055 2416 terra

348 2469 520 2524 quam
554 2453 727 2507 habet
757 2453 814 2508 in
842 2454 1115 2508 comitatu
1161 2453 1470 2507 Mutinensi
1503 2453 1558 2505 in
1621 2453 1741 2506 loco
1790 2457 1848 2504 et
1874 2451 2054 2505 fundo

349 2541 706 2613 quivocatnr
737 2543 1100 2615 Plagassano,
1150 2559 1279 2596 cum
1335 2541 1550 2612 capella
1603 2541 1656 2595 S.
1715 2539 2055 2595 Columbani

348 2631 492 2684 inibi
519 2637 864 2699 constructa,
900 2649 998 2686 seu
1045 2639 1100 2685 et
1124 2632 1514 2685 emolumenta
1557 2630 1747 2692 habet,
1782 2636 1952 2700 atque
1982 2627 2054 2699 [in

351 2720 753 2775 salsina.Etin
808 2721 1083 2775 comitatu
1138 2720 1433 2774 Parmensi
1491 2720 1614 2772 loco
1667 2718 1767 2789 qui
1821 2725 2057 2771 vocatur

353 2808 582 2873 Caselle,
613 2814 671 2861 et
699 2809 756 2862 in
785 2809 1077 2875 Beneseto,
1109 2813 1164 2862 et
1194 2808 1251 2861 in
1288 2807 1560 2878 Farigari,
1612 2812 1669 2860 et
1720 2807 2052 2872 Galemano,

351 2901 522 2966 atque
554 2897 610 2950 in
635 2897 963 2968 Solignano.
1001 2899 1064 2951 In
1114 2897 1384 2951 comitatu
1419 2913 1650 2967 quoque
1682 2895 2053 2960 Voloterensi,

353 2986 744 3040 chorticellam
787 3003 960 3040 unam
1012 3003 1141 3056 qua:
1183 2991 1420 3039 vocatur
1467 2983 1866 3054 Frigesimum,
1924 2999 2054 3037 cum

355 3071 624 3126 ominibus
656 3074 770 3126 suis
793 3074 1155 3144 pertinentiis
1187 3074 1304 3127 sive
1341 3074 1398 3126 in
1415 3073 1542 3126 aliis
1597 3071 2055 3143 quibuscumque

352 3161 719 3216 comitatibus
749 3163 831 3216 vel
855 3163 1008 3220 locis.
1056 3163 1226 3216 simul
1286 3177 1416 3215 cum
1460 3160 1622 3226 casis,
1655 3159 2053 3224 sediminibus,
2087 3158 2128 3212 C
2166 3164 2431 3216 notitiam
2506 3162 2577 3217 de
2645 3161 3078 3216 necessitatibus

353 3249 589 3318 campis,
637 3251 839 3318 vineis,
887 3250 1087 3321 pratis,
1141 3249 1388 3320 pascuis,
1437 3249 1590 3302 silvis
1647 3265 1710 3302 ac
1760 3249 2052 3312 stallariis,

354 3338 540 3407 aquis,
581 3355 978 3410 aquarumque
1026 3339 1380 3402 decursibus,
1447 3337 1814 3403 molendinis,
1874 3337 2056 3406 pisca-

355 3425 622 3483 tionibus.
657 3427 1081 3492 venationibus,
1135 3427 1452 3494 montibus,
1496 3426 1758 3489 vallibus,
1807 3425 2054 3496 alpibus,

358 3515 724 3584 planitiebus,
750 3515 927 3585 rupis,
969 3515 1208 3587 rupinis,
1269 3515 1443 3568 servis
1482 3520 1537 3568 et
1586 3516 1827 3580 ancillis,
1885 3515 2058 3568 aldio-

357 3603 548 3664 nibns,
583 3604 847 3667 aldianis,
882 3605 1164 3668 mercatis,
1199 3603 1461 3670 teluneis,
1513 3603 1844 3674 cunctisque
1892 3603 2060 3656 rebus

357 3691 427 3744 ad
475 3693 772 3762 praefatam
831 3694 1120 3746 abbatiam
1183 3693 1609 3762 pertinentibus
1651 3699 1768 3746 tam
1814 3708 1879 3745 ea
1929 3708 2059 3763 quae

361 3797 513 3834 nunc
543 3781 752 3835 habere
791 3782 1017 3836 videtur
1046 3798 1334 3852 quamque
1371 3799 1435 3834 ea
1483 3799 1612 3851 qua:
1667 3781 1936 3851 deinceps
1979 3780 2061 3834 di-

359 3869 490 3922 vina
547 3870 733 3939 pietas
789 3870 1038 3924 voluerit
1089 3870 1300 3924 addere
1364 3871 1447 3922 vel
1496 3869 1866 3939 ampliﬁcare,
1918 3871 2062 3923 sicut

360 3958 810 4027 praedecessores
840 3958 1021 4012 nostri
1052 3959 1158 4012 hoc
1190 3959 1337 4012 idem
1394 3958 1802 4011 monasterium
1836 3974 2063 4028 semper

362 4052 714 4109 tutaverunt,
744 4047 821 4100 ita
840 4052 897 4100 et
928 4055 1126 4101 nostra
1168 4064 1274 4100 nos
1329 4047 1615 4117 imperiali
1672 4045 1914 4100 tuitione
1965 4047 2061 4100 de-

361 4137 588 4190 fensum
625 4141 794 4205 atque
845 4135 1132 4189 munitum
1184 4135 1252 4188 ab
1295 4135 1561 4188 omnibus
1590 4135 1836 4188 inimicis
1890 4140 1948 4188 et
1981 4135 2065 4189 in-

363 4223 658 4277 vasoribus
699 4224 1012 4278 alienatum
1088 4241 1210 4278 esse
1290 4223 1672 4294 praecipimus.
1743 4224 2065 4278 Statucntes

364 4329 501 4382 ergo
523 4312 794 4382 jubemus
825 4319 997 4383 atque
1041 4313 1408 4383 praecipimus
1440 4319 1501 4366 ut
1531 4313 1719 4366 nullus
1745 4313 1925 4366 Judex
1958 4330 2062 4382 pu-

363 4401 567 4463 blicus,
617 4407 720 4456 aut
771 4402 1019 4473 quilibet
1095 4401 1408 4471 superioris
1455 4401 1672 4455 ordinis
1729 4402 2065 4471 reipublicm

363 4497 704 4560 procurator
733 4491 801 4544 ad
825 4507 1024 4544 causas
1067 4489 1375 4560 judiciario
1426 4506 1585 4543 more
1651 4491 1966 4544 audiendas
2005 4493 2062 4546 in

365 4578 650 4640 ecclesias,
673 4584 774 4633 aut
799 4580 980 4645 villas,
1034 4595 1134 4632 seu
1173 4579 1426 4650 reliquas
1484 4579 1893 4648 possessiones,
1926 4597 2070 4650 quas

365 4667 641 4721 moderno
664 4672 923 4737 tempore
962 4668 1022 4722 in
1068 4667 1422 4738 quibuslibet
1468 4668 1774 4738 provinciis
1805 4673 1906 4722 aut
1961 4674 2072 4721 ter-

367 4754 582 4809 ritoriis
639 4755 867 4825 imperii
917 4757 1096 4810 nostri
1150 4757 1304 4826 juste
1356 4762 1412 4810 et
1446 4756 1708 4826 legaliter
1765 4761 1941 4820 tenet,
1988 4757 2073 4810 in-

368 4843 530 4911 gredi
578 4849 910 4912 praesumat,
969 4861 1074 4898 nec
1121 4846 1290 4899 feuda
1329 4862 1432 4898 nec
1492 4846 1726 4914 tributa,
1763 4851 1863 4900 aut
1909 4862 2068 4900 man-

365 4931 572 4999 siones,
646 4937 747 4984 ant
817 4932 1133 4998 teloneum,
1224 4942 1326 4987 ant
1412 4934 1778 5002 tidejussores
1855 4936 2069 4996 tollere,

370 5024 471 5074 aut.
511 5018 777 5072 homines
833 5025 950 5073 tam
1026 5020 1311 5090 ingenuos
1395 5038 1570 5091 quam
1645 5039 1834 5076 servos
1900 5039 2074 5094 super

371 5114 585 5162 terram
618 5106 800 5178 ipsius
825 5108 1160 5162 monasterii
1215 5116 1642 5164 commanentes
1703 5112 2071 5183 distringere,

372 5213 475 5252 nec
497 5197 641 5250 ullas
681 5195 939 5266 publicas
998 5195 1321 5250 functiones
1367 5204 1469 5252 aut
1512 5199 1928 5254 redhibitiones
1985 5201 2074 5254 vel

371 5285 598 5340 illicitas
643 5283 968 5339 occasiones
1016 5283 1310 5354 inquirere
1391 5286 1634 5353 audeat;
1678 5289 1800 5351 sed,
1853 5297 2075 5343 remota

373 5374 632 5428 omnium
666 5373 968 5427 hominum
1027 5373 1476 5428 contradictione
1541 5379 1598 5428 et
1651 5375 2072 5447 inquietudine,

374 5462 538 5515 liceat
597 5465 915 5515 memorato
982 5459 1171 5514 abbati
1229 5461 1462 5531 suisque
1507 5464 1929 5518 successoribus
1985 5481 2077 5518 res

375 5549 634 5618 praedicti
666 5549 1021 5615 monasterii,
1048 5554 1105 5603 et
1144 5548 1474 5604 hominibus
1504 5550 1572 5604 ad
1633 5568 1690 5604 se
1743 5552 2078 5622 pertinenti-

376 5637 483 5690 bus
529 5636 636 5690 sub
683 5637 946 5690 tuitionis
1002 5642 1214 5692 nostra:
1264 5636 1598 5694 defensione
1628 5640 1825 5710 quieto
1871 5641 2073 5696 ordine

378 5723 795 5797 possidere,aut
809 5741 916 5797 pro
929 5725 1323 5782 incolumitate
1339 5734 1554 5793 nostra,
1571 5743 1671 5783 seu
1687 5729 2078 5802 statuimperii

2158 684 2384 738 Domini
2416 685 2761 739 immensam
2790 682 3392 753 clementiamjugiter
3427 699 3686 737 exorare.
3721 684 3787 737 Et
3813 686 3894 733 ut

2153 773 2278 828 haec
2308 773 2616 828 auctoritas
2645 779 2843 826 nostra
2879 771 3089 828 futuris
3135 772 3495 842 temporibus
3553 771 3887 826 inviolabi—

2151 863 2266 916 lem
2293 867 2468 933 atque
2520 861 2917 916 inconvnlsam
2961 860 3216 914 obtineat
3269 860 3622 926 ﬁrmitatem,
3689 875 3888 914 manu

2153 951 2392 1021 propria
2421 949 2616 1004 subter
2645 948 3020 1015 ﬁrmavimus,
3062 954 3120 1002 et
3147 947 3349 1002 annuli
3379 948 3563 1001 nostri
3606 948 3866 1017 impres-

2151 1039 2314 1094 sione
2338 1038 2607 1109 insigniri
2627 1039 2923 1109 jussimus.
2957 1037 3140 1102 Quam
3180 1037 3228 1090 si
3257 1036 3386 1108 quis
3434 1037 3646 1090 violare
3703 1054 3879 1106 prae—

2153 1126 2480 1196 sumpserit,
2514 1125 2653 1179 sciat
2680 1142 2738 1179 se
2783 1125 3234 1195 compositurum
3284 1124 3408 1177 auri
3431 1124 3637 1194 optimi
3688 1125 3885 1179 libras

2147 1221 2399 1280 centum,
2448 1214 2817 1269 medietatem
2857 1213 3129 1283 praedicto
3182 1213 3549 1279 monasterio,
3597 1214 3690 1268 cui
3738 1213 3875 1266 vio-

2151 1304 2385 1359 lentiam
2420 1303 2631 1366 intulit,
2667 1307 2725 1356 et
2769 1302 3134 1357 medietatem
3181 1318 3428 1356 camera:
3481 1309 3714 1368 nostrae,
3749 1303 3875 1357 hac

2154 1399 2348 1449 nostra.
2377 1391 2750 1461 inscriptione
2781 1391 3118 1444 inconvnlsa
3151 1395 3438 1444 manente.

2225 1481 2504 1548 Signum}L
2531 1481 2738 1534 domini
2767 1481 3015 1535 Heinrici
3042 1480 3373 1533 serenissimi
3411 1484 3461 1533 et
3513 1477 3884 1533 invictissimi

2155 1571 2286 1637 imp.
2318 1569 2582 1634 Augusti.

2226 1655 2499 1710 llenricus
2538 1653 2912 1708 cancellarius
2975 1653 3095 1708 vice
3156 1653 3416 1708 Luitardi
3479 1653 3733 1725 episcopi
3806 1660 3882 1708 et

2155 1744 2638 1800 archicancellarii
2660 1743 3008 1814 recognovit.

2229 1835 2435 1888 Datum
2463 1833 2653 1886 Nonas
2694 1832 2842 1894 Maii,
2877 1847 3028 1886 anno
3079 1831 3392 1885 Dominicaz
3451 1830 3885 1884 incarnationis

2165 1924 2321 1987 1014,
2355 1921 2551 1976 indict.
2612 1937 2714 1989 xu,
2769 1937 2921 1975 anno
2980 1936 3115 1974 vero
3161 1920 3386 1974 domini
3446 1919 3670 1974 Henrici
3719 1920 3878 1990 imp.

2159 2009 2403 2080 Augusti
2433 2010 2728 2080 regnantis
2759 2026 2854 2071 xu.
2877 2007 3109 2079 imperii
3151 2015 3342 2062 autem
3383 2008 3507 2077 ejus
3539 2025 3577 2062 ι.

2230 2101 2434 2153 Actum
2468 2099 2655 2169 Papia
2687 2098 2748 2152 in
2777 2097 2993 2168 palatio
3018 2096 3319 2152 Ticinense
3351 2096 3608 2164 feliciter,
3664 2096 3721 2150 in
3771 2095 3884 2149 Dei

2159 2187 2414 2241 nomine.
2440 2191 2640 2242 Amen.

2917 2275 3104 2329 LXXX.

2159 2367 2216 2422 S.
2275 2367 2516 2420 Heinrici
2544 2369 2873 2434 praeceptum
2924 2380 3020 2432 per
3067 2363 3213 2432 quod
3279 2365 3715 2417 Wormutiensem
3767 2366 3883 2416 Ec-

2231 2438 2450 2491 clesium
2509 2437 2770 2489 adversus
2829 2437 3052 2503 iniquus
3127 2437 3381 2488 comitum
3442 2436 3882 2503 provincialium

2232 2509 2594 2577 impetitiones
2627 2512 2823 2560 tuetur.

2815 2595 3005 2661 (Anno
3047 2593 3216 2661 1014.)

2381 2700 2714 2772 [Schannat,
2738 2702 3092 2770 Episcopatus
3118 2701 3403 2763 Wormat.,
3441 2700 3510 2767 ll,
3543 2699 3655 2768 40.]

2236 2808 2301 2860 In
2335 2808 2572 2861 nomine
2612 2813 2822 2860 sancta:
2877 2811 2934 2860 et
2979 2806 3294 2860 individua:
3350 2805 3663 2870 Trinitatis,
3712 2806 3890 2858 Hem-

2165 2911 2338 2960 Iuces,
2389 2895 2586 2949 divina
2639 2895 3069 2967 prmordinante
3157 2893 3483 2960 clementia,
3555 2893 3890 2964 imperator

2163 2988 2472 3054 Augustus.

2235 3073 2294 3127 Si
2327 3071 2700 3144 petitionibus
2744 3072 3103 3127 sacerdotum
3143 3071 3262 3137 Dei,
3285 3071 3438 3144 quod
3497 3071 3566 3126 ad
3611 3074 3881 3124 nostram

3152 3161 3524 3215 Ecclesiarum
3545 3159 3650 3213 sibi
3719 3176 3888 3214 com-

2167 3251 2472 3306 missarum
2505 3251 2865 3321 pertulerint,
2893 3251 2963 3305 ad
2996 3250 3263 3304 eﬁ'ectum
3321 3250 3714 3320 perducimus,
3763 3250 3885 3302 hoc

2167 3339 2335 3394 nobis
2387 3340 2806 3406 incunctanter,
2835 3344 2893 3394 et
2933 3339 3006 3393 ad
3060 3338 3392 3409 temporalis
3431 3338 3595 3409 regni
3625 3345 3874 3404 statum,

2168 3433 2226 3482 et
2275 3429 2343 3482 ad
2399 3435 2632 3482 teternze
2671 3427 3048 3482 beatitudinis
3100 3428 3522 3481 incrementum
3590 3428 3882 3497 proﬁcere

2168 3517 2530 3571 conﬁdimus.
2568 3517 2814 3586 Ideoque
2841 3515 3102 3569 omnium
3130 3515 3228 3570 Dei
3260 3515 3556 3585 nostrique
3586 3515 3883 3582 ﬁdi-lium,

2169 3607 2542 3676 praesentium
2565 3605 2778 3659 scilicet
2822 3611 2882 3659 et
2917 3605 3268 3666 futurorum.
3329 3603 3546 3658 noverit
3593 3604 3889 3658 industria

2171 3694 2460 3767 quomodo
2504 3694 2848 3748 venerabilis
2889 3694 2976 3747 vir
3032 3693 3412 3760 Burchardus,
3453 3698 3663 3746 sanctae
3711 3695 3887 3747 Wor-

2171 3783 2466 3838 matiensis
2492 3781 2752 3836 Ecclesiae
2783 3781 3105 3851 episcopus,
3131 3781 3424 3836 communi
3461 3781 3882 3836 lamentatione

2171 3873 2510 3943 pontiﬁcum
2539 3877 2598 3925 et
2632 3871 2907 3925 abbatum
2964 3872 3221 3941 ejusdem
3264 3870 3593 3942 provinciae,
3650 3871 3888 3925 celsitu-

2173 3963 2367 4016 dinem
2405 3965 2656 4014 nostram
2701 3959 2847 4014 adiit
2888 3976 3010 4014 sese
3063 3959 3429 4014 reclamando
3477 3959 3549 4012 oh
3606 3959 3888 4030 frequen-

2171 4057 2286 4104 tem
2318 4048 2593 4118 injuriam
2650 4064 2714 4102 ac
2759 4049 2943 4118 legem
2990 4048 3286 4118 injustam,
3329 4065 3360 4101 a
3422 4048 3725 4102 comitibus
3772 4065 3887 4101 no-

2174 4139 2325 4204 stris,
2357 4137 2589 4191 familite
2623 4154 2740 4191 suae
2787 4138 3048 4191 Ecclesiae
3087 4137 3214 4206 toti,
3268 4136 3719 4208 praesumptione
3767 4137 3885 4191 im-

2173 4229 2524 4299 positam,nt
2554 4225 2814 4296 quisquis
2851 4241 2917 4279 ex
2961 4226 3160 4280 eadem
3211 4225 3430 4280 familia
3482 4226 3539 4279 in
3576 4226 3745 4291 furto,
3791 4227 3886 4280 vel

2175 4331 2387 4386 pugna,
2421 4321 2520 4368 aut
2549 4314 2743 4384 aliqua
2773 4314 3056 4368 criminali
3110 4331 3278 4368 causa
3319 4314 3620 4384 culpabilis
3683 4314 3889 4368 inven-

2175 4411 2268 4458 tus
2295 4402 2516 4468 fuisset,
2539 4418 2638 4456 seu
2672 4418 2878 4473 magna
2907 4403 2994 4456 vel
3033 4419 3212 4472 parva
3248 4419 3335 4456 res
3366 4408 3532 4465 esset,
3575 4403 3641 4455 6O
3669 4403 3889 4456 solidos

2099 4506 2143 4559 1)
2180 4491 2374 4546 comiti
2438 4507 2667 4561 semper
2729 4507 3078 4561 componere
3154 4491 3494 4555 debuisset;
3558 4491 3707 4544 inter
3755 4489 3884 4545 hmc

2179 4580 2352 4634 etiam
2383 4585 2669 4650 praecepta
2722 4579 3126 4646 immnnitatis,
3187 4595 3316 4649 quae
3364 4579 3894 4634 Christianissimus

2183 4671 2528 4723 Francorum
2556 4684 2655 4721 rex
2688 4669 3044 4738 Dagobertus
3069 4670 3184 4722 Deo
3221 4668 3544 4738 sanctisque
3577 4668 3694 4720 suis
3717 4684 3890 4739 apus-

2179 4757 2313 4812 tolis
2343 4758 2512 4811 Petro
2543 4762 2599 4810 et
2622 4757 2798 4810 Paulo
2825 4757 3092 4826 primitus
3126 4756 3493 4822 condonavit,
3536 4755 3752 4808 visibus
3784 4772 3892 4811 no-

2180 4845 2310 4900 stris
2342 4845 2652 4915 relegenda
2698 4845 3083 4915 praesentavit,
3117 4844 3178 4898 in
3219 4845 3428 4915 quibus
3479 4843 3755 4914 scriptum
3805 4851 3895 4900 est

2181 4934 2473 5006 quomodo
2521 4933 2642 5002 ipse
2698 4933 3052 5004 Dagobertus
3122 4933 3422 4988 constituit
3468 4940 3532 4987 ut
3571 4933 3765 4986 nullus
3796 4951 3889 4988 co-

2182 5039 2304 5077 mes
2331 5022 2585 5093 aliquam
2619 5021 2678 5075 in
2709 5022 2893 5075 causis
2920 5022 3222 5076 audiendis
3239 5038 3412 5092 super
3432 5022 3696 5075 eamdem
3727 5021 3894 5076 fami-

2183 5109 2322 5163 liam
2378 5113 2727 5180 potestatem
2779 5110 3063 5176 haberet;
3133 5109 3368 5180 insuper
3425 5111 3894 5164 conﬁrmationes

2183 5215 2572 5254 successorum
2603 5200 2757 5252 illius
2790 5216 2802 5249 :
2853 5199 3118 5253 videlicet
3149 5199 3399 5269 Pippini,
3443 5199 3653 5263 Caroli,
3712 5200 3894 5256 Ludo-

2181 5289 2312 5354 vici,
2363 5288 2602 5354 Arnolﬁ,
2660 5289 2912 5352 Henrici,
2968 5291 3144 5342 trium
3194 5289 3494 5353 Ottonum,
3545 5287 3893 5343 clarissimo-

2187 5393 2315 5431 rum
2374 5392 2577 5447 regum
2631 5377 2718 5430 vel
2786 5377 3228 5446 imperatorum,
3294 5383 3722 5430 antecessorum
3780 5394 3894 5432 no—

2185 5471 2458 5530 strorum,
2501 5465 2664 5519 nobis
2695 5465 3025 5534 nostrisque
3050 5463 3320 5518 ﬁdelibus
3357 5465 3796 5527 demonstravit,
3834 5468 3894 5520 in

2187 5555 2400 5624 quibus
2431 5553 2752 5623 reperimus
2782 5553 2939 5625 quod
2980 5553 3090 5623 ipsi
3121 5551 3594 5606 constitutionem
3634 5554 3892 5621 praedicti

2188 5643 2339 5712 regis
2392 5641 2698 5712 Dagoberti
2731 5643 2848 5696 suis
2915 5641 3398 5713 prmeeptionibus
3434 5657 3468 5694 a
3515 5657 3660 5694 novo
3689 5643 3895 5698 contir-

2189 5736 2512 5798 maverunt,
2545 5736 2601 5786 et
2623 5747 2693 5786 ne
2725 5733 2848 5786 haec
2878 5731 2964 5785 lex
3007 5729 3218 5802 injuste
3255 5728 3491 5782 ulterius
3539 5729 3890 5799 procederet,
