3980 6488
105 484 191 535 317

102 800 443 850 erceremus,
506 800 751 855 remque
812 800 932 837 sua
1001 782 1256 838 ecclesia
1315 791 1508 837 nostra
1560 784 1810 838 auctori-

106 880 211 927 tate
232 875 427 928 denuo
450 874 950 927 contirmaremus.

173 963 346 1031 Cujns
361 961 747 1032 petitionibus
770 962 841 1015 ob
864 959 1045 1014 divini
1066 961 1255 1015 cultus
1277 977 1553 1025 amorem,
1576 961 1815 1032 ejusque

112 1051 493 1104 voluntariam
550 1050 906 1116 servitutem,
977 1050 1430 1121 acquiesceutes,
1483 1051 1593 1104 hoc
1639 1050 1818 1104 nostri

112 1140 373 1193 culminis
408 1145 762 1210 praceptum
794 1139 981 1193 eidem
1011 1139 1266 1193 ecclesia
1295 1139 1420 1193 tieri
1441 1139 1816 1205 decrevimus,

116 1246 208 1299 per
237 1229 691 1300 quodjubenius
716 1234 778 1283 ut
825 1230 1098 1298 prafatus
1142 1229 1379 1282 antistes
1440 1230 1818 1290 Burchardus,

54 1338 67 1355 ι
114 1319 347 1389 ejusque
411 1333 783 1384 successores,
838 1317 985 1371 sicut
1025 1335 1058 1371 a
1104 1318 1542 1387 pranominatis
1592 1317 1823 1387 regibus

115 1408 191 1459 vel
224 1406 676 1476 imperatoribus
718 1407 1094 1459 constitutum
1139 1411 1225 1459 est
1282 1412 1339 1460 et
1392 1407 1820 1471 conﬁrmatum,

115 1511 343 1548 omnem
400 1510 522 1547 rem
594 1510 712 1547 sua
773 1494 1025 1548 ecclesia
1100 1494 1294 1565 quiete
1349 1494 1703 1564 possideant,
1769 1498 1825 1547 et

115 1584 349 1636 comites
394 1583 576 1636 nostri
632 1584 851 1637 nullam
901 1583 1137 1637 familia
1194 1599 1314 1635 sua
1377 1583 1632 1636 ecclesia
1675 1583 1824 1652 inju-

118 1672 255 1725 riam
318 1672 405 1725 vel
484 1671 829 1741 injustitiam
890 1672 1125 1740 posthac
1183 1671 1396 1725 inferre
1454 1678 1824 1741 praesumant.

120 1763 426 1828 Praterea,
450 1761 528 1815 ob
571 1767 801 1815 aeterna
850 1761 1243 1815 beatitudunis
1279 1761 1828 1827 remunerationem,

118 1856 169 1903 et
207 1850 517 1903 beatorum
553 1849 703 1904 Petri
731 1856 787 1903 et
822 1850 982 1904 Pauli
1039 1850 1493 1910 venerationem.
1527 1850 1677 1903 istud
1712 1849 1827 1902 ini-

56 1942 69 1953 ‘
120 1939 331 2008 periale
365 1944 724 2008 praeceptum
768 1938 1190 2005 constituimus,
1233 1939 1459 2009 hocque
1502 1939 1562 1992 in
1611 1937 1829 2008 sempi—

124 2036 346 2080 ternum
403 2027 608 2081 stabile
642 2028 989 2097 firmumque
1045 2027 1416 2098 pracipimus
1450 2044 1463 2081 :
1498 2033 1580 2089 ut,
1610 2026 1658 2079 si
1702 2026 1831 2097 quis

123 2116 392 2185 deinceps
415 2132 481 2169 ex
536 2116 754 2170 familia
813 2116 1244 2170 Wormatiensis
1303 2116 1555 2170 ecclesia
1616 2116 1832 2169 furtum

124 2206 201 2257 vel
234 2221 500 2275 pugnam
539 2210 639 2259 aut
693 2206 868 2259 ullam
899 2206 1069 2258 aliam
1112 2205 1471 2259 criminalem
1520 2220 1746 2258 causam
1773 2202 1833 2256 in

122 2294 321 2347 eadem
353 2293 577 2347 familia
610 2293 1045 2364 perpetraverit,
1078 2293 1151 2347 ad
1184 2310 1388 2347 manus
1419 2293 1671 2363 episcopi
1729 2308 1833 2345 suo

125 2383 396 2436 advocato
428 2388 790 2452 componat;
832 2383 877 2436 si
918 2388 1111 2436 autem
1161 2389 1323 2436 extra
1377 2382 1657 2436 familiam
1704 2397 1836 2435 cum

56 2544 65 2551 ο
125 2480 402 2525 extraneo
468 2471 667 2541 aliquo
722 2460 928 2525 rixam.
966 2472 1252 2536 habuerit,
1324 2471 1631 2526 advocatus
1702 2486 1839 2524 suus

126 2561 322 2613 comiti
354 2577 461 2630 pro
495 2560 864 2630 eojustitiam
893 2559 1081 2626 faciat,
1115 2564 1174 2613 et
1202 2560 1251 2613 si
1281 2559 1454 2613 alicui
1513 2559 1693 2613 libero
1733 2557 1835 2611 lio-

130 2649 266 2701 uiini
300 2649 480 2701 ullam
533 2648 820 2719 justitiam
866 2647 1083 2713 fecerit,
1118 2649 1205 2701 vel
1251 2664 1381 2701 cum
1428 2664 1497 2701 eo
1543 2664 1839 2718 pugnave-

129 2736 216 2801 rit,
249 2739 336 2790 vel
368 2737 418 2790 si
443 2744 604 2790 extra
628 2736 909 2790 familiam
944 2740 1175 2806 raptum
1215 2737 1469 2807 aliquem
1530 2734 1838 2805 peregerit,

131 2826 439 2879 advocatus
467 2841 607 2878 suus
642 2824 909 2878 similiter
954 2841 1059 2895 pro
1106 2841 1171 2877 eo
1224 2824 1514 2893 justitiam
1545 2824 1716 2878 faciat
1748 2840 1760 2877 :
1795 2823 1843 2876 si

130 2919 319 2966 autem
376 2913 529 2966 infra
568 2918 730 2982 septa
774 2912 1072 2982 cujuslicet
1120 2913 1340 2967 furtum
1406 2912 1641 2983 aliquod
1690 2927 1843 2965 com-

130 3002 373 3066 miserit,
413 3001 617 3055 reddat
639 3002 790 3071 quod
840 3001 1094 3063 abstulit,
1146 3001 1435 3066 restituat,
1463 3006 1521 3053 et
1549 3000 1786 3069 insuper
1814 3014 1845 3050 v

128 3090 343 3144 solidos
391 3092 727 3161 persolvat;
779 3090 827 3144 si
881 3096 1062 3155 extra,
1150 3090 1361 3144 iterum
1415 3089 1569 3159 quod
1612 3089 1847 3142 abstulit

1384 478 1781 536 Dll’LOMA'l‘A
1823 479 2373 537 ECCIESIASTICA.

102 614 353 677 precatus
407 612 498 661 est
546 604 919 661 clementiam
995 612 1249 659 nostram
1311 609 1374 659 ut
1427 605 1804 660 insultantem
1834 611 1879 661 Λ

47 695 370 755 .comitum
428 694 949 767 praesumptionem
1027 698 1218 747 nostra
1276 694 1671 749 dominatione
1713 712 1807 748 co-

3517 482 3619 533 3l8

1989 607 2130 663 Cum
2163 623 2229 661 ex
2244 604 3217 676 rationabiliordineomnipotentis
3242 604 3342 661 Dei
3367 609 3626 679 corporis

1924 696 2164 750 humani
2182 696 2364 749 forma
2394 711 2462 748 eo
2494 694 2665 748 modo
2679 694 2752 747 sit
2779 694 3007 749 condita
3030 699 3093 748 ut
3111 695 3384 765 qualibet
3406 696 3630 750 minora

1925 785 2184 839 membra
2207 785 2379 855 capiti
2410 784 2523 838 sint
2555 784 2831 854 subjecta,
2864 784 3011 838 etab
3038 800 3106 838 eo
3142 782 3316 838 veluti
3345 784 3453 839 sub
3493 800 3631 855 quo-

1927 875 2057 929 dam
2071 875 2211 928 duce
2226 886 2641 944 regantur,non
2656 872 3043 942 incongruum
3057 872 3385 942 putavimus
3398 874 3469 927 ad
3484 874 3552 928 ha
3564 890 3631 926 nc

1929 962 2331 1025 imitationem,
2367 961 2647 1031 quasdam
2734 961 2989 1014 minores
3038 960 3306 1014 ecclesias
3344 960 3403 1014 in
3455 977 3631 1030 regno

1928 1055 2122 1105 nostro
2182 1050 2423 1104 subdere
2484 1049 2821 1119 majoribus,
2898 1054 2956 1103 et
3030 1048 3085 1102 id
3136 1048 3420 1103 voluntati
3482 1049 3633 1118 regis

1930 1155 2132 1205 regum
2175 1139 2317 1192 nihil
2390 1138 2615 1193 obstare
2668 1139 2929 1193 arbitrati
2967 1153 3185 1202 sumus,
3244 1138 3345 1208 qui
3380 1137 3634 1190 caelestes

1931 1234 2101 1299 atque
2156 1233 2419 1281 terrenos
2462 1227 2816 1298 principatus
2880 1227 3024 1280 miro
3080 1226 3284 1280 ordine
3336 1225 3493 1279 novit
3546 1225 3633 1279 di»

1933 1317 2248 1386 stinguere.
2298 1317 2542 1372 Proinde
2597 1333 2699 1370 nos
2758 1316 2952 1380 etiam,
2989 1316 3085 1385 qui
3142 1316 3217 1368 ad
3272 1320 3501 1383 tempus
3531 1314 3637 1367 sub

1934 1411 2150 1459 aterno
2197 1406 2346 1476 Rege
2406 1405 2571 1459 electi
2610 1421 2808 1459 sumus
2868 1420 3129 1474 regnare,
3191 1403 3483 1473 inprimis
3532 1418 3637 1472 pro

1936 1511 2130 1548 amore
2157 1495 2276 1559 Dei,
2305 1484 2558 1565 ejusque
2577 1494 2890 1563 genitricis,
2926 1510 3028 1547 nec
3069 1509 3187 1545 non
3243 1508 3347 1562 pro
3398 1490 3640 1545 assiduis

1940 1584 2317 1653 petitionibus
2383 1584 2606 1638 dilecta
2667 1583 2927 1653 conjugis
2984 1587 3192 1636 nostra
3242 1580 3637 1650 Cunegunda.

1940 1678 2113 1744 atque
2184 1673 2312 1726 ﬁdis
2376 1672 2849 1744 persuasionibus
2915 1671 3212 1727 Hereberti
3283 1668 3642 1724 Coloniensis

1941 1761 2373 1832 archiepiscopi,
2406 1767 2463 1815 et
2493 1760 2683 1815 fratris
2714 1761 2801 1814 sui
2848 1759 3134 1814 Becelonis
3192 1757 3448 1828 episcopi
3477 1757 3638 1809 Wur-

1941 1850 2324 1920 ceburgensis,
2395 1854 2451 1903 et
2489 1850 2657 1903 simul
2713 1849 2905 1903 fratris
2961 1847 3143 1902 nostri
3197 1845 3481 1900 Brunonis
3518 1848 3642 1899 Au-

1944 1939 2229 2010 gustensis
2287 1938 2560 2002 consiliis,
2616 1944 3077 2008 caterorumque
3106 1935 3368 1991 ﬁdelium
3414 1939 3645 1988 nostro-

1947 2045 2071 2082 rum
2104 2033 2311 2098 rogatu
2342 2032 2397 2081 et
2448 2027 2799 2093 assensione,
2859 2026 3001 2097 quin
3059 2042 3191 2079 vero
3249 2022 3645 2093 propterjuge

1944 2118 2240 2171 servitium
2276 2116 2630 2171 Werenharii
2676 2114 3112 2187 Argentinensis
3140 2112 3416 2183 episcopi,
3441 2125 3645 2180 quam-

1945 2207 2076 2261 dam
2114 2206 2401 2260 ahbatiam
2452 2206 2893 2270 monachorum,
2926 2220 3058 2275 qua
3113 2203 3321 2257 dicitur
3368 2198 3646 2262 Suazahu,

1947 2302 2155 2350 sancta
2209 2295 2648 2365 Argentinensis
2697 2293 2947 2348 ecclesia
2987 2294 3045 2347 in
3080 2293 3302 2347 honore
3347 2288 3448 2344 Dei
3488 2287 3651 2343 Geni-

1950 2385 2103 2439 tricis
2137 2385 2497 2449 fundata,in
2548 2389 2801 2438 nostram
2861 2389 3306 2451 nostrorumque
3362 2392 3650 2433 successo-

1951 2490 2078 2528 rum
2129 2474 2471 2529 memoriam
2519 2473 2864 2527 tradidimus
2908 2470 3325 2543 perpetualiter
3355 2467 3651 2538 possiden-

1951 2564 2261 2629 dam,cum
2294 2562 2562 2617 omnibus
2608 2562 2679 2617 ad
2738 2563 3001 2616 eamdem
3056 2548 3344 2613 abbatiam
3398 2555 3657 2625 legaliter

1952 2652 2392 2722 pertinentibus,
2436 2652 2494 2704 in
2537 2651 2999 2722 quibuscumque
3044 2646 3370 2718 provinciis,
3432 2640 3658 2697 mobili-

1955 2742 2059 2796 bus
2089 2748 2145 2794 et
2175 2739 2589 2803 immobilibus,
2646 2739 2815 2803 areis,
2848 2737 3129 2801 adificiis,
3170 2736 3367 2799 servis,
3410 2730 3653 2794 ancillis,

1954 2830 2121 2884 terris
2141 2830 2308 2882 cultis
2360 2836 2417 2881 et
2457 2827 2704 2894 incultis,
2741 2828 2917 2896 agris,
2975 2825 3213 2895 campis,
3268 2820 3492 2894 pascuis
3542 2820 3658 2872 sive

1956 2917 2331 2989 compascuis,
2404 2916 2584 2970 vineis
2650 2918 2738 2970 vel
2831 2915 3056 2980 vinetis,
3151 2913 3331 2979 silvis,
3412 2907 3658 2969 forestis,

1956 3007 2378 3069 venationibus,
2432 3006 2597 3076 aquis
2654 3021 3053 3076 aquarumque
3111 3001 3466 3065 decursibus,
3535 3012 3659 3051 m0-

1957 3097 2224 3163 lendinis,
2248 3096 2678 3166 piscationibus,
2716 3095 2823 3148 viis
2860 3102 2917 3148 et
2948 3093 3136 3157 inviis,
3186 3090 3433 3144 exitibus
3478 3092 3535 3141 et
3566 3102 3658 3139 re-

128 3181 425 3246 restituat,
480 3187 540 3235 et
597 3180 830 3251 insuper
898 3196 1074 3234 unam
1144 3180 1373 3234 nnciam
1442 3178 1807 3233 tantummod

2048 3185 2194 3247 ibus,
2247 3186 2585 3253 caterisqne
2626 3183 2967 3237 utensilibus
3015 3197 3082 3235 eo
3130 3189 3328 3234 tenore
3376 3182 3663 3248 quatenus

129 3275 467 3340 componat,
503 3274 560 3323 et
592 3285 891 3339 nunquam
926 3269 1110 3338 majus
1165 3267 1560 3320 vadimonium
1619 3283 1845 3337 prome-

131 3368 327 3413 reatur
355 3374 539 3429 quam
566 3374 597 3409 v
630 3358 858 3411 solidos.
891 3357 1140 3412 Comites
1188 3363 1381 3410 autem
1441 3356 1659 3409 nullam
1693 3354 1850 3424 peni-

130 3451 219 3500 tus
281 3448 547 3501 habeant
592 3450 935 3517 potestatem
997 3461 1170 3515 super
1226 3444 1508 3499 familiam
1560 3444 1852 3514 pradicta

131 3537 424 3601 Ecclesiae,
456 3536 567 3589 nisi
593 3538 650 3589 in
684 3536 852 3606 legali
884 3536 1115 3605 placito,
1164 3551 1295 3588 cum
1319 3533 1536 3603 judicio
1584 3534 1854 3586 scabino-

130 3641 257 3679 rum
292 3631 353 3679 et
391 3625 729 3695 juramento
787 3624 1099 3678 liberorum
1170 3623 1499 3690 hominum,
1559 3621 1766 3693 aliquis
1796 3622 1855 3674 in

132 3731 195 3767 ea
234 3715 330 3768 fur
360 3730 493 3768 esse
524 3713 900 3767 convincatur
943 3732 958 3779 ;
989 3718 1045 3766 et
1073 3712 1120 3766 si
1146 3714 1335 3782 palam
1358 3712 1415 3765 in
1460 3712 1613 3765 furto
1647 3712 1856 3780 depre-

132 3803 469 3865 hendatur,‘
509 3803 568 3855 in
630 3802 907 3871 compede
964 3800 1192 3855 comitis
1238 3801 1457 3854 interea
1510 3806 1853 3864 reservetur,

48 3896 63 3911 ⁸
134 3892 310 3946 donec
333 3891 747 3946 scabiniouum
789 3889 1031 3960 judicio,
1074 3889 1131 3943 in
1165 3905 1268 3942 suo
1326 3889 1536 3958 placito
1583 3889 1738 3957 juste
1769 3888 1857 3941 di-

127 3982 475 4050 jndicetur:
517 3980 649 4034 illos
706 3995 841 4032 vero
885 3980 953 4031 60
1002 3979 1239 4044 solidos,
1291 3994 1435 4048 quos
1493 3994 1673 4048 usque
1708 3993 1862 4031 nunc

135 4070 343 4139 injusta
376 4076 439 4124 et
470 4067 859 4122 irrationabili
892 4068 1019 4138 lege
1082 4072 1439 4136 receperant,
1474 4066 1714 4119 omnino
1768 4065 1864 4118 in-

133 4161 508 4224 terdicimus,
562 4157 675 4211 nisi
738 4157 797 4211 in
850 4156 1099 4227 publicis
1148 4155 1491 4209 civitatibus.
1555 4155 1615 4208 lit
1652 4155 1699 4207 si
1731 4153 1862 4223 quis

135 4249 307 4318 hujus
338 4246 811 4302 confirmationis
850 4251 1141 4316 pracepta
1166 4244 1483 4306 violaverit,
1518 4244 1605 4296 vel
1657 4249 1867 4296 nostra

134 4336 583 4392 constitutionis
612 4341 998 4405 transgressor
1041 4332 1342 4399 exstiterit,
1384 4332 1430 4385 si
1479 4332 1622 4385 liber
1668 4337 1772 4396 est,
1811 4348 1870 4384 ιιι

50 4498 57 4507 ι
135 4428 231 4481 lib.
265 4428 398 4481 auri
437 4424 521 4480 ad
555 4429 807 4478 nostram
842 4439 1129 4507 cameram
1176 4422 1483 4491 persolvat,
1538 4420 1627 4473 sin
1677 4427 1867 4473 autem

48 5708 73 5723 η

136 4535 356 4583 servus,
393 4513 635 4571 corium
684 4519 740 4567 et
798 4512 1036 4583 capillos
1067 4494 1311 4565 amittat.
1354 4510 1463 4564 Sed
1516 4510 1733 4563 uthac
1765 4525 1869 4561 au-

138 4608 373 4661 ctoritas
434 4606 617 4659 ﬁrma
685 4602 1024 4672 stabilisque
1090 4600 1151 4654 in
1218 4609 1565 4670 perpetuum
1620 4604 1870 4663 maneat,

141 4713 313 4751 manu
347 4693 607 4767 propria
628 4692 830 4746 subtus
874 4689 1298 4755 annotavimns,
1360 4687 1654 4758 nostrique
1700 4686 1873 4757 sigilli

140 4785 539 4856 impressione
562 4780 906 4849 consignare
938 4778 1337 4851 pracepimus.

210 4876 351 4930 Data
386 4892 442 4927 v.
500 4870 629 4928 Kal.
687 4869 951 4939 Augusti,
995 4868 1190 4922 indict.
1241 4884 1339 4933 xu,
1398 4882 1551 4919 anno
1585 4866 1741 4919 Dom.
1779 4863 1871 4918 in-

137 4962 505 5017 carnationis
548 4960 706 5019 1014.
748 4974 901 5012 anno
937 4974 1070 5011 vero
1118 4956 1317 5010 domui
1370 4955 1620 5010 Heinrici
1671 4970 1877 5008 secun-

139 5054 196 5110 di
216 5054 385 5124 regni
419 5068 555 5111 xm.
598 5046 833 5118 imperii
864 5051 1057 5101 autem
1081 5063 1117 5099 ι.

206 5148 421 5198 Actum
457 5136 804 5197 Mersfeltin
821 5135 921 5190 Dei
954 5135 1192 5189 nomine
1215 5131 1475 5189 feliciter.

909 5224 1125 5279 LXXXI.

144 5306 360 5358 Litterae
387 5306 447 5360 S.
497 5298 777 5355 Heinrici
824 5296 1022 5365 quibus
1061 5296 1343 5348 abbatium
1395 5292 1463 5345 de
1515 5290 1882 5348 Schwarzach

221 5375 399 5430 trudit
432 5367 841 5443 possidendum
912 5368 1265 5443 Werenhario
1322 5367 1567 5434 episcopo
1618 5365 1878 5432 Argenti-

215 5450 371 5502 ucnsi
391 5439 445 5501 et
472 5439 887 5499 successoribus
918 5439 1057 5505 ejus.

834 5512 1022 5571 (Anno
1049 5509 1231 5572 1014.)

503 5584 684 5657 [ϐίαι.
721 5582 949 5645 Christ,
982 5580 1042 5644 V,
1075 5581 1364 5645 lustrum,
1397 5574 1550 5648 469.]

220 5681 279 5735 ln
301 5678 554 5734 nomine
601 5675 816 5727 sanctae
867 5674 924 5724 et
946 5668 1261 5723 individua
1297 5664 1610 5727 Trinitatis,
1670 5663 1881 5718 Hamu-

154 5785 265 5841 crs,
299 5768 505 5827 divina
536 5764 776 5824 favente
798 5758 1124 5828 clementia,
1158 5773 1277 5818 rex.

1960 3273 2230 3345 praefatus
2291 3273 2591 3343 episcopus
2637 3271 3018 3325 Verenliarius
3066 3269 3271 3339 suique
3312 3279 3665 3319 successores

1964 3364 2201 3417 liberam
2254 3363 2323 3416 de
2371 3362 2574 3415 eadem
2609 3361 2838 3415 abbatia
2898 3359 3167 3428 deinceps
3208 3358 3461 3409 habeant
3507 3358 3668 3422 pote-

1964 3458 2168 3507 statem
2216 3452 2428 3523 absque
2477 3452 2635 3505 omni
2686 3464 3063 3520 personarum
3106 3444 3555 3500 contradictione
3614 3444 3671 3492 et

1966 3542 2359 3594 molestatione
2404 3539 2754 3611 possidendi,
2818 3545 2876 3591 et
2914 3538 2972 3591 in
3024 3553 3156 3589 usus
3204 3534 3458 3589 ecclesia
3500 3529 3669 3601 quid-

1967 3629 2107 3699 quid
2140 3629 2274 3683 inde
2294 3628 2401 3681 sibi
2434 3629 2608 3681 libeat
2628 3628 2899 3681 omnibus
2931 3624 3111 3679 modis
3168 3622 3433 3677 faciendi.
3499 3621 3561 3673 Et
3609 3622 3673 3671 ut

1969 3719 2089 3772 hac
2121 3724 2329 3772 nostra
2392 3718 2716 3770 traditionis
2755 3715 3061 3769 auctoritas
3112 3712 3334 3767 stabilis
3370 3716 3428 3763 et
3469 3709 3671 3761 incon-

1969 3808 2129 3861 vulsa
2161 3812 2512 3877 permaneat,
2576 3806 2722 3859 hanc
2774 3802 3050 3874 pracepti
3136 3800 3315 3854 nostri
3400 3796 3674 3868 paginam

1973 3896 2130 3966 regio
2165 3912 2320 3949 more
2355 3936 2367 3949 .
2416 3936 2427 3947 .
2471 3935 2486 3949 .
2534 3938 2545 3949 .
2593 3934 2604 3948 .
2641 3899 2697 3947 et
2727 3900 2858 3964 post
2878 3891 3256 3960 conscriptam
3310 3902 3484 3941 manu
3535 3900 3672 3954 pru-

1976 3986 2097 4055 pria
2129 3986 2488 4051 roborantes,
2530 3983 2703 4054 sigilli
2740 3981 2920 4037 nostri
2969 3979 3352 4050 impressione
3403 3971 3675 4044 insigniri

1971 4091 2269 4147 jussimus.

2048 4166 2276 4230 Signum
2302 4163 2513 4216 domini
2538 4163 2776 4216 Henrici
2804 4163 2946 4226 regis
2976 4158 3355 4213 invictissimi.

2051 4254 2394 4309 Sunceliuus
2475 4251 2847 4305 cancellarius
2912 4250 3031 4304 vice
3075 4242 3522 4317 archicapellani
3593 4244 3685 4296 Ere

1982 4342 2287 4397 clianboldi
2318 4340 2645 4411 recognovi.

2054 4433 2196 4485 Data
2226 4446 2312 4483 xvx
2359 4431 2480 4484 Kal.
2551 4426 2862 4489 Februarii,
2916 4425 3057 4479 feria
3115 4440 3197 4487 ιιι,
3230 4422 3369 4475 luna
3426 4436 3497 4487 iv,
3529 4434 3684 4471 anno

1984 4522 2053 4574 ab
2084 4520 2475 4573 incarnatione
2506 4517 2804 4571 Dominica
2840 4514 2994 4580 1014,
3020 4512 3335 4577 indict.xu,
3367 4524 3520 4562 anno
3549 4523 3684 4560 vero

1984 4608 2206 4663 domini
2230 4607 2457 4661 ilenrici
2480 4606 2628 4676 regis
2659 4622 2753 4658 xu.

2054 4701 2257 4752 Actum
2301 4695 2510 4766 Papia.

2729 4782 2970 4837 LXXXII.

1986 4879 2044 4934 S.
2100 4876 2330 4931 Henrici
2395 4874 2663 4928 sententia
2721 4876 2909 4925 contra
2964 4870 3180 4924 comites
3246 4872 3297 4920 et
3353 4866 3692 4920 marchiones

2058 4951 2326 5013 Estenses,
2355 4948 2531 5015 ipsius
2563 4947 2789 5013 imperio
2822 4943 3195 5009 obtemperare
3215 4944 3543 4993 recusantes.

2632 5036 2816 5103 (Anno
2871 5029 3050 5099 ιοιι.)

2352 5122 2575 5197 [Lunig.
2609 5122 2739 5179 Cod.
2780 5121 3031 5189 diplom.,
3065 5119 3104 5180 Ι,
3146 5116 3329 5189 1523.]

2063 5218 2126 5271 ln
2164 5214 2401 5270 nomine
2434 5218 2644 5267 sancta
2673 5216 2732 5266 et
2770 5209 3083 5264 individua
3137 5205 3450 5267 Trinitatis,
3482 5205 3696 5258 Hauni-

1992 5322 2118 5371 cus,
2147 5305 2372 5358 favente
2399 5301 2590 5356 divina
2623 5300 2951 5364 clementia,
3003 5298 3397 5352 Romanorum
3445 5292 3692 5362 impera-

1993 5402 2085 5449 tor
2113 5398 2424 5462 Augustus.

2072 5484 2276 5538 Notum
2306 5496 2428 5534 esse
2460 5479 2723 5533 volumus
2766 5475 3048 5531 universis
3086 5477 3296 5527 sancta
3365 5468 3463 5524 Dei
3508 5468 3695 5522 Eccle-

1995 5570 2093 5626 sia
2124 5570 2389 5625 tidelibus
2451 5568 2721 5623 Ubertum
2771 5565 3062 5625 comitem,
3104 5560 3290 5615 tilium
3326 5555 3697 5627 Hildeprandi

1997 5660 2295 5715 Otbertum
2355 5642 2744 5711 marchionein
2776 5661 2835 5710 et
2890 5653 3073 5713 lilium
3122 5653 3266 5720 ejus,
3300 5654 3359 5703 et
3401 5647 3698 5703 Albertum

1998 5751 2269 5824 nepotem
2300 5746 2474 5813 illius,
2507 5748 2814 5819 postquam
2846 5758 2951 5802 nos
2979 5741 3036 5799 in
3064 5755 3259 5815 regem
3300 5743 3357 5791 et
3387 5738 3700 5813 imperato-
