3980 6422
384 407 487 459 319

1689 409 1742 461 S.
1788 406 2073 462 HENRICI
2115 404 2589 462 IMPERATORIS

3797 407 3918 459 320

384 547 506 585 rem
528 532 845 601 elegerunt,
880 535 937 586 et
960 537 1093 602 post
1133 547 1341 585 manus
1368 532 1534 586 nobis
1591 531 1750 585 datas
1789 535 1846 584 et
1893 545 2078 584 sacra-
2111 531 2153 584 Α
2192 529 2552 584 ﬁrmavimus
2609 532 2666 582 et
2695 531 2892 582 nostro
2933 526 3125 597 sigillo
3174 525 3444 596 insigniri
3491 526 3915 597 praecepimus.

382 625 579 674 menta
601 619 766 673 nobis
798 620 965 686 facta,
1021 635 1151 674 cum
1179 620 1276 674 Dei
1311 626 1624 690 nostroque
1680 618 1914 672 inimico
1970 621 2076 672 Ar-

377 708 558 762 duino
591 723 835 778 regnum
867 713 1129 763 nostrum
1173 708 1483 763 invasisse:
1531 707 1782 778 rapinas,
1833 707 2076 777 praedas,

377 797 794 851 devastationes
824 797 1042 868 ubique
1061 797 1260 852 fecisse
1286 813 1299 863 ;
1334 803 1411 862 et,
1445 796 1598 866 quod
1621 795 1744 849 sine
1773 796 1931 849 luctu
1963 811 2079 848 non

380 890 465 939 est
512 885 840 952 dicendum,
919 886 1209 939 territoria
1279 891 1336 939 et
1392 883 1761 954 pertinentias
1819 883 2078 937 omnium

381 974 749 1028 ecclesiarum
781 973 1184 1027 miserabiliter
1213 969 1376 1027 bonis
1397 972 1666 1026 omnibus
1707 971 2077 1042 exspoliasse.

386 1062 620 1132 Magnus
649 1062 828 1129 dolor,
864 1062 1078 1115 nimius
1117 1062 1323 1126 luctus,
1363 1061 1620 1114 inaudita
1675 1059 1831 1114 intus
1861 1065 1920 1114 et
1944 1059 2082 1114 foris

378 1149 775 1204 desolatio!Si
831 1166 969 1218 ergo
1017 1150 1094 1203 ita
1143 1149 1449 1204 destructis
1493 1148 1747 1202 ecclesiis
1778 1148 2081 1202 subeveni-

380 1239 492 1301 tur,
525 1236 678 1306 quod
716 1239 828 1290 Deo
859 1238 1128 1306 placebit,
1165 1237 1307 1291 nulli
1347 1237 1635 1291 bonorum
1661 1237 2083 1308 displicenduin

379 1325 506 1378 erit.
542 1325 795 1380 Consilio
822 1342 960 1396 ergo
993 1342 1122 1379 cum
1155 1325 1354 1380 amicis
1421 1325 1521 1380 Dei
1567 1326 1789 1391 habito,
1836 1331 2084 1379 scrutata

378 1418 436 1467 et
465 1413 694 1467 inventa
723 1417 808 1468 est
860 1415 947 1468 lex
1011 1414 1542 1485 Longobardorum,
1580 1431 1711 1485 qua:
1759 1414 1840 1468 ita
1865 1414 2034 1484 jubet
2065 1430 2077 1467 :

382 1519 409 1551 α
441 1501 500 1555 Si
531 1501 658 1572 quis
702 1506 900 1556 contra
941 1502 1194 1555 animam
1247 1503 1397 1572 regis
1426 1501 1782 1572 cogitaverit,
1824 1507 1923 1555 aut
1949 1518 2084 1555 con-

379 1587 599 1642 siliatus
619 1589 793 1643 fuerit
813 1591 1023 1644 animas
1076 1607 1217 1655 suae,
1250 1589 1505 1644 incurrat
1556 1589 1877 1660 periculum
1910 1595 1965 1643 et
1995 1604 2082 1642 res

378 1675 535 1730 illius
555 1677 907 1732 intiscentur.
941 1699 970 1729 io
1023 1679 1346 1734 Secundum
1406 1677 1586 1748 igitur
1630 1679 1818 1748 legem
1859 1693 2079 1743 eorum,

381 1768 576 1818 nostra
599 1766 834 1836 propria
862 1772 997 1821 sunt
1027 1766 1223 1820 omnia
1252 1766 1402 1820 bona
1444 1766 1724 1836 ipsorum,
1779 1765 1917 1837 quia
1961 1782 2079 1819 ma-

381 1852 650 1907 nifestum
692 1860 778 1908 est
805 1855 957 1926 ipsos
1001 1860 1198 1909 contra
1255 1871 1358 1908 nos
1409 1870 1525 1908 non
1571 1856 1757 1908 solum
1809 1854 2082 1923 cogitasse

379 1947 475 1996 aut
519 1942 847 1997 consiliatos
890 1945 1108 2010 fuisset,
1151 1944 1249 1998 sed
1298 1943 1471 1997 etiam
1523 1959 1698 1996 ausus
1755 1942 1998 1996 nefarios
2028 1948 2085 1996 et

380 2034 616 2083 conatus
645 2030 906 2100 impuros
932 2047 1106 2101 opere
1161 2031 1497 2098 exercuisse,
1543 2035 1598 2085 et
1650 2031 1880 2102 publice
1934 2030 2083 2084 bella

379 2122 581 2173 contra
600 2134 702 2174 nos
723 2135 1100 2189 przeparasse.

449 2207 592 2270 Quia
623 2223 759 2277 ergo
790 2207 1013 2277 legibus
1050 2223 1254 2262 eorum
1303 2212 1502 2262 nostra
1529 2213 1662 2262 sunt
1711 2208 1862 2262 bona
1919 2207 2082 2278 ipso-

380 2309 535 2362 rum,
563 2295 814 2350 ecclesia:
861 2297 1052 2351 Sancti
1079 2297 1210 2368 Cyri
1255 2296 1509 2367 episcopi
1541 2297 1874 2362 Ticinensis,
1906 2312 2080 2367 quam

383 2381 494 2451 ipsi
531 2382 593 2435 in
623 2383 741 2437 suis
768 2385 1131 2453 pertinentiis
1177 2385 1309 2455 igne
1339 2391 1397 2439 et
1446 2385 1665 2455 rapinis
1710 2386 2084 2439 vehementer

381 2470 841 2540 devastaverunt,
899 2473 969 2527 de
1019 2473 1248 2543 praediis
1295 2489 1497 2527 eorum
1545 2479 1767 2543 partem
1812 2474 1947 2528 dare
1994 2489 2085 2526 vo-

383 2557 597 2623 lumus,
633 2565 699 2612 ut
747 2560 828 2613 sic
882 2562 971 2615 vel
1005 2562 1065 2615 in
1115 2563 1308 2633 aliquo
1350 2562 1888 2631 recompensatione
1936 2562 2085 2615 facta

381 2646 741 2701 tolerabilius
788 2649 947 2702 illata
977 2650 1162 2704 valeat
1193 2649 1473 2704 sustinere
1531 2650 1854 2720 dispendia,
1903 2650 2085 2703 donec

381 2733 498 2786 Deo
556 2735 810 2789 donante
878 2739 1184 2790 commoda
1259 2737 1369 2792 sibi
1436 2743 1797 2791 succrescant
1841 2737 2080 2806 majora.

379 2821 535 2874 Iuste
566 2821 742 2891 igitur
769 2829 826 2877 et
854 2825 1117 2894 legaliter
1165 2825 1370 2880 damus
1415 2826 1522 2879 sibi
1551 2825 1622 2880 de
1661 2825 1831 2879 rebus
1890 2825 2086 2880 Uberti

379 2908 485 2962 lilii
533 2911 902 2982 Hildo-prandi
960 2915 1255 2968 castellum
1303 2916 1374 2968 de
1423 2915 1651 2968 Cerreto
1697 2920 1754 2968 et
1792 2913 2082 2984 Vulparia,

379 3014 509 3052 cum
532 3001 798 3054 omnibus
819 3017 1020 3056 eorum
1042 3002 1379 3072 adjacentiis
1409 3003 1476 3056 ad
1504 3003 1712 3072 jugera
1741 3002 1925 3055 millia
1954 3016 2085 3054 cum

2259 619 2487 685 Signum
2539 617 2747 672 domini
2823 618 3045 672 Henrici
3119 617 3469 670 invictissimi
3549 617 3919 685 imperatoris

2190 709 2450 773 Augusti.

2262 795 2536 849 Henricus
2566 792 2938 848 cancellarius
2985 792 3106 846 vice
3136 792 3369 847 Evrardi
3426 792 3681 864 episcopi
3725 796 3788 846 et.
3824 808 3924 845 ar-

2191 882 2565 954 chicapellani
2599 882 2946 952 recognovit.

2265 973 2496 1026 Factum
2527 987 2677 1024 anno
2719 969 3132 1024 incarnationis
3186 968 3500 1024 Dominicas
3552 971 3709 1035 1013,
3747 967 3920 1021 indi-

2192 1061 2380 1114 ctione
2407 1077 2506 1126 xu,
2539 1076 2688 1113 anno
2718 1075 2852 1113 vero
2882 1059 3103 1113 domini
3136 1058 3363 1113 Henrici
3393 1057 3761 1129 imperatoris
3785 1061 3925 1111 Au—

2193 1149 2365 1219 gusti,
2387 1148 2550 1219 regni
2580 1165 2700 1214 xiu,
2725 1147 2958 1218 imperii
2985 1163 3118 1200 vero
3151 1147 3355 1218 primo.

2263 1241 2468 1292 Actum
2493 1237 2717 1307 Soleya.

2915 1324 3180 1378 LXXXIII.

2193 1417 2249 1471 S.
2313 1413 2593 1468 Henricus
2655 1415 2962 1483 imperator
3013 1412 3182 1466 donat
3213 1411 3467 1483 iabbatiz
3508 1412 3561 1466 S.
3614 1411 3924 1465 Michaelis

2260 1485 2475 1556 praedia
2504 1482 2754 1553 quedam
2782 1489 2942 1536 emtra
2972 1483 3156 1536 urbem
3197 1482 3647 1550 Bambergensem
3693 1484 3833 1535 sita.

2851 1574 3032 1639 (Anno
3069 1571 3257 1639 4015.)

2485 1660 2795 1734 [Ludewig,
2821 1663 3024 1730 Script.
3055 1676 3163 1714 rer.
3199 1661 3400 1727 Germ,
3423 1663 3440 1714 l
3460 1663 3477 1713 t
3497 1657 3602 1731 18.]

2264 1770 2329 1823 In
2357 1768 2594 1822 nomine
2627 1772 2837 1822 sanctae
2871 1771 2929 1820 et
2977 1765 3289 1820 individuus
3318 1765 3639 1830 Trinitatis,
3691 1767 3918 1819 HENRI-

2191 1875 2311 1924 cus,
2336 1857 2528 1911 divina
2555 1857 2779 1911 favente
2813 1854 3138 1922 clementia,
3170 1853 3476 1921 secundus,
3501 1853 3920 1908 Romanorum

2191 1947 2506 2016 imperator
2526 1949 2841 2015 Augustus.

2265 2021 2440 2089 Nosse
2462 2035 2724 2087 volumus
2756 2031 3098 2086 industriam
3135 2029 3629 2093 Christiﬁdelium,
3663 2033 3786 2083 tam
3818 2031 3924 2084 fu-

2189 2127 2456 2178 turorum
2485 2137 2660 2192 quam
2690 2120 3089 2190 presentium,
3125 2119 3277 2190 quod
3301 2117 3588 2188 imperiali
3612 2117 3923 2172 sancimus

2191 2211 2374 2266 edicto
2405 2210 2546 2264 utin
2570 2209 2804 2278 praediis
2834 2225 2976 2279 quae.
3007 2208 3214 2263 divinas
3275 2207 3489 2261 intuitu
3527 2206 3784 2276 pietatis,
3815 2223 3920 2260 ec-

2191 2299 2374 2355 clesiae
2425 2299 2478 2353 S.
2534 2297 2819 2352 Michaelis
2867 2296 3304 2368 Bambergensis
3355 2311 3468 2348 una
3509 2311 3640 2348 cum
3690 2294 3921 2348 dilecta

2190 2387 2431 2457 conjuge
2461 2391 2657 2439 nostra
2690 2385 3061 2456 Cunegunda,
3114 2400 3216 2454 pro
3264 2389 3619 2447 nostrarum,
3663 2397 3920 2436 eorum—

2192 2491 2304 2546 que
2337 2489 2585 2545 quorum
2631 2473 2920 2527 debitores
2959 2489 3184 2532 sumus,
3239 2471 3497 2525 remedio
3544 2471 3918 2537 animarum,

2191 2562 2482 2633 imperiali
2504 2561 2850 2616 contulimus
2882 2559 3299 2624 muniﬁcentia,
3322 2557 3594 2612 tredecim
3638 2558 3924 2613 videlicet

2191 2649 2529 2722 principalis
2585 2654 2792 2715 curtes,
2855 2647 3195 2714 Ratelsdorf,
3259 2645 3667 2710 Ezelkirchem,
3713 2645 3921 2699 Rode-

2193 2739 2369 2804 heim,
2451 2737 2868 2799 Belbenhusen,
2940 2735 3160 2796 Werde,
3250 2734 3507 2788 Wofurte
3593 2733 3917 2804 Dorfﬂing,

2194 2826 2495 2890 Ebelsfeld,
2535 2824 2908 2890 Leitterbach,
2968 2822 3304 2888 Elsendorlf,
3359 2827 3416 2875 et
3447 2821 3598 2875 circa
3631 2822 3923 2875 Wedere—

2193 2917 2346 2983 dam,
2373 2913 2709 2978 Sclieistein,
2753 2913 2940 2966 Husen
2973 2916 3029 2963 et
3081 2909 3485 2974 Budensheim,
3536 2926 3667 2962 cum
3709 2910 3923 2963 omni-

2194 3005 2300 3059 bus
2330 3003 2479 3056 villis
2528 3000 2904 3054 attineutibus
2951 2999 3010 3052 in
3059 2998 3291 3068 pmdiis
3347 2999 3518 3052 etiam
3566 2999 3922 3068 ubicunque

382 3103 483 3138 suo
501 3092 623 3141 toto
671 3089 926 3143 districtu
965 3091 1076 3156 ;de
1129 3091 1300 3144 rebus
1348 3090 1542 3145 Uberti
1587 3091 1721 3160 [iege
1767 3088 1976 3161 Oberti]
2031 3095 2086 3142 et
2117 3096 2156 3150 C
2194 3091 2530 3162 conquisitis
2563 3092 2647 3143 vel
2689 3088 3120 3158 conquirendis,
3144 3087 3309 3141 dicta!
3368 3095 3774 3157 procuratores
3815 3103 3924 3140 ec-

383 3175 634 3229 ﬁliorum
667 3177 809 3246 ejus,
851 3184 910 3231 et
932 3179 1149 3232 Alberti
1172 3179 1398 3248 nepotis
1428 3179 1683 3248 ipsorum
1735 3178 2086 3232 marchionis

383 3263 669 3333 quidquid
721 3265 987 3319 habuisse
1056 3265 1158 3318 visi
1199 3271 1334 3319 sunt
1397 3265 1458 3318 in
1505 3266 1853 3337 Scadrampo
1909 3283 2084 3336 prope

385 3357 630 3405 castrum
670 3353 737 3405 de
793 3353 1066 3407 Balbiano
1112 3353 1256 3407 etin
1299 3353 1586 3407 territorio
1635 3355 1812 3407 sancti
1861 3355 2085 3408 Martini

384 3438 445 3492 in
475 3438 662 3492 Strata
683 3440 824 3493 etin
859 3441 1054 3494 Casale
1086 3441 1157 3494 ad
1180 3442 1376 3511 jugera
1398 3441 1712 3512 quingenta
1745 3458 1758 3495 :
1797 3449 2084 3512 quatenus

385 3527 621 3580 ecclesia
640 3527 950 3581 beatissimi
978 3529 1317 3582 confessoris
1359 3530 1590 3582 Domini
1619 3529 1770 3599 Cyri,
1805 3536 1861 3583 et
1889 3535 2086 3600 pastor

385 3614 486 3685 qui
517 3631 617 3686 per
645 3621 904 3686 tempora
942 3617 1021 3670 ibi
1060 3618 1254 3679 fuerit,
1295 3617 1490 3671 omnia
1525 3634 1654 3688 quas
1695 3635 1869 3689 supra
1903 3619 2086 3672 nomi-

383 3707 520 3756 nata
592 3710 746 3773 sunt,
801 3721 932 3758 cum
1008 3706 1127 3759 suis
1196 3706 1582 3776 pertinentiis,
1646 3707 1808 3777 aquis
1868 3708 2084 3762 scilicet

384 3807 734 3861 aquarumve
762 3793 1119 3858 decursibus,
1149 3795 1310 3864 ripis,
1345 3795 1712 3858 molendinis,
1749 3796 2086 3866 piscationi-

385 3879 514 3944 bus,
543 3881 711 3934 terris
741 3882 908 3935 cultis
944 3888 1001 3938 et
1059 3883 1309 3948 incultis,
1365 3883 1539 3951 silvis,
1593 3885 1872 3951 cursibus,
1903 3887 2085 3955 vadis,

384 3968 806 4035 venationibus,
868 3971 1166 4037 stallareis,
1225 3971 1400 4024 servis
1458 3978 1515 4024 et
1557 3973 1797 4039 ancillis,
1830 3976 2083 4045 capellis,

390 4055 682 4108 montibus
713 4061 771 4109 et
807 4057 1069 4123 vallibus,
1103 4058 1344 4128 rupibus
1375 4064 1432 4111 et
1473 4059 1673 4128 pratis,
1720 4063 1984 4116 mercatis
2031 4069 2088 4117 et

387 4142 755 4206 districtibus,
781 4148 837 4198 et
865 4161 994 4198 cum
1025 4148 1294 4200 omnibus
1324 4163 1453 4216 quae
1492 4148 1780 4202 nominari
1826 4157 2084 4218 possunt,

386 4230 448 4284 in
479 4237 760 4286 aeternum
781 4234 912 4302 jure
943 4234 1325 4304 proprietario
1357 4235 1565 4288 habeat
1592 4242 1763 4306 atque
1796 4238 2082 4308 disponat,

388 4324 602 4382 nostra,
656 4327 1106 4392 nostrorumque
1156 4339 1545 4376 successorum
1575 4332 1633 4377 et
1661 4326 1922 4379 omnium
1983 4328 2086 4381 ho-

388 4408 613 4462 minum
647 4411 1096 4464 contradictione
1129 4417 1186 4465 et
1231 4412 1630 4466 molestatione
1661 4419 1720 4466 et
1773 4413 2090 4469 diminora-

387 4497 543 4551 tione
573 4505 816 4552 remota.
853 4500 1231 4554 Concedimus
1279 4500 1515 4571 insuper
1557 4501 1763 4556 Sancto
1815 4505 1958 4574 Cyro
1993 4521 2091 4574 pa-

388 4592 554 4639 trono
577 4593 772 4641 nostro
805 4588 1128 4643 districtum
1191 4590 1261 4644 de
1313 4590 1547 4644 Secema
1573 4590 1641 4644 ad
1673 4591 1942 4646 milliaria
1967 4598 2093 4648 octo

389 4673 447 4726 in
481 4675 635 4726 omni
669 4681 832 4744 parte
875 4676 932 4730 in
990 4677 1255 4742 circuitu,
1283 4677 1429 4731 sicut
1467 4678 1538 4732 ad
1584 4685 1838 4733 nostram
1871 4687 2092 4748 partem

391 4761 678 4829 pertinere
703 4763 943 4828 videtur,
976 4781 1078 4834 pro
1109 4781 1246 4834 pace
1276 4771 1331 4818 et
1359 4767 1554 4835 quiete
1584 4765 1764 4834 ipsius
1812 4767 2091 4833 Ecclesiae,

390 4848 648 4901 remedio
678 4855 736 4902 et
765 4850 946 4904 salute
970 4853 1178 4906 animai
1210 4857 1438 4918 nostrae,
1488 4860 1936 4926 nostrorumque
1966 4873 2092 4910 suc—

394 4951 678 4988 cessorum
704 4951 903 5006 regum
928 4945 986 4991 et
1016 4939 1452 5008 imperatorum.
1483 4942 1539 4995 Si
1592 4943 1722 5012 quis
1753 4943 1931 5012 igitur
1955 4960 2092 4998 con-

395 5026 484 5076 tra
514 5024 621 5076 hoc
655 5031 915 5078 nostrum
956 5032 1326 5096 praeceptum,
1378 5029 1439 5081 in
1479 5035 1758 5084 veternum
1810 5033 1921 5085 Deo
1957 5048 2090 5102 pro-

395 5111 539 5181 pitio
597 5112 929 5176 valiturum,
979 5113 1062 5168 ire
1113 5116 1436 5182 tentaverit,
1489 5123 1546 5170 et
1597 5119 1894 5172 ecclesiam
1941 5119 2094 5173 beati

391 5199 524 5271 Cyri
574 5201 661 5254 vel
718 5206 1004 5270 pastorem
1042 5218 1212 5255 suum
1282 5204 1578 5258 disvestire
1628 5207 1716 5259 vel
1792 5206 1852 5260 in
1899 5207 2092 5276 aliquo

393 5290 701 5342 molestare
726 5290 795 5343 de
827 5289 1118 5359 praedictis
1165 5289 1336 5343 rebus
1377 5294 1825 5362 praesumpserit,
1859 5310 2091 5364 compo-

393 5383 494 5430 nat
524 5379 682 5432 mille
721 5378 895 5432 libras
927 5377 1053 5431 auri
1098 5377 1413 5448 purissimi,
1473 5380 1836 5435 medietatem
1883 5388 2095 5436 sanctis

394 5465 677 5520 'l‘icinensi
709 5465 994 5535 Ecclesia,
1028 5471 1085 5520 et
1100 5481 1344 5520 cameras
1374 5473 1574 5520 nostrae
1605 5470 1843 5523 alteram
1877 5470 2093 5524 medie-

396 5555 597 5607 tatem.
630 5555 796 5618 Quod
827 5560 890 5610 ut
912 5556 1098 5610 verius
1140 5555 1428 5620 credatur,
1481 5561 1538 5609 et
1593 5557 1664 5610 ab
1711 5559 1980 5612 omnibus
2006 5559 2095 5612 in-

396 5642 743 5698 violabiliter
762 5649 1149 5710 conservetur,
1181 5645 1286 5699 hoc
1315 5649 1666 5715 praeceptum
1695 5662 1870 5700 manu
1900 5651 2094 5700 nostra

2194 3182 2380 3234 clesias
2412 3178 2660 3240 locandi,
2694 3176 3052 3242 instituendi,
3086 3175 3458 3238 destituendi,
3501 3190 3564 3227 ac
3599 3175 3657 3226 in
3691 3175 3922 3228 melius

2193 3267 2608 3331 commutandi,
2653 3281 2898 3327 mansos,
2945 3265 3134 3329 feuda,
3193 3280 3377 3329 areas,
3436 3269 3624 3332 prata,
3679 3262 3919 3330 vineas,

2193 3358 2383 3419 silvas,
2406 3361 2725 3424 ceteraque
2759 3353 2993 3406 mobilia
3015 3358 3071 3406 et
3124 3351 3470 3417 immobilia,
3513 3351 3583 3404 ad
3621 3351 3919 3419 placitum

2194 3446 2282 3498 sui
2311 3444 2532 3498 abbatis
2552 3459 2616 3496 ac
2641 3443 3029 3512 praeceptoris,
3076 3441 3314 3495 liberam
3370 3441 3620 3494 habeant
3649 3446 3923 3510 potesta-

2191 3538 2309 3588 tem
2339 3550 2353 3587 :
2387 3533 2594 3603 quibus
2625 3531 2798 3585 etiam
2850 3531 3197 3600 placationes
3258 3529 3628 3596 offensarum,
3669 3528 3924 3583 satisfa—

2194 3624 2447 3677 ctionum
2496 3622 2583 3674 vel
2663 3621 2938 3674 emendas
2991 3635 3346 3684 excessuum,
3408 3617 3810 3671 velinviarum
3847 3619 3916 3672 in

2196 3710 2462 3763 omnibus
2481 3707 2667 3761 causis
2687 3707 2970 3773 civilibus,
3005 3711 3123 3760 tam
3163 3706 3221 3759 in
3273 3705 3458 3759 tribus
3491 3705 3714 3774 placitis
3744 3706 3918 3774 Maii,

2195 3797 2474 3852 Autumni
2501 3801 2558 3849 et
2604 3795 2918 3862 Februarii,
2978 3809 3151 3864 quam
3184 3795 3246 3847 in
3288 3794 3553 3848 omnibus
3599 3794 3769 3862 plane
3813 3811 3925 3848 ne-

2197 3887 2388 3958 gotiis,
2433 3885 2503 3939 ab
2543 3884 2827 3938 universis
2859 3884 3108 3937 ecclesiae
3169 3883 3390 3937 colonis
3424 3882 3692 3935 volumus
3733 3883 3922 3936 exhi-
3962 3883 3963 3886 ’

2197 3975 2338 4031 beri.
2367 3977 2643 4028 Caeterum
2675 3973 2721 4025 si
2751 3972 2936 4025 coloni
2959 3971 3018 4025 in
3050 3971 3244 4025 litibus
3284 3987 3585 4024 causarum
3630 3969 3918 4025 decidi-n-

2196 4065 2282 4119 dis
2313 4066 2464 4117 inter
2491 4078 2549 4116 se
2577 4061 2940 4126 dissentiunt,
2975 4061 3044 4113 ad
3077 4059 3394 4129 proximam
3421 4059 3923 4114 curtimarchiam

2198 4169 2296 4207 eos
2321 4168 2424 4222 pro
2449 4145 2748 4204 sententiis
2797 4147 3048 4202 ferendis
3091 4148 3396 4201 statuimus
3452 4147 3662 4200 habere
3707 4162 3922 4200 recur-

2197 4257 2346 4302 sum,
2379 4239 2426 4291 si
2454 4255 2583 4291 vero
2612 4253 2775 4290 casus
2825 4237 3135 4306 perplexus
3185 4236 3363 4290 fuerit
3414 4251 3477 4289 ac
3526 4234 3800 4295 difﬁcilis,
3843 4238 3923 4292 ad

2201 4333 2372 4398 caput
2401 4326 2650 4390 claustri,
2698 4325 2751 4379 id
2783 4329 2868 4378 est
2907 4325 3128 4379 abbatis
3159 4324 3522 4395 prmsentiam
3580 4333 3918 4380 recurrant.

2201 4418 2404 4488 Sicque
2432 4415 2626 4479 abbas,
2661 4414 2977 4482 majoribus
3020 4418 3076 4466 et
3134 4413 3466 4467 melioribus
3523 4429 3637 4465 sua:
3667 4413 3922 4468 familiae

2201 4502 2544 4563 convocatis,
2569 4497 3087 4570 ipsorum'consilio
3110 4502 3262 4569 quod
3309 4502 3530 4570 justum
3565 4505 3652 4554 est
3675 4501 3924 4556 ordinet

2201 4607 2265 4644 ac
2285 4592 2570 4660 disponat.
2609 4590 2810 4643 Debita
2839 4589 3029 4642 ofticia
3076 4594 3398 4642 aratrorum
3448 4589 3635 4641 tribus
3680 4587 3923 4643 vicibus

2200 4680 2259 4733 in
2291 4695 2464 4742 anno,
2513 4694 2748 4732 ovorum
2801 4677 2862 4730 in
2901 4677 3132 4742 Pascha,
3188 4692 3484 4730 caseorum
3539 4676 3598 4730 in
3628 4678 3924 4732 Penteco-

2203 4775 2346 4833 sten,
2391 4767 2686 4837 pullorum
2739 4766 2798 4819 in
2866 4765 3054 4819 carnis
3098 4764 3299 4835 privio,
3359 4770 3417 4818 et
3464 4764 3926 4820 hebdomadalia

2202 4855 2427 4908 servitia
2466 4855 2632 4909 dictae
2661 4859 2865 4908 nostrae
2887 4853 3164 4921 ecclesiae,
3208 4852 3281 4906 ab
3323 4851 3611 4917 omnibus,
3669 4855 3735 4905 ut
3773 4869 3926 4908 con-

2203 4945 2383 5011 decet,
2459 4942 2844 5012 impendatur.
2897 4943 3146 4996 Censum
3209 4945 3400 4994 autem
3462 4940 3757 5005 ultimum,
3805 4957 3928 5009 per

2201 5047 2373 5102 quem
2407 5031 2606 5101 utique
2635 5029 2853 5083 omissa
2872 5030 2957 5083 vel
2992 5028 3250 5099 neglecta
3271 5029 3614 5098 supplentur
3649 5029 3921 5098 servitia,
3958 5074 3964 5091 .

2197 5121 2292 5191 jus
2317 5119 2580 5172 videlicet
2608 5117 2870 5188 capitale,
2910 5133 2944 5170 a
2964 5117 3100 5171 viris
3115 5117 3588 5171 descendentibus
3616 5115 3925 5186 optimum

2203 5223 2441 5279 equum,
2465 5207 2576 5273 vel,
2599 5207 2647 5259 si
2676 5221 2824 5276 equo
2846 5210 3061 5270 carent,
3103 5205 3392 5275 optimum
3432 5209 3603 5275 caput
3658 5207 3920 5274 pecoris,

2203 5302 2257 5350 et
2287 5313 2318 5348 a
2347 5294 2577 5350 feminis
2625 5293 2890 5348 induvias
2915 5299 2971 5346 et
3008 5294 3239 5348 exuvias
3293 5291 3604 5346 transmitti
3635 5292 3707 5345 ad
3735 5296 3926 5350 eccle-

2204 5385 2346 5438 siam
2377 5382 2736 5451 ordinamus,
2763 5387 2825 5435 ut
2877 5398 3008 5436 cum
3056 5381 3287 5436 famulis
3320 5381 3570 5435 ecclesiae
3597 5381 3656 5434 in
3695 5381 3922 5438 divinis

2204 5471 2448 5526 servitiis
2474 5469 2940 5524 communionem
2979 5470 3296 5541 plenariam
3313 5475 3763 5540 consequantur.
3793 5471 3920 5526 Hu-

2199 5560 2294 5631 jus
2324 5559 2578 5614 instituti
2611 5558 2918 5612 auctoritas
2961 5563 3025 5612 ut
3069 5557 3230 5612 omni
3289 5574 3412 5612 aevo
3452 5555 3670 5610 stabilis
3700 5556 3916 5614 incon-

2203 5648 2364 5701 vulsa
2384 5651 2738 5718 permaneat,
2762 5651 2821 5702 et
2848 5645 3257 5701 inviolabiliter
3280 5645 3352 5700 ab
3389 5643 3656 5699 omnibus
3703 5645 3918 5702 obser-
3959 5678 3964 5690 ι
