4696 6410
63 377 135 428 321
1296 373 1686 428 DIPLOMATA
1727 371 2275 427 ECCLESIASTICA.

59 499 211 559 vctur,
241 493 396 547 hanc
449 492 706 547 chartam
761 492 893 546 inde
947 492 1347 564 conscriptam,
1399 493 1543 547 sicut
1590 493 1809 547 infe-A

54 584 154 637 rius
182 585 441 651 apparet,
472 581 647 651 sigilli
680 582 855 634 nostri
878 581 1254 650 impressione
1275 582 1554 651 jussimus
1585 582 1728 635 insi-

58 670 202 741 gniri.

118 762 241 813 Data
274 758 449 812 Nonis
481 757 825 821 Februariis,
858 756 1165 811 indictione
1214 774 1312 822 xu,
1345 774 1496 811 anno
1532 756 1731 811 Domi-

57 850 176 902 nicas
206 847 620 900 incarnationis
668 848 823 911 1015,
882 862 1033 899 anno
1089 845 1309 899 domini
1361 846 1583 900 Henrici
1644 862 1731 899 se-

56 936 202 989 cundi
235 935 538 1004 regnantis
559 935 780 987 decimo
810 940 987 998 sexto,
1023 934 1249 1003 imperii
1281 942 1473 987 autem
1506 939 1728 1004 quarto.

112 1028 309 1078 Actum
344 1022 760 1077 Francofordiae
796 1022 1050 1076 feliciter.
1076 1026 1281 1077 Amen.

761 1109 1023 1163 LXXXIV.

54 1201 101 1254 S.
128 1200 390 1252 Henricus
438 1197 674 1251 abbatiae
701 1198 756 1252 S.
818 1198 1003 1251 Vitoni
1027 1198 1386 1263 possessiones
1439 1200 1732 1264 conﬁrmat.

680 1288 865 1350 (Anno
919 1286 1100 1350 1015.)

58 1373 134 1445 [0.
166 1373 405 1439 Calmet,
441 1375 681 1427 Histoire
728 1373 793 1425 de
823 1374 1104 1437 Lorraine,
1164 1374 1411 1438 Preuvcs,
1459 1388 1517 1443 p.
1573 1371 1728 1444 398.]

115 1463 173 1515 In
219 1464 459 1515 nomine
501 1469 709 1514 sanctae
741 1466 799 1514 et
856 1460 1167 1514 individme
1220 1459 1534 1523 Trinitatis,
1586 1461 1735 1512 HEN-

54 1566 219 1616 ωερε,
249 1550 446 1604 divina
492 1551 835 1619 disponente
873 1548 1195 1615 clementia,
1253 1547 1566 1617 imperator
1615 1552 1736 1601 Au-

54 1646 254 1707 gustus.

120 1728 347 1780 Celebre
370 1730 476 1790 est,
508 1731 621 1779 etc.
659 1725 844 1790 Quare
878 1724 1146 1777 noverint
1209 1740 1407 1777 omnes
1452 1738 1737 1776 consecre-

52 1815 178 1867 tales
229 1813 437 1882 palatii
485 1814 790 1881 casterique
849 1812 1045 1864 ﬁdeles
1079 1811 1259 1863 nostri
1310 1810 1572 1880 qualiter,
1634 1825 1737 1878 per

54 1902 422 1955 interventum
458 1901 770 1970 Hcymonis
819 1899 1001 1952 lidelis
1060 1898 1261 1963 nostri,
1288 1906 1496 1950 sanctas
1530 1898 1733 1949 Virdu-

54 1991 225 2042 nensis
250 1990 517 2042 Ecclesia:
567 1988 841 2057 episcopi,
898 1987 1133 2066 expetiti
1183 2002 1379 2039 sumus
1432 1990 1493 2038 ut
1526 2001 1614 2038 res
1645 2001 1736 2037 ec-

57 2078 220 2130 clesias
254 2094 396 2142 suae,
433 2084 600 2131 antea
624 2077 1111 2147 perapostolicum
1140 2075 1522 2145 privilegium,
1553 2079 1607 2126 et
1636 2090 1737 2143 per

57 2166 185 2219 divae
219 2166 512 2219 memorias
601 2150 975 2218 antecessoris
1029 2162 1210 2216 nostri
1267 2163 1487 2217 Ottonis
1522 2178 1738 2232 praece-

57 2262 223 2323 ptum,
282 2256 541 2307 ecclesia!
583 2259 639 2306 et
689 2251 1036 2305 monasterio
1093 2252 1243 2305 beati
1294 2251 1443 2305 Petri
1482 2251 1734 2314 collatas,

56 2343 135 2393 ubi
162 2344 542 2412 Berengarius
574 2343 750 2394 beatie
785 2339 1190 2393 recordationis
1230 2339 1527 2409 episcopus
1567 2354 1734 2407 regu-

57 2432 151 2482 lam
184 2432 331 2483 beat]
385 2429 672 2484 Benedicti
727 2428 947 2481 abbatis
994 2443 1150 2480 sacra
1214 2427 1514 2480 devotione
1567 2426 1737 2479 inom-

54 2525 212 2586 ptam,
246 2536 350 2588 pro
380 2534 546 2587 posse
578 2516 917 2581 monac-buli,
947 2515 1145 2568 ordine
1176 2514 1478 2580 decoravit,
1504 2514 1735 2583 suisque

56 2608 459 2660 successoribus
491 2605 922 2676 perdonandam
951 2604 1202 2673 reliquit,
1233 2619 1336 2672 per
1382 2609 1733 2672 praeceptum

54 2694 513 2756 conﬁrmationis,
550 2693 629 2744 uti
662 2691 1109 2760 imperatoribus
1152 2696 1208 2743 et
1265 2689 1493 2758 regibus
1552 2692 1737 2741 deces-

56 2783 261 2833 soribus
292 2780 475 2834 nostri
504 2779 678 2833 moris
718 2780 904 2832 fuerat
930 2794 942 2843 ;
980 2778 1217 2846 insuper
1247 2793 1282 2847 q
1305 2793 1393 2830 uae
1453 2776 1564 2846 ipsi
1603 2792 1735 2829 mo-

56 2869 287 2923 nasterio
327 2868 775 2930 condonaverat,
838 2865 1199 2929 offerremus,
1240 2871 1548 2935 nostraque
1602 2864 1735 2917 asti-

57 2957 334 3024 pulatione
355 2958 887 3009 corroboraremus.
931 2953 1092 3017 Quod
1156 2952 1355 3005 devote
1411 2952 1734 3021 expostula-

3428 384 3529 435 3‘22

2579 496 2812 549 LXXXV.

1844 572 2188 639 Conﬁrmatio
2219 573 2431 637 jurium
2479 588 2541 625 ac
2583 576 2991 640 privilegiorum
3044 579 3292 629 asceterii
3340 592 3531 631 sacra-

1912 658 2033 695 rum
2089 646 2363 709 virginum
2411 644 2727 696 Lucensium
2786 646 2839 698 S.
2888 646 3188 699 Saluatoris
3233 649 3382 712 facta
3432 650 3531 702 Αι-

1906 728 2089 781 pergae
2106 714 2394 766 abbatissae
2416 715 2501 802 ab,
2520 713 2580 802 .
2619 716 2844 802 Henrico
2862 719 3020 802 ‘iuter
3044 719 3315 782 Augustos
3336 721 3531 785 primo.

2282 822 2283 825 η
2487 786 2669 847 (Anno
2700 784 2880 849 1015.)
3338 784 3345 785 ί

2024 850 2331 922 [.\luratori,
2387 856 2671 921 Antiquit.
2704 856 2891 909 Italic.
2923 860 3063 908 tom.
3098 856 3138 911 Ι.
3171 855 3346 926 l007.]

1914 939 1975 991 In
2005 941 2235 992 nomine
2270 946 2478 993 sanctm
2511 948 2567 993 et
2621 941 2931 995 individua:
2977 943 3290 1008 Trinitatis,
3326 945 3530 998 HENRI-

1842 1040 1958 1085 cus,
1989 1025 2181 1079 divina
2202 1027 2424 1081 favente
2436 1027 2758 1094 clementia,
2788 1029 3182 1085 Romanorum
3204 1032 3518 1101 imperator

1842 1114 2156 1182 AugUstus.

1914 1200 2201 1269 Quidquid
2251 1201 2387 1254 locis
2449 1202 2640 1256 divino
2698 1205 2872 1257 cultui
2934 1206 3267 1276 mancipatis
3324 1213 3530 1262 nostra:

1844 1287 2199 1340 liberalitatis
2238 1305 2472 1342 munere
2505 1291 2866 1356 conferimus,
2905 1292 2955 1346 id
2994 1294 3155 1346 nobis
3187 1295 3255 1347 ad
3302 1302 3530 1348 teternm

1844 1374 2234 1427 retributionis
2256 1377 2776 1431 remunerationem
2810 1379 3077 1447 prodesse
3111 1379 3348 1432 minime
3380 1380 3531 1433 difﬁ-

1846 1462 2052 1515 dimus.
2090 1463 2401 1531 Cognoscat
2430 1464 2605 1534 igitur
2626 1466 2886 1519 omnium
2916 1467 3169 1520 ﬁdelium
3192 1475 3401 1521 sanctae
3434 1469 3533 1522 Dei

1847 1550 2125 1614 Ecclesiae,
2157 1567 2253 1603 seu
2314 1556 2665 1617 nostrorum,
2706 1555 3078 1622 praesentium
3136 1556 3349 1609 scilicet
3377 1557 3529 1609 futu-

1844 1653 2177 1707 rorumque,
2206 1639 2432 1693 solertia
2454 1641 2698 1710 qualiter
2730 1658 2851 1707 nas,
2887 1644 3211 1697 interventu
3268 1659 3332 1697 ac
3376 1645 3528 1712 peti-

1847 1725 2000 1779 tione
2049 1728 2414 1795 Cuuegundae
2480 1728 2879 1795 imperatricis,
2929 1736 3251 1800 nostraeque
3306 1731 3530 1785 dilecta).

1848 1814 2126 1883 conjugis,
2160 1830 2260 1883 per
2289 1815 2434 1867 hanc
2480 1816 2659 1868 nostri
2707 1818 2974 1885 praecepti
3024 1820 3316 1887 paginam,
3363 1824 3534 1888 prout

1840 1901 1991 1970 juste
2022 1908 2077 1954 et
2105 1903 2360 1971 lcgaliter
2396 1919 2717 1972 possumus,
2739 1906 3144 1959 conﬁrmamus
3177 1912 3234 1958 et
3261 1908 3532 1961 corrobo—

1848 2004 2041 2041 ramus
2073 1990 2479 2043 monasterium
2512 1990 2699 2043 Sancti
2732 1994 3057 2053 Salvatoris,
3102 1995 3250 2064 quod
3282 2002 3365 2047 est
3385 1995 3534 2049 infra

1846 2091 2041 2129 muros
2092 2076 2246 2129 urbis
2280 2077 2439 2129 Lucae
2471 2084 2876 2142 constructum,
2936 2095 3047 2132 una
3100 2097 3226 2133 cum
3255 2082 3534 2136 abbatissa

1843 2165 2077 2217 nomine
2104 2167 2366 2234 Alperga,
2401 2181 2527 2217 cum
2560 2166 2824 2218 omnibus
2859 2170 3414 2222 sanctzemonialibus
3450 2170 3530 2225 ibi

1847 2252 1963 2305 Deo
2004 2252 2431 2319 famulantibus,
2457 2253 2745 2321 quomodo
2776 2260 2925 2319 sunt,
2956 2261 3053 2307 aut
3115 2271 3218 2324 pro
3265 2261 3524 2326 tempore

1845 2340 1961 2393 Deo
2002 2340 2140 2393 inibi
2175 2341 2600 2400 famulantibus,
2629 2357 2755 2393 cum
2789 2342 3058 2395 omnibus
3111 2359 3309 2396 eorum
3361 2345 3532 2397 rebus

1847 2433 1903 2481 et
1927 2427 2390 2498 proprietatibus,
2419 2429 2631 2481 scilicet
2660 2434 2717 2481 et
2739 2429 2925 2487 terris,
2956 2429 3153 2489 vineis.
3180 2431 3376 2500 pratis,
3408 2448 3533 2500 pas-

1846 2514 1983 2581 cuis,
2019 2515 2189 2576 silvis,
2225 2521 2520 2584 pascentes
2550 2516 3030 2584 pascuationibus,
3053 2534 3116 2571 ac
3167 2521 3362 2572 omnia
3392 2519 3531 2573 sub-

1844 2603 2049 2656 stantia
2080 2618 2205 2673 quaa
2236 2602 2383 2656 idem
2415 2604 2568 2656 locus
2591 2610 2843 2657 meretur
2874 2606 3101 2671 habere,
3127 2607 3535 2661 conﬁrmamus

1844 2706 1948 2759 per
1972 2696 2178 2743 nostrae
2200 2691 2511 2760 augustalis
2529 2695 2801 2759 potentiae
2831 2692 3242 2763 [praeceptum],
3265 2711 3364 2763 per
3380 2696 3533 2765 quod

1845 2779 2255 2831 monasterium
2282 2780 2441 2844 illud,
2472 2795 2559 2831 res
2588 2780 2809 2833 habitas
2839 2780 3168 2833 etadhucin
3197 2781 3326 2849 jure
3358 2782 3536 2852 ipsius

1845 2866 2173 2919 monasterii
2202 2866 2356 2934 juste
2383 2877 2698 2930 manentes,
2734 2868 3025 2937 possintin
3059 2868 3313 2922 futurum
3345 2870 3533 2922 conti-

1846 2954 1989 3007 neri.
2026 2952 2339 3007 Statuimus
2380 2970 2538 3024 ergo,
2590 2971 2653 3007 ac
2683 2971 2783 3024 per
2809 2956 2913 3008 hoc
2970 2961 3177 3009 nostra:
3225 2957 3531 3011 conﬁrma-

55 3051 161 3097 tum
192 3051 293 3110 est,
328 3050 387 3099 et
420 3042 603 3113 regali
652 3041 989 3095 auctoritate
1020 3056 1368 3093 concessum.
1405 3042 1613 3093 Damus
1641 3056 1729 3093 er-
1765 3044 1805 3097 Ο
1842 3040 2013 3093 tionis
2043 3047 2411 3110 praeceptum,
2448 3047 2506 3093 ut
2533 3042 2604 3094 ab
2651 3041 2779 3094 hinc
2826 3043 2967 3095 etin
3023 3043 3279 3097 futurum
3323 3046 3533 3114 praefa-

56 3148 117 3200 go
140 3140 192 3185 et
220 3133 276 3186 in
301 3134 400 3203 jus
424 3132 685 3186 Ecclesia
710 3131 829 3200 jam
851 3130 1016 3183 dictae
1061 3129 1407 3181 conferimus
1450 3128 1737 3182 abbatiam

58 3221 219 3289 ipsam
243 3237 373 3291 quae
429 3220 489 3275 S.
541 3218 731 3272 Vitoni
791 3217 1021 3283 dicitur,
1079 3232 1209 3271 cum
1262 3216 1527 3270 omnibus
1583 3217 1651 3270 ad
1679 3233 1737 3271 se

57 3310 489 3376 pertinentibus,
522 3312 627 3360 etc.
651 3306 811 3360 Dono
844 3304 1075 3358 Gerardi
1106 3304 1332 3357 comitis
1376 3304 1442 3357 ad
1475 3303 1530 3357 S.
1562 3304 1736 3356 Julia-

59 3412 177 3449 num
213 3413 477 3451 mansum
520 3411 651 3449 cum
684 3394 944 3457 dimidio,
985 3399 1043 3446 et
1090 3392 1335 3457 vineam,
1394 3398 1498 3445 etc.
1538 3393 1739 3445 Noster

60 3501 173 3537 vero
204 3485 389 3538 ﬁdelis
422 3498 615 3537 comes
649 3480 985 3536 Godefridus
1014 3479 1289 3550 quasdam
1335 3495 1425 3532 res
1483 3480 1551 3532 ad
1590 3495 1737 3548 prae-

60 3572 429 3626 fatumlocum
465 3570 790 3624 subdotatas
830 3568 988 3622 dedit
1040 3568 1098 3620 in
1154 3567 1289 3620 villa
1343 3582 1472 3637 quae
1533 3567 1740 3620 Borbat

61 3669 426 3732 nuncupatur,
462 3675 662 3713 mansa
693 3674 762 3711 xx
791 3672 922 3710 cum
952 3655 1207 3719 ecclesia,
1243 3660 1347 3708 etc.
1384 3656 1740 3708 Hermannus

61 3761 271 3817 quoque
299 3745 653 3802 venerabilis
679 3760 869 3798 comes
891 3743 949 3796 in
970 3742 1239 3796 comitatu
1262 3741 1738 3795 Bracbantincnse

59 3835 106 3886 in
134 3837 343 3904 predio
375 3835 538 3906 quod
570 3833 780 3887 Haslud
832 3836 1084 3895 vocatur,
1117 3846 1225 3883 xxx
1281 3830 1466 3882 eidem
1494 3829 1739 3882 contulit

62 3938 255 3988 mansa,
284 3931 396 3978 etc.
431 3925 638 3978 Comes
668 3920 840 3974 etiam
910 3918 1188 3973 Lutardus
1244 3918 1304 3971 in
1363 3916 1563 3970 eodem
1615 3934 1739 3971 mo-

60 4013 285 4066 nasterio
318 4012 645 4067 monachus
672 4009 871 4072 factus,
904 4007 1063 4062 dedit
1093 4007 1153 4058 in
1194 4020 1341 4075 pago
1371 4004 1642 4075 Vaprensi
1680 4005 1737 4059 in

60 4101 311 4155 comitatu
353 4098 650 4155 Decasteri
696 4096 977 4167 praedium
1020 4094 1379 4157 Balliodium,
1444 4093 1737 4147 ecclesiam

58 4190 251 4243 scilicet
297 4205 431 4244 cum
478 4189 633 4253 dote,
668 4191 725 4239 et
752 4198 1016 4238 mansum
1079 4182 1552 4235 indominicatum
1609 4198 1736 4235 cum

58 4277 159 4329 aliis
187 4294 275 4342 XL,
310 4284 423 4332 etc.
462 4277 579 4331 Nos
612 4279 802 4328 autem
833 4271 1125 4342 praedicta:
1186 4270 1444 4324 Ecclesiae
1496 4285 1600 4340 pro
1645 4286 1731 4324 re-

57 4366 218 4419 medio
234 4368 447 4420 anima:
477 4370 711 4429 nostrae,
746 4368 803 4415 et
833 4359 1213 4414 dilectissimze
1245 4358 1503 4428 conjugis
1526 4362 1734 4411 nostra:

57 4452 420 4524 Cunegundze,
446 4458 506 4506 et
536 4468 643 4521 pro
674 4446 1218 4503 commemoratione
1240 4448 1498 4500 omnium
1529 4462 1733 4517 paren-

57 4546 176 4607 tum,
206 4558 457 4614 quorum
484 4538 781 4595 memoria!
795 4537 1077 4591 debitores
1097 4535 1412 4601 existimus,
1438 4534 1735 4589 dimidiam

59 4637 248 4695 partem
296 4629 543 4695 telonei,
600 4632 871 4693 monetae,
904 4629 959 4678 et
986 4624 1160 4679 totius
1192 4623 1369 4678 debiti
1424 4623 1573 4693 quod
1603 4623 1735 4676 inde

59 4718 109 4771 ad
135 4720 505 4790 nostrumjns
530 4715 765 4785 respicit
795 4714 854 4766 in
877 4712 1002 4765 loco
1031 4712 1130 4782 qui
1156 4711 1367 4765 dicitur
1395 4711 1732 4775 Mosomum,

59 4804 99 4855 in
126 4808 414 4876 proprium
486 4805 717 4857 damus.
778 4800 906 4853 Haec
962 4814 1067 4869 per
1121 4798 1510 4853 interventum
1571 4796 1732 4849 Heri-

59 4893 223 4946 manui
246 4893 494 4955 comitis,
552 4890 718 4959 cujus
765 4887 1110 4941 beneﬁcium
1161 4891 1328 4939 antea
1382 4884 1505 4951 fuit,
1553 4883 1732 4937 tradi-

61 4994 157 5031 mus
178 4998 235 5034 ac
264 4978 566 5052 imperiali
592 4974 929 5030 auctoritate
959 4973 1419 5037 corroboramus,
1447 4976 1555 5025 etc.

109 5068 323 5135 Signum
405 5067 626 5123 domini
698 5064 915 5117 Henrici
983 5061 1331 5116 invictissimi
1390 5060 1735 5127 imperatoris

61 5160 284 5221 Augusti.

110 5244 433 5301 Gontberius
499 5237 883 5296 cancellarius
937 5236 1057 5291 vice
1131 5233 1479 5289 Herimbaldi
1546 5232 1731 5287 archi-

63 5334 341 5388 :ancellarii
373 5328 715 5399 recognovi.

114 5419 238 5475 Data
291 5438 442 5476 anno
500 5413 821 5473 Dominicaa
892 5407 1303 5465 incarnationis
1363 5409 1520 5472 1015,
1580 5423 1731 5462 anno

64 5523 169 5561 vero
198 5511 408 5565 domini
441 5504 683 5564 Henrici
706 5518 766 5568 ιι,
798 5500 963 5571 regni
1008 5514 1121 5564 xiv,
1150 5496 1379 5568 imperii
1431 5502 1622 5550 autem
1672 5512 1729 5549 ιι.

116 5602 294 5654 Actum
322 5599 719 5663 Noviomago.

1845 3133 1967 3181 tum
1998 3128 2432 3191 monasterium,
2463 3145 2575 3182 una
2605 3144 2733 3182 cum
2764 3130 2932 3182 rebus
2987 3131 3073 3183 vel
3127 3130 3358 3184 familiis
3388 3132 3530 3185 inibi

1841 3217 1994 3286 juste
2024 3216 2460 3287 pertinentibus,
2495 3217 2581 3269 vel
2621 3232 2978 3287 quaecunque
3010 3217 3069 3271 in
3113 3223 3277 3272 antea
3307 3234 3410 3287 per
3435 3221 3532 3272 da-

1845 3304 2064 3356 tionem
2093 3302 2494 3372 religiosorum
2552 3304 2804 3357 virorum
2850 3319 2950 3358 seu
2997 3304 3327 3359 devotarum
3358 3304 3531 3358 femi-

1846 3408 2051 3445 narum
2081 3392 2352 3447 collatum
2385 3390 2680 3456 exstiterit,
2714 3391 2816 3443 sub
2848 3392 3027 3444 nostri
3080 3392 3356 3462 prmcepti
3405 3409 3535 3446 con-

1846 3479 2229 3533 ﬁrmationem
2263 3484 2617 3549 permaneat,
2650 3484 2707 3532 et
2737 3479 2929 3533 nullus
2956 3480 3226 3549 quislibet
3255 3483 3323 3535 de
3380 3497 3534 3550 prae-

1846 3567 2008 3621 dictis
2040 3567 2230 3631 rebus,
2261 3583 2401 3637 quas
2431 3570 2566 3620 tunc
2603 3572 2795 3619 tenere
2849 3568 3040 3636 quiete
3073 3584 3132 3620 ac
3163 3569 3424 3637 legaliter
3453 3570 3533 3622 vi-

1846 3654 2145 3720 debantur,
2177 3653 2429 3723 aliquam
2478 3653 2934 3723 inquietudinem
2996 3655 3113 3707 ullo
3169 3671 3423 3725 unquam
3475 3657 3533 3711 in

1846 3748 2103 3813 tempore
2131 3744 2313 3796 facere
2345 3746 2655 3812 praesumat
2687 3742 2819 3808 ;sed
2854 3758 2956 3812 per
2984 3744 3130 3796 hanc
3151 3750 3406 3798 nostram
3440 3762 3537 3799 au-

1846 3832 2163 3884 ctoritatem
2195 3846 2393 3883 omnes
2415 3846 2501 3883 res
2522 3829 2701 3900 ipsius
2724 3830 3055 3883 monasterii
3086 3830 3199 3884 sint
3229 3832 3533 3885 defensata:

1848 3919 1950 3972 sub
1981 3919 2160 3972 nostri
2191 3918 2460 3988 praecepti
2499 3918 3014 3972 conlirmationem.
3063 3919 3335 3973 Volumus
3362 3921 3534 3975 etiam

1847 4013 1911 4060 ut
1958 4007 2062 4060 sub
2091 4012 2286 4060 nostra
2322 4007 2683 4060 immunitate
2735 4006 2884 4059 idem
2938 4008 3273 4077 prasdictum
3328 4026 3530 4063 mona-

1847 4095 2083 4148 sterium
2105 4094 2312 4147 nostris
2344 4099 2400 4148 et
2430 4093 2635 4147 futuris
2664 4094 3018 4165 temporibus
3044 4096 3242 4149 existat
3273 4113 3383 4150 una
3405 4113 3531 4150 cum

1848 4182 2115 4236 omnibus
2138 4184 2306 4236 rebus
2328 4199 2391 4236 ac
2421 4182 2652 4236 familiis
2675 4182 2743 4236 ad
2764 4200 2893 4237 eum
2913 4184 3066 4253 juste
3088 4184 3530 4253 pertinentibus,

1848 4270 1913 4321 Et
1944 4268 1990 4321 si
2020 4269 2249 4338 quando
2280 4268 2563 4322 abbatissa
2612 4269 2840 4335 obierit,
2889 4271 2958 4323 de
2988 4272 3103 4324 suis
3132 4271 3269 4341 ipsis
3299 4273 3535 4342 eligant,

1849 4372 2019 4426 quam
2052 4357 2217 4410 bone
2248 4357 2692 4410 conversationis
2757 4358 3079 4411 invenerint
3109 4360 3403 4414 meliorem
3435 4361 3531 4413 ab-

1845 4444 2134 4497 batissam.
2162 4444 2563 4515 Praecipientes
2601 4460 2829 4514 quoque
2862 4446 3128 4513 jubemus
3185 4451 3237 4499 et
3279 4447 3536 4516 jubendo

1843 4532 2210 4603 praecipimus
2241 4537 2304 4585 ut
2331 4532 2523 4585 nullus
2547 4532 2722 4601 judex
2779 4533 3058 4601 publicus,
3107 4539 3203 4588 aut
3233 4535 3438 4607 aliquis
3469 4552 3536 4589 ex

1837 4620 2140 4689 judiciaria
2188 4624 2463 4690 potestate
2512 4619 2659 4672 infra
2714 4620 2901 4689 ipsum
2940 4623 3370 4691 monasterium,
3436 4640 3534 4678 seu

1842 4707 2103 4760 ecclesias
2130 4712 2228 4760 aut
2265 4707 2445 4775 villas,
2493 4712 2589 4760 aut
2639 4723 2827 4776 agros,
2892 4714 2999 4763 etc.
3042 4709 3209 4774 Quod
3256 4716 3318 4765 ut
3344 4714 3533 4766 verius

1847 4796 2130 4860 credatur,
2159 4801 2262 4848 etc.

1913 4882 2145 4949 Signum
2172 4882 2358 4935 damni
2402 4883 2645 4935 Heinrici
2688 4884 3018 4938 serenissimi
3059 4888 3403 4943 invictissimi
3434 4894 3534 4944 im-

1840 4974 2109 5039 peratoris
2138 4971 2397 5038 Augusti.

1914 5059 2211 5113 Heinricus
2256 5058 2624 5113 cancellarius
2672 5059 2793 5115 vice
2861 5061 3129 5117 Everardi
3186 5065 3434 5136 episcopi
3479 5072 3534 5119 et

1842 5147 2321 5201 archicancellarii
2351 5148 2701 5217 recognovit.

1914 5234 2120 5288 Datum
2151 5251 2301 5289 anno
2356 5236 2665 5289 Dominicaa
2704 5235 3112 5291 incarnationis
3172 5240 3326 5303 l0l5,
3382 5240 3527 5293 indi-

1841 5321 2027 5375 ctione
2055 5338 2152 5390 xu,
2183 5338 2334 5376 anno
2367 5322 2565 5376 domui
2598 5323 2844 5377 Heinrici
2875 5324 3234 5393 imperatoris
3284 5328 3527 5394 Augusti

1842 5408 2135 5477 regnantis
2162 5424 2256 5475 xu,
2290 5409 2515 5480 imperii
2549 5411 2671 5478 ejus
2697 5409 2902 5479 primo.

1911 5498 2113 5549 Actum
2135 5495 2194 5549 in
2226 5496 2496 5550 comitatu
2517 5497 2745 5565 Pisano,
2766 5496 2823 5550 in
2852 5495 2984 5550 villa
3007 5512 3134 5567 quae
3164 5508 3532 5573 nuncupatur

1845 5583 2104 5649 Fasiano,
2144 5584 2401 5638 feliciter.
2433 5587 2633 5638 Amen.
