3980 6404
370 306 471 362 323

439 428 722 485 Pendebat
748 427 896 484 bulla
927 443 1044 497 qua:
1085 426 1239 482 modo
1294 427 1661 482 desideratur.

1099 533 1365 589 LXXXVI.

368 629 424 685 S.
463 627 687 683 Henrici
713 629 1060 695 praeceptum,
1083 639 1186 692 quo
1226 625 1476 677 Ecclesiae
1508 624 1563 678 S.
1599 620 1912 695 Alexandri
1938 622 2073 695 Ber-

445 699 688 766 gamensi
713 692 982 750 restituit
1020 698 1334 766 comitatum
1381 694 1698 757 Alamanni,
1749 692 1906 760 cujus
1941 693 2072 746 Atto

441 765 608 823 comes
635 769 903 821 ecclesiam
927 768 1077 820 illam
1109 765 1370 818 haeredem
1402 768 1734 817 instituerat.

1010 853 1196 922 (Anno
1247 851 1434 921 l0t5.)

730 939 995 1013 [Ugbelli,
1029 941 1200 993 Italia
1225 953 1402 1005 sacra,
1439 939 1524 1004 IV,
1559 936 1706 1009 439.]

440 1049 503 1102 In
527 1045 761 1101 nomine
817 1049 1026 1098 sanctas
1072 1048 1128 1097 et
1176 1042 1486 1096 individua:
1542 1041 1858 1107 Trinitatis,
1920 1043 2070 1096 Hex-

372 1153 542 1202 mcus,
572 1135 762 1189 divina
791 1135 1012 1188 favente
1041 1131 1364 1196 clementia,
1389 1131 1782 1186 Romanorum
1816 1131 2073 1202 impera-

372 1230 464 1279 tor
491 1228 798 1293 Augustus.

441 1313 495 1368 Si
523 1312 890 1365 ecclesiarum
931 1309 1033 1364 Dei
1095 1308 1314 1380 aliquid
1353 1309 1822 1379 supplementum
1873 1307 2073 1362 tribui-

366 1418 515 1467 mus,
541 1401 671 1454 inde
702 1399 866 1454 nobis
905 1398 1174 1454 meritum
1208 1399 1328 1452 fore
1358 1415 1475 1452 non
1528 1398 1882 1452 dubitamus.
1919 1397 2068 1462 Quo-

365 1490 511 1544 circa
568 1493 777 1542 sanctas
839 1488 936 1542 Dei
963 1487 1219 1542 Ecclesite
1273 1492 1719 1558 nostrorumque
1785 1486 2066 1552 fidelium,

365 1577 736 1650 praesentium
769 1576 980 1629 scilicet
1022 1591 1086 1629 ac
1132 1575 1479 1643 futurorum,
1527 1575 1790 1630 volumus
1840 1575 2070 1629 univer-

366 1668 518 1720 sitati
551 1670 742 1736 pateat
777 1671 1080 1735 quatenus,
1111 1681 1305 1718 amore
1368 1664 1465 1718 Dei
1519 1671 1577 1718 et
1624 1663 1780 1718 beati
1824 1665 2066 1718 Alexan-
2101 1701 2140 1754 Β

366 1754 453 1810 dri
498 1753 761 1824 martyris
819 1753 1060 1817 accensi,
1134 1753 1296 1822 cujus
1365 1751 1713 1806 adminiculo
1782 1752 2068 1805 credimus

367 1845 512 1898 bene
546 1844 731 1896 valere
758 1847 1059 1912 perpetuo,
1092 1840 1445 1894 auctoritatis
1479 1846 1686 1893 nostrtP.
1716 1847 2066 1910 praeceptum

365 1931 685 2004 imperiale,
762 1937 934 2000 prout
981 1930 1132 1999 juste
1189 1933 1244 1981 et
1304 1929 1564 1998 legaliter
1609 1943 1935 1999 possumus,
1984 1928 2069 1981 illi

366 2025 762 2092 competenter
781 2018 1166 2072 concessimus
1189 2021 1245 2070 et
1273 2016 1730 2079 corroboramus,
1759 2015 1904 2069 sicut
1929 2015 2068 2069 olim

366 2111 713 2165 credidimus
743 2124 846 2177 per
876 2107 1124 2176 regalem
1148 2106 1541 2158 investituram
1566 2105 1826 2158 videlicet
1847 2111 2067 2158 curtem

368 2200 602 2264 Lemen,
661 2212 791 2250 cum
854 2194 1121 2249 omnibus
1177 2194 1423 2246 castellis
1472 2193 1581 2246 sibi
1626 2192 2068 2262 pertinentibus,

365 2287 630 2341 videlicet
684 2285 870 2338 Brivio
937 2290 994 2336 et
1080 2283 1325 2350 anello,
1390 2283 1534 2336 sicut
1587 2288 1718 2336 Atto
1767 2297 1955 2335 comes
2016 2288 2072 2335 et

367 2375 631 2429 Ferlinda
657 2391 760 2427 sua
810 2373 1015 2442 conjux
1071 2372 1423 2442 episcopatui
1473 2372 1703 2441 prazl'ati
1760 2371 2070 2425 Alexandri

368 2461 637 2531 martyris
680 2476 781 2530 per
836 2459 1107 2528 paginam
1165 2459 1496 2512 testamenti
1545 2459 1803 2524 tradidit,
1856 2459 2071 2512 scilicet

366 2566 498 2604 cum
551 2551 720 2603 terris
778 2548 884 2601 sibi
938 2547 1380 2618 pertinentibus,
1439 2563 1568 2600 cum
1608 2547 1811 2612 vineis,
1867 2546 2066 2617 pratis,

366 2639 611 2711 pascuis,
686 2637 862 2698 silvis,
933 2635 1300 2704 molendinis,
1383 2636 1814 2708 piseationibus,
1905 2636 2072 2707 aquis

369 2743 763 2798 aquarumque
814 2725 1168 2791 decursibus,
1235 2741 1339 2778 nec
1397 2741 1511 2778 non
1569 2741 1698 2778 cum
1756 2725 1953 2793 servis,
2015 2730 2067 2779 et

367 2816 610 2881 ancillis,
655 2815 842 2883 aldiis,
886 2820 941 2868 et
989 2813 1253 2868 aldiunis.
1287 2813 1602 2868 Statuimus
1624 2830 1760 2884 ergo
1821 2830 1924 2884 per
1964 2815 2072 2867 hoc

368 2909 573 2960 nostrae
606 2903 1056 2957 conﬁrmationis
1085 2908 1460 2973 praeceptum,
1508 2901 1653 2955 sicut
1678 2902 1875 2955 statuit
1921 2917 2064 2972 prae-

368 2995 517 3048 fatus
545 3009 736 3047 comes
762 2998 819 3046 et
843 2995 965 3062 ejus
1001 2993 1230 3062 conjux,
1265 2995 1325 3045 ut
1377 2990 1586 3045 abhinc
1619 2995 1676 3045 et
1716 2990 1775 3044 in
1805 2990 2063 3044 futurum
2098 2981 2138 3034 C

369 3082 758 3153 episcopatum
813 3081 966 3136 beati
1011 3081 1316 3135 Alexandri
1367 3081 1656 3150 martyris,
1713 3079 1813 3150 qui
1864 3081 2070 3148 Perga-

369 3187 529 3226 mum
551 3176 803 3236 vocatur,
850 3169 1078 3232 habeat.
1117 3173 1329 3235 teneat,
1364 3168 1723 3239 ﬁrmiterque
1775 3166 2070 3238 possideat

369 3261 584 3331 absque
642 3259 904 3314 omnium
957 3258 1260 3313 hominum
1318 3257 1771 3311 contradictione
1824 3261 2062 3311 remota.

367 3348 729 3418 Quapropter
777 3345 1145 3418 praecipimus
1212 3349 1276 3398 ut
1353 3343 1546 3399 nullus
1619 3344 1750 3406 dux,
1791 3342 2065 3408 marchio,

368 3452 580 3504 comes,
696 3435 1174 3506 archiepiscopus,
1303 3434 1623 3505 episcopus,
1733 3435 2069 3503 vicecomes,

371 3523 672 3597 gastaldio,
707 3522 943 3589 decano,
975 3528 1075 3577 aut
1107 3522 1300 3593 aliqua
1329 3523 1510 3576 nostri
1575 3521 1805 3592 imperii
1859 3538 2071 3592 magna

369 3629 659 3686 parvaque
690 3629 930 3684 persona
960 3610 1448 3682 przenominatum
1481 3609 1875 3682 episcopatum
1916 3609 2070 3664 beati

369 3702 676 3760 Alexandri
736 3702 1024 3771 martyris,
1066 3717 1164 3755 seu
1223 3701 1557 3772 episcopum
1609 3700 1709 3770 qui
1763 3715 1916 3753 nunc
1963 3702 2068 3767 est,

369 3799 471 3846 aut
503 3791 642 3846 alios
686 3791 788 3862 qui
841 3790 1052 3845 ibidem
1107 3805 1213 3860 pro
1263 3795 1524 3860 tempore
1571 3787 1803 3855 fuerint,
1864 3787 2072 3842 audeat

369 3883 696 3948 molestare,
757 3883 855 3934 aut
883 3880 1207 3950 inquietare
1238 3882 1547 3949 praesumat
1575 3877 1886 3948 sinelegali
1909 3876 2070 3947 judi-

369 3970 473 4022 cio.
506 3969 562 4023 Si
595 3969 724 4038 quis
754 3985 889 4022 vero
934 3968 1104 4037 hujus
1159 3967 1340 4021 nostri
1393 3967 1663 4037 praecepti
1697 3965 2067 4037 quandoque,

371 4058 528 4130 quod
559 4073 674 4111 non
705 4057 1008 4122 credimus,
1051 4055 1293 4110 violator
1330 4055 1632 4120 exstiterit,
1665 4055 1804 4108 sciat
1833 4070 1890 4107 se
1921 4069 2072 4108 com-

368 4147 693 4220 positurum
729 4145 854 4200 auri
887 4145 1090 4217 optimi
1123 4145 1296 4199 Iibras
1352 4143 1530 4211 mille,
1580 4143 1946 4197 medietatem
1979 4158 2074 4195 ca-

372 4253 541 4291 merae
573 4241 806 4300 nostrae,
842 4238 899 4288 et
930 4234 1297 4288 medietatem
1354 4234 1630 4304 praedicto
1687 4231 2064 4324 episcopatui.
2101 4271 2144 4324 Β

371 4325 530 4390 Quod
561 4330 626 4379 ut
654 4323 844 4378 verius
883 4323 1164 4387 credatur,
1197 4327 1251 4376 et
1307 4321 1642 4392 diligentius
1672 4319 1741 4374 ab
1800 4320 2069 4374 omnibus

371 4415 726 4478 observetur,
760 4429 936 4467 manu
968 4412 1200 4484 propria
1251 4412 1612 4478 roborantes,
1665 4409 1840 4481 sigilli
1894 4407 2074 4464 nostri

370 4502 1042 4574 impressionejussimus
1071 4501 1358 4571 insigniri.

441 4593 674 4658 Signum
711 4633 722 4644 .
761 4631 772 4645 .
835 4593 896 4644 Β.
969 4592 1196 4645 chrici
1276 4589 1609 4644 serenissimi
1638 4591 1689 4642 et
1725 4584 2076 4642 invictissimi

371 4684 504 4748 imp.
539 4681 796 4747 Augusti.

445 4769 566 4822 Dat.
600 4784 694 4821 an.
730 4768 893 4821 Dom.
924 4766 1202 4822 incarnat.
1232 4768 1388 4831 l0l5,
1414 4782 1514 4822 an.
1544 4765 1609 4820 D.
1656 4763 1888 4820 Heurici
1914 4762 2062 4834 imp.

373 4860 519 4926 Aug.
553 4856 846 4926 regnantis
875 4872 971 4920 xu,
996 4855 1226 4926 imperii
1257 4856 1380 4926 ejus
1412 4855 1623 4925 primo.

442 4949 645 4999 Actum
669 4946 729 4998 in
783 4945 1060 4998 comitatu
1111 4945 1337 5014 Pisano,
1389 4944 1450 4998 in
1494 4944 1629 4998 villa
1685 4958 1811 5014 quae
1865 4941 2074 4996 dicitur

381 5034 621 5088 Fasiona
650 5033 908 5088 feliciter.
942 5035 1144 5087 Amen.

1072 5130 1360 5185 LXXXVII.

369 5222 424 5275 S.
477 5222 742 5275 Henricus
798 5219 1075 5274 Bernardo
1126 5220 1310 5273 comiti
1365 5217 1650 5270 Parmensi
1698 5218 1868 5270 curtis
1914 5218 2075 5271 Nero-

797 5295 978 5345 niana:
1000 5293 1386 5359 possessionem
1427 5289 1643 5341 asserit.

1012 5380 1204 5445 (Anno
1250 5375 1430 5443 1015.)

735 5467 1006 5539 [Ughelli,
1039 5467 1205 5520 Italia
1255 5479 1435 5528 sacra,
1469 5464 1536 5526 ll,
1573 5461 1711 5530 16L]

442 5555 505 5609 In
536 5556 768 5610 nomine
816 5561 1026 5608 sanctae
1048 5559 1104 5607 et
1149 5551 1461 5607 individuus
1491 5550 1806 5618 Trinitatis,
1870 5549 2076 5606 HENRI-

1665 303 1722 358 S.
1768 299 2055 357 HENRICI
2094 297 2571 358 IMPERATORIS

2103 427 2148 477 A
2188 441 2304 492 cus,
2333 426 2528 482 divina
2550 427 2773 482 favente
2796 427 3122 494 clementia,
3156 427 3546 484 Romanorum
3580 429 3918 502 imperator

3791 302 3916 359 3'24

2183 518 2494 585 Augustus.

2254 621 2398 686 Quia
2427 622 2656 689 divina,
2715 627 2820 677 etc.
2883 621 3172 687 Quocirca
3229 623 3490 678 ﬁdelium
3539 628 3921 687 nostrorum,

2183 711 2553 782 praesentium
2605 711 2816 765 scilicet
2873 717 2930 765 et
2974 711 3320 778 futurorum,
3368 712 3728 766 universitati
3794 729 3916 782 pa-

2181 805 2298 853 teat
2336 799 2633 870 quoniam,
2675 799 2921 854 senioris
2951 799 3133 854 nostri
3163 800 3403 854 Othonis
3459 801 3924 871 praedecessor-is

2182 888 2545 959 imperatoris
2571 894 2982 959 cognoscentes
3014 889 3187 958 hujus
3241 890 3728 944 remunerationis
3769 890 3917 942 fau-

2184 978 2382 1032 tricem
2415 977 2680 1047 gratiam,
2730 977 3019 1031 Bernardo
3077 977 3373 1032 Parmensi
3435 979 3629 1032 comiti
3684 978 3922 1033 ﬁdelis-

2181 1064 2326 1117 simo
2360 1071 2556 1118 nostro
2587 1070 2804 1119 curtem
2841 1067 3168 1132 Neironem,
3201 1082 3332 1120 cum
3382 1068 3636 1137 capellis,
3692 1067 3918 1120 castris

2179 1153 2542 1221 domnicatis,
2587 1153 2943 1218 massaritiis,
3013 1154 3182 1220 villis,
3243 1161 3300 1208 et
3351 1159 3540 1222 terris,
3597 1156 3920 1210 omnibus-

2181 1257 2293 1312 que
2321 1242 2387 1295 ad
2413 1242 2652 1296 eandem
2702 1243 3104 1313 pertinentiis;
3147 1250 3365 1297 curtem
3415 1245 3666 1298 Rocham
3711 1245 3911 1297 etiam

2181 1337 2237 1385 et
2284 1335 2532 1385 castrum
2597 1331 2667 1386 de
2715 1333 2860 1386 valle
2918 1331 3250 1386 Visenerina
3309 1349 3440 1386 cum
3498 1333 3770 1386 omnibus
3818 1333 3916 1387 ibi

2180 1419 2542 1492 pertinentiis
2571 1420 2658 1474 vel
2689 1420 3046 1490 adjacentiis,
3089 1425 3144 1474 et
3174 1421 3328 1492 quod
3387 1421 3498 1475 dici
3555 1422 3640 1474 vel
3697 1422 3913 1474 nomi-

2182 1507 2305 1562 nari
2336 1508 2531 1576 possit,
2563 1511 2618 1561 et
2648 1507 2791 1563 sicut
2818 1508 3110 1580 quondam
3152 1510 3311 1579 Hugo
3366 1508 3582 1562 Tusciae
3633 1510 3916 1563 marchio

2180 1613 2284 1667 per
2309 1596 2505 1649 omnia
2539 1597 2744 1664 tenuit,
2771 1598 2826 1649 in
2861 1598 3170 1665 integrum,
3242 1613 3340 1668 per
3398 1597 3789 1651 interventum
3849 1604 3918 1652 et

2180 1685 2519 1755 petitionem
2553 1685 2905 1756 Conigundaz
2943 1686 3325 1756 imperatricis
3375 1689 3647 1756 Augusta:
3697 1690 3916 1756 conju-

2181 1773 2267 1842 gis
2325 1779 2529 1826 nostra:
2587 1773 2890 1839 donamus,
2944 1775 3311 1829 concedimus
3373 1782 3542 1845 atque
3583 1776 3908 1845 largimur.

2178 1861 2461 1926 Quoniam
2494 1862 2688 1915 senior
2716 1868 2909 1915 noster
2937 1863 3082 1918 Otho
3139 1865 3456 1933 imperator
3504 1880 3653 1928 eam,
3711 1881 3907 1934 quam

2177 1950 2402 2020 praefati
2431 1967 2647 2015 sumus,
2682 1951 2946 2022 praedicto
2988 1952 3278 2005 Bernardo
3330 1953 3521 2006 comiti
3555 1969 3658 2024 pro
3705 1953 3905 2024 digno

2177 2039 2300 2108 ejus
2358 2039 2588 2092 servitio
2657 2039 2912 2103 donavit,
2962 2041 3262 2106 concessit,
3309 2057 3529 2110 suoque
3593 2040 3906 2111 imperiali

2170 2126 2377 2196 jurein
2427 2127 2878 2198 proprietarium
2940 2129 3035 2199 jus
3091 2134 3148 2182 et
3198 2129 3520 2182 dominium
3578 2129 3782 2184 tribuit
3842 2137 3899 2183 el

2175 2217 2420 2286 largitus
2466 2223 2570 2283 est,
2639 2233 2748 2271 nos
2813 2233 3044 2288 quoque
3104 2233 3207 2287 pro
3257 2217 3467 2271 futuris
3523 2218 3905 2288 temporibus

2177 2305 2384 2359 amodo
2431 2311 2488 2360 et
2549 2306 2821 2375 deinceps
2871 2305 3183 2360 donatione
3257 2311 3314 2359 et
3367 2307 3728 2360 concessione
3791 2309 3908 2360 tri-

2177 2393 2408 2448 buimus
2440 2399 2497 2448 et
2525 2395 2954 2460 coutirmamus,
3014 2401 3185 2465 atque
3241 2401 3520 2465 perpetua
3573 2396 3904 2450 stabilitate

2177 2483 2616 2538 corroboramus
2647 2483 2707 2537 in
2759 2484 3070 2554 integrum,
3128 2485 3274 2538 sicut
3319 2483 3581 2554 superius
3650 2485 3903 2554 legitur,

2178 2589 2308 2625 cum
2336 2573 2512 2625 Servis
2542 2578 2606 2626 et
2635 2572 2878 2640 ancillis,
2902 2572 3245 2639 aldionibus,
3289 2573 3554 2638 aldianis,
3574 2575 3902 2640 montanis,

2178 2661 2555 2732 planiciebus,
2593 2660 2887 2715 montibus
2919 2668 2974 2714 et
3023 2661 3286 2726 collibus,
3324 2661 3586 2731 rupibus,
3636 2663 3902 2731 pascuis,

2142 2749 2353 2814 -silvis,
2385 2750 2569 2820 aquis,
2621 2749 3054 2820 piscationibus,
3109 2765 3238 2804 cum
3299 2749 3514 2813 usibus,
3578 2764 3907 2820 aquarum-

2179 2854 2290 2909 que
2343 2838 2697 2904 decursibus,
2773 2837 3140 2902 molendinis,
3188 2837 3569 2907 omnibusque
3627 2837 3904 2908 ejusdem

2179 2927 2354 2980 curtis
2429 2927 2799 2981 utilitatibus:
2853 2943 2920 2980 ea
2975 2925 3238 2980 videlicet
3291 2925 3512 2979 ratione
3579 2931 3640 2978 ut
3669 2926 3741 2979 ab
3785 2927 3905 2980 hac

2177 3017 2316 3070 hora
2370 3015 2428 3069 in
2482 3021 2654 3069 antea
2712 3015 3018 3086 prtedictus
3067 3015 3387 3068 Bernardus
3438 3030 3629 3068 comes
3688 3017 3902 3070 omnia

2177 3103 2502 3174 supradicta
2542 3103 2798 3174 ejusdem
2829 3103 3009 3157 curtis
3065 3102 3292 3172 habeat,
3343 3107 3557 3169 teneat,
3617 3101 3902 3158 ﬁrmiter-

2175 3203 2285 3258 que
2314 3187 2596 3257 possideat
2625 3202 2689 3239 ex
2735 3191 2925 3240 nostra
2982 3185 3312 3252 donatione,
3368 3186 3759 3254 concessione,
3797 3192 3897 3241 at-

2179 3293 2290 3348 que
2315 3275 2780 3330 corroboratione
2825 3275 3196 3346 ;habeatque
3256 3275 3496 3329 liberam
3550 3275 3895 3330 facultatem

2178 3375 2282 3430 per
2311 3358 2483 3428 hujus
2512 3358 2693 3412 nostri
2723 3357 2994 3428 praecepti
3025 3357 3297 3428 paginam
3329 3363 3446 3411 tam
3470 3357 3588 3427 ipse
3649 3358 3900 3412 Bernar-

2178 3447 2284 3502 dus
2304 3463 2492 3500 comes
2523 3446 2720 3500 omnia
2758 3445 3022 3517 superius
3047 3445 3404 3517 deprehensa
3458 3444 3719 3515 ejusdem
3749 3463 3894 3500 cur-

2178 3535 2251 3590 tis
2269 3535 2552 3601 Neirouis,
2585 3550 2759 3605 quam
2789 3535 2878 3588 sui
2909 3541 2967 3588 et
2995 3534 3248 3588 baeredes
3287 3539 3345 3588 et
3377 3535 3768 3604 prohaeredes,
3803 3537 3894 3588 vel

2178 3625 2270 3678 cui
2297 3624 2517 3678 dederit
2557 3625 2643 3678 vel
2675 3623 2940 3678 habenda
2969 3623 3256 3689 statuerit,
3289 3623 3548 3690 tenendi,
3582 3623 3890 3694 possiden-

2179 3713 2258 3779 di,
2291 3712 2565 3778 donandi,
2597 3717 2694 3766 aut
2721 3711 3138 3776 commutandi,
3169 3712 3284 3765 sive
3315 3712 3465 3782 quod
3497 3712 3726 3766 animus
3760 3713 3897 3782 ejus

2180 3803 2249 3857 de
2271 3818 2338 3856 ea
2362 3801 2675 3856 decreverit
2713 3801 3038 3855 faciendum
3067 3799 3208 3873 [sic],
3256 3801 3518 3855 omnium
3576 3801 3893 3855 hominum

2182 3889 2349 3960 regni
2433 3889 2780 3960 imperiique
2811 3889 2992 3943 nostri
3041 3889 3495 3944 contradictione
3548 3889 3634 3943 vel
3698 3891 3891 3944 mole-

2183 3977 2422 4032 statione
2450 3983 2689 4032 remota.
2719 3977 3120 4048 Praecipientes
3149 3977 3730 4048 itaquejubemus,ut
3748 3981 3898 4032 nul-

2184 4070 2270 4121 lus
2301 4084 2420 4130 rex,
2450 4067 2727 4131 marchio,
2765 4067 3088 4138 episcopus,
3133 4083 3342 4132 comes,
3407 4067 3741 4132 vicecomes,
3789 4083 3896 4120 seu

2183 4156 2457 4226 quaslibet
2496 4155 2677 4210 nostri
2722 4155 2952 4226 imperii
3002 4159 3058 4208 et
3117 4155 3281 4226 regni
3344 4172 3554 4226 magna
3592 4171 3895 4227 parvaque

2183 4260 2449 4315 persona,
2484 4245 2827 4315 prtedictum
2883 4244 3235 4299 Bernardum
3287 4245 3579 4313 comitem,
3646 4244 3893 4315 ejusque

2184 4333 2438 4388 haeredes
2476 4349 2540 4387 ac
2580 4332 2945 4404 prohteredes
3003 4333 3074 4387 de
3123 4332 3465 4402 supradictis
3525 4331 3696 4386 rebus
3745 4335 3899 4403 ejus-

2183 4417 2313 4472 dem
2381 4417 2557 4471 curtis
2626 4417 2952 4482 molestare,
3041 4417 3380 4488 inquietare,
3447 4417 3533 4469 vel
3593 4416 3892 4470 disvestire

2183 4508 2519 4575 prmsumat.
2579 4502 2635 4557 Si
2702 4502 2828 4574 quis
2914 4519 3049 4556 vero
3125 4502 3296 4573 hujus
3341 4506 3550 4556 nostrae
3619 4501 3890 4557 donatio-

2182 4589 2293 4653 nis,
2315 4593 2420 4642 etc.

2257 4691 2410 4761 Sign.
2444 4695 2504 4749 D.
2535 4694 2780 4748 Heinrici
2807 4693 3188 4762 gloriosissimi
3243 4696 3406 4760 atque
3435 4693 3704 4747 invictiss.
3747 4694 3886 4761 imp.

2183 4784 2447 4850 Augusti.

2255 4886 2531 4942 Henricus
2563 4887 2862 4958 episcopus
2907 4890 2964 4940 et
3019 4885 3390 4940 cancellerius
3445 4884 3572 4939 vice
3628 4885 3897 4942 Everardi

2183 4975 2438 5045 episcopi
2469 4981 2526 5028 et
2556 4973 3041 5028 archicancellarii
3077 4973 3426 5043 recognovit.

2253 5085 2419 5135 Anno
2477 5081 2642 5134 Dom.
2695 5078 2914 5134 incarn.
2972 5081 3130 5141 1015,
3189 5079 3392 5133 indict.
3453 5094 3563 5142 xiv,
3627 5093 3783 5132 anno
3832 5079 3893 5132 D.

2187 5170 2410 5223 Henrici
2443 5168 2806 5240 imperatoris
2843 5168 3087 5238 Augusti
3136 5169 3294 5240 regni
3346 5184 3456 5235 xiv,
3493 5167 3725 5237 imperii
3761 5183 3894 5220 vero

2185 5259 2309 5328 ejus
2340 5273 2399 5312 ιι.

2258 5369 2454 5420 Actum
2488 5363 2816 5420 Maresbuch
2849 5363 3104 5420 feliciter.
3139 5367 3350 5418 Amen.
