3980 6414
84 291 179 343 325

772 411 1088 466 LXXXVIII.

80 502 132 555 S.
168 502 436 555 Henricus
501 500 731 555 ecclesiae
798 501 1229 625 Pgderliornensi
1270 507 1479 555 curtem
1526 502 1795 556 Honstede

880 589 984 626 ona
1023 615 1035 627 .

750 664 916 714 Anno
949 663 1108 715 1015.

324 749 475 820 ἱϐοά.
510 750 739 819 diplom.
773 752 920 804 Hist.
966 751 1237 818 Wcstph.,
1270 766 1405 820 pag.
1437 751 1562 821 64.]

151 839 210 893 C.
271 840 337 892 In
395 838 631 892 nomine
710 844 922 892 sanctae
981 844 1038 892 et
1118 840 1429 893 individum
1476 838 1793 903 Trinitatis,

85 930 393 987 lIenmcus.
445 927 639 981 divina
710 926 937 981 favente
1016 927 1344 992 clementia,
1404 928 1794 982 Romanorum

88 1019 401 1086 imperator
430 1019 743 1086 Augustus.

155 1105 395 1157 Necesse
418 1108 501 1156 est
524 1109 587 1156 ut
614 1118 746 1156 cum
778 1119 867 1157 res
899 1102 1049 1156 bona
1078 1102 1289 1173 agitur,
1322 1103 1484 1173 prius
1506 1104 1698 1173 ejus...
1733 1103 1795 1157 in

83 1192 255 1246 corde
276 1193 557 1245 vincatur.
581 1193 679 1254 Ne,
712 1192 758 1245 si
787 1208 816 1245 a
842 1192 1030 1245 radice
1055 1193 1279 1246 misera:
1304 1191 1640 1245 intentionis
1664 1208 1795 1263 pro-

14 1320 27 1331 .
84 1282 238 1347 deat,
268 1297 494 1334 amaros
524 1280 805 1351 nequiciae
836 1281 1054 1334 fructus
1105 1280 1403 1350 producat.
1454 1281 1529 1333 Ea
1561 1287 1798 1351 propter

81 1386 199 1423 non
223 1369 384 1423 surdi
406 1369 698 1422 auditores
728 1369 1071 1438 evangelicae
1102 1369 1355 1433 Marthae,
1412 1369 1576 1438 cujus
1636 1385 1795 1422 more

80 1458 451 1513 Meinwercus
472 1457 776 1527 episcopus
790 1458 951 1511 nobis
980 1457 1266 1528 frequenti
1290 1457 1610 1511 ministerio
1640 1463 1796 1511 sata-

78 1547 162 1615 git
188 1546 498 1612 deservire,
518 1548 590 1599 ob
613 1546 997 1599 interventum
1026 1545 1395 1611 Cunegundze
1418 1545 1796 1615 imperatricis

74 1640 361 1705 augustae,
393 1635 728 1688 contectalis
755 1634 1018 1688 videlicet
1068 1640 1299 1701 nostrae,
1326 1650 1431 1687 nec
1485 1650 1603 1687 non
1635 1636 1795 1689 Ever-

75 1724 245 1777 hardi
269 1730 480 1778 sanctae
516 1723 1007 1793 Babenbergensis
1038 1724 1190 1777 sedis
1207 1723 1481 1795 episcopi,
1507 1725 1604 1777 sed
1641 1724 1789 1793 Egil-

76 1813 229 1866 berti
287 1813 667 1883 Frisingeusis
725 1812 979 1865 ecclesia:
1030 1814 1339 1882 poutilicis,
1416 1819 1790 1865 sacrosanctae

12 1919 28 1929 ε
78 1899 609 1953 Patherbruunensi
651 1899 904 1952 ecclesiae
943 1900 999 1951 in
1036 1899 1254 1953 honore
1283 1901 1338 1953 S.
1368 1900 1557 1953 Maria:
1589 1899 1791 1953 mundi

77 1988 333 2041 dominre
386 1988 681 2057 sanctique
748 1987 977 2057 Kyliani
1023 1988 1287 2058 martyris
1336 1993 1508 2059 atque
1568 1988 1792 2058 Lyborii

74 2074 421 2129 confessoris
493 2075 725 2129 Domini
809 2082 1175 2143 consecratze,
1234 2084 1454 2130 curtem
1505 2078 1792 2130 llonstede

76 2165 291 2218 dictam
354 2180 486 2218 cum
535 2165 803 2218 omnibus
860 2165 1243 2234 pertinentiis,
1305 2167 1473 2219 terris
1532 2166 1796 2220 videlicet

76 2255 248 2306 cultis
281 2260 341 2306 et
370 2253 623 2316 incultis,
657 2253 958 2323 mancipiis
992 2254 1295 2324 utriusque
1337 2270 1527 2321 sexus,
1579 2255 1795 2307 molen-

77 2342 254 2406 dinis,
321 2342 755 2412 piscationibus,
810 2343 974 2414 aquis
1026 2359 1379 2412 aquarumve
1437 2342 1792 2410 decursibus,

76 2430 293 2499 quibus
325 2430 542 2482 scilicet
571 2428 1035 2500 archiepiscopus
1093 2431 1304 2485 Onwan
1356 2447 1481 2484 eam
1540 2431 1795 2501 possedit

12 2519 23 2527 ’
77 2519 368 2588 nobisque
402 2517 665 2587 logaliter
695 2518 953 2584 tradidit,
992 2519 1049 2572 in
1078 2536 1224 2590 pago
1262 2520 1496 2589 Rittiga,
1523 2521 1579 2573 in
1614 2520 1793 2574 comi-

78 2613 203 2660 tatu
250 2606 565 2660 lternhardi
593 2606 840 2673 comitis,
876 2616 1157 2678 perpetuo
1206 2608 1337 2677 jure
1385 2609 1792 2678 possidendam

77 2695 445 2749 tradidimus.
478 2695 546 2748 Et
576 2700 638 2748 ut
694 2696 815 2749 haec
861 2702 1069 2749 nostra:
1111 2696 1429 2766 imperialis
1468 2698 1794 2751 traditionis

78 2784 393 2837 auctoritas
451 2785 618 2837 lirma
689 2788 748 2837 ct
812 2784 1149 2839 inconvulsa
1206 2791 1560 2856 permaneat,
1618 2787 1793 2857 sigilli

78 2873 258 2926 nostri
321 2872 704 2943 impressione
770 2873 918 2928 hanc
992 2875 1265 2944 paginam
1324 2891 1497 2929 manu
1554 2876 1791 2947 propria

72 2962 508 3015 corroborando
533 2968 731 3031 supter
761 2961 967 3016 bullari
987 2964 1287 3034 jussimus.

144 3051 378 3116 Signum
441 3049 651 3105 domini
710 3052 954 3105 Hcinrici
1013 3051 1092 3121 (L.
1148 3052 1238 3121 Μ.)
1300 3053 1649 3121 imperatoris
1700 3053 1787 3106 in-

72 3137 388 3193 notissimi.

141 3228 457 3283 Gunterius
478 3228 852 3283 cancellarius
876 3228 995 3283 vice
1031 3228 1405 3285 Erchanbaldi
1445 3230 1789 3303 archicapel-

72 3318 186 3371 lani
222 3318 437 3371 notavi.

146 3408 288 3461 Data
321 3423 457 3460 xvm
512 3405 638 3461 Kal.
706 3406 892 3474 Febr.,
955 3422 1107 3460 anno
1159 3406 1474 3462 Dominicie
1522 3409 1786 3464 incarna-

68 3496 247 3549 tionis
276 3496 421 3550 mill.
458 3512 548 3562 xv,
588 3495 905 3549 indictione
959 3512 1081 3561 xm,
1150 3512 1303 3550 anno
1342 3504 1534 3552 autem
1586 3497 1787 3553 domni

72 3584 329 3639 Heinrici
360 3585 599 3639 secundi
631 3585 923 3655 regnantis
950 3600 1071 3651 xm,
1105 3585 1337 3655 imperii
1393 3603 1525 3641 vero
1573 3588 1781 3658 primo.

137 3679 347 3728 Actum
381 3674 744 3728 Mulinhusen
776 3674 1039 3728 feliciter.
1077 3677 1281 3728 Amen.

804 3781 1068 3835 LXXXIX.

136 3870 539 3924 Concambium
576 3870 821 3924 Πρίηνίσί
971 3871 1344 3993 timpcratoris
1391 3886 1508 3924 cum
1543 3871 1787 3927 Robbonc

824 3956 856 3993 a
933 3956 963 3993 a
993 3955 1039 3994 e.

824 3955 1039 3996 αοοσιε.

599 4030 786 4099 (Anno
814 4032 969 4095 l015,
1014 4032 1068 4083 ll
1107 4029 1258 4100 Mai.)

327 4118 599 4191 [Dronke,
633 4118 761 4174 Cod.
806 4118 1036 4187 diplom.
1076 4118 1258 4184 Fuld.,
1291 4135 1347 4189 p.
1384 4119 1528 4191 346.]

136 4225 199 4279 ln
232 4225 475 4279 nomine
522 4229 732 4278 sancta:
764 4229 821 4277 et
874 4223 1188 4279 individua:
1235 4224 1549 4295 Trinitatis,
1610 4227 1779 4281 Ham-
1810 4264 1853 4318 Β

65 4331 238 4374 incus.
275 4313 475 4369 divina
514 4313 738 4368 favente
801 4313 1132 4381 clementia,
1168 4315 1563 4369 Romanorum
1596 4314 1784 4386 impe-

62 4412 215 4458 rator
243 4408 570 4473 Augustus.

12 4479 23 4487 ’
127 4491 415 4546 Omnium
449 4489 706 4544 fidelium
733 4496 1086 4554 nostrorum,
1143 4492 1520 4563 praesentium
1567 4492 1784 4548 scilicet

59 4598 120 4633 ac
204 4581 568 4648 futurorum,
646 4580 1010 4635 universitati
1062 4586 1257 4652 pateat
1314 4582 1563 4653 qualiter
1616 4582 1782 4636 nobis

58 4670 362 4741 quoddam
396 4669 795 4723 concambium
828 4686 960 4724 cum
1021 4671 1291 4725 Bobbone
1360 4671 1615 4726 Vultensi
1671 4671 1777 4726 ab-

60 4760 207 4825 bate,
240 4774 532 4813 consensu
561 4775 624 4812 ac
671 4758 1095 4814 collaudatione
1154 4759 1470 4814 Bernhardi
1518 4760 1779 4815 advocati

60 4849 165 4915 sui,
234 4865 347 4903 nec
405 4863 522 4900 non
576 4847 1011 4914 monachorum,
1072 4848 1323 4903 militum
1371 4864 1779 4919 servorumque

59 4953 296 4992 suorum
332 4936 521 4990 facere
543 4936 760 5006 placuit
787 4951 800 4989 :
831 4936 1171 5007 accipientes
1190 4936 1263 4989 ab
1294 4954 1360 4991 eo
1386 4937 1443 4990 in
1476 4937 1776 5008 proprium

56 5024 198 5080 duas
245 5031 461 5092 cortes,
532 5024 916 5079 ltatolfesdorf
984 5031 1041 5079 et
1110 5025 1573 5097 Ezelenkyricha,
1646 5042 1775 5079 cum

53 5116 275 5170 cunctis
332 5128 539 5168 earum
588 5113 971 5185 pertinentiis,
1036 5113 1202 5181 villis,
1264 5115 1563 5186 utriusque
1611 5130 1778 5169 sexus

56 5204 387 5275 mancipiis,
422 5202 598 5275 agris,
630 5204 869 5273 campis,
901 5203 1102 5274 pratis,
1133 5202 1381 5273 pascuis,
1451 5203 1625 5269 silvis,
1682 5220 1775 5257 ve-

57 5294 420 5360 nationibus,
453 5291 620 5363 aquis
660 5308 1063 5363 aquarumqne
1110 5292 1463 5359 decursibus,
1502 5292 1777 5346 molendi-

55 5381 142 5435 nis
174 5380 625 5454 piscationibus,
656 5382 762 5435 viis
790 5381 878 5434 vel
912 5380 1101 5447 inviis,
1151 5380 1399 5435 exitibus
1465 5386 1522 5436 et
1574 5381 1773 5436 rediti-

57 5472 179 5537 bus,
214 5471 393 5526 cultis
422 5476 479 5523 et
510 5468 760 5536 incultis,
790 5469 1050 5541 quaesitis
1102 5486 1197 5524 seu
1236 5469 1619 5542 inquirendis,
1658 5470 1774 5524 sive

57 5574 183 5615 cum
216 5558 500 5615 omnibus
529 5573 658 5628 quas
684 5558 946 5630 quolibet
978 5559 1148 5614 modo
1188 5558 1297 5615 dici
1346 5563 1446 5614 aut
1483 5557 1773 5614 nominari

1358 286 1747 344 DIPLOMATA
1791 286 2346 346 ECCLESIASTICA.

3504 298 3606 353 326

1824 416 1869 467 Α
1907 420 2150 483 possunt
2190 415 2543 471 ulilitatibus.
2579 419 2822 473 Econtra
2852 420 3125 490 praedicto
3145 422 3339 477 abbati
3378 441 3619 496 suaeque

1906 502 2149 558 abbatise
2181 504 2238 557 in
2263 505 2542 559 honorem
2583 507 2763 561 sancti
2797 508 3064 562 Bonifatii
3101 516 3445 566 constructm
3478 514 3621 568 duas

1904 598 2116 645 nostrae
2174 593 2545 662 proprietatis
2574 603 2784 660 cortes,
2817 612 3063 666 quarum
3102 615 3215 652 una
3264 600 3506 655 Waraha
3540 604 3618 654 al-

1902 685 2025 735 tera
2056 697 2191 734 vero
2219 682 2529 752 Bereskyez
2557 693 2951 755 nuncupatur,
2984 703 3113 741 cum
3169 690 3387 742 cunctis
3419 706 3618 744 earum

1902 771 2287 841 pertinentiis,
2348 771 2557 825 additis
2591 774 2761 827 simul
2818 791 2871 828 IV
2930 777 3407 833 ministerialibus
3449 781 3615 847 meis,

1905 858 2119 914 Alvvino
2151 863 2206 911 ct
2248 859 2488 913 Rodolfo
2538 861 2831 930 dapiferis.
2888 864 3149 918 Folcoldo
3181 871 3236 919 et
3291 868 3618 939 Erkengcro

1906 946 2265 1001 marescalcis
2298 948 2462 1015 meis,
2498 949 2835 1020 czeterisque
2868 952 3168 1023 utriusque
3202 971 3368 1009 sexus
3404 958 3619 1010 manci-

1904 1036 2225 1107 piis,agris,
2255 1038 2493 1107 campis,
2530 1039 2729 1107 pratis,
2778 1040 3025 1109 pascuis,
3070 1043 3248 1111 silvis,
3280 1046 3607 1099 venationi-

1905 1125 2032 1186 bus,
2102 1125 2266 1196 aquis
2350 1142 2750 1198 aquarumque
2829 1128 3185 1197 decursibus,
3245 1134 3614 1201 molendinis,

1903 1212 2340 1283 piscatiouibus,
2401 1214 2508 1267 viis
2565 1219 2619 1268 et
2682 1216 2871 1285 inviis,
2930 1218 3175 1272 exitibus
3232 1226 3287 1274 et
3314 1223 3614 1291 reditibus,

1904 1302 2070 1356 cultis
2128 1304 2213 1356 vel
2283 1303 2534 1371 incultis,
2592 1304 2846 1374 quaesitis
2896 1322 2996 1359 seu
3058 1307 3442 1377 inquirendis,
3498 1311 3616 1365 sive

1905 1409 2033 1446 cum
2068 1392 2337 1446 omnibus
2368 1408 2495 1463 quae
2525 1394 2780 1464 quolibet
2824 1396 2994 1449 modo
3047 1396 3158 1450 dici
3197 1405 3298 1451 aut
3330 1400 3619 1454 nominari

1906 1486 2148 1551 possunt
2178 1482 2542 1547 utilitatibus,
2585 1499 2687 1553 per
2743 1483 2889 1537 hanc
2947 1490 3202 1539 nostram
3250 1487 3611 1557 imperialem

1906 1570 2174 1640 paginam
2208 1571 2264 1624 in
2298 1570 2597 1641 proprium
2625 1572 2993 1626 concedimus
3014 1579 3186 1644 atque
3212 1576 3509 1646 largimur,
3563 1583 3621 1632 et

1905 1656 1975 1711 de
2008 1663 2201 1711 nostro
2246 1659 2377 1727 jure
2408 1675 2471 1711 ac
2501 1659 2760 1713 dominio
2791 1660 2849 1713 in
2894 1662 3017 1731 ejus
3069 1662 3164 1731 jus
3196 1669 3252 1717 et
3292 1665 3616 1720 dominium

1904 1748 2143 1801 omnino
2167 1749 2623 1803 transfundimus
2657 1766 2669 1802 :
2699 1766 2766 1802 ea
2805 1750 3070 1805 videlicet
3120 1752 3336 1807 ratione
3368 1759 3431 1807 ut
3461 1771 3617 1824 pra:-

1903 1835 2088 1889 dictus
2119 1836 2296 1889 abbas
2330 1837 2547 1890 Bobbas
2592 1837 2794 1908 suique
2852 1855 3203 1893 successores
3230 1843 3299 1895 ad
3358 1843 3615 1912 prmscri-

1904 1930 2016 1994 pta:
2047 1926 2300 1979 ecclesiae
2332 1928 2635 1979 utilitatem
2668 1928 2737 1979 de
2764 1927 2883 1996 jam
2915 1928 3346 1983 dictiscortibus
3382 1947 3609 1984 earum-

1904 2029 2016 2083 que
2051 2013 2412 2083 pertincntiis
2469 2014 2676 2068 dehinc
2719 2016 2955 2070 liberam
2993 2018 3241 2071 habeant
3272 2026 3614 2089 potestatem

1904 2102 2177 2172 quicquid
2229 2103 2308 2155 eis
2355 2104 2635 2173 placuerit
2690 2103 2954 2170 faciendi,
3011 2108 3273 2159 omnium
3308 2108 3613 2163 hominum

1903 2191 2350 2245 contradictione
2385 2198 2618 2247 remota.
2658 2193 2739 2258 Et,
2774 2200 2838 2246 ut
2869 2194 2989 2246 ha-c
3051 2196 3233 2248 nostri
3292 2198 3614 2251 concambii

1903 2278 2022 2333 sive
2093 2280 2421 2335 donationis
2509 2282 2816 2335 auctoritas
2875 2283 3092 2335 stabilis
3152 2288 3207 2336 et
3268 2284 3602 2339 inconvulsa

1904 2369 2062 2422 omni
2093 2379 2432 2438 permaneat
2481 2376 2764 2441 tempore,
2790 2372 2894 2425 hoc
2921 2370 3220 2442 imperiale
3254 2382 3606 2445 punct-ptum

1904 2456 2039 2511 inde
2071 2459 2460 2528 conscriptum
2521 2477 2693 2513 manu
2742 2461 2977 2530 propria
3026 2463 3461 2516 corroborantes
3530 2465 3612 2518 si-

1905 2546 2026 2615 gilli
2058 2547 2238 2600 nostri
2273 2547 2650 2616 impressione
2682 2548 2944 2618 insigniri
2967 2549 3290 2621 jussimus.)

1974 2634 2202 2702 Signum
2231 2635 2415 2689 damni
2445 2638 2689 2690 Heinrici
2742 2640 3076 2693 εει-ριιίεείυηί
3126 2641 3216 2708 (Μ)
3261 2646 3311 2694 ct
3362 2643 3612 2696 invictis-

1903 2726 2031 2777 simi
2067 2726 2415 2793 imperutoris
2457 2726 2697 2793 Augusti
2723 2727 2821 2795 (S).

1975 2813 2320 2867 Guntherius
2350 2814 2723 2869 cancellarius
2748 2816 2868 2868 vice
2918 2815 3296 2872 Erchanbaldi
3350 2817 3608 2873 archica-

1904 2902 2115 2972 pellani
2141 2902 2461 2972 recognovi.

1976 2991 2114 3042 Data
2141 3005 2173 3039 v
2226 2989 2354 3043 Idus
2403 2989 2594 3055 Maias,
2626 3007 2776 3045 anno
2821 2990 3132 3047 Dominicae
3192 2993 3608 3048 incarnationis

1900 3078 2208 3132 millesimo
2238 3094 2329 3146 xv,
2361 3079 2673 3133 indictione
2701 3096 2797 3143 xu,
2833 3097 2985 3134 anno
3016 3098 3149 3135 vero
3184 3082 3379 3137 domui
3433 3084 3603 3137 Hein-

1898 3166 2000 3220 rici
2039 3167 2273 3220 secundi
2303 3182 2417 3233 xm,
2452 3166 2680 3237 imperii
2713 3175 2901 3222 autem
2938 3186 2997 3222 ιι.

1968 3260 2171 3310 Actum
2194 3256 2492 3328 Chofunga
2524 3256 2792 3312 feliciter.
2830 3262 3031 3313 Amen.

2705 3365 2809 3419 XC.

1899 3452 2207 3520 Imperator
2268 3453 2553 3524 Henricus,
2604 3452 2771 3506 donat
2848 3454 3098 3507 Ecclesia:
3153 3454 3440 3524 Bambcrg,
3501 3454 3607 3509 duo

1966 3526 2082 3576 loca
2112 3523 2557 3589 Schwarzenfeld
2612 3529 2661 3577 et
2715 3525 3060 3591 Weilmdor/
3112 3528 3169 3579 in
3233 3541 3375 3594 pago
3422 3527 3600 3582 Nord-

1965 3608 2083 3659 gov.

2361 3686 2543 3747 (Anno
2598 3684 2755 3749 1015,
2817 3687 2876 3737 l7
2927 3684 3136 3754 April.)

2150 3769 2329 3843 [Ried,
2362 3771 2490 3827 Cod.
2520 3773 2754 3841 episcop.
2788 3774 3095 3838 Ratisbon.,
3130 3774 3174 3840 Ι,
3205 3774 3346 3844 132.]

1967 3868 2025 3923 C.
2086 3870 2150 3923 In
2210 3870 2444 3923 nomine
2501 3875 2711 3923 sanctae
2754 3874 2826 3923 ~et
2895 3870 3208 3925 individua:
3285 3872 3601 3938 Trinitatis,

1896 3958 2221 4025 Hemmcus,
2285 3958 2478 4013 divina
2536 3958 2763 4014 favente
2826 3959 3149 4029 clementia,
3207 3961 3603 4015 Romanorum

1892 4046 2207 4117 imperator
2231 4050 2538 4117 Augustus.

1963 4136 2021 4193 Si
2054 4136 2403 4191 venerabilia
2436 4136 2811 4192 Ecclesiarum
2865 4138 2963 4192 Dei
3010 4138 3134 4192 loca
3193 4138 3436 4209 alicujus
3467 4138 3603 4193 doni

1894 4224 2195 4279 commodo
2227 4225 2410 4279 ditare
2444 4225 2560 4280 sive
2594 4226 2895 4280 meliorare
2959 4226 3371 4295 studuerimus,
3437 4228 3605 4281 nobis

1894 4313 1953 4368 id
1987 4314 2267 4385 regnique
2299 4314 2483 4368 nostri
2515 4315 2684 4369 statui
2727 4314 3009 4386 proficere
3067 4316 3308 4369 minime
3368 4316 3599 4369 dubita—

1893 4420 2042 4458 mus.
2103 4403 2463 4475 Quapropter
2510 4405 2774 4458 omnium
2825 4404 2929 4474 Xpi
2956 4408 3403 4475 nostrorumque
3453 4404 3599 4458 ﬁde-

1892 4492 2035 4547 lium
2066 4493 2288 4546 noverit
2309 4492 2699 4547 universitatis
2728 4492 2977 4562 qualiter
3017 4507 3142 4553 nos,
3204 4507 3312 4561 pro
3342 4492 3602 4546 remedio

1892 4581 2100 4635 anima:
2129 4585 2339 4635 nostra:
2386 4585 2807 4651 parentumque
2866 4584 3219 4645 nostrorum,
3279 4580 3603 4635 Babcnber-

1890 4670 2052 4739 gensi
2112 4669 2398 4734 Ecclesiae,
2476 4685 2647 4739 quam
2705 4668 2765 4721 in
2822 4667 3187 4738 episcopatus
3233 4669 3427 4721 sedem
3495 4667 3601 4721 sub

1889 4760 2107 4814 honore
2145 4760 2327 4813 beatae
2380 4757 2477 4813 Dei
2510 4757 2801 4825 genitricis
2850 4757 3039 4811 Marias
3099 4758 3395 4828 sanctique
3449 4758 3599 4811 Petri

1889 4848 2283 4918 apostolorum
2340 4847 2619 4916 principis
2678 4862 2743 4900 ex
2795 4852 2991 4900 nostra
3044 4846 3387 4900 haereditate
3420 4845 3597 4900 subli-

1890 4937 2101 4991 mando
2132 4936 2861 5007 proveximus,intervontu
2885 4939 2941 4988 et
2969 4935 3253 5006 peticione
3285 4936 3591 4989 Eberhardi

1888 5026 2146 5095 ejusdem
2176 5024 2434 5079 Ecclesiae
2456 5023 2763 5079 venerandi
2782 5025 3062 5095 praesulis,
3085 5024 3349 5095 quaedam
3384 5030 3596 5079 nostrm

1886 5115 2255 5186 proprietatis
2284 5114 2430 5176 loca,
2466 5114 2700 5168 nomine
2717 5113 3083 5168 Swarzinvelt
3104 5119 3159 5167 et
3177 5114 3522 5168 Weilindorf
3540 5114 3595 5167 in

1886 5220 2037 5274 pago
2071 5203 2409 5273 Nordgowa,
2443 5207 2499 5257 et
2527 5203 2585 5257 in
2616 5203 2891 5258 comitatu
2929 5202 3179 5259 lleinrici
3209 5202 3435 5256 comitis
3465 5218 3592 5255 cum

1886 5292 2153 5347 omnibus
2182 5291 2547 5363 pertinentiis
2580 5308 2802 5358 eorum,
2845 5292 3012 5345 terris
3042 5291 3207 5345 cultis
3256 5296 3311 5343 et
3342 5290 3593 5351 incultis,

1886 5380 2191 5452 mancipiis
2246 5382 2550 5453 utriusque
2632 5398 2819 5447 sexus,
2882 5380 3158 5445 aediliciis,
3210 5379 3377 5444 areis,
3412 5377 3589 5445 silvis,

1886 5469 2302 5529 venationibus.
2349 5470 2513 5540 aquis
2544 5484 2899 5541 aquarumve
2964 5467 3318 5531 decursibus,
3368 5466 3590 5521 molen-

1884 5557 2058 5628 dinis,
2120 5558 2551 5630 piscationibus,
2625 5558 2869 5630 pascuis,
2946 5556 3141 5627 pratis,
3208 5554 3453 5609 exitibus
3539 5562 3594 5610 et
