3980 6422
399 361 500 413 3'27

1703 357 1759 412 S.
1811 359 2092 412 HENRICI
2133 357 2601 412 IMPERATORIS

3805 362 3919 413 3‘28

395 481 696 546 reditibus,
728 479 982 551 quasitis
1012 484 1069 534 et
1099 480 1480 552 inquirendis,
1513 482 1848 552 caeterisque
1895 480 2086 535 omui-
2120 484 2167 536 Α
2204 480 2441 551 cientes,
2475 485 2531 534 et
2560 480 2679 534 ullo
2715 478 2830 552 [sic]
2866 480 3034 535 modo
3051 496 3260 551 negare
3283 481 3537 550 volentes
3569 481 3749 552 ipsius
3769 497 3922 552 pre-

400 573 530 636 bus,
561 585 690 640 quin
719 569 978 640 quolibet
994 569 1164 623 modo
1197 570 1482 624 nominari
1532 575 1792 641 possunt,
1825 568 2094 623 utilitati-

399 659 506 713 bus
551 658 912 712 Swai‘ziuvelt
984 658 1402 728 pertinentibus
1451 674 1554 727 per
1607 658 1751 711 hanc
1841 665 2094 710 nostram

400 745 764 816 imperialem
804 744 1076 815 paginam
1134 747 1498 800 concedimus
1575 752 1747 816 atque
1797 746 2095 814 largimur,

401 840 459 889 et
495 835 564 888 de
595 835 933 902 nostrojure
963 850 1027 886 ac
1055 834 1311 887 dominio
1350 834 1406 886 in
1439 834 1668 904 ejusjus
1709 839 1879 904 atque
1909 835 2096 888 dumi-

398 925 562 978 nium
610 922 1106 976 transfundimus:
1151 939 1218 976 ea
1283 923 1541 976 videlicet
1584 924 1816 977 racioue
1849 929 1911 978 ut
1940 924 2094 977 idem

390 1010 512 1078 jam
541 1009 720 1064 dictus
753 1010 1112 1064 Eberhardus
1147 1011 1446 1080 episcopus
1491 1011 1696 1081 suique
1742 1027 2096 1064 successores

394 1097 636 1152 liberam
695 1099 900 1152 dehinc
959 1099 1209 1152 habeant
1247 1104 1613 1168 potestatem,
1665 1099 1736 1153 ad
1781 1115 1951 1153 usum
2010 1115 2097 1153 ec-

397 1187 582 1238 clesiae
662 1188 996 1253 Babiuperc,
1040 1185 1313 1255 quicquid
1399 1186 1482 1239 eis
1543 1187 1778 1240 libuerit
1828 1186 2094 1253 faciendi,

401 1273 661 1327 omnium
711 1275 1012 1328 hominum
1057 1275 1221 1343 regni
1272 1275 1450 1328 nostri
1504 1275 1952 1329 contradictione
2006 1291 2096 1328 re-

398 1368 570 1415 mota.
603 1363 688 1426 Et,
723 1367 782 1415 ut
836 1363 956 1414 haec
1007 1367 1213 1416 nostrae
1266 1363 1592 1417 traditionis
1622 1364 1929 1418 auctoritas
1994 1380 2099 1434 per

396 1451 618 1505 futuras
636 1449 1017 1504 successiones
1050 1455 1376 1518 temporum
1424 1451 1644 1503 stabilis
1684 1455 1740 1504 et
1765 1450 2098 1504 incouvulsa

395 1543 752 1609 permaneat,
831 1538 978 1590 hanc
1027 1537 1208 1590 nostri
1260 1537 1532 1607 praecepti
1588 1538 1857 1608 paginam
1923 1555 2097 1593 manu

396 1627 626 1697 propria
685 1625 1139 1689 corroborantes,
1223 1626 1396 1696 sigilli
1477 1625 1658 1679 nostri
1714 1625 2095 1696 impressione

388 1716 665 1785 jussimus
695 1714 978 1784 insigniri.

467 1804 694 1871 Signum
718 1803 903 1856 damni
944 1803 1192 1856 Ileinrici
1245 1803 1580 1855 serenissimi
1629 1806 1794 1871 atque
1842 1805 2093 1858 invictis-

394 1895 521 1946 simi
552 1895 912 1948 Romanorum
941 1893 1289 1959 imperatoris
1329 1892 1588 1956 Augusti.
1627 1893 2096 1960 (Monogramma)

467 1980 813 2035 Guntherius
844 1979 1078 2032 cancell.
1137 1979 1206 2032 ad
1249 1979 1427 2031 vicem
1475 1979 1856 2032 Erchanbaldi
1913 1980 2099 2034 archi-

395 2068 672 2139 capellani
704 2066 1030 2135 recognovi.

468 2157 604 2208 Data
646 2170 712 2208 xv
741 2156 858 2209 Kal.
922 2153 1073 2220 Maii,
1121 2168 1272 2205 anno
1316 2153 1626 2208 Dominicm
1686 2153 2099 2208 incarnationis

400 2244 558 2305 1015,
589 2242 899 2296 indictione
929 2257 1038 2306 xw,
1081 2257 1231 2294 anno
1288 2257 1420 2294 vero
1476 2241 1674 2296 domui
1733 2242 1978 2297 Heiurici
2012 2261 2098 2298 se-

396 2331 567 2384 cundi
589 2330 880 2400 regnantis
909 2345 1018 2395 xw,
1054 2329 1282 2398 imperii
1313 2336 1503 2383 autem
1543 2329 1722 2400 ipsius
1754 2348 1810 2384 ιι.

469 2422 673 2473 Actum
699 2418 1025 2486 Merseburg
1051 2417 1314 2471 feliciter.

471 2509 612 2560 Cum
640 2507 818 2573 sigillo
848 2523 934 2560 ma
933 2507 1063 2574 jest.

1179 2613 1310 2667 XCI.

395 2719 452 2774 S.
518 2721 778 2773 Henricus
825 2717 1080 2772 Alberico
1163 2721 1408 2787 episcopo
1458 2719 1700 2774 Comensi
1746 2724 1950 2772 curtem
2005 2735 2100 2773 seu

465 2792 655 2844 uillam
733 2789 1132 2847 Barzanorum.
1187 2791 1315 2842 olim
1373 2791 1694 2855 Berengarii
1771 2796 1821 2843 et
1873 2791 2092 2858 Ugonis,

467 2861 737 2927 Sigifredi
809 2864 1020 2913 comitis
1070 2860 1330 2929 ﬁliorum,
1387 2865 1438 2913 et
1496 2862 1760 2915 Caesareae
1817 2864 2099 2929 majestali

461 2933 742 2985 rebellium
771 2932 1028 2996 largitur.

1049 3017 1235 3087 (Anno
1272 3019 1453 3084 lOlS.)

790 3106 1061 3176 [Ughelli,
1089 3107 1264 3158 Italia
1292 3119 1452 3159 sacra
1473 3106 1535 3170 V,
1554 3103 1701 3175 282.]

463 3215 527 3268 In
556 3213 790 3266 nomine
820 3211 1049 3266 Domini
1103 3211 1222 3277 Dei,
1256 3216 1312 3265 et
1368 3211 1674 3265 Salvatoris
1735 3211 1920 3264 nostri
1965 3212 2099 3264 Jesu

393 3299 624 3366 Christi,
681 3299 955 3352 HENRICUS
1009 3313 1260 3366 superna
1330 3296 1636 3351 clementia
1701 3297 2097 3351 Romanorum

397 3389 715 3459 imperator
743 3389 1054 3456 Augustus.

465 3477 524 3530 Si
544 3474 918 3547 petitionibus
949 3478 1272 3528 nostrorum
1306 3472 1564 3528 ﬁdelium
1596 3472 1877 3545 nobisque
1911 3473 2098 3528 debite

394 3565 795 3619 famulantium
842 3578 1006 3616 aures
1060 3567 1273 3616 nostra;
1313 3561 1546 3632 pietatis
1608 3561 2094 3629 inclinaverimus,

391 3651 779 3722 promptiores
798 3666 894 3703 eos
908 3649 1028 3703 fore
1051 3649 1110 3702 in
1134 3655 1325 3702 nostro
1348 3648 1579 3703 servitio
1603 3666 1719 3703 non
1743 3649 2093 3704 dubitamus.

397 3739 830 3794 Universitatem
879 3737 1058 3808 igitur
1094 3737 1358 3792 omnium
1405 3737 1570 3792 nobis
1627 3738 2093 3809 obsequentium,

394 3827 764 3899 praesentium
793 3826 1006 3880 scilicet
1034 3831 1092 3880 et
1136 3826 1486 3892 futurorum,
1519 3842 1885 3897 nequaquam
1920 3827 2097 3880 latere

395 3918 659 3971 volumus
687 3915 839 3987 quod
861 3914 1158 3969 Albericus
1187 3914 1244 3968 S.
1269 3915 1541 3969 Cumanae
1567 3915 1825 3969 Ecclesiae.
1859 3932 2096 3970 venera-

392 4004 526 4058 bilis
557 4009 612 4059 et
642 4009 834 4057 noster
856 4003 1099 4057 dilectus
1120 4003 1424 4073 episcopus
1444 4008 1653 4057 nostra:
1683 4003 1910 4074 pietatis
1939 4003 2100 4057 celsi-

393 4092 655 4147 tudinem
715 4090 858 4144 adiit
885 4090 1222 4160 suppliciter
1236 4091 1623 4160 postulans,et
1646 4091 1744 4162 pio
1762 4092 2096 4163 sempiterni

394 4179 756 4234 retributoris
788 4194 1000 4239 amore,
1027 4183 1082 4232 et
1111 4179 1293 4233 salute
1324 4179 1532 4233 animus
1593 4186 1827 4247 nostrae,
1857 4181 2097 4251 ejusque

394 4271 598 4324 collato
659 4273 715 4322 et
763 4268 1110 4323 conferendo
1157 4269 1414 4336 servitio,
1473 4273 1784 4340 nostroque
1852 4269 2095 4341 imperio

395 4357 780 4422 sublimanda,
814 4356 1004 4410 eidem
1054 4355 1110 4409 S.
1172 4355 1397 4409 matrici
1431 4356 1682 4410 ecclesiae
1713 4357 1783 4411 ad
1817 4357 2096 4411 honorem

396 4446 498 4500 Dei
565 4445 863 4501 Genitricis
923 4449 981 4499 et
1031 4443 1278 4514 Virginis
1337 4445 1521 4499 Mariae
1560 4445 1756 4499 dicam
1809 4446 2098 4516 quandam

394 4540 639 4601 curtem,
671 4551 800 4588 cum
821 4533 1091 4588 omnibus
1146 4533 1262 4587 suis
1295 4533 1679 4604 pertinentiis,
1721 4551 1850 4605 quae
1891 4534 2101 4589 dicitur

395 4625 528 4678 villa
559 4625 1009 4689 Branzanorum,
1042 4639 1170 4693 quae
1201 4622 1308 4676 fuit
1340 4623 1645 4678 haereditas
1676 4627 1732 4676 et
1778 4625 2098 4694 proprietas

396 4712 648 4768 ﬁliorum
677 4712 900 4766 comitis
946 4711 1237 4782 Sigifredi,
1296 4711 1627 4783 Bereugarii
1674 4712 1908 4781 Ugonis,
1959 4727 2096 4766 con-

393 4800 592 4854 cedere
615 4804 672 4854 et
710 4801 924 4855 donare
954 4801 1363 4871 dignaremur;
1397 4817 1668 4872 quorum,
1720 4801 1994 4872 quoniam
2037 4801 2095 4854 in

395 4904 500 4942 nos
551 4887 723 4940 nimis
788 4887 1144 4942 oﬁendentes
1222 4893 1418 4944 contra
1476 4895 1736 4944 nostrum
1787 4889 2098 4960 imperium

398 4975 546 5029 male
573 4979 978 5039 tractaverunt,
1011 4980 1067 5029 et
1123 4976 1345 5046 perjuri
1386 4982 1557 5048 atque
1605 4979 1690 5033 rei
1741 4977 1798 5032 in
1839 4982 2096 5032 nostram

395 5064 754 5133 majestatem
787 5063 1017 5132 publice
1057 5065 1414 5131 exstiterunt,
1442 5065 1572 5134 jure
1594 5082 1658 5120 ac
1689 5066 1954 5136 legaliter
1978 5082 2097 5120 non

393 5155 581 5208 solum
613 5152 754 5215 haec,
799 5151 895 5205 sed
945 5155 996 5205 et
1039 5152 1234 5206 omnia
1292 5169 1420 5222 qua:
1480 5153 1820 5218 habuerunt,
1871 5154 1944 5208 ad
1993 5171 2097 5208 no-

396 5245 574 5296 strum
608 5240 903 5311 publicum
926 5240 1303 5308 devenerunt,
1337 5240 1486 5295 unde
1537 5257 1639 5296 sua
1671 5242 1865 5296 omnia
1889 5243 2095 5296 merito

396 5330 664 5401 perdunt,
712 5328 812 5400 qui
843 5346 900 5382 se
929 5329 1082 5399 ipsos
1129 5328 1307 5400 gratis
1344 5329 1738 5398 perdiderunt,
1770 5330 1930 5396 dum,
1959 5330 2095 5386 ﬁdei

394 5419 604 5473 debite
636 5418 1052 5486 obliviscentes,
1082 5417 1140 5471 in
1180 5422 1375 5472 nostra
1419 5417 1692 5471 ﬁdelitate
1720 5419 1960 5472 minime
1983 5420 2094 5474 du-

398 5513 686 5573 raverunt,
741 5513 797 5562 et
849 5512 1044 5561 nostro
1112 5505 1346 5560 inimico
1391 5505 1653 5574 jurantes
1705 5507 2089 5562 adhaaseruut.

398 5597 550 5648 Hanc
581 5611 717 5665 ergo
741 5596 1186 5666 postulationem
1227 5595 1460 5667 dignam
1501 5599 1558 5650 et
1619 5600 1803 5650 ratam
1859 5597 2090 5667 prospi-

2129 1763 2169 1816 Β

2206 570 2366 623 cibus
2385 571 2629 622 libenter
2645 568 3056 639 acquievimus.
3081 568 3468 622 Concedentes
3489 574 3664 639 atque
3693 571 3920 623 conﬁr-

2207 663 2431 711 mantes
2458 659 2644 711 eidem
2674 658 2930 711 Cumano
2958 657 3269 710 venerabili
3291 663 3346 710 et
3376 657 3582 710 dilecto
3613 659 3922 728 episcopo,

2207 746 2588 816 omnibusque
2631 745 2748 800 suis
2791 745 3210 799 successoribus
3260 747 3649 816 supradictam
3684 752 3923 799 curtem

2210 835 2594 888 Berzanorum
2628 835 3006 896 nominatam,
3041 850 3169 886 cum
3202 835 3471 887 omnibus
3527 834 3644 886 suis
3689 850 3925 904 appen-

2208 922 2390 986 diciis,
2418 939 2546 975 cum
2579 922 2848 975 omnibus
2879 923 3197 975 redditibus
3246 927 3303 976 et
3348 922 3829 988 exbibitionibus,
3866 927 3926 973 et

2207 1010 2686 1079 impensionibus,
2729 1015 2784 1063 et
2840 1010 3251 1075 functionibus,
3314 1027 3444 1064 cum
3505 1011 3678 1064 servis
3717 1016 3776 1064 et
3809 1027 3924 1064 au-

2206 1099 2370 1164 cillis,
2404 1098 2569 1152 aldiis
2594 1105 2652 1151 et
2680 1098 2940 1152 aldiabus
2971 1104 3086 1152 tam
3127 1099 3187 1152 in
3220 1100 3512 1152 montibus
3571 1115 3742 1169 quam
3780 1114 3924 1168 quae.

2206 1186 2266 1239 in
2305 1186 2558 1255 planitie,
2589 1187 2757 1239 terris
2813 1187 2982 1240 cultis
3009 1191 3066 1240 et
3120 1187 3371 1253 incultis,
3432 1187 3630 1253 vineis,
3666 1187 3921 1257 campis,

2206 1274 2451 1343 pascuis,
2484 1275 2660 1339 silvis,
2693 1275 2930 1336 mansis,
2985 1275 3343 1339 massaritiis,
3403 1275 3586 1346 aquis,
3623 1291 3922 1346 aquarum

2204 1363 2556 1427 decursibus,
2592 1364 2958 1430 molendinis,
2991 1365 3154 1431 casis,
3186 1365 3360 1418 rebus
3420 1365 3692 1418 omnibus
3715 1365 3918 1418 mobi-

2205 1450 2356 1504 libus
2380 1457 2436 1503 et
2467 1450 2881 1518 immobilibus,
2923 1457 2982 1504 et
3015 1467 3144 1505 cum
3191 1453 3481 1517 omnibus,
3537 1468 3662 1524 quae
3719 1454 3927 1506 adhuc

2207 1538 2318 1592 dici
2346 1539 2630 1591 nominari
2681 1544 2942 1609 possunt,
2997 1539 3070 1593 ad
3132 1541 3394 1594 eamdem
3443 1547 3662 1594 curtem
3723 1542 3923 1610 perti-

2206 1628 2497 1691 nentibus,
2521 1633 2691 1696 atque
2721 1627 2959 1680 omnino
3003 1627 3062 1680 in
3114 1628 3402 1698 integrum
3458 1629 3755 1695 largimur,
3793 1635 3854 1681 et
3891 1645 3928 1681 a

2208 1715 2570 1783 nostrojure,
2603 1713 2956 1779 etdominio,
2991 1715 3160 1784 iujus
3187 1723 3243 1768 et
3297 1716 3642 1780 dominium,
3683 1724 3741 1769 et
3778 1733 3927 1786 pro-

2210 1803 2515 1872 prietatem
2548 1803 2837 1871 praedictae
2884 1811 3090 1858 sanctae
3147 1805 3396 1858 ecclesiae
3453 1806 3927 1858 transfundimus

2211 1896 2268 1943 et
2324 1890 2698 1959 delegamus:
2759 1898 2821 1944 ut
2871 1891 2971 1960 qui
3041 1907 3192 1944 nunc
3261 1909 3511 1961 praesens
3586 1894 3927 1964 episcopus,

2211 1994 2526 2048 omnesque
2558 1978 2644 2030 sui
2697 1994 3047 2032 successores
3100 1983 3441 2048 potestatem
3485 1982 3748 2042 habeant.
3794 1985 3926 2052 jam

2209 2067 2418 2120 dictam
2440 2072 2682 2131 curtem,
2725 2082 2854 2120 cum
2879 2068 3150 2120 omnibus
3179 2084 3309 2138 quae
3339 2069 3406 2121 ad
3440 2086 3564 2123 eam
3598 2071 3926 2140 pertinent,

2209 2159 2426 2220 tenere,
2469 2155 2779 2225 possidere,
2811 2162 3188 2221 commutare,
3222 2156 3366 2210 sicut
3395 2159 3668 2210 hactenus
3715 2160 3926 2228 praeli-

2212 2243 2355 2296 batis
2388 2244 2637 2313 perjuris
2662 2244 2782 2296 visa
2811 2249 2946 2296 sunt
2983 2245 3291 2312 pertinere,
3325 2250 3382 2298 et
3411 2245 3520 2315 ipsi
3552 2245 3928 2298 haereditates

2210 2333 2634 2402 possederunt;
2675 2337 2730 2384 et
2775 2332 2985 2385 facient
3037 2333 3208 2385 iidem
3268 2333 3523 2403 episcopi
3581 2334 3652 2388 de
3710 2335 3925 2387 eadem

2209 2426 2390 2483 curte,
2424 2425 2479 2472 et
2504 2420 2775 2473 omnibus
2829 2435 2958 2488 quae
3005 2420 3211 2474 deinde
3252 2421 3391 2474 solvi
3437 2427 3698 2491 possunt,
3746 2422 3924 2491 quid-

2209 2508 2348 2578 quid
2371 2508 2478 2561 sibi
2528 2509 2810 2578 placuerit
2874 2508 2942 2560 ad
2992 2509 3216 2562 laudem
3263 2514 3319 2563 et
3357 2509 3635 2563 honorem
3704 2511 3807 2562 Dei
3869 2515 3928 2562 et

2207 2597 2262 2652 S.
2301 2598 2488 2652 Mariae
2521 2613 2589 2650 ex
2619 2602 2816 2651 nostra
2860 2597 3190 2668 plenissima
3241 2599 3600 2652 auctoritate.
3637 2599 3926 2651 Jubentes

2208 2702 2346 2756 ergo
2409 2685 2697 2739 sancimus
2773 2691 2835 2738 ut
2885 2687 3092 2739 nostris
3149 2687 3236 2740 vel
3290 2686 3499 2740 futuris
3557 2687 3925 2756 temporibus

2209 2776 2404 2829 nullus
2447 2774 2581 2839 dux,
2639 2774 2913 2842 marcbio,
2973 2790 3183 2840 comes,
3246 2775 3576 2842 vicecomes,
3637 2777 3925 2846 nullaque

2208 2878 2420 2932 magna
2449 2863 2534 2916 vel
2577 2878 2751 2933 parva
2806 2879 3071 2932 persona,
3117 2863 3398 2933 cujusque
3453 2863 3754 2933 dignitatis
3819 2872 3927 2920 aut

2208 2951 2446 3016 ordinis,
2500 2967 2674 3020 supra
2729 2959 3113 3005 memoratum
3191 2951 3519 3006 Albericum
3576 2952 3924 3024 episcopum

2130 3037 2170 3093 C
2209 3057 2456 3111 suosque
2496 3055 2848 3093 successores
2907 3040 2976 3093 de
3023 3040 3297 3109 praedicta
3344 3046 3526 3106 curte,
3573 3056 3702 3094 cum
3750 3043 3926 3096 omni

2127 4315 2170 4369 D

2208 3144 2310 3182 sua
2365 3127 2733 3198 pertinentia,
2805 3128 3123 3197 disvestire,
3188 3127 3534 3198 inquietare,
3581 3129 3924 3195 molestare,

2209 3217 2298 3270 vel
2329 3215 2389 3269 in
2446 3215 2640 3285 aliquo
2680 3215 2973 3268 minorare
3027 3221 3342 3285 praesumat
3375 3233 3391 3283 ;
3427 3218 3522 3271 sed
3576 3217 3744 3271 liceat
3800 3217 3928 3272 illis

2207 3305 2400 3375 quiete
2429 3309 2488 3358 et
2516 3304 2749 3374 pacitice
2797 3309 3013 3366 tenere,
3074 3304 3365 3374 possidere
3397 3306 3757 3376 ﬁrmiterqne
3812 3307 3926 3360 ha-

2207 3393 2364 3458 bere,
2397 3398 2617 3448 remota
2645 3392 2804 3446 omni
2829 3393 3300 3447 contradictione.
3343 3393 3399 3448 Si
3421 3411 3573 3460 vero,
3602 3395 3753 3465 quod
3803 3396 3929 3449 mi-

2207 3481 2361 3536 nime
2391 3482 2661 3548 creditur,
2694 3486 2890 3535 contra
2931 3481 3102 3551 hujus
3147 3481 3329 3535 nostri
3371 3483 3645 3552 praecepti
3702 3488 3927 3538 statuta

2206 3570 2416 3641 aliquis
2445 3570 2687 3624 violator
2744 3569 3016 3638 extiterit,
3083 3570 3223 3624 sciat
3273 3586 3333 3624 se
3392 3571 3710 3625 certissime
3759 3588 3927 3627 com-

2205 3659 2530 3729 positurum
2565 3658 2689 3711 auri
2715 3657 2887 3711 libras
2920 3659 3101 3724 mille,
3156 3675 3332 3712 unam
3387 3665 3606 3730 partem
3665 3675 3924 3715 camerae

2205 3753 2438 3813 nostrie,
2501 3747 2739 3801 alteram
2789 3751 3108 3816 praenotata
3161 3747 3448 3818 episcopo,
3509 3747 3742 3818 suisque
3796 3766 3927 3804 suc-

2206 3838 2548 3892 cessoribus.
2590 3837 2658 3890 Et
2691 3841 2755 3891 ut
2775 3836 2880 3890 hoc
2919 3835 3109 3890 verius
3137 3837 3424 3903 credatur,
3475 3836 3820 3908 firmiusque
3857 3856 3925 3894 ac

2206 3926 2606 3979 iuconvulsum
2639 3925 2711 3978 ab
2742 3924 3011 3978 omnibus
3057 3925 3412 3993 observetur,
3446 3941 3618 3979 manu
3677 3929 3924 3997 propria

2207 4015 2616 4068 conﬁrmautes
2645 4014 2826 4067 nostri
2879 4013 3133 4067 nominis
3172 4014 3449 4084 inscripto
3507 4021 3922 4071 caractere.....

2207 4102 2390 4156 nostri
2415 4102 2587 4171 sigilli
2615 4101 3016 4172 impressione.

2276 4192 2507 4257 Signum
2557 4191 2694 4244 dom.
2776 4192 3048 4260 Henrici-l-
3113 4192 3496 4258 gloriosissimi
3561 4194 3924 4262 imperatoris

2208 4294 2414 4347 semper
2442 4280 2702 4346 Augusti.

2282 4367 2580 4422 Heinricus
2675 4367 2998 4421 Parmensis
3081 4367 3384 4439 episcopus
3431 4374 3488 4422 et
3537 4369 3921 4424 caucellarius

2209 4455 2331 4510 vice
2394 4456 2662 4510 Everardi
2749 4457 3005 4527 episcopi
3085 4462 3142 4510 et
3218 4457 3703 4512 archicaucellarii
3758 4474 3921 4513 reco-

2210 4545 2426 4616 gnovit.

2283 4634 2440 4687 Data.
2476 4650 2527 4687 vi
2561 4634 2701 4687 Non.
2729 4633 2978 4698 Octobr.,
3013 4648 3105 4687 an.
3151 4633 3463 4688 Dominicaa
3503 4633 3922 4691 incarnationis

2212 4723 2371 4788 {0!5,
2421 4721 2540 4775 ind.
2606 4738 2725 4787 xui,
2777 4721 2942 4790 regni
2961 4737 3094 4775 vero
3140 4722 3203 4775 D.
3253 4721 3482 4776 Henrici
3548 4722 3920 4794 imperatoris

2209 4809 2450 4880 Augusti
2478 4826 2587 4870 xiv,
2620 4809 2851 4880 imperii
2878 4814 3072 4865 autem
3103 4811 3226 4880 ejus
3246 4825 3306 4864 Il.

2279 4902 2478 4953 Actum
2504 4898 2834 4969 Meresburg
2855 4898 3114 4953 feliciter.
3139 4901 3339 4953 Amen.

2987 4987 3151 5042 XCII.

2209 5076 2266 5131 S.
2308 5076 2572 5130 Henricus
2609 5074 2854 5130 Ecclesia:
2903 5076 3338 5131 Paderbornensi
3386 5077 3601 5146 praedia
3658 5080 3918 5148 quadam

2975 5157 3162 5211 donat.

2876 5247 3063 5311 (Anno
3091 5247 3271 5312 l0l6.)

2495 5332 2655 5402 [ϐοά.
2700 5332 2926 5402 diplom.
2977 5335 3114 5387 Hist.
3157 5333 3425 5402 Weslph.,
3457 5350 3514 5404 p.
3547 5339 3576 5388 '7
3607 5334 3625 5404 ]

2279 5423 2336 5477 C.
2393 5421 2453 5474 In
2532 5420 2767 5474 nomine
2839 5427 3047 5475 sancta:
3114 5427 3172 5476 et
3218 5423 3526 5477 individua:
3597 5423 3916 5492 Trinitatis,

2210 5510 2513 5564 Hammona
2538 5509 2638 5562 Dei
2655 5509 2838 5578 gratia
2853 5510 3247 5564 Romanorum
3265 5511 3582 5581 imperator
3596 5514 3913 5581 Augustus.

2277 5596 2334 5652 Si
2384 5597 2755 5652 ecclesiarum
2789 5597 2886 5652 Dei
2945 5598 3449 5653 sublimationibus
3503 5597 3660 5653 omni
3721 5601 3914 5657 studio
