2348 3225
2 207 44 231 329

0 309 85 335 futura
104 316 162 335 esse
182 316 342 343 speramus.
369 309 546 345 Quapropter
563 311 692 338 omnium
708 311 835 338 ﬁdelium

0 352 103 385 Christi,
132 353 321 386 praesentium
342 353 447 380 scilicet
468 361 500 380 ac
533 354 706 387 futurorum,
728 356 837 382 noverit

1 396 158 422 universitas
197 396 322 431 qualiter
346 397 567 430 Meinuverccus,
603 401 706 425 sancta:
740 400 836 425 Pater-

0 440 161 467 brunnensis
188 441 314 467 ecclesiis
337 441 507 468 venerabilis
547 441 706 477 episcopus,
740 443 837 470 omnia

0 484 98 519 praedia
113 492 177 518 qua:
205 484 387 511 haareditario
409 485 474 520 jure
493 486 657 520 possederat
679 487 763 513 matri
778 495 836 513 suae

0 529 84 555 Adalm
100 528 283 555 contradidit.
302 529 408 555 Dehinc
430 529 492 563 ipsa
511 537 575 555 cum
598 537 683 556 manu
702 531 794 557 mariti
811 534 837 557 et

0 572 118 598 advocati
134 571 177 597 sui
196 572 331 598 Balderici
345 572 464 603 comitis,
482 581 619 599 consensu
649 574 735 600 etiam
750 575 838 601 htere-

0 616 71 648 dum,
99 615 200 642 eadem
229 616 336 650 praedia
363 617 528 650 potestative
549 617 631 643 nobis
655 617 777 644 donavit.
804 620 838 644 At

1 668 46 686 nos
60 662 205 693 perpetuae
222 659 407 686 beatitudinis
436 668 495 694 spe,
514 668 546 686 ac
566 660 612 694 pia
640 661 751 694 praefati
778 661 836 696 epi-

0 703 69 737 scopi
80 703 232 737 dilecﬁqlle
249 702 362 736 nepotis
387 703 487 735 nostri,
513 703 563 737 qui
576 711 604 729 se
620 704 773 738 omniaque
788 712 838 730 sua

0 746 85 773 divino
100 745 219 772 servicio
231 746 393 780 mancipare
417 746 532 780 gaudet,
549 754 631 780 prece
647 749 674 773 et
688 747 837 774 devotione

0 789 168 821 commoniti,
200 786 310 824 praedia
339 789 440 816 eadem
464 789 588 824 legitime
616 790 698 816 nobis
721 791 835 821 tradita,

1 833 68 859 inter
95 841 159 868 quae
197 833 369 867 principales
403 835 495 859 cortes
531 835 597 859 sunt
630 833 702 867 istae,
741 834 837 861 Immi-

0 877 145 910 deshusun,
195 877 418 909 Walmonthem,
469 877 621 909 Havurlon,
673 877 836 911 Hukilhem,

0 903 173 953 Mandetbilii,
191 920 349 953 Golthbiki,
380 903 603 954 Doddonhusun,
616 903 837 956 uomuntur-5;,
854 903 874 929 Β

1 964 200 997 Wakereslevo,
225 972 290 991 cum
319 964 565 998 appertinentibus
585 965 668 997 villis,
690 966 838 1000 mancipiis

1 1008 140 1043 utriusque
167 1015 261 1040 sexus,
293 1008 379 1040 silvis,
407 1008 460 1034 viis
486 1010 514 1034 et
542 1008 635 1041 inviis,
661 1009 783 1036 exitibus
810 1011 839 1036 et

1 1052 137 1085 reditibus,
169 1052 351 1085 molendinis,
368 1052 582 1086 piscatiouibus,
611 1053 730 1087 pascuis,
752 1061 837 1080 vena-

1 1096 125 1128 tionibus,
142 1096 271 1131 qutesitis
286 1098 314 1122 et
329 1096 517 1131 inquirendis,
541 1097 730 1131 omnibusque
760 1099 838 1123 uten-

2 1140 90 1166 silibus
105 1148 171 1174 quae
196 1139 327 1174 quolibet
354 1140 438 1166 modo
470 1140 525 1166 dici
548 1141 590 1166 vel
611 1140 753 1167 nominari
772 1149 852 1175 pos-.

2 1187 69 1216 sunt,
93 1186 200 1210 sanctae
232 1183 474 1210 Paterbrunnensi
500 1184 624 1210 ecclesiae
645 1184 674 1210 in
699 1185 837 1211 honorem

0 1232 92 1255 sanctae
110 1229 159 1255 Dei
170 1228 318 1263 genitricis
333 1228 427 1255 Mariae.
439 1230 585 1263 sanctique
597 1228 837 1255 Kiliauimartiris

1 1280 26 1298 ac
53 1273 126 1299 beati
155 1272 264 1299 Liborii
285 1272 454 1298 confessoris
480 1275 658 1304 constructae,
689 1281 739 1306 per
767 1273 838 1299 hanc

2 1317 169 1351 imperialem
198 1317 334 1351 paginam
361 1316 511 1350 largimur,
540 1317 669 1343 omnium
689 1317 837 1343 hominum

1 1361 215 1387 contradictione
249 1363 369 1388 remota.
410 1361 529 1395 Insuper
566 1361 661 1393 etiam,
692 1360 836 1395 imperiali

3 1405 156 1431 auctoritate
186 1404 371 1439 prmcipimus
411 1407 444 1431 ut
479 1404 556 1430 nulla
589 1404 681 1438 major
709 1404 837 1430 minorve

2 1456 111 1482 persona
126 1447 225 1482 aliqua
238 1447 389 1482 judiciaria
405 1449 545 1482 potestate
561 1447 590 1473 in
602 1447 707 1474 eisdem
724 1447 838 1482 praediis

2 1500 26 1518 se
39 1492 217 1525 intromittat,
236 1491 291 1518 nisi
312 1492 464 1518 advocatus
484 1499 568 1526 quem
597 1491 726 1526 ejusdem
750 1492 837 1517 eccle-

3 1536 44 1562 sia:
55 1537 204 1571 episcopus
220 1535 273 1562 sibi
303 1536 400 1570 eligat.
422 1536 450 1562 Si
464 1535 527 1570 quis
540 1538 635 1562 autem
659 1535 734 1570 quod
749 1535 834 1562 absit!
853 1538 873 1565 C

2 1579 46 1605 hoc
66 1583 169 1606 nostra;
195 1579 361 1605 donacionis
376 1581 550 1613 princeptum
570 1578 727 1612 infringere
752 1586 837 1604 ausus

0 1623 85 1656 fuerit,
96 1627 213 1650 centum
229 1623 314 1650 libras
328 1623 389 1649 auri
401 1623 550 1657 persolvat,
562 1631 577 1649 L
593 1622 683 1648 eidem
700 1622 834 1655 ecclesite,

2 1670 26 1693 et
45 1676 59 1694 L
87 1671 191 1694 nostra:
222 1675 354 1694 camerae.
386 1667 418 1693 Et
445 1669 478 1693 ut
500 1667 561 1693 haec
582 1669 686 1693 nostrae
704 1666 837 1700 largicio—

3 1711 39 1737 nis
61 1712 212 1738 auctoritas
239 1711 324 1737 ﬁrma
352 1713 379 1737 et
394 1710 558 1737 iuconvulsa
587 1712 760 1745 permaneat,
785 1711 838 1736 hoc

4 1759 167 1790 prteceptum
197 1755 266 1782 inde
296 1754 487 1789 conscriptum
511 1762 596 1780 manu
612 1754 727 1789 propria
742 1762 837 1781 corro-

4 1799 122 1826 borautes
135 1799 232 1834 sigillo
245 1801 343 1825 nostro
355 1799 493 1833 jussimus
509 1798 649 1833 insigniri.

33 1845 139 1877 Signum
166 1844 288 1870 Henrici
313 1843 497 1869 Romanorum
526 1843 699 1869 invictissimi
722 1842 762 1875 (L.
792 1841 838 1876 III.)

6 1888 163 1921 imperatoris
168 1908 174 1913 .
745 1904 751 1910 .
843 1886 845 1889 '

33 1932 201 1958 Guntherius
235 1929 421 1957 cancellarius
447 1929 511 1957 vice.
535 1929 713 1956 Ercambaldi
748 1929 838 1956 archi-

5 1976 129 2009 capellani
141 1974 322 2010 recognovit.

35 2020 97 2046 Data
110 2028 136 2046 1v
152 2020 220 2046 Idus
241 2019 317 2051 Jan.,
332 2018 489 2045 indictione
504 2026 564 2050 xm,
591 2025 667 2044 anno
687 2017 840 2044 Dominicte

5 2062 198 2090 incarnationis
227 2063 324 2094 ’1016⁷
367 2070 442 2088 anno
479 2069 545 2088 vero
587 2061 685 2088 domui
718 2061 840 2088 Heinrici

6 2108 109 2134 secundi
126 2106 277 2142 regnantis
292 2114 348 2139 xw,
364 2105 478 2141 imperii
494 2107 588 2132 autem
599 2114 627 2132 ιι.

35 2153 127 2178 Actum
141 2150 341 2178 Drodmannia
356 2149 486 2176 feliciter.
500 2151 601 2176 Amen.

375 2202 466 2228 XCIII.

36 2247 62 2273 S.
77 2247 215 2275 Henricus
224 2246 351 2274 Ecclesiae
359 2245 594 2307 [Padsi'bomensis
606 2247 706 2272 curtcm
717 2247 845 2279 Moronga

369 2289 430 2307 arm
445 2288 486 2307 ur.

369 2288 486 2314 arguar.

325 2326 416 2356 (Anno
435 2324 522 2359 1016.)

118 2369 197 2407 [ϐοά.
225 2369 340 2404 diplom.
365 2369 436 2395 Hist.
460 2368 593 2402 Westph.,
610 2376 639 2403 p.
665 2368 721 2403 72.]

38 2414 62 2440 C.
90 2415 120 2441 In
148 2414 271 2442 nomine
300 2414 406 2439 sanctae
441 2414 470 2438 et
500 2411 657 2438 individua
690 2411 846 2445 Trinitatis,

12 2456 146 2485 Hzixmcus
180 2457 282 2485 divina
319 2456 430 2483 favente
465 2455 617 2482 clementia
652 2455 847 2481 Romanorum

12 2500 151 2536 imperator
167 2502 327 2536 Augustus.

39 2546 168 2573 Ecclesias
180 2544 290 2574 Christi
306 2543 444 2578 ampliare
458 2550 662 2577 servorumque
677 2542 737 2576 ejus
750 2549 849 2568 neces-

12 2588 124 2616 sitatibus
152 2590 200 2625 pie
239 2596 273 2615 ac
313 2587 469 2614 clementer
506 2586 657 2613 subvenire
695 2585 850 2620 imperialis

13 2634 186 2665 promotionis
198 2632 271 2659 ordo
287 2631 424 2666 deposcit.
455 2630 577 2657 Proinde
601 2629 728 2656 ﬁdelium
749 2628 850 2655 Christi

13 2678 107 2705 noverit
129 2676 279 2705 industria
303 2675 436 2710 qualiter,
456 2674 552 2701 divino
579 2674 716 2700 instinctu
740 2680 850 2699 ammo-

15 2720 67 2752 niti.
93 2724 120 2748 et
155 2721 326 2748 interventu
359 2718 551 2746 dilectissimm
587 2717 718 2752 conjugis
747 2719 851 2743 nostrae

17 2763 177 2800 Cuuigundae
200 2763 397 2799 imperatricis
412 2764 557 2797 Augustin,
587 2761 615 2787 in
629 2761 658 2788 id
682 2762 776 2795 ipsum
795 2760 850 2786 fra-

17 2809 85 2835 terna
106 2809 221 2836 caritate
247 2805 493 2834 collaborantibus
516 2803 663 2831 Heriberto
692 2802 852 2830 Coloniensi

183 2861 331 2893 PATROL.
357 2856 446 2889 CXL.

862 2175 883 2200 Ι)

613 207 808 235 DIPLOMATA
829 208 1108 237 ECCLESIASTICA.

0 264 169 298 inservimus,
196 267 313 291 eterna
333 265 528 292 retributionis
549 267 668 301 praemia
692 268 773 294 nobis
795 268 834 295 af-
851 269 875 295 Α
893 269 1105 303 archiepiscopo
1123 289 1129 301 ,

1683 214 1735 240 330

1180 270 1335 296 Theoderio
1354 290 1360 303 ,
1408 270 1710 304 Mimegardevordensi
1726 294 1733 306 ,

891 313 1045 340 Adelbaldo
1070 313 1251 348 Trajectensi,
1288 313 1461 340 Theoderico
1499 315 1625 349 Metensi,
1665 317 1736 351 Wig-

892 365 959 391 gero
986 357 1305 390 Verdensi,’l‘hietmaro
1322 358 1557 392 Ossenbrugensi,
1579 360 1656 386 Erico
1681 361 1735 387 Ha-

891 401 1079 434 velbergensi,
1095 403 1197 427 sancta:
1226 402 1467 428 Patherburnensi
1491 403 1614 429 ecclesiae
1635 404 1665 430 in
1682 405 1736 430 ho-

892 452 989 471 norem
1005 448 1109 471 sanctm
1128 444 1176 470 Dei
1191 445 1335 479 genitricis
1353 446 1445 472 Mariae
1471 447 1616 481 sanctique
1633 448 1736 474 Kiliani

892 489 1023 523 martyris
1050 492 1077 515 et
1103 489 1191 515 sancti
1222 489 1326 515 Liborii
1361 491 1528 516 confessoris
1558 494 1735 525 constructae,

892 532 937 558 cui
961 533 1045 559 etiam
1064 533 1276 559 Meinuverchus
1303 534 1474 560 venerabilis
1498 536 1647 569 episcopus
1662 544 1735 570 prae-

893 576 974 608 sidet,
1005 576 1148 610 quandam
1178 579 1303 602 nostram
1332 579 1439 602 curtem
1458 578 1592 612 Moronga
1620 578 1735 612 dictam,

892 619 922 645 in
949 627 1022 654 pago
1047 620 1218 653 Morongauo
1234 620 1263 646 in
1292 621 1427 646 comitatu
1460 621 1599 647 Hannonis
1626 623 1737 648 comitis

893 663 985 696 sitam,
1013 671 1098 697 quam
1124 663 1204 689 nobis
1236 664 1391 690 Unowanus
1414 665 1610 691 Bremonensis
1625 666 1736 692 archie-

893 707 1026 741 piscopus
1052 714 1115 733 cum
1142 715 1227 733 manu
1261 708 1387 734 advocati
1411 709 1454 734 sui
1482 709 1587 735 Udonis
1610 710 1735 742 tradidit,

893 751 1023 776 omnium
1038 750 1189 776 hominum
1203 751 1425 777 contradictione
1439 756 1556 783 remota,
1574 761 1624 787 pro
1642 761 1735 780 reme-

893 794 940 820 dio
950 794 1052 820 animos
1068 794 1187 820 senioris
1200 795 1287 821 nostri
1304 795 1383 821 tercii
1399 796 1510 822 Ottonis
1529 796 1601 823 divae
1631 797 1736 823 scilicet

893 838 1036 864 memoriae
1062 838 1243 872 imperatoris
1266 839 1394 872 Augusti,
1419 842 1446 865 et
1462 839 1658 866 incolumitate
1673 841 1736 867 vito:

893 884 997 908 nostra?
1013 882 1160 916 praesentis
1176 890 1207 908 ac
1230 890 1279 916 spe
1306 883 1419 913 futurm,
1437 891 1488 917 per
1514 883 1585 910 hunc
1602 884 1735 919 imperia-

893 925 948 952 lem
959 925 1092 960 paginam
1120 925 1302 952 concedimus
1316 928 1399 960 atque
1417 927 1563 961 largimur,
1590 936 1652 954 cum
1678 936 1737 954 om-

892 968 975 995 nibus
989 968 1172 1003 appendiciis,
1199 969 1281 1001 areis,
1307 969 1387 1002 villis,
1416 970 1537 1003 pascuis,
1554 971 1634 1005 aquis
1650 979 1736 1006 aqua-

893 1020 991 1038 rumve
1004 1012 1178 1044 decursibus,
1203 1012 1414 1046 piscationibus,
1439 1014 1620 1046 molendinis,
1647 1015 1733 1047 silvis,

893 1055 1104 1089 venationibus,
1134 1055 1298 1090 cunctisque
1316 1056 1506 1091 qualicunque
1531 1058 1614 1084 modo
1644 1059 1735 1084 nomi-

892 1100 955 1126 nari
975 1099 1083 1134 possint
1097 1099 1275 1131 utensilibus,
1291 1108 1323 1132 ea
1339 1100 1469 1126 videlicet
1493 1101 1603 1127 ratione
1616 1104 1647 1127 ut
1662 1106 1734 1135 prae-

893 1143 984 1169 dictus
1027 1143 1240 1169 Meinuverchus
1272 1143 1423 1177 episcopus
1466 1144 1585 1170 eandem
1615 1148 1733 1177 curtem,

892 1186 1027 1221 quamdiu
1041 1187 1124 1217 vivat,
1150 1187 1179 1212 in
1202 1195 1269 1213 usus
1295 1187 1427 1221 proprios
1455 1188 1620 1221 potestative
1649 1189 1737 1223 possi-

892 1230 966 1262 deat,
983 1233 1047 1265 post
1061 1229 1148 1256 finem
1164 1239 1228 1257 vero
1256 1231 1318 1257 vitae
1335 1239 1392 1257 sua:
1410 1231 1443 1257 ad
1468 1232 1600 1257 vestitum
1621 1232 1735 1258 canoni-

892 1281 989 1300 corum
1004 1274 1032 1300 in
1050 1274 1147 1300 eadem
1164 1275 1221 1301 Deo
1237 1277 1398 1309 sanctasque
1412 1275 1542 1308 genitrici
1559 1276 1618 1309 ejus
1643 1276 1736 1302 Mariae

891 1325 942 1343 nec
969 1325 1028 1343 non
1043 1317 1132 1343 beatis
1148 1318 1258 1344 Kiliano
1275 1327 1306 1343 ac
1335 1318 1447 1344 Liborio
1477 1319 1661 1344 servientium
1685 1327 1735 1345 an—

892 1361 1003 1387 nuatim
1028 1362 1235 1387 meliorandum
1262 1361 1412 1396 pertineat.
1439 1362 1467 1388 Si
1490 1362 1552 1396 quis
1584 1371 1648 1388 vero
1665 1363 1736 1388 hanc

893 1407 1017 1431 nostram
1045 1405 1229 1431 donationem
1254 1405 1409 1439 infringere
1432 1407 1653 1439 priesumpserit,
1671 1414 1736 1432 cen-

892 1451 953 1474 tum
978 1448 1063 1474 libras
1087 1448 1149 1474 auri
1164 1449 1315 1482 persolvat,
1333 1456 1348 1473 L
1365 1448 1455 1474 eidem
1482 1449 1615 1481 ecclesiae,
1633 1457 1647 1475 L
1671 1457 1734 1475 vero

894 1494 999 1517 nostra;
1023 1499 1149 1518 camerae.
1176 1492 1208 1517 Et
1234 1494 1265 1517 ut
1287 1492 1347 1517 haec
1375 1494 1476 1518 nostra:
1493 1492 1669 1518 liberalitatis
1685 1500 1735 1518 au-

892 1534 1007 1561 ctoritas
1020 1535 1126 1560 stabilis
1153 1537 1180 1560 et
1195 1534 1359 1560 iuconvulsa
1381 1538 1558 1569 permaneat,
1590 1535 1662 1562 hanc
1678 1544 1736 1562 car-

893 1582 951 1605 tam
978 1578 1043 1604 inde
1059 1578 1245 1612 conscriptam
1262 1586 1348 1604 manu
1376 1579 1488 1613 propria
1512 1580 1687 1612 roborantes,
1703 1580 1736 1606 si-

892 1622 960 1656 gillo
975 1624 1070 1648 nostro
1082 1622 1217 1656 jussimus
1229 1622 1369 1656 insigniri.

927 1666 1040 1699 Signum
1066 1666 1156 1692 domui
1192 1665 1310 1692 Heinrici
1347 1667 1517 1700 imperatoris
1553 1669 1734 1694 invictissimi.

1265 1709 1309 1744 (L.
1321 1710 1366 1742 Μ.)

928 1753 1100 1780 Guntherius
1129 1753 1313 1779 cancellarius
1340 1754 1397 1779 vice

893 1797 1032 1830 capellani
1047 1797 1207 1830 recognovi.

930 1841 997 1866 Data
1012 1848 1038 1866 1v
1058 1840 1097 1867 Id.
1122 1841 1248 1872 ,Ιίιῐιιιῖὶικ⁷
1274 1840 1429 1866 indictione
1452 1849 1512 1872 xm,
1541 1849 1616 1867 anno
1643 1842 1737 1868 Domi-

893 1884 963 1911 nicm
991 1884 1194 1910 incarnationis
1221 1885 1297 1916 l0l6,
1327 1892 1401 1910 anno
1418 1892 1484 1910 vero
1501 1885 1598 1911 domui
1616 1885 1737 1911 Ileinrici

894 1927 1011 1954 secundi
1024 1927 1169 1961 regnantis
1182 1936 1236 1958 XIV,
1257 1927 1370 1961 imperii
1386 1930 1479 1953 autem
1497 1936 1523 1954 ιι.

931 1974 1032 1998 Actum
1047 1972 1239 1998 Drodmannia
1250 1971 1379 1997 feliciter.
1397 1974 1496 1998 Amen.

1276 2014 1364 2042 XCIV.

1124 2061 1189 2086 Item
1204 2062 1304 2085 cli-rtem
1319 2059 1509 2085 Berucshusen.

1206 2103 1298 2137 {Anno
1309 2103 1434 2137 eodem.)

1272 2146 1368 2182 [una]

934 2192 965 2218 In
989 2191 1104 2218 nomine
1131 2194 1234 2218 sanctae
1264 2195 1292 2217 et
1313 2190 1466 2216 individuzc
1482 2190 1634 2224 Trinitatis,
1664 2192 1743 2218 Ham—

898 2243 972 2262 RICUS
988 2235 1085 2261 divina
1099 2235 1209 2262 favente
1240 2234 1391 2261 clementia
1408 2234 1604 2260 Romanorum
1624 2235 1743 2269 impera-

899 2282 945 2305 tor
956 2280 1110 2312 Augustus.

934 2322 1068 2348 Tribunal
1097 2321 1199 2348 animae
1230 2321 1392 2351 dilatamus.
1421 2321 1443 2347 si
1474 2320 1605 2347 ecclesias
1640 2321 1743 2348 Christi

900 2373 964 2392 cum
988 2365 1042 2391 sibi
1065 2365 1198 2399 subjectis
1222 2365 1398 2399 ampliamus.
1418 2365 1476 2395 Qua
1502 2365 1535 2390 de
1564 2372 1593 2390 re
1616 2365 1743 2391 fidelium

902 2409 950 2435 Dei
967 2408 1142 2434 universitati
1158 2410 1253 2442 pateat
1281 2408 1357 2442 quod
1385 2408 1436 2434 hac
1458 2408 1625 2439 intentione,
1654 2409 1745 2435 inter—

902 2454 985 2479 ventu
1015 2451 1204 2478 dilectissimae
1234 2451 1398 2477 contectalis
1432 2454 1535 2478 nostra:
1570 2452 1746 2486 Cunigundw

902 2495 1093 2531 imperataicis
1113 2497 1256 2530 Augustae,
1277 2503 1328 2521 nec
1355 2503 1412 2521 non
1436 2498 1464 2521 et
1494 2495 1631 2522 llcriberti
1656 2496 1746 2522 archi-

903 2540 1027 2575 episcopi
1043 2539 1229 2570 Coloniensis,
1255 2539 1403 2566 Adalbaldi
1429 2540 1626 2573 Trnjectensis,
1656 2539 1746 2566 Theo-

905 2583 992 2610 derici
1031 2582 1355 2617 Mimigardevurdensis,
1401 2583 1570 2609 Theudorici
1605 2583 1746 2612 Metensis.

905 2627 1034 2661 Wiggeri
1060 2626 1215 2659 Vcrdensis,
1236 2626 1392 2653 Thietmari
1417 2626 1651 2660 Oscnburgensis,
1678 2626 1747 2651 Erit-'1

906 2671 1151 2705 Havelburgcnsis,
1168 2674 1271 2696 sanctae
1299 2670 1525 2696 Paderburnensi
1557 2670 1690 2701 ecclesiae,
1720 2669 1748 2695 in

906 2715 1014 2741 honore
1027 2718 1129 2741 sanctm
1147 2714 1196 2740 Dei
1221 2713 1365 2748 genitricis
1384 2713 1476 2739 Marini
1492 2713 1638 2747 sanctique
1652 2712 1748 2746 Kylia-

907 2758 935 2784 ni
952 2758 1085 2792 martyris
1108 2761 1136 2785 et
1153 2758 1241 2784 sancti
1258 2757 1369 2791 Lyborii
1390 2758 1570 2788 consecratae,
1591 2756 1634 2782 cui
1664 2756 1748 2782 etiam

909 2802 1104 2829 Meinuvercus
1129 2801 1306 2828 venerandus
1329 2799 1477 2834 episcopus
1499 2800 1644 2833 przesidct,
1662 2808 1750 2834 quan-

1560 2853 1595 2881 11

1433 1754 1620 1781 Erchanbaldi
1647 1755 1736 1781 archi-
