3980 6404
379 373 475 427 331

380 492 514 545 dam
561 493 782 544 curtem
849 493 1059 543 nostra
1116 489 1485 561 proprietatis
1548 492 1945 548 Berneshusen
1991 492 2078 548 di-
2105 495 2154 548 Α

378 583 529 633 ctam
559 579 620 631 in
650 594 799 649 pago
831 577 994 648 Lisga
1026 578 1086 631 in
1115 578 1390 633 comitatu
1416 579 1628 634 Udonis
1668 580 1861 647 sitam,
1912 598 2089 653 quam

379 665 451 720 ab
504 666 754 721 Unwano
804 667 1189 721 Bremonense
1235 667 1664 739 archiepiscopo
1712 669 1985 739 donante,
2032 675 2089 725 et

378 769 483 824 per
538 755 880 809 advocatum
937 771 1105 809 suum
1171 757 1428 811 Udonem
1488 758 1747 827 legitima
1775 759 2085 813 traditione

378 841 722 911 accepimus,
782 857 889 911 pro
937 842 1196 897 remedio
1237 843 1564 899 animarum
1596 845 1746 900 diva
1788 846 2087 900 memoria

381 928 604 983 Ottouis
632 930 997 1000 imperatoris
1027 930 1212 999 tercii,
1242 931 1485 986 senioris
1532 934 1747 987 scilicet
1795 934 1997 1000 nostri,
2030 939 2089 989 et

381 1016 773 1071 incolomitate
803 1018 937 1071 vita
968 1023 1178 1073 nostra
1208 1020 1509 1090 utriusque
1553 1022 1852 1091 prasentis
1887 1023 2087 1077 videli-

380 1107 469 1157 cet
493 1119 559 1157 ac
585 1104 817 1171 futura,
864 1106 1242 1177 conjugisque
1291 1112 1503 1162 nostra
1545 1109 1949 1174 dilectissima,
1981 1124 2088 1163 nec

382 1191 576 1246 minus
605 1209 709 1263 pro
740 1193 1051 1248 stabilitate
1083 1195 1264 1265 regni,
1302 1197 1685 1267 proprietario
1710 1199 1841 1267 jure
1879 1214 2087 1252 conce-

381 1278 596 1349 dimus,
627 1296 758 1335 cum
789 1282 1056 1337 omnibus
1078 1284 1544 1353 appertinenciis,
1569 1286 1740 1339 rebus
1760 1286 2083 1354 territoriis,

382 1368 553 1435 villis,
596 1368 899 1440 mancipiis
959 1371 1259 1441 utriusque
1309 1388 1494 1439 sexus,
1552 1373 1724 1437 silvis,
1773 1373 2085 1428 venationi-

381 1456 520 1524 bus,
578 1458 741 1529 aquis
787 1474 1141 1529 aquarumve
1174 1459 1531 1528 decursibus,
1573 1462 1944 1528 molendinis,
1975 1461 2088 1532 pis-

380 1543 722 1613 cationibus,
752 1545 859 1598 viis
920 1550 978 1600 et
1004 1546 1196 1611 inviis,
1248 1548 1499 1603 exitibus
1531 1553 1587 1604 et
1617 1550 1918 1616 reditibus,
1961 1566 2087 1620 pra-

383 1631 456 1686 tis
496 1637 555 1687 et
576 1632 821 1704 pascuis,
855 1638 913 1688 et
935 1650 1069 1689 cum
1098 1635 1366 1690 omnibus
1417 1637 1709 1707 acquisitis
1773 1638 1862 1692 vel
1892 1638 2086 1709 inqui-

384 1721 605 1789 rendis;
638 1739 707 1776 ea
747 1722 966 1777 ratione
1006 1727 1070 1777 ut
1097 1724 1552 1793 pranominatus
1582 1726 1883 1796 episcopus
1935 1727 2084 1796 ejus-

386 1826 499 1882 que
532 1826 884 1864 successores
908 1810 1150 1865 liberam
1181 1815 1525 1881 potestatem
1550 1812 1611 1865 in
1633 1813 1892 1882 ejusdem
1917 1814 2089 1868 eccle-

385 1898 487 1953 sia
539 1898 850 1954 utilitatem
889 1899 1152 1954 vertendi
1202 1899 1472 1954 habeant.
1524 1900 1582 1955 Si
1609 1898 1740 1972 quis
1787 1908 1983 1956 autem
2027 1902 2089 1955 in

385 1991 703 2058 posterum,
728 1988 882 2059 quod
903 1987 1075 2043 absit!
1106 1989 1405 2058 prafatam
1439 1989 1737 2044 ecclesiam
1765 1989 2088 2060 inquietare

387 2075 696 2130 contendat
744 2076 813 2129 de
848 2075 1065 2130 eisdem
1104 2076 1353 2147 pradiis,
1406 2081 1688 2147 perpetuo
1720 2078 2087 2132 anathemate

386 2164 861 2234 condempnetur.
898 2165 1140 2235 Insuper
1170 2181 1200 2218 c
1226 2164 1403 2220 libras
1432 2165 1560 2219 auri
1597 2164 1803 2235 optimi
1848 2181 2085 2235 compo-

386 2255 506 2317 nat,
540 2250 959 2305 dimidietatem
986 2251 1161 2322 regia
1199 2268 1441 2306 camera
1462 2257 1520 2306 et
1548 2252 1833 2323 reliquam
1864 2259 2086 2323 partem

386 2340 569 2395 eidem
611 2339 864 2394 ecclesia
917 2356 1093 2411 quam
1149 2340 1473 2412 inquietare
1512 2343 1897 2414 prasumpsit.
1933 2345 1997 2398 Et
2024 2348 2089 2398 ut

386 2427 511 2483 hac
546 2432 757 2482 nostra
800 2427 1130 2482 traditionis
1175 2428 1483 2484 auctoritas
1537 2430 1757 2484 stabilis
1807 2437 1865 2485 et
1893 2431 2088 2485 incon-

386 2517 547 2571 vulsa
604 2521 961 2586 permaneat,
1040 2518 1189 2572 hanc
1244 2522 1461 2572 certam
1513 2519 1648 2573 inde
1705 2521 2087 2590 conscriptam

386 2620 565 2658 manu
619 2605 853 2675 propria
896 2604 1252 2674 roborantes,
1300 2606 1489 2677 sigillo
1556 2611 1751 2661 nostro
1806 2608 2084 2678 jussimus

384 2691 674 2763 insigniri.

458 2782 690 2850 Signum
717 2780 903 2836 damni
926 2781 1185 2836 Heinrici
1202 2784 1550 2850 imperatoris
1589 2786 1842 2850 Augusti.
1876 2785 1961 2853 (L.
1989 2785 2083 2855 Μ.)

458 2868 808 2924 Guntherius
835 2870 1209 2925 cancellarius
1263 2870 1384 2924 vice
1442 2871 1789 2927 Erkenbaldi
1829 2874 2084 2928 archica-

384 2955 603 3028 pellani
640 2958 992 3028 recognovit.

461 3047 601 3101 Data
636 3061 728 3100 xv1
768 3046 896 3102 Kal.
934 3045 1096 3101 Febr.
1130 3045 1446 3101 Indictione
1478 3063 1597 3113 xm,
1651 3064 1806 3103 anno
1849 3049 2077 3104 Domin.
2115 3045 2156 3101 C

385 3134 605 3189 incarn.
660 3136 818 3197 1016,
870 3148 1022 3189 anno
1084 3150 1219 3189 vero
1272 3134 1473 3189 domni
1545 3136 1796 3191 Heinrici
1851 3138 2087 3192 secundi

386 3220 681 3294 regnantis
755 3238 866 3290 XIV,
941 3221 1177 3292 imperii
1260 3227 1454 3278 autem
1524 3224 1797 3279 secundo.
1883 3229 2088 3280 Actum

389 3308 816 3365 Drodmannia.

1158 3398 1311 3453 XCV.

563 3487 707 3556 Item
733 3486 1090 3556 possessiones
1132 3486 1373 3539 Haholdi
1406 3488 1613 3542 comitis
1643 3487 1908 3555 defuncti.

603 3555 611 3562 ’
1009 3572 1194 3641 (Anno
1220 3572 1469 3643 eodem.)

1018 3659 1209 3732 [Ibid.,
1250 3678 1308 3731 p.
1341 3659 1457 3732 73.]

455 3750 522 3804 In
569 3748 809 3803 nomine
849 3752 1058 3803 sancta
1103 3753 1160 3803 et
1187 3749 1500 3805 individua
1546 3750 1857 3822 Trinitatis,
1916 3757 2084 3810 Ham-

385 3851 537 3891 nicus
562 3837 664 3891 Dei
688 3836 881 3908 gracia
900 3837 1293 3891 Romanorum
1320 3837 1636 3908 imperator
1667 3844 1975 3910 Augustus.

456 3924 677 3979 Divina
731 3924 962 3995 pietatis
1024 3925 1349 3992 clementia,
1402 3942 1530 3996 qua
1581 3943 1685 3982 nos
1733 3930 1804 3983 ad
1861 3930 2087 3985 culmen

382 4012 700 4082 imperialis
723 4012 1042 4083 majestatis
1056 4012 1346 4082 perduxit,
1370 4014 1442 4067 ad
1473 4014 1581 4069 hoc
1609 4016 1791 4070 voluit
1820 4034 2083 4088 regnare,

384 4105 448 4155 ut
477 4100 843 4155 ecclesiarum
892 4100 1082 4155 ordini
1125 4101 1410 4155 ﬁrmando
1443 4107 1616 4173 atque
1665 4104 2086 4159 corroborando

386 4187 811 4254 subveniamus,
861 4188 973 4241 hiis
1012 4194 1203 4242 autem
1230 4189 1479 4244 maxime
1509 4190 1664 4256 locis,
1701 4208 1831 4263 qua
1880 4193 1950 4246 ab
1984 4210 2085 4247 an-

384 4275 760 4330 tecessoribus
815 4276 1024 4330 nostris
1080 4276 1312 4346 regibus
1340 4276 1432 4331 vel
1486 4277 1931 4349 imperatoribus
1951 4280 2081 4334 fun-
2111 4318 2155 4372 Β

384 4363 536 4432 data,
588 4365 687 4419 sed
725 4364 850 4435 jam
898 4366 1146 4435 peccatis
1175 4365 1533 4435 exigentibus
1565 4384 1711 4437 pene
1745 4369 2085 4423 videbantur

381 4453 693 4507 annullata.
750 4453 1113 4524 Quapropter
1142 4454 1405 4508 omnium
1456 4454 1717 4509 ﬁdelium
1755 4461 2084 4511 nostrorum

378 4541 755 4610 praesentium
812 4542 1026 4596 scilicet
1054 4559 1119 4596 ac
1174 4543 1502 4597 futurorum
1556 4544 1851 4598 industria
1878 4551 2083 4599 notum

380 4644 501 4682 esse
530 4630 795 4683 volumus
852 4630 1099 4701 qualiter
1149 4646 1271 4696 nos,
1313 4631 1493 4685 divini
1523 4633 1735 4685 amoris
1782 4632 2078 4702 instinctu,

379 4732 484 4786 pro
513 4717 769 4772 remedio
798 4718 1006 4773 anima
1036 4721 1239 4773 nostra
1273 4735 1373 4773 seu
1398 4724 1699 4791 parentum
1730 4712 2082 4792 nostrorum,

380 4818 487 4857 nec
514 4819 630 4858 non
656 4809 713 4858 et
740 4805 901 4859 tercii
921 4806 1145 4861 Ottouis
1177 4806 1340 4860 bona
1365 4808 1661 4862 memoria
1690 4808 2079 4879 imperatoris,

380 4890 715 4961 dilectaque
750 4893 1012 4963 conjugis
1047 4898 1256 4947 nostra
1314 4895 1670 4965 Cunigunda
1699 4896 2084 4966 imperatricis

378 4980 652 5047 Augusta
711 4978 1056 5044 interventu,
1118 4985 1288 5051 atque
1335 4982 1695 5053 Meginuverc
1734 4991 1944 5039 sancta
1974 4987 2081 5040 Pa-

377 5063 822 5118 drebronnensis
878 5066 1129 5120 ecclesia
1177 5068 1521 5122 venerabilis
1568 5071 1821 5141 episcopi
1851 5079 2077 5142 rogatu,

380 5151 489 5205 sibi
513 5158 839 5222 sanctaque
891 5170 1008 5207 sua
1035 5154 1285 5208 ecclesia
1313 5171 1347 5208 a
1378 5157 1586 5211 Karolo
1643 5174 1855 5227 magno
1895 5161 2082 5231 impe-

376 5244 569 5295 ratore
617 5241 757 5295 olim
789 5241 1064 5309 fundata,
1117 5242 1327 5296 nostris
1386 5259 1518 5297 vero
1576 5246 1933 5313 temporibus
1996 5248 2083 5302 in-

378 5328 650 5383 cendium
702 5345 906 5399 passa,
937 5329 997 5383 in
1029 5329 1247 5384 honore
1301 5330 1459 5384 enim
1504 5337 1713 5385 sancta
1772 5333 1874 5387 Dei
1917 5336 2079 5405 geni-

374 5415 531 5469 tricis
578 5432 921 5488 semperque
980 5416 1221 5487 virginis
1282 5418 1471 5473 Maria
1526 5423 1582 5473 et
1631 5421 1811 5475 sancti
1867 5422 2079 5477 Kiliani

378 5502 629 5557 martiris
662 5504 988 5576 Liboriique
1041 5505 1383 5560 confessoris
1414 5506 1702 5573 dedicata,
1742 5509 2078 5564 comitatum

377 5604 554 5660 quem
584 5591 806 5647 Habold
833 5607 1025 5648 comes
1052 5591 1193 5648 dum
1229 5592 1370 5649 vixit
1397 5594 1604 5664 tenuit,
1657 5594 1836 5652 situm
1864 5596 2080 5654 scilicet

1670 371 1726 426 S.
1783 370 2079 428 HENBICI
2125 369 2604 427 IMPERATORIS

3802 368 3932 420 332

2191 492 2254 547 in
2286 492 2425 546 locis
2456 495 2730 563 Haverga,
2770 492 2987 561 Limga,
3021 491 3370 557 Thiatmalli,
3403 493 3545 560 Aga,
3595 492 3957 559 Patherga,

2194 582 2557 649 Treveresga,
2622 581 2985 649 Langaneka,
3023 580 3334 651 Erpesfeld,
3389 579 3625 645 Silbike,
3667 580 3931 645 Matfelt,

2197 669 2494 738 Nihterga,
2553 668 2831 733 Sinatfelt,
2882 668 3149 722 Ballevan
3206 683 3386 738 prope
3441 668 3698 738 Spriada,
3743 670 3936 722 Bam-

2196 755 2341 823 biki,
2386 756 2641 822 Gession,
2697 756 3224 823 Seuvardeshuson,
3257 773 3391 810 cum
3420 757 3579 810 omni
3611 758 3933 826 legalitate

2194 843 2255 897 in
2310 844 2612 914 proprium
2646 845 3009 899 concedimus
3065 851 3238 916 atque
3282 846 3567 915 largimur
3615 863 3722 916 per
3754 847 3935 899 hanc

2194 937 2453 986 nostram
2488 933 2847 1002 imperialem
2877 935 3173 1004 paginam,
3230 950 3298 988 eo
3347 934 3612 987 videlicet
3654 934 3931 988 racionis

2193 1024 2394 1074 tenore
2445 1026 2507 1074 ut
2561 1023 2834 1090 pra-fatus
2892 1022 3194 1091 episcopus
3260 1022 3622 1091 Meginuverc
3693 1022 3931 1092 suique

2195 1123 2547 1162 successores
2595 1110 2940 1179 prascripta
2974 1110 3225 1162 ecclesia
3263 1110 3641 1179 prasidentes
3689 1109 3931 1163 dehinc

2194 1194 2435 1250 liberam
2502 1197 2749 1250 habeant
2820 1200 3164 1266 potestatem
3240 1196 3310 1250 de
3360 1197 3562 1251 eodem
3625 1198 3930 1250 comitatu

2196 1282 2433 1353 ejusque
2488 1285 2829 1338 utilitatibus
2888 1284 3164 1355 quicquid
3204 1284 3285 1337 eis
3333 1285 3615 1354 placuerit
3651 1284 3958 1338 faciendi‘

2194 1370 2266 1423 ad
2312 1387 2511 1425 eorum
2569 1378 2765 1426 tamen
2788 1372 3101 1426 utilitatem
3133 1372 3407 1438 ecclesia,
3454 1372 3716 1425 omnium
3744 1372 3924 1425 vide-

2192 1457 2326 1512 licet
2354 1459 2755 1529 inquietudine
2805 1464 3047 1514 remota.
3097 1461 3166 1513 Et
3197 1464 3259 1512 ut
3301 1460 3423 1513 hac
3463 1466 3670 1513 nostra
3716 1460 3927 1513 tradi-

2195 1546 2374 1601 cionis
2422 1565 2521 1603 seu
2560 1548 3021 1603 conﬁrmacionis
3070 1548 3381 1603 auctoritas
3434 1547 3652 1601 stabilis
3698 1553 3757 1602 et
3813 1549 3926 1600 in—

2194 1651 2467 1691 concussa
2513 1636 2673 1690 omni
2721 1637 3002 1691 habeatur
3058 1642 3339 1706 tempore,
3381 1636 3490 1690 hoc
3543 1640 3929 1706 praceptum

2196 1723 2329 1777 inde
2359 1723 2745 1794 conscriptum
2775 1740 2952 1777 manu
3002 1725 3238 1794 propria
3285 1725 3519 1778 ﬁrmare
3549 1724 3925 1788 curavimus,

2199 1816 2256 1865 et
2274 1812 2462 1881 sigillo
2483 1816 2675 1865 nostro
2707 1812 2984 1881 insignire
3011 1812 3310 1881 jussimus.

2268 1901 2495 1970 Signum
2525 1900 2710 1953 damni
2730 1900 2989 1955 Heinrici
3010 1903 3356 1969 imperatoris
3386 1902 3627 1968 Augusti
3658 1901 3739 1971 (L.
3780 1900 3921 1970 M.).
3950 1899 3960 1915 ⁴

2269 1988 2619 2042 Guntherius
2668 1988 3041 2042 canccllarius
3086 1988 3206 2043 vice
3266 1989 3596 2044 Erkinbaldi
3644 1988 3926 2044 archica-

2196 2076 2413 2148 pellani
2435 2078 2759 2147 recognovi.

2268 2166 2408 2219 Data
2460 2182 2588 2220 xxxx
2636 2166 2760 2220 Kal.
2821 2166 3010 2233 Febr.,
3067 2166 3268 2221 indict.
3331 2183 3452 2234 x111,
3504 2183 3654 2221 anno
3704 2166 3925 2221 Domi-

2194 2254 2336 2307 nica
2389 2254 2801 2308 incarnationis
2836 2257 2991 2321 1016,
3025 2271 3177 2309 anno
3224 2271 3359 2311 vero
3407 2256 3608 2311 domni
3650 2255 3924 2311 Heinrici

2196 2343 2432 2397 secundi
2456 2343 2751 2413 regnantis
2771 2359 2890 2411 x111,
2924 2343 3157 2415 imperii
3186 2360 3245 2397 11.

2958 2451 3131 2505 XCVI.

2722 2558 2851 2610 Item
2866 2557 3083 2625 praedia
3102 2556 3380 2612 nonnulla.

2826 2662 3009 2732 (Anno
3032 2663 3275 2733 eodem.)

2837 2767 3028 2839 [Ibid.,
3056 2785 3113 2838 p.
3142 2767 3261 2839 74.]

2265 2874 2327 2925 In
2357 2872 2594 2926 nomine
2652 2878 2864 2927 sancta
2898 2879 2953 2927 et
2991 2874 3301 2928 individua
3353 2872 3675 2942 Trinitatis,
3728 2876 3922 2929 Ham-

2193 2977 2348 3015 mcus
2381 2960 2479 3014 Dei
2512 2960 2698 3030 gracia
2731 2963 3125 3015 Romanorum
3156 2961 3472 3030 imperator
3511 2966 3830 3031 Augustus.

2264 3045 2534 3099 Omnium
2582 3044 3052 3099 Christiﬁdelium
3082 3044 3365 3099 industria
3395 3046 3619 3099 noverit
3652 3046 3927 3115 qualiter

2198 3150 2324 3200 nos,
2384 3134 2565 3188 divini
2609 3134 2824 3187 amoris
2875 3140 3159 3205 respectu,
3230 3139 3285 3189 et
3330 3135 3716 3189 dilectissima
3770 3152 3927 3191 con-

2190 3222 2348 3293 jugis
2402 3227 2634 3288 nostra,
2694 3223 2797 3293 qui
2839 3222 2953 3276 duo
3003 3239 3200 3277 sumus
3249 3223 3309 3276 in
3349 3239 3517 3276 carne
3558 3240 3695 3292 una,
3728 3224 3921 3279 Cuni-

2198 3310 2409 3379 gunda
2468 3310 2731 3363 videlicet
2793 3309 3174 3379 imperatricis
3240 3316 3498 3381 augusta
3558 3317 3764 3381 rogatu
3857 3320 3923 3367 et

2195 3397 2493 3458 instinctu,
2529 3403 2738 3450 sancta
2772 3398 3257 3451 Paterbrunnensi
3309 3400 3557 3453 ecclesia
3589 3399 3648 3452 in
3680 3401 3920 3454 honore

2197 3491 2406 3539 sancta
2443 3486 2542 3539 Dei
2590 3486 2882 3556 genitricis
2930 3486 3119 3539 Maria
3161 3492 3216 3540 et
3269 3487 3447 3540 sancti
3495 3487 3709 3541 Kiliani
3741 3504 3917 3542 mar-

2196 3574 2322 3628 tiris
2351 3574 2643 3644 sanctique
2674 3574 2885 3628 Liborii
2935 3579 3022 3628 ter
3051 3574 3203 3629 beati
3232 3575 3575 3629 confessoris
3600 3577 3915 3645 dedicata,

2195 3663 2308 3716 tale
2360 3663 2643 3732 pradium
2674 3663 3173 3732 proprietavimus,
3220 3666 3387 3734 quale
3417 3664 3599 3731 nobis,
3635 3666 3916 3720 omnium

2194 3751 2498 3805 hominum
2546 3753 2997 3806 contradictione
3049 3760 3290 3821 remota,
3323 3754 3559 3807 tradidit
3589 3754 3914 3821 Helmicus,

2195 3838 2477 3905 videlicet,
2505 3839 2563 3892 in
2596 3839 2868 3893 comitatu
2894 3840 3228 3894 Herimanni
3259 3841 3512 3894 comitis:
3547 3841 3609 3893 in
3632 3842 3914 3897 Dulmine
3945 3850 3961 3871 "

2195 3942 2457 3980 mansum
2491 3942 2691 3991 unum,
2731 3928 2793 3979 in
2826 3927 3107 3981 Nienhem
3160 3944 3424 3982 mansum
3484 3945 3521 3994 1,
3551 3929 3612 3982 in
3658 3929 3914 3984 Situnne

2195 4030 2459 4067 mansum
2508 4032 2545 4081 1,
2602 4015 2905 4069 Halostron
2961 4031 3228 4069 mansum
3261 4033 3297 4079 1,
3349 4016 3405 4068 in
3470 4016 3914 4073 Berthalostron

2194 4118 2462 4156 mansum
2517 4120 2554 4169 1,
2617 4103 2680 4155 in
2729 4103 3088 4156 Lehembeke
3148 4119 3412 4157 mansum
3460 4121 3498 4168 1,
3565 4104 3626 4157 in
3683 4105 3912 4160 Horlon

2194 4206 2459 4244 mansum
2487 4206 2500 4244 1
2531 4206 2544 4256 ;
2583 4191 2643 4244 in
2701 4192 2972 4245 comitatu
3033 4192 3256 4245 Ottonis
3285 4191 3542 4245 comitis:
3575 4192 3636 4245 in
3689 4194 3913 4265 Elvepo

2195 4294 2459 4331 mansum
2514 4296 2553 4345 1,
2607 4279 2669 4332 in
2736 4279 3223 4335 Ricoldinchuson
3290 4295 3556 4333 mansum
3611 4297 3655 4347 1;
3707 4296 3843 4335 cum
3879 4300 3913 4337 L

2193 4366 2495 4436 mancipiis
2559 4367 2861 4438 utriusque
2923 4385 3109 4436 sexus,
3179 4368 3344 4431 areis,
3417 4368 3585 4431 villis,
3648 4371 3905 4439 pascuis,

2191 4454 2356 4524 aquis
2405 4471 2756 4525 aquarumve
2815 4456 3169 4523 decursibus,
3214 4456 3646 4525 piscationibus,
3677 4459 3905 4513 molen-

2192 4538 2362 4604 dinis,
2395 4540 2568 4608 silvis,
2611 4542 3012 4597 venationibus
3060 4548 3115 4596 et
3189 4543 3457 4595 omnibus
3518 4544 3904 4615 appendiciis,

2190 4627 2545 4698 cunctisque,
2615 4629 3021 4700 qualicumque
3079 4630 3252 4684 modo
3305 4630 3594 4683 nominari
3651 4632 3905 4700 possint,

2190 4717 2567 4784 utensilibus;
2608 4733 2675 4770 ea
2725 4718 2942 4772 scilicet
2994 4719 3219 4771 ratione
3270 4724 3333 4771 ut
3359 4724 3602 4789 uterque
3634 4723 3906 4774 nostrum

2189 4808 2307 4858 tam
2373 4805 2648 4858 vestitura
2701 4821 2876 4875 quam
2925 4806 3073 4860 victu
3126 4807 3525 4877 stipendialem
3574 4807 3783 4861 amodo
3831 4810 3907 4862 ab

2190 4893 2457 4962 episcopo
2488 4894 2636 4947 sedis
2665 4894 3021 4964 subscripta,
3078 4911 3229 4949 nunc
3275 4911 3408 4948 vero
3442 4912 3473 4949 a
3513 4895 3727 4948 domno
3783 4897 3905 4950 Me-

2190 4980 2473 5051 ginwerco
2522 4983 2767 5051 prasule
2822 4986 2877 5036 et
2940 4987 3067 5053 post
3124 5001 3155 5036 a
3212 4984 3635 5037 successoribus
3690 4983 3903 5053 ipsius,
3945 5038 3959 5064 ε

2188 5069 2486 5122 communi
2524 5070 2934 5124 canonicorum
2956 5088 3261 5141 consensu,
3284 5088 3415 5125 cum
3457 5076 3736 5143 perpetua
3765 5090 3905 5128 ora-

2189 5160 2417 5214 tionum
2469 5162 2935 5231 participatione,
2969 5164 3225 5233 plenarie
3265 5164 3408 5217 inibi
3435 5165 3580 5218 sicut
3607 5181 3755 5219 unus
3788 5168 3904 5221 fra-

2187 5252 2343 5301 trum
2394 5249 2638 5318 accipiat
2693 5255 2750 5304 et
2799 5252 3137 5321 potestative
3178 5253 3486 5322 possideat.
3542 5255 3605 5306 Et
3656 5258 3719 5306 ut
3777 5255 3905 5309 hac

2188 5336 2425 5390 traditio
2474 5344 2685 5391 nostra
2743 5338 3104 5395 liberalitatis
3163 5341 3384 5394 stabilis
3446 5348 3504 5394 et
3555 5341 3903 5397 inconcussa

2187 5431 2545 5493 permaneat,
2607 5427 2756 5480 hanc
2825 5435 3039 5482 certam
3093 5428 3229 5483 inde
3286 5430 3668 5499 conscriptam
3720 5447 3899 5485 manu

2187 5513 2424 5610 propria
2478 5514 2834 5584 roborantes,
2903 5516 3091 5589 sigillo
3160 5521 3356 5573 nostro
3435 5518 3631 5573 subter
3684 5518 3896 5575 bullari

2180 5615 2474 5671 jussimus.
