3980 6414
50 416 131 463 3'33
1336 420 1744 478 DIPLOMATA
1784 423 2332 481 ECCLESIASTICA.

3496 438 3599 490 33-1

105 538 350 603 Signum
431 538 625 592 damni
698 541 930 595 Henrici
988 543 1348 596 Romanorum
1429 545 1856 599 invictissimiA
1893 562 2066 600 neum
2101 547 2365 619 exigatur
2398 565 2430 603 a
2460 548 2624 602 bonis
2656 548 2894 603 fratrum
2950 552 3303 607 Treveriren.
3354 556 3599 626 principi

46 628 405 693 imperatoris
436 629 684 694 Augusti
711 630 798 694 (L.
838 630 954 698 M.).

106 715 490 767 Guntherius
524 717 906 770 cancellarius
939 718 1058 772 vice
1084 718 1471 778 Arehanbaldi
1524 721 1783 775 archica—

50 803 255 869 pcllani
285 804 670 873 recognovit.

111 892 247 943 Data
284 909 342 944 iv
408 894 491 946 Id.
530 893 709 960 Junii,
759 894 1075 949 indictione
1123 912 1222 961 xu,
1282 912 1434 950 anno
1472 896 1784 950 Dominica:

50 978 470 1033 incarnationis
535 984 694 1049 1017,
759 999 914 1036 anno
965 999 1098 1037 vero
1156 984 1357 1038 domui
1410 983 1639 1039 Henrici
1696 999 1784 1036 se-

52 1068 209 1119 cundi
264 1070 589 1138 regnantis
648 1086 762 1137 xvx,
818 1070 1051 1142 imperii
1121 1088 1201 1129 iv.
1284 1075 1490 1126 Actum
1547 1072 1782 1126 Pather-

54 1156 341 1211 brunnon.

825 1246 1029 1301 XCVII.

119 1334 176 1386 S.
200 1333 506 1388 Henricus
537 1336 590 1388 Ιι
621 1336 757 1403 imp.
789 1336 1034 1404 Poppom'
1056 1336 1122 1390 de
1152 1338 1499 1391 immunitate
1526 1337 1785 1391 Ecclesia

660 1408 978 1460 trevirensis
1018 1412 1193 1463 cavet.

737 1497 924 1561 (Anno
961 1497 1136 1560 1016).

194 1578 569 1649 [Hontheim,
626 1584 779 1637 Hist.
834 1585 1040 1637 Trevir.
1074 1585 1326 1653 diplom.,
1388 1585 1431 1651 Ι,
1487 1585 1638 1656 3ὅί.]

119 1669 179 1720 In
219 1671 479 1724 nomine
514 1674 727 1724 sanctae
788 1676 847 1725 et
892 1672 1204 1726 individua:
1251 1672 1544 1727 Trinitatis
1603 1674 1772 1744 (I68).

59 1757 326 1809 [Insicus
362 1756 573 1811 divina
597 1758 825 1812 favente
857 1760 1159 1813 clementia
1186 1777 1306 1813 rex.

16 1904 31 1913 κ
116 1845 169 1896 Si
201 1844 350 1897 locis
386 1846 512 1899 Deo
546 1845 749 1899 dicatis
783 1846 1076 1916 quoddam
1107 1848 1370 1901 beneﬁcii
1414 1848 1577 1919 juxta
1632 1848 1776 1919 peti-
1813 1825 1854 1878 Β

24 1922 229 1986 ’ῐὶουεδ
282 1934 391 1987 Dei
427 1950 730 1987 servorum
762 1940 820 1989 et
864 1941 1073 1989 nostras
1125 1937 1481 1991 liberalitatis
1539 1954 1778 1992 munere

60 2021 431 2085 conferimus,
472 2022 534 2076 id
586 2023 761 2077 nobis
789 2025 1160 2093 profuturum
1216 2026 1437 2096 liquido
1469 2027 1777 2094 credimus,

62 2120 105 2161 et
134 2111 203 2163 ad
235 2112 562 2164 mortalem
594 2111 769 2165 vitam
808 2114 1202 2182 temporaliter
1231 2115 1682 2185 transigendam,
1726 2120 1782 2168 et

62 2199 118 2248 ad
148 2204 441 2252 aeternam
474 2199 724 2253 feliciter
774 2200 1171 2255 obtinendam.
1208 2203 1454 2257 Proinde
1513 2204 1780 2257 volumus

64 2286 310 2339 intimari
345 2286 571 2339 nostris
590 2288 881 2353 ﬁdelibus,
915 2294 1028 2342 tam
1061 2290 1267 2343 futuris
1307 2307 1480 2361 quam
1526 2308 1777 2362 praesen-

67 2374 219 2439 tibus,
255 2376 420 2445 quod
456 2376 546 2428 vir
575 2376 923 2430 venerabilis
965 2379 1161 2448 Poppo
1197 2386 1407 2433 sanctae
1430 2380 1782 2435 Trevirensis
1821 2425 1825 2429 .

20 2502 33 2515 .
70 2461 317 2515 Ecclesiae
368 2463 852 2533 archiepiscopus
882 2481 985 2519 nos
1017 2482 1171 2536 saepe
1201 2467 1446 2535 monuit,
1499 2473 1781 2522 nostram-

69 2567 165 2617 que
211 2552 643 2605 sublimitatem
676 2552 866 2622 petiit,
904 2558 964 2607 ut
1004 2555 1351 2608 multitatem
1382 2572 1575 2610 rerum
1609 2561 1665 2611 et
1692 2558 1784 2611 fa-

72 2638 228 2692 miliae
256 2639 450 2692 sancti
478 2640 655 2707 Petri,
688 2656 865 2710 quam
899 2642 1075 2696 nostri
1115 2643 1583 2711 praedecessores,
1617 2660 1782 2714 reges

74 2727 318 2781 videlicet
348 2734 409 2781 et
462 2728 871 2797 imperatores,
907 2731 1222 2785 Trevericze
1264 2732 1385 2785 sedi
1416 2749 1519 2802 pro
1574 2732 1782 2786 divinae

78 2817 579 2886 contemplationis
612 2817 829 2870 intuitu
867 2819 1300 2889 delegaverunt,
1352 2821 1555 2891 suique
1590 2826 1781 2875 aucto-

76 2904 224 2957 ritate
280 2905 568 2975 prmcepti
627 2907 1137 2974 conﬁrmaverunt,
1209 2907 1356 2960 hanc
1409 2908 1783 2977 dignaremur

75 3008 342 3058 revocare,
382 2994 723 3065 nostrisque
755 2995 1097 3049 stabilienda
1128 2995 1367 3065 sceptris
1415 2996 1777 3068 conﬁrmare.

1897 636 2289 704 apostolorum
2317 638 2709 705 servientium,
2746 640 2833 692 vel
2869 656 2901 692 a
2931 640 3046 693 suis
3076 641 3427 709 hominibus,
3502 650 3601 699 aut

1895 723 1994 791 ibi,
2057 730 2156 778 aut
2185 726 2247 779 in
2284 726 2416 778 villa
2484 728 2697 781 Madert
2727 729 3112 795 manentibus,
3161 748 3228 783 eo
3263 732 3477 785 scilicet
3522 737 3599 786 te-

1896 829 2032 866 nore
2066 818 2127 867 ut
2155 815 2405 885 gratuita
2444 820 2637 869 nostra
2671 816 2975 886 invigilent
3023 819 3299 873 oratione.
3360 823 3491 887 Hoc,
3543 826 3600 875 et

1896 902 2182 972 quidquid
2231 903 2299 957 de
2358 905 2609 973 praefatae
2666 906 2837 958 rebus
2895 907 3147 960 ecclesiae
3218 909 3594 977 laudavimus,

1895 989 2078 1045 nostri
2108 992 2445 1045 auctoritate
2476 993 2687 1061 sceptri
2716 994 3102 1062 ﬁrmavimus;
3130 997 3280 1066 quod
3318 996 3425 1069 [ut]
3452 1015 3595 1066 pras-

1895 1081 2045 1135 senti
2071 1081 2334 1134 etfuturo
2352 1085 2615 1151 tempore
2646 1081 2784 1134 viris
2805 1082 3090 1150 credatur,
3116 1085 3446 1156 nostrisque
3468 1103 3595 1140 suc-

1894 1169 2213 1224 cessoribus
2246 1169 2579 1238 diligentius
2620 1170 2998 1230 custodiatur,
3029 1172 3082 1225 id
3141 1189 3315 1227 manu
3360 1176 3599 1244 propria

1893 1256 2381 1322 conﬁrmavimus,
2409 1256 2707 1327 nostrique
2739 1257 3121 1327 impressione
3160 1261 3333 1330 sigilli
3382 1262 3599 1332 signari

1887 1345 2184 1416 jussimus.

1963 1434 2195 1501 Signum
2216 1432 2425 1486 domini
2452 1432 2691 1485 Henrici
2718 1432 2795 1487 III
2825 1436 2967 1501 regis
2995 1436 3361 1490 invictissimi.

2635 1521 2862 1575 XCVIII.

1893 1612 2227 1679 Praeceptum
2293 1609 2349 1663 S.
2434 1609 2657 1661 Henrici
2715 1611 2769 1662 II
2816 1612 3180 1677 imperatoris,

2282 1680 2528 1747 episcopo
2557 1680 2859 1745 Argentino
2883 1696 3202 1736 concessum.

3252 1613 3596 1668 Werenherio

2537 1768 2724 1833 (Anno
2780 1770 2955 1837 1017).

2251 1838 2413 1907 [θαιι.
2451 1838 2651 1892 Christ.
2691 1839 2751 1903 V,
2804 1840 2907 1892 469
2939 1840 3234 1911 [nstrum]

1960 1928 2025 1980 In
2045 1925 2280 1978 nomine
2322 1930 2530 1978 sanctae
2565 1930 2621 1979 et
2660 1925 2969 1979 individuae
3020 1928 3330 1996 Trinitatis,
3392 1931 3593 1984 Hamu-

1891 2031 1986 2069 cus
2019 2014 2119 2068 Dei
2148 2013 2355 2083 gratia,
2390 2015 2791 2067 Romanorum
2818 2018 3125 2083 Augustus.

1965 2103 2175 2156 Notum
2198 2102 2271 2154 sit
2292 2101 2558 2154 omnibus
2578 2100 2785 2155 Christi
2800 2102 3063 2155 ﬁdelibus
3096 2103 3247 2172 quod
3267 2103 3591 2158 interventu

1889 2190 2112 2244 dilectae
2134 2189 2394 2260 conjugis
2417 2194 2624 2243 nostra:
2655 2188 3026 2259 Cunigundze,
3062 2190 3326 2245 videlicet
3350 2193 3593 2261 impera-

1890 2279 2049 2332 tricis
2076 2281 2369 2348 Augustae,
2399 2279 2496 2331 sed
2530 2283 2584 2331 et
2615 2278 2901 2331 Brunonis
2932 2280 3309 2348 Augustensis
3341 2281 3592 2350 episcopi

1890 2367 2081 2421 fratris
2104 2367 2315 2419 scilicet
2338 2366 2539 2431 nostri,
2569 2382 2673 2419 nec
2707 2382 2820 2419 non
2850 2366 3138 2436 Popponis
3191 2368 3596 2420 Laurasamen-

1892 2455 1967 2508 sis
2018 2454 2358 2508 venerabilis
2414 2453 2654 2521 abbatis,
2704 2469 2876 2508 sacrae
2925 2454 3075 2507 sedis
3106 2455 3435 2523 Argentinze
3472 2455 3597 2507 We—

1891 2542 2159 2597 renherio
2183 2541 2495 2595 venerabili
2526 2542 2812 2611 episcopo,
2846 2546 2968 2592 tum
3016 2557 3120 2610 pro
3173 2541 3269 2594 Dei
3302 2541 3595 2609 genitricis

1891 2632 2074 2687 Mariae
2106 2630 2340 2700 speciali
2380 2646 2593 2694 amore,
2627 2634 2763 2682 tunc
2792 2628 2965 2681 etiam
3019 2634 3256 2698 propter
3307 2630 3428 2698 ejus
3475 2634 3595 2682 tam

1892 2718 2267 2790 spiritualiter
2296 2734 2469 2787 quam
2503 2717 2964 2785 carnaliterjuge
3022 2716 3334 2783 servitium,
3392 2717 3594 2770 libera-

1890 2808 2106 2861 lissime
2136 2806 2301 2861 nobis
2332 2808 2540 2876 saepius
2572 2806 2923 2873 impensum,
2964 2804 3232 2857 forestem
3283 2804 3341 2857 in
3393 2805 3590 2857 deter—

1890 2896 2167 2950 miuando
2232 2893 2717 2964 proprietavimus
2749 2910 2760 2945 :
2794 2893 2861 2946 de
2916 2892 3107 2945 littore
3160 2892 3342 2945 Rheni
3391 2898 3592 2945 contra

1892 2983 2203 3036 Wizwilare
2236 2982 2307 3035 ad
2330 2982 2534 3035 vadum
2568 2979 2851 3049 Hugonis;
2912 2983 2965 3032 et
3019 2979 3087 3032 de
3146 2980 3287 3032 vado
3336 2981 3592 3048 Ilugonis

80 3082 232 3150 Cujus
254 3082 532 3151 petitioni
568 3082 815 3135 libenter
838 3083 1283 3151 consentientes,
1312 3089 1369 3136 et
1400 3083 1509 3135 hoc
1566 3067 1779 3135 nostra:
1811 3104 1852 3160 ο
1894 3074 1963 3127 ad
1992 3072 2374 3160 Seerovillarer
2427 3074 2483 3160 et
2522 3070 2601 3160 de
2639 3067 3028 3160 Seerovillare
3080 3067 3147 3120 ad
3198 3068 3591 3160 Dabechnein:

78 3170 421 3223 auctoritatis
477 3176 838 3241 praeceptum
884 3187 1017 3241 erga
1073 3171 1253 3241 ipsius
1312 3170 1615 3224 Ecclesiam
1672 3187 1776 3240 pro

84 3256 168 3308 Dei
196 3258 404 3310 timore
440 3261 686 3328 ejusque
719 3274 915 3312 amore
945 3259 1071 3312 ﬁeri
1101 3260 1493 3325 decernentes,
1536 3258 1779 3312 ﬁrmiter

76 3347 427 3417 przecipimus
463 3354 521 3401 et
556 3348 862 3401 statuimus
890 3353 956 3401 ut
988 3349 1046 3400 in
1079 3349 1376 3402 facultates
1416 3349 1505 3401 vel
1562 3364 1652 3401 res
1710 3347 1778 3401 ad

78 3436 355 3489 ecclesiam
403 3435 590 3488 sancti
635 3436 792 3489 Petri
825 3435 1137 3489 Trevericse
1188 3436 1346 3490 urbis
1400 3434 1774 3504 pertinentes,

76 3522 272 3576 scilicet
324 3525 386 3577 in
464 3524 841 3588 monasteria,
910 3523 1195 3590 basilicas,
1280 3525 1530 3589 castella,
1600 3524 1775 3589 vicos,

78 3624 247 3677 agros,
282 3612 507 3677 vineas,
560 3612 751 3679 silvas,
785 3610 1066 3677 homines,
1122 3613 1211 3665 vel
1262 3612 1515 3682 reliquas
1555 3628 1777 3681 posses-

80 3698 264 3763 siones,
316 3717 419 3754 seu
480 3700 680 3753 omnia
729 3716 861 3770 quae
895 3701 1166 3770 deinceps
1196 3700 1257 3753 in
1281 3700 1411 3770 jure
1452 3700 1631 3770 ipsius
1667 3699 1779 3753 loci

80 3786 252 3841 divina
291 3790 498 3859 augeri
545 3790 794 3842 voluerit
820 3790 1140 3853 clementia,
1200 3791 1393 3842 nullus
1441 3805 1635 3842 comes
1689 3789 1777 3842 vel

80 3875 263 3945 aliquis
315 3895 383 3931 ex
432 3878 702 3947 judiciali
770 3883 1049 3946 potestate
1106 3878 1177 3932 ad
1212 3894 1410 3932 causas
1463 3877 1777 3931 audiendas

82 3962 155 4012 vel
184 3962 337 4016 freda
368 3970 472 4018 aut
513 3965 738 4018 tributa
777 3981 878 4018 seu
931 3965 1157 4035 aliquos
1201 3965 1488 4035 conjectos
1543 3966 1776 4035 exigen-

86 4048 184 4111 dos,
207 4058 301 4104 aut
323 4053 663 4107 mansiones
694 4053 785 4106 vel
814 4058 1043 4122 paratas
1093 4053 1407 4121 faciendas,
1438 4061 1538 4108 aut
1581 4054 1777 4107 homi-

86 4150 167 4188 nes
197 4142 443 4195 ecclesiae
492 4142 946 4211 distringendos,
995 4147 1096 4196 aut
1155 4143 1395 4212 injustas
1450 4142 1777 4196 exactiones

85 4228 454 4295 requirendas,
511 4230 597 4283 vel
631 4230 925 4284 thelonem
957 4232 1324 4301 exigendum,
1376 4232 1583 4285 nostris
1633 4236 1774 4284 tem-

84 4316 292 4380 poribus
314 4324 372 4371 et
402 4319 617 4372 futuris
646 4319 876 4388 ingredi
905 4320 1131 4387 audeat,
1182 4336 1287 4374 nec
1319 4336 1385 4372 ea
1440 4336 1567 4390 quas
1624 4335 1776 4389 prae-

1893 3167 2048 3227 sten;
2088 3165 2144 3214 et
2175 3161 2243 3214 de
2282 3158 2777 3213 Dabechneinsten
2812 3159 2955 3209 ultra
2998 3158 3266 3209 Pruscam
3301 3174 3481 3226 usque
3520 3156 3593 3210 ad

1892 3250 2185 3305 Roraham
2218 3249 2448 3313 rivum;.
2470 3247 2538 3299 de
2567 3246 2803 3300 Rohaha
2836 3246 2987 3300 ultra
3023 3245 3282 3299 Sormam
3314 3246 3587 3310 fluvium;

1891 3340 2098 3394 deinde
2140 3354 2320 3407 usque
2369 3336 2437 3389 ad
2473 3337 2707 3389 Matrem
2754 3333 3019 3400 fluvium,
3079 3334 3147 3387 ad
3189 3333 3352 3386 illum
3400 3334 3594 3385 locum

1891 3428 1990 3499 qui
2044 3427 2251 3481 dicitur
2304 3422 2801 3489 Phaﬁ‘enhovend;
2852 3422 3122 3490 deinceps
3184 3438 3287 3491 per
3346 3422 3590 3474 Matram

1891 3518 2158 3571 deorsum
2207 3530 2389 3584 usque
2421 3513 2520 3565 ubi
2556 3513 2731 3565 Matre
2772 3510 2923 3563 intra
2950 3510 3215 3563 Rhenum
3252 3526 3263 3562 :
3296 3515 3353 3563 et
3384 3509 3590 3563 deinde

1889 3621 2117 3659 sursum
2146 3619 2250 3673 per
2272 3607 2455 3654 totum
2489 3599 2731 3653 limitem
2762 3599 2945 3651 Rheni
2975 3614 3103 3650 cum
3144 3598 3343 3649 insulis
3403 3598 3589 3650 omni-

1888 3694 1996 3747 bus
2023 3690 2419 3761 adjacentibus
2444 3703 2621 3757 usque
2671 3686 3078 3738 Wicenwilare.
3126 3686 3224 3739 Jus
3270 3685 3450 3754 igitur
3496 3685 3591 3738 fo-

1888 3785 2053 3835 restae
2078 3780 2130 3833 ei
2162 3779 2394 3848 suisque
2443 3775 2859 3829 successoribus
2889 3778 3171 3839 nostrum,
3215 3789 3415 3840 rogum
3447 3790 3590 3841 quo-

1888 3886 2001 3940 que
2056 3872 2113 3922 et
2164 3868 2576 3936 imperatorum
2627 3879 2787 3916 more
2846 3866 3271 3914 antecessorum
3291 3878 3392 3930 per
3448 3861 3587 3914 ban-

1888 3973 2029 4011 num
2091 3960 2351 4009 nostrum
2401 3951 2763 4021 imperialem
2804 3948 3178 4003 ﬁrmavimus.
3226 3949 3308 4001 Ita
3354 3964 3487 4001 vero
3530 3952 3593 4002 ut

1889 4047 2081 4100 nullus
2130 4044 2210 4097 ibi
2270 4058 2521 4101 cervum,
2564 4040 2651 4093 vel
2699 4055 2944 4102 cervam,
2994 4053 3192 4091 ursum
3258 4037 3343 4089 vel
3376 4052 3590 4103 ursam,

1890 4150 2095 4205 aprum
2122 4133 2300 4185 vel....
2347 4146 2547 4199 capros
2578 4129 2664 4181 vel
2719 4144 2915 4197 capras
2956 4126 3075 4179 sine
3128 4125 3357 4177 licentia
3411 4124 3592 4193 ipsius

1889 4220 2297 4294 quoquomodo
2343 4218 2550 4287 capiat.
2610 4217 2769 4269 Etut
2828 4216 2948 4268 haec
3004 4218 3216 4267 nostrae
3263 4213 3592 4266 donationis

1888 4311 2199 4365 auctoritas
2231 4306 2449 4361 stabilis
2500 4309 2555 4359 et
2599 4304 2931 4357 inconvulsa
2960 4302 3117 4355 omni
3162 4307 3421 4370 tempore
3460 4318 3590 4370 per-

34 4458 35 4461 ,
85 4402 214 4456 dicta
243 4413 373 4460 sunt
403 4413 641 4476 penitus
664 4408 895 4477 exigere
927 4413 1271 4478 przesumat;
1308 4408 1405 4461 sed
1433 4407 1629 4461 omnia
1671 4408 1774 4461 sub
1802 4384 1850 4443 Ῑ)
1895 4404 2150 4466 maneat,
2172 4398 2320 4450 hanc
2352 4394 2629 4465 paginam
2662 4392 2796 4445 inde
2828 4395 3213 4478 conscripta"!
3250 4405 3591 4478 manll‘Pro‘

30 4484 35 4489 ’
83 4490 188 4557 jure
209 4496 385 4549 sancti
428 4496 585 4549 Petri
624 4496 939 4550 Trevericze
979 4496 1127 4550 sedis
1158 4497 1398 4566 ejusque
1454 4496 1768 4565 pontiﬁcis,

87 4586 130 4629 et
152 4582 231 4633 cui
268 4583 387 4651 ipse
438 4584 805 4637 commiserit
840 4590 1247 4654 permaneant;
1310 4588 1366 4638 et
1423 4588 1687 4638 monetas
1718 4588 1776 4638 et

85 4666 345 4734 thelonea,
376 4688 511 4741 quae
547 4677 905 4725 memoratus
935 4673 1192 4742 pontifex
1233 4673 1293 4725 in
1324 4673 1601 4727 vestitura
1656 4688 1774 4726 suae

85 4753 311 4812 Ecclesia:
352 4761 681 4828 invenerat,
728 4765 831 4813 aut
884 4761 1259 4830 postmodum
1291 4779 1323 4815 a
1362 4761 1581 4815 nostris
1620 4777 1771 4831 prae-

86 4843 453 4902 decessoribus
512 4849 881 4919 acquisierat,
954 4850 1221 4919 legaliter
1279 4850 1339 4904 in
1424 4855 1773 4921 perpetuum

88 4936 270 4988 teneat.
322 4939 403 4990 Ad
442 4939 553 4991 hoc
609 4943 670 4990 ut
693 4938 859 5007 juxta
914 4940 1098 4992 nostri
1129 4942 1558 4993 antecessorum
1617 4956 1775 5009 prse—

84 5026 243 5089 Cepta,
266 5030 319 5077 et
341 5042 445 5095 pro
477 5031 682 5079 nostra
713 5027 1006 5097 nostrique
1042 5034 1348 5097 parentum
1409 5029 1777 5097 eleemosyna

88 5112 297 5166 omnino
331 5114 764 5181 interdicimus,
805 5130 875 5167 ne
921 5115 981 5168 in
1014 5116 1149 5169 villa
1199 5116 1527 5169 Theodonis
1586 5116 1773 5168 thelo-

150 5234 279 5302 (168}
309 5237 584 5291 Henricus
630 5238 824 5290 divina
865 5240 1084 5303 favente
1132 5240 1411 5292 clementia
1450 5255 1567 5291 rem.
1621 5239 1774 5291 Hanc

97 5301 340 5380 chartam,
402 5309 464 5361 in
516 5301 927 5380 antiquissimo
986 5316 1040 5362 et
1097 5310 1208 5363 ﬁde
1259 5310 1594 5380 dignissimo
1630 5309 1775 5361 libro

94 5375 269 5448 copiali
301 5375 681 5448 descriptam,
710 5379 844 5431 data
881 5386 1191 5445 carentem,
1233 5380 1303 5433 ad
1325 5375 1573 5433 vannum
1620 5381 1774 5448 Pop-

98 5444 236 5520 ponis
266 5444 516 5520 primum
553 5450 770 5514 refero,
797 5451 947 5518 quod
978 5467 1045 5504 eo
1085 5444 1239 5503 anno
1270 5451 1587 5520 imperator
1639 5444 1774 5502 Tre-

98 5464 236 5508 pouis
305 5465 516 5502 timum
553 5464 770 5514 reiero,
797 5464 947 5518 quoa
978 5467 1045 5504 eo
1085 5467 1239 5503 anno
1270 5464 1587 5520 imperator
1640 5464 1669 5502 'i
1687 5466 1774 5502 re-

96 5514 211 5590 viris
262 5464 446 5572 iPuerit.
514 5520 608 5573 Sic
635 5520 806 5572 Gesta
837 5521 1044 5574 Trevir.
1074 5537 1201 5590 cap.
1235 5521 1302 5575 48
1346 5538 1358 5574 :
1414 5520 1778 5588 Megingaudo

96 5588 311 5659 episcopo
344 5591 649 5643 Trebericae
677 5593 983 5658 metropolis
1034 5592 1100 5645 de
1126 5588 1302 5645 medio
1331 5595 1503 5659 facto,
1534 5607 1632 5644 rea:
1662 5593 1780 5657 ipse

16 5656 43 5671 ‘
104 5653 339 5713 Trebm'm
384 5663 662 5728 festinato
729 5653 901 5728 venit;
952 5667 1070 5717 erat
1125 5665 1266 5717 enim
1316 5653 1375 5717 in
1432 5653 1779 5728 Cbnﬂueritia

1885 4488 2015 4558 pria
2054 4486 2351 4556 signantes
2382 4480 2555 4552 sigilli
2586 4479 2766 4533 nostri
2790 4477 3163 4547 impressione
3186 4475 3453 4545 insigniri
3476 4476 3596 4544 jus-

1889 4577 2087 4649 simus.

2170 4661 2395 4726 Signum
2446 4655 2632 4709 domni
2662 4653 2903 4706 chrici
2934 4652 3305 4705 invictissimi.

1955 4748 2304 4805 Guntherius
2365 4741 2741 4797 cancellarius
2816 4740 2936 4793 vice
2996 4737 3371 4793 Erchanbaldi
3407 4737 3590 4792 archi-

1886 4836 2169 4909 capellani
2200 4833 2438 4888 notavit.

1962 4929 2103 4981 Data
2124 4940 2196 4977 vn
2220 4923 2352 4977 Idus
2396 4918 2544 4985 Maii,
2610 4934 2760 4972 anno
2825 4915 3134 4971 Dominicze
3185 4915 3593 4968 incarnationis

1891 5019 2050 5085 1017,
2073 5014 2270 5068 indict.
2305 5028 2395 5078 xv,
2420 5026 2572 5064 anno
2602 5025 2736 5061 vero
2766 5007 2965 5061 domui
2998 5006 3227 5060 Ilenrici
3253 5005 3487 5059 secundi
3509 5022 3593 5059 re-

1887 5106 2121 5179 gnantis
2144 5122 2257 5173 xvr,
2290 5102 2522 5173 imperii
2550 5118 2623 5155 1v.
2652 5105 2853 5155 Actum
2878 5100 3334 5154 Franchoneford
3354 5098 3595 5152 feliciter

1884 5234 2096 5303 positus
2116 5250 2137 5297 ;
2176 5234 2225 5282 et
2258 5231 2544 5303 impetrato
2574 5230 2690 5303 tam
2721 5226 3045 5303 clcriguam
3076 5224 3292 5303 populi
3315 5236 3589 5303 consensu,

1889 5293 2071 5372 ipsum
2114 5293 2438 5372 pontiﬁcali
2475 5296 2737 5372 cut/icer
2791 5293 3337 5372 sublimauitlllllud
3400 5296 3591 5372 autem

1891 5364 2180 5443 singulare
2213 5364 2366 5440 quod
2400 5368 2693 5430 Henricus,
2718 5366 2839 5443 jam
2880 5381 3031 5443 anno
3282 5364 3594 5443 imperator

1891 5431 2249 5507 corbnatusf
2281 5457 2338 5492 se
2378 5455 2555 5505 regem
2601 5431 2879 5509 nominet.
2930 5434 3192 5509 Admittit
3219 5432 3324 5509 hoc
3376 5431 3591 5509 praes-ul

1893 5500 2234 5569 Gottwicen'.
2284 5500 2506 5582 Chrth
2532 5512 2685 5582 tom_._
2739 5505 3192 5582 pr_o_d._p."233.
3247 5501 3455 5553 Confer
3508 5500 3592 5553 di-

1901 5584 2083 5640 cenda
2124 5582 2193 5637 ad
2219 5580 2439 5635 bullam
2482 5572 2771 5632 Benedicti
2791 5576 2899 5629 PP.
2932 5572 3071 5635 VIII,
3107 5587 3239 5625 ann.
3275 5586 3392 5639 seq.
