3980 6408
381 407 483 459 335

1073 523 1286 575 XCVIII
1313 522 1393 574 bis

383 635 441 689 S.
484 634 749 687 Henricus
804 629 1032 683 ecclesia:
1075 626 1506 680 Paderbornensi
1553 622 1830 676 abbot-iam
1882 621 2080 674 Helm-

879 698 1268 752 wurdeshusen
1325 694 1582 750 concedit.

1023 790 1211 855 (Anno
1262 787 1441 855 1017.)

669 878 818 948 [Cod.
853 877 1076 946 diplom.
1109 877 1268 929 Hist.
1313 874 1576 942 Wespth.,
1599 889 1654 942 p.
1681 869 1796 943 74.]

456 989 519 1040 In
573 984 804 1039 nomine
853 987 1058 1036 sanctae
1116 985 1173 1034 et
1229 979 1534 1033 individuaa
1564 977 1877 1041 Trinitatis,
1912 977 2083 1031 Ham-

383 1091 560 1138 mcos,
594 1074 694 1128 Dei
721 1071 903 1142 gratia
934 1071 1324 1123 Romanorum
1355 1066 1671 1135 imperator
1699 1069 2008 1134 Augustus.

454 1163 750 1217 Canonum
819 1162 1027 1210 statuta
1055 1172 1172 1209 non
1229 1171 1325 1208 ore
1377 1154 1678 1207 hominum
1741 1155 1836 1207 sed
1878 1152 2084 1222 spiritu

387 1251 487 1304 Dei
518 1248 747 1304 condita
771 1244 1112 1316 praecipiunt
1152 1248 1214 1295 ut
1255 1242 1510 1312 episcopi
1545 1243 1878 1312 frequenter
1929 1241 2082 1293 clau-

390 1343 506 1392 stra
555 1335 964 1390 monachorum
1014 1331 1265 1395 visitant,
1307 1335 1363 1384 et
1397 1331 1443 1383 si
1490 1347 1604 1400 qua
1639 1335 1797 1383 extra
1825 1329 2083 1399 regulam

385 1426 502 1479 illic
561 1422 907 1486 invenerint,
961 1419 1259 1472 abscidant
1308 1422 1364 1472 et
1410 1418 1720 1488 corrigant.
1767 1418 1894 1472 Haec
1945 1415 2085 1485 vigi-

383 1513 566 1567 lanter
596 1509 838 1564 interius
887 1506 1362 1574 contemplantes,
1413 1511 1470 1558 et
1527 1505 1586 1558 in
1617 1505 1790 1574 hujus
1831 1504 1957 1557 vita
1986 1503 2084 1556 iti-

381 1616 516 1654 nere
545 1613 722 1652 onera
761 1600 958 1649 nostra
1003 1592 1284 1663 episcopis
1336 1593 1690 1663 imponendo
1748 1593 2079 1662 levigantes,

381 1687 632 1742 caritatis
670 1700 858 1749 causa,
896 1684 1018 1736 sine
1051 1698 1162 1752 qua
1197 1682 1352 1735 dives
1390 1698 1611 1752 pauper
1649 1686 1752 1747 est,
1801 1697 1933 1734 cum
1992 1680 2082 1733 in-

380 1780 638 1830 terventu
685 1771 1093 1826 amantissimae
1152 1769 1412 1840 conjugis
1462 1775 1668 1823 nostrae
1729 1768 2081 1838 Cunigundae
2111 1794 2152 1848 Β

378 1862 642 1917 videlicet
670 1857 1048 1928 imperatricis
1095 1859 1388 1926 Augustas,
1448 1872 1578 1909 cum
1628 1855 2081 1926 archiepiscopo-

383 1966 513 2003 rum
574 1945 953 2000 Erchanbaldi
1014 1942 1484 2013 Moguntinensis,
1535 1944 1820 2014 Popponis
1874 1944 2076 1996 Treve-

381 2037 584 2103 rensis,
615 2033 855 2089 Geronis
917 2031 1478 2100 Magedeburgensis,
1533 2032 1766 2084 Unwani
1802 2031 2079 2083 Bremen-

377 2126 470 2190 sis,
497 2130 550 2178 et
583 2123 987 2192 episcoporum
1014 2119 1252 2173 Arnoldi
1287 2119 1798 2184 Halverstadensis,
1823 2118 2078 2188 Epponis

379 2209 888 2280 Babenbcrgensis,
985 2206 1320 2261 Theoderici
1412 2207 1716 2272 Mettensis,
1827 2207 2081 2260 Heinrici

375 2298 882 2369 Wirceburgensis,
994 2295 1330 2365 Theoderici
1421 2295 2077 2363 Mimigardevurdensis,

378 2388 626 2444 Heinrici
684 2383 1026 2449 Parmensis,
1089 2382 1418 2437 Theoderici
1497 2382 1822 2448 Mindensis,
1911 2382 2074 2435 Thie-

376 2476 568 2530 monis
616 2471 1082 2542 Mersburgensis,
1157 2470 1301 2523 Erici
1363 2469 1854 2538 Havelbergensis,
1908 2469 2079 2523 laico-

376 2582 505 2619 rum
547 2578 795 2634 quoque,
845 2560 1158 2613 Bernliardi
1217 2558 1396 2619 ducis,
1441 2558 1892 2628 Sigifridiatque
1919 2559 2074 2612 Ezzi-

379 2653 539 2708 conis
569 2650 867 2714 comitum,
911 2647 1197 2700 abbatiam
1222 2646 1458 2699 nomine
1483 2647 2074 2700 Helmwardeshusen.

379 2757 510 2794 cum
540 2738 808 2792 omnibus
849 2736 965 2788 suis
999 2733 1354 2803 appendiciis
1393 2733 1707 2786 mobilibus
1753 2738 1810 2786 et
1865 2734 2078 2787 immo-

379 2827 609 2892 bilibus,
639 2825 760 2880 sedi
792 2821 1249 2877 Parderbonensi
1282 2821 1341 2873 in
1374 2821 1589 2874 honore
1632 2827 1836 2874 sanctae
1891 2822 2076 2876 Maria:

381 2920 825 2982 sanctorumque
855 2910 1082 2980 Kyliani
1111 2915 1285 2978 atque
1318 2909 1529 2962 Liborii
1562 2914 1924 2973 constructae,
1985 2909 2078 2964 cui

378 3003 622 3074 insignis
679 2997 1070 3073 acquisitiqnis
1127 2996 1335 3066 praesul
1368 2998 1789 3067 Meynwerchus
1836 2999 1896 3051 in
1927 3015 2075 3068 prm-

381 3067 693 3147 sentiarum
742 3091 971 3158 praeest,
1019 3085 1077 3138 in
1132 3084 1428 3154 prOprium
1468 3086 1747 3150 dedimus,
1773 3091 2079 3156 nostroque
2111 3067 2152 3122 C
2192 3069 2400 3158 Ποξίτξέ
2465 3069 2727 3117 tumoms
2805 3107 2816 3118 -

374 3181 506 3250 jure
564 3184 620 3232 et
668 3175 925 3230 dominio
973 3175 1031 3226 in
1067 3173 1162 3242 jus
1185 3178 1241 3225 et
1275 3173 1598 3226 dominium
1647 3173 1828 3242 ipsius
1875 3176 2079 3229 amodo

381 3265 722 3338 potestative
777 3268 832 3316 et
872 3263 1037 3331 juxta
1066 3262 1327 3330 regulam
1378 3261 1557 3314 sancti
1615 3262 1906 3315 Benedicti
1959 3263 2078 3331 epi-

385 3352 690 3424 scopaliter
736 3348 1154 3419 disponendam
1218 3353 1387 3418 atque
1447 3349 1848 3417 possidendam
1908 3351 2080 3403 tradi-

384 3443 593 3497 dimus.
620 3441 684 3492 Et
703 3443 764 3492 ut
794 3438 915 3490 haec
946 3442 1157 3489 nostrae
1193 3437 1518 3490 traditionis
1571 3437 1778 3507 pagina
1832 3437 1997 3490 ﬁrma
2024 3443 2079 3491 et

383 3529 714 3585 inconvulsa
758 3531 1114 3594 permaneat,
1150 3541 1325 3578 manu
1355 3525 1586 3594 propria
1645 3526 2078 3580 corroborantes

383 3623 556 3689 atque
587 3616 1010 3676 conﬁrmantes,
1047 3613 1219 3683 sigilli
1246 3613 1426 3666 nostri
1456 3613 1834 3683 impressione
1887 3615 2079 3668 subter

383 3722 507 3760 eam
537 3703 774 3773 sigillari
791 3702 1085 3770 jussimus.

452 3794 678 3859 Signum
735 3790 922 3843 domni
997 3790 1241 3843 Heinrici
1298 3791 1649 3843 invictissimi
1715 3792 2076 3845 Romanorum

378 3881 722 3950 imperatoris
754 3880 989 3943 Augusti
1019 3879 1101 3945 (L.
1125 3877 1173 3930 M
1186 3881 1239 3942 .).
1949 3878 1955 3884 '

452 3966 807 4023 Guntherius
862 3964 1236 4017 caucellarius
1290 3963 1410 4017 vice
1453 3963 1828 4018 Erchanbaldi
1887 3965 2074 4018 archi-

380 4054 658 4124 capellani
682 4053 922 4106 notavit.

457 4145 595 4197 Data
625 4158 656 4191 v
688 4140 818 4193 Idus
837 4138 992 4205 Julii,
1039 4137 1348 4192 indictione
1398 4154 1497 4203 xu,
1555 4153 1706 4191 anno
1768 4139 2075 4193 Dominicaa

382 4227 791 4285 incarnationis
826 4228 981 4289 1017,
1040 4241 1190 4277 anno
1242 4240 1376 4277 vero
1430 4225 1627 4278 domui
1675 4226 1927 4279 Heinrici
1987 4244 2070 4279 se-

380 4317 554 4373 cundi
576 4314 869 4384 regnantis
901 4330 1010 4378 xw,
1043 4312 1272 4382 imperii
1306 4330 1376 4366 ιν.
1411 4315 1612 4366 Actum
1645 4313 1852 4366 Lietzo.

454 4407 518 4458 Hi
550 4409 682 4458 sunt
709 4407 881 4455 testes
915 4418 926 4465 ;
967 4400 1276 4466 Thietmer,
1331 4400 1559 4465 Ekkica,
1625 4401 1848 4467 Ludier,
1902 4403 2073 4456 Ekki-

378 4506 463 4558 ca,
510 4486 728 4555 Hzedig,
790 4483 1070 4551 Walliem,
1133 4483 1420 4550 Widukin,
1467 4485 1677 4550 Benna,
1713 4485 1865 4549 Kisa,
1894 4489 2088 4539 Amu-v

377 4579 491 4646 lag,
528 4574 775 4641 Volcbal,
821 4572 1128 4638 Thietmer,
1181 4572 1420 4637 Immed,
1471 4572 1770 4637 Gerbraht,
1820 4574 2069 4644 Wiking,

377 4664 656 4727 Thiedric,
712 4661 827 4726 lbo,
887 4661 1057 4725 Aiica,
1113 4660 1421 4727 Heriward,
1496 4660 1804 4727 Burchard,
1840 4662 2069 4728 Dodica,

376 4755 562 4814 Tiaza,
615 4749 925 4815 Vretheric,
988 4747 1252 4813 Lefherd,
1326 4748 1567 4812 Eschulf,
1625 4753 1759 4816 Ova,
1822 4749 2067 4819 Widula,

380 4843 613 4902 Fronca,
647 4838 962 4901 Herimam,
992 4835 1224 4903 Thiaza,
1259 4835 1423 4890 Bova.

448 4927 760 4996 Episcopus
782 4923 1203 4976 Thieodericus.

452 5016 572 5068 Dux
605 5011 986 5066 Bernhardus.

450 5103 526 5155 De
547 5099 774 5154 abbatia
807 5097 1251 5151 Helmuwrdesh.

1139 5203 1311 5256 XCIX.

447 5312 700 5382 Diploma
752 5278 1052 5366 SiHenrici
1107 5324 1208 5377 pro
1257 5307 1482 5360 abbatia
1536 5307 1591 5361 S.
1644 5309 1795 5361 Petri
1850 5309 1915 5362 de
1943 5312 2070 5364 Piro

1014 5414 1197 5476 (Anno
1251 5409 1435 5479 1017.)

730 5499 998 5571 [Ughelli,
1037 5499 1212 5551 Italia
1238 5499 1426 5561 Sacra,
1470 5499 1530 5562 Χ,
1564 5499 1713 5567 207.]

1229 5608 1286 5654 et
1364 5601 1578 5656 individ
1591 5619 1673 5655 uae
1748 5604 2063 5673 Trinitatis,

446 5610 510 5662 In
565 5606 799 5661 nomine
891 5608 1120 5666 sanctae,

1687 399 1740 451 S.
1787 393 2074 450 HENRICI
2112 395 2186 448 1M
2196 393 2583 449 PERATORIS

2114 519 2161 572 A
2200 517 2502 583 Hanmcus,

3793 395 3925 444 336

2587 515 2780 569 divina
2833 515 3054 568 favente
3121 514 3446 582 clementia,
3502 515 3928 568 Romanorum

2193 604 2512 674 imperator
2531 607 2839 673 Augustus.

2265 692 2322 746 Si
2376 692 2752 746 Ecclesiarum
2814 689 2917 744 Dei
2988 689 3074 743 vel
3145 689 3562 744 monachorum
3618 690 3746 744 loca
3800 688 3933 742 ali—

2191 780 2355 850 cujus
2389 778 2850 833 conﬁrmationis
2909 794 3007 831 seu
3074 778 3421 832 defensionis
3488 779 3639 833 dono
3691 775 3930 832 melio-

2191 883 2318 921 rare
2349 867 2762 932 studuerimus,
2794 867 2850 921 id
2879 866 3046 920 nobis
3079 867 3446 936 profuturum
3475 883 3594 920 esse
3652 866 3929 920 minime

2193 954 2542 1008 dubitamus.
2612 955 2975 1023 Quapropter
3031 953 3293 1007 omnium
3355 954 3565 1008 Christi
3609 955 3924 1020 ﬁdelium,

2192 1043 2568 1112 praesentium
2591 1042 2805 1095 scilicet
2849 1045 2907 1095 et
2937 1042 3264 1095 futurorum
3299 1047 3501 1095 notum
3554 1058 3674 1096 esse
3731 1043 3927 1095 volu-

2192 1146 2318 1183 mus
2349 1131 2596 1200 qualiter
2624 1146 2745 1196 nos,
2779 1129 2959 1183 divini
2994 1130 3206 1183 amoris
3245 1131 3538 1195 instinctu,
3599 1129 3921 1200 quoddam

2191 1219 2603 1271 monasterium
2671 1218 2759 1271 vel
2817 1217 3104 1271 abbatiam
3152 1235 3186 1271 a
3236 1219 3748 1288 praedecessoribus
3785 1234 3918 1271 no-

2192 1305 2322 1358 stris
2397 1345 2411 1359 .
2494 1348 2518 1365 ._

2193 1393 2251 1446 in
2284 1393 2559 1447 comitatu
2598 1393 2916 1460 Tarvisino,
2953 1393 3013 1446 in
3042 1394 3258 1447 honore
3285 1395 3339 1448 S.
3373 1394 3526 1447 Petri
3586 1395 3922 1464 apostolo-

2192 1496 2320 1534 rum
2346 1480 2622 1551 principis
2657 1480 2994 1547 dedicatam,
3049 1496 3181 1534 cum
3231 1480 3500 1534 omnibus
3545 1481 3662 1534 suis
3710 1480 3917 1550 perti-

2193 1569 2403 1622 nentiis
2453 1570 2551 1639 qui
2611 1569 2748 1622 olim
2827 1568 2935 1622 sibi
3000 1568 3400 1638 pertinuerant
3455 1586 3523 1622 ex
3575 1569 3920 1622 donatione

2190 1657 2672 1725 praedecessorum
2705 1662 3056 1718 nostrorum,
3099 1663 3154 1711 et
3184 1673 3311 1727 quae
3342 1657 3402 1710 in
3446 1658 3919 1727 prtesentiarum

2192 1745 2444 1814 praefatae
2502 1744 2740 1798 abbatiae
2780 1744 2973 1811 habet,
3001 1743 3295 1798 offerimus
3319 1744 3492 1798 etiam
3523 1749 3578 1798 et
3605 1744 3919 1798 donamus

2191 1832 2444 1901 praafataa
2525 1873 2537 1886 .
2617 1871 2631 1886 .
2715 1872 2726 1884 .
2807 1872 2819 1885 .
2901 1871 2914 1886 .
2994 1832 3256 1900 abbatiaa,
3291 1848 3394 1902 pro
3442 1833 3696 1887 remedio
3753 1849 3919 1903 pec-

2191 1921 2481 1974 caminum
2561 1925 2910 1984 nostrorum,
2993 1961 3005 1973 .
3088 1961 3098 1972 .
3181 1959 3194 1972 .
3276 1962 3288 1974 .
3369 1961 3384 1976 .
3466 1961 3478 1973 .
3557 1925 3614 1974 et
3685 1927 3924 1991 rogatu

2192 2008 2366 2061 etiam
2417 2007 2612 2062 dilecti
2669 2007 2853 2062 ﬁdelis
2918 2006 3098 2060 nostri
3165 2009 3415 2062 Joannis.
3495 2048 3511 2064 .
3591 2047 3604 2062 .
3685 2049 3699 2063 .
3787 2051 3798 2062 .

2191 2095 2612 2165 Aquilegiensis
2712 2094 3054 2165 patriarchas
3132 2136 3144 2149 .
3228 2138 3240 2150 .
3321 2136 3334 2148 .
3420 2138 3432 2150 .
3512 2135 3526 2150 .
3605 2133 3619 2150 .
3697 2096 3920 2151 villam

2191 2183 2366 2237 sancti
2405 2184 2566 2236 Pauli
2596 2199 2726 2237 cum
2769 2183 2886 2236 suis
2907 2183 3268 2253 pertinentiis
3299 2188 3357 2237 et
3403 2184 3682 2254 capellam
3716 2188 3924 2240 sancti

2189 2272 2387 2326 Marini
2409 2288 2540 2325 cum
2581 2273 2696 2324 suis
2727 2273 3148 2341 appendentiis,
3182 2272 3442 2327 videlicet
3483 2290 3613 2327 cum
3655 2276 3914 2343 mansis,

2190 2359 2477 2424 domibus,
2502 2361 2688 2425 terris,
2713 2360 2914 2426 vineis,
2936 2361 3135 2430 pratis,
3169 2361 3411 2430 pascuis,
3437 2361 3613 2427 silvis,
3644 2364 3914 2417 venatio—

2187 2448 2377 2514 nibus,
2411 2448 2839 2517 piscationibus,
2901 2449 3271 2514 molendinis,
3324 2449 3429 2500 viis
3461 2453 3516 2501 et
3547 2449 3600 2500 vi
3681 2488 3693 2500 .
3776 2489 3789 2502 .

2286 2577 2298 2589 .
2379 2536 2624 2589 exitibus
2672 2541 2727 2589 et
2775 2535 3056 2590 reditibus
3134 2537 3390 2605 quaesitis
3439 2553 3538 2589 seu
3593 2537 3915 2607 inquiren-

2189 2622 2294 2688 dis,
2332 2624 2415 2676 vel
2447 2640 2575 2676 cum
2608 2623 2893 2691 omnibus,
2928 2640 3056 2694 quae
3097 2625 3355 2694 quolibet
3409 2625 3577 2677 modo
3635 2625 3746 2678 dici
3798 2631 3914 2679 aut

2189 2711 2476 2764 nominari
2552 2716 2812 2782 possunt,
2893 2712 3255 2775 utilitatibus,
3332 2728 3434 2781 per
3480 2712 3587 2765 hoc
3625 2720 3911 2768 nostrum

2188 2804 2536 2868 praeceptum
2593 2800 3000 2853 conﬁrmamus
3032 2805 3086 2852 et
3139 2799 3593 2852 corroboramus.
3650 2801 3915 2870 Insuper

2190 2893 2244 2941 et
2270 2888 2597 2957 praedictam
2626 2888 2912 2941 abbatiam
2948 2905 3078 2941 cum
3111 2889 3367 2957 ejusdem
3421 2888 3755 2941 monasterii
3788 2890 3914 2942 ab-

2188 2975 2669 3042 bate,Adalberto
2713 2976 2966 3044 nomine,
3029 2976 3259 3044 suisque
3307 2976 3726 3029 successoribus
3783 2977 3904 3030 sub

2994 3103 3006 3116 .
3087 3064 3432 3117 defensionis
3481 3065 3757 3117 mundibu
3771 3065 3907 3134 rgio

2189 3151 2501 3220 recipimus
2529 3167 2657 3204 cum
2691 3151 2910 3204 cunctis
2958 3152 3393 3220 praenominatis
3438 3153 3783 3205 utensilibus
3843 3159 3910 3206 et

2191 3238 2389 3305 bonis;
2425 3255 2491 3292 ea
2539 3239 2803 3292 videlicet
2832 3239 3054 3292 ratione
3088 3245 3149 3293 ut
3183 3240 3374 3293 nullus
3402 3241 3535 3304 dux,
3571 3257 3782 3305 comes,
3819 3242 3914 3295 vi-

2189 3341 2468 3392 cecnmes,
2520 3328 2606 3380 vel
2656 3327 2849 3397 aliqua
2905 3328 3064 3397 regni
3115 3329 3294 3380 nostri
3327 3344 3535 3397 magna
3575 3344 3909 3398 parvaque-

2188 3429 2454 3483 persona,
2529 3414 2908 3468 ecclesiastica
2966 3417 3051 3468 vel
3109 3415 3400 3468 saecularis
3475 3421 3726 3485 potestas
3766 3418 3904 3485 jam

2187 3501 2404 3554 dictum
2431 3502 2845 3556 monasterium
2877 3507 3046 3572 atque
3077 3503 3344 3556 abbatem
3389 3503 3457 3556 de
3487 3505 3905 3573 suprascriptis

2187 3589 2353 3642 bonis
2394 3589 2707 3655 disvestire,
2744 3590 3087 3661 inquietare,
3136 3592 3453 3652 molestare,
3488 3593 3576 3644 vel
3616 3591 3904 3661 deinceps

2185 3677 2400 3748 absque
2431 3678 2602 3748 legali
2663 3678 2750 3731 vel
2801 3678 3324 3748 imperialijndicio
3358 3680 3586 3732 audeat.
3647 3679 3702 3733 Si
3755 3681 3900 3750 quis

2185 3769 2378 3819 autem
2437 3766 2585 3836 quod
2630 3765 2806 3820 absit!
2862 3767 3034 3836 hujus
3069 3771 3277 3820 nostra:
3319 3767 3774 3820 conﬁrmationis
3837 3771 3903 3821 et

2868 1305 3076 1359 inloco
3101 1305 3202 1375 qui
3254 1305 3462 1359 dicitur
3491 1307 3651 1360 Pirus
3697 1307 3918 1370 sitam,
3961 1307 3964 1318 '

3959 1909 3964 1920 ι

2186 3853 2670 3907 corroborationis
2700 3854 2967 3923 praecepti
2997 3870 3096 3908 seu
3150 3854 3498 3908 defensionis
3553 3854 3903 3910 mundibur-
3959 3847 3964 3857 ’

2185 3941 2279 4010 gio
2320 3941 2561 3995 violator
2609 3942 2906 4008 exstiterit,
2966 3943 3106 3995 sciat
3134 3959 3192 3996 se
3243 3943 3698 4013 compositurum
3757 3946 3897 3998 auri

2185 4028 2388 4098 optimi
2412 4030 2584 4082 libras
2607 4034 2855 4097 centum,
2892 4030 3260 4084 medietatem
3292 4047 3534 4084 camerae
3564 4036 3799 4100 nostrte,
3834 4038 3898 4087 et

2184 4117 2546 4170 medietatem
2574 4118 2809 4186 praefato
2870 4119 3214 4172 monasterio
3256 4119 3493 4189 ejusque
3555 4119 3886 4174 abbatibus.

2184 4206 2252 4258 Et
2281 4209 2342 4256 ut
2400 4205 2573 4274 hujus
2631 4211 2840 4258 nostra:
2895 4207 3354 4260 conﬁrmationis
3413 4224 3509 4261 seu
3536 4207 3894 4263 defensionis

2185 4293 2492 4346 auctoritas
2546 4293 2759 4346 stabilis
2809 4293 2908 4364 [et]
2957 4294 3289 4348 inconvulsa
3339 4295 3497 4348 omni
3548 4303 3896 4364 permaneat

2186 4385 2446 4449 tempore
2464 4381 2608 4434 hanc
2622 4382 2893 4450 paginam
2913 4382 3440 4451 indeconscriptam
3454 4399 3624 4436 manu
3649 4387 3894 4454 propria

2185 4469 2617 4521 corroborantes
2643 4469 2830 4538 sigillo
2863 4475 3056 4522 nostro
3082 4470 3278 4523 subtus
3300 4469 3886 4539 insignirijussimus.

2252 4557 2481 4623 Signum
2524 4560 2585 4610 D.
2639 4559 2861 4610 Henrici
2910 4559 3260 4611 invictissimi
3295 4563 3347 4610 et
3393 4560 3722 4612 serenissimi
3772 4562 3888 4614 im-

2179 4648 2454 4713 peratoris
2485 4646 2631 4711 Aug.

2254 4733 2366 4802 Ego
2395 4733 2643 4785 Joannes
2691 4749 2842 4786 nunc
2897 4734 3320 4804 Aquilegiensis
3349 4734 3600 4788 ecclesias
3636 4736 3885 4804 patriar-

2181 4820 2304 4886 cha,
2339 4820 2510 4873 laudo
2537 4826 2592 4873 et
2617 4821 2916 4875 conﬁrmo.

2254 4908 2367 4977 Ego
2407 4909 2752 4977 Peregrinus
2810 4908 2954 4962 sacri
3018 4909 3217 4980 palatii
3273 4910 3670 4982 cancellarius,
3710 4912 3885 4969 laudo

2181 4999 2238 5048 et
2275 4997 2571 5050 conlirmo.

2253 5085 2368 5152 Ego
2448 5127 2459 5138 .
2545 5125 2555 5137 .
2637 5126 2648 5137 .
2731 5126 2743 5139 .
2820 5085 3075 5140 brandus
3131 5087 3436 5158 episcopus
3493 5093 3550 5142 et
3635 5089 3888 5145 invictis-

2181 5171 2313 5224 simi
2371 5171 2735 5242 imperatoris
2802 5175 3359 5242 archicancellarius,
3420 5177 3589 5231 laudo
3638 5183 3696 5231 et
3749 5195 3884 5233 con-

2181 5257 2369 5313 ﬁrmo.

2249 5350 2416 5401 Anno
2470 5349 2784 5403 Dominicze
2831 5350 3242 5406 incarnationis
3294 5357 3450 5419 1017,
3493 5354 3613 5408 ind.
3671 5356 3879 5424 prima,

2181 5449 2329 5488 anno
2373 5435 2524 5490 dom.
2566 5437 2793 5491 Henrici
2835 5440 3088 5504 secundi,
3142 5441 3292 5512 regis
3330 5443 3415 5506 14,
3451 5441 3678 5511 imperii
3727 5459 3879 5496 anno

2179 5538 3871 5586 IV.................

2465 5652 2477 5665 .
2555 5611 2819 5669 feliciter.
2842 5617 3044 5669 Amen.

3944 4443 3964 4478 4

3941 5043 3954 5066 (
