4166 6394
14 368 119 418 337

118 558 450 614 Fundatio
474 491 1061 629 collegiatazxcgflez;
1094 563 1420 617 Prumiensis
1439 565 1657 631 ﬁrmata

503 635 829 685 auctoritate
866 633 1103 685 Henrici
1126 634 1188 685 11
1210 636 1336 701 imp.

570 722 757 788 (Anno
795 722 950 785 1017,
987 725 1050 774 17
1082 720 1298 789 Octob.)

206 804 597 877 [Hontheim,
646 811 785 863 Hist.
822 810 1025 863 Trevir.
1060 809 1311 876 diplom.,
1355 810 1397 873 Ι,
1428 810 1575 879 253.]

77 892 149 944 In
184 895 454 947 nomine
482 900 690 949 sanctae
722 901 778 948 et
804 895 1118 949 individua:
1174 895 1485 962 Trinitatis,
1547 899 1757 951 Heum-

14 996 101 1031 λῖς
136 982 260 1035 Dei
290 984 489 1051 gratia
520 985 831 1052 imperator
858 984 1272 1037 Romanorum.

76 1069 410 1123 Omnibus
429 1071 733 1141 episcopis,
753 1071 1075 1137 abbatibus,
1097 1072 1398 1125 comitibus
1418 1073 1754 1143 casterisque

16 1156 317 1211 idelibus
342 1159 576 1221 nostris,
612 1165 729 1213 tam
760 1160 1134 1229 praesentibus
1165 1176 1337 1229 quam
1384 1160 1609 1225 futuris,
1644 1176 1755 1214 no-

21 1262 134 1299 um
197 1263 349 1301 esse
403 1248 670 1301 volumus
710 1248 843 1318 quia
874 1248 1136 1302 Viroldus
1165 1248 1515 1301 Prumiensis
1557 1249 1750 1314 abbas,

28 1337 161 1401 109}
206 1341 431 1389 noster
462 1335 668 1399 ﬁdelis,
700 1341 894 1389 nostra
926 1336 1157 1389 licentia
1184 1341 1240 1390 et
1267 1352 1547 1389 consensu
1578 1337 1753 1406 quod-

14 1423 147 1476 iam
219 1425 662 1477 monasterium
694 1440 727 1477 a
774 1424 1157 1477 fundamentis
1187 1430 1541 1489 construens,
1603 1429 1657 1477 et
1692 1424 1751 1477 in

14 1527 245 1564 tonore
285 1512 481 1564 sancti
537 1511 842 1565 Salvatoris
891 1510 1118 1564 Domini
1148 1512 1323 1564 nostri
1352 1513 1483 1564 Jesu
1523 1511 1746 1577 Christi,

22 1604 381 1669 anctmque
408 1599 505 1651 Dei
536 1599 831 1668 genitricis
857 1614 1083 1668 semper
1113 1598 1349 1668 virginis
1377 1599 1583 1659 Marias,
1647 1615 1751 1652 nec

14 1702 121 1738 non
191 1686 710 1740 victoriosissimae
741 1686 942 1753 crucis,
979 1692 1035 1739 et
1083 1686 1259 1739 sancu
1291 1687 1564 1755 Stephani
1613 1702 1745 1756 pro-

18 1775 402 1845 omartyris,
479 1775 794 1845 inclytique
841 1773 1105 1844 martyris
1170 1775 1230 1828 S.
1296 1774 1517 1827 Nazarii
1568 1775 1744 1827 dicari
1778 1759 1815 1810 Β

14 1864 262 1928 aeiens,
364 1863 657 1933 imperiali
739 1867 935 1916 nostra
1000 1862 1242 1917 tuitionc
1322 1862 1745 1917 defendendum

14 1952 504 2018 :ommendavit;
538 1952 777 2021 insuper
817 1951 991 2005 etiam
1041 1951 1294 2005 narravit
1322 1950 1487 2004 nobis
1534 1951 1743 2019 prazdi-

14 2048 121 2094 :tus
154 2042 539 2095 venerabilis
591 2042 764 2095 abbas
801 2041 1049 2111 qualiter
1107 2042 1218 2094 Deo
1270 2046 1580 2104 annuente,
1643 2056 1742 2093 no-

14 2136 257 2200 »traque
286 2130 488 2201 gratia
535 2130 943 2195 consentiente,
977 2129 1280 2199 praefatum
1334 2128 1745 2181 monasterium

14 2219 335 2272 amonicis
398 2217 673 2271 voluisset
737 2218 946 2284 locare,
1007 2216 1223 2287 eisque,
1273 2233 1337 2269 ex
1417 2217 1561 2286 (170)
1614 2232 1745 2285 pro-

14 2308 390 2362 )rietatibus
469 2323 609 2377 quas
688 2306 810 2375 ipse
886 2307 1016 2375 jure
1100 2306 1357 2375 precario
1421 2305 1738 2374 acquisivit,

13 2398 235 2467 ibsque
307 2396 481 2449 omni
548 2394 963 2448 monachorum
1018 2393 1124 2447 sibi
1168 2394 1529 2447 subditorum
1570 2393 1742 2447 detri-

14 2490 236 2550 nento,
278 2484 670 2555 praebendam
699 2483 991 2548 adhibere,
1039 2497 1284 2551 quorum
1341 2481 1574 2558 nomina
1624 2480 1745 2534 haec

13 2580 139 2626 sunt
212 2590 227 2627 :
306 2572 702 2636 \Vittenbach,
766 2570 1063 2636 Stadtfeld,
1131 2570 1507 2623 Ludtscheim.
1572 2570 1744 2637 Cujus

14 2662 307 2717 )etitioni
393 2664 854 2729 caeterorumque
929 2663 1257 2712 nostrorum
1315 2657 1570 2710 fidelium
1637 2656 1743 2710 sibi

14 2747 564 2818 :omprecantium,
617 2747 725 2799 hoc
777 2750 881 2811 est,
941 2745 1351 2815 archiepiscopi
1400 2743 1744 2797 Trevirensis

14 2836 351 2906 Pepponis,
402 2834 703 2888 Hereberti
772 2832 1143 2899 Coloniensis,
1207 2831 1570 2887 Arckenbodi
1629 2834 1741 2886 Mo-

13 2924 431 2994 guntinensis,
471 2921 785 2975 Eberhardi
816 2920 1270 2990 Bambergensis,
1306 2920 1591 2974 Brunonis
1622 2923 1742 2973 Au—

13 3012 355 3079 ;ustensis,
439 3007 706 3061 Hehelini
796 3007 1342 3076 Wurtenbergensis,
1434 3007 1815 3082 Burchardlc

14 3094 507 3160 Wormatientis;
618 3094 1013 3164 comitumque
1102 3094 1337 3158 Gerlaci,
1442 3093 1744 3159 Gebhardi,

14 3184 427 3249 Bebenhardi,
480 3182 805 3252 Brunungi;
857 3198 959 3235 nec
1014 3198 1131 3236 non
1180 3183 1448 3235 abbatum
1502 3180 1745 3249 Poponis

13 3274 359 3337 Fuldensis,
440 3271 792 3323 Winnerichi
851 3270 1188 3335 Tevirensis,
1265 3270 1533 3323 Luthardi
1594 3270 1746 3322 Mun-

14 3359 514 3431 2henbergensis,
580 3357 848 3411 Richardi
898 3357 1389 3424 Amarbachensis,
1450 3373 1745 3411 assensum

13 3453 396 3524 praebentes,
430 3447 703 3517 praedicta
753 3447 877 3499 loca
914 3446 1019 3499 sub
1077 3450 1287 3499 nostrae
1342 3443 1600 3497 tuitionis
1644 3444 1746 3498 im-

14 3541 390 3594 munitatem
473 3535 849 3603 suscepimus,
909 3538 1225 3586 mercatum
1282 3533 1577 3602 publicum
1615 3548 1742 3585 cum

14 3628 177 3683 omni
204 3628 366 3697 jure
408 3623 692 3692 ejusdem,
720 3622 969 3674 annuale
1022 3621 1287 3674 similiter
1338 3626 1394 3674 et
1437 3620 1747 3674 hebdoma-

14 3719 160 3781 dale,
211 3713 295 3767 ad
366 3710 723 3781 stipendium
778 3710 1021 3783 fratrum
1077 3708 1290 3761 ibidem
1355 3708 1610 3776 legitime
1654 3706 1741 3760 in-

14 3804 377 3869 stituimus;
410 3805 467 3853 et
500 3815 605 3869 per
632 3800 781 3851 hanc
808 3796 1168 3866 imperialem
1194 3796 1447 3848 chartam
1499 3794 1744 3864 impera-

79 3909 242 3979 (169)
284 3905 563 3979 νίζοιάιιε
599 3902 1151 3979 Rrumignsismlgbas.
1201 3902 1456 3979 ξυιυςΓο
1493 3899 1745 3979 decimus

14 3970 465 4051 septim'us.__De
494 3992 564 4051 eo
602 3974 892 4051 Knaufiin
922 3970 1488 4051 Defensa-Pramum.
1518 3986 1577 4051 p.
1628 3971 1743 4051 44‘:

14 4073 39 4102 α
74 4039 285 4105 abbas
328 4046 585 4101 Uroldus
615 4060 681 4097 ex
732 4044 969 4110 antiquo
1017 4040 1289 4093 comitum
1323 4044 1617 4092 stemmate
1672 4039 1745 4110 de

18 4125 185 4176 Dona
219 4133 377 4173 cum
402 4122 689 4168 conventu
712 4114 803 4167 hic
828 4109 1072 4166 Prumia:
1106 4110 1409 4178 collegium
1446 4109 1745 4162 duodecim

14 4192 465 4245 canonicorum
514 4184 775 4237 fundavit
812 4184 873 4235 in
903 4182 1175 4252 qualitate
1201 4185 1610 4252 perpetuorum
1658 4195 1744 4252 sa-

16 4265 406 4315 cellanorum
452 4254 677 4309 abbatis
727 4249 1136 4306 et'conventus.
1188 4251 1488 4304 Ecclesiam
1521 4249 1741 4317 magni-

18 4338 121 4385 tice
158 4330 531 4384 aedificatam
567 4330 624 4377 et
643 4324 894 4377 dotatam
920 4336 1157 4391 corpore
1216 4321 1268 4391 S.
1333 4318 1551 4391 Nararii
1605 4320 1744 4391 dita-

16 4406 114 4461 vit,
144 4403 208 4454 in
236 4415 372 4470 qua
392 4396 688 4470 sepelitui‘,
713 4398 768 4446 et
789 4409 981 4470 annua
1002 4389 1581 4470 memoriarecolitur.

21 4460 337 4526 litabillo'n.
377 4460 585 4519 An'nal.
634 4464 920 4516 Benedict.
955 4467 1095 4514 tom.
1150 4462 1236 4523 IV,
1273 4460 1368 4512 lib.
1404 4475 1508 4522 LIV,
1553 4475 1607 4510 n.
1658 4461 1746 4511 42.

91 4542 252 4607 (170)
282 4535 745 4615 ΑΡνορτίειᾳρίὺᾳβ
778 4534 1061 4615 quas‘ipse
1080 4532 1519 4615 jurenpreoario
1562 4530 1750 4615 aequi-7

22 4600 178 4666 sivit.
238 4600 455 4663 Ἀωτῆ
500 4605 730 4671 collegii
786 4600 1190 4672 praebendam,
1221 4600 1414 4672 Uroldi
1463 4614 1753 4672 successor

22 4684 262 4737 Albero.
307 4677 433 4732 Sed
477 4668 760 4728 reditibus
791 4668 992 4742 postea
1048 4676 1102 4724 et
1149 4670 1285 4724 cleri
1344 4668 1751 4742 numerobel-

20 4755 213 4806 lorum
243 4751 611 4815 tempestate
645 4740 985 4815 imminutis,
1015 4742 1269 4815 demum,
1312 4740 1414 4815 sub
1458 4754 1556 4815 _an.
1594 4740 1749 4802 1360,

24 4808 464 4877 Boemnndi'll
501 4814 856 4886 archiepleti
893 4808 1502 4886 Theodori_ci__abbat_is
1559 4824 1746 4886 opera,

22 4910 125 4947 nec
152 4909 285 4946 non
326 4885 663 4942 Innocentii
701 4879 784 4937 ἸΙΙ
829 4885 891 4936 Ρ.
954 4884 1024 4936 Μ.
1089 4881 1330 4944 indulto,
1388 4879 1611 4945 collegii
1640 4892 1750 4941 res,

23 4966 245 5017 abolita
301 4967 512 5013 tamen
547 4954 950 5024 praepositum,
991 4952 1281 5024 restitutte
1302 4954 1453 5001 sunt.
1506 4947 1750 5024 Canoni:

23 5040 181 5087 catus
218 5044 447 5086 omnes
504 5017 746 5089 confert,
800 5028 856 5076 et
916 5023 1195 5076 decanum
1238 5020 1477 5073 electum
1525 5017 1754 5071 investit

24 5106 203 5158 abbas
241 5117 357 5154 seu
386 5096 826 5151 administrator
856 5091 1224 5145 Prumiensis.

93 5156 261 5241 (⁷171)
309 5168 482 5241 Ludit
528 5164 1065 5241 archicanceltarius.
1117 5160 1251 5224 Quis
1306 5158 1417 5222 hic,
1467 5156 1538 5241 ‘in
1596 5156 1752 5241 nullo

27 5227 322 5298 hacten'us
387 5239 543 5291 edito
624 5236 936 5304 diplomate
986 5246 1310 5304 occurrens,
1371 5227 1753 5281 archicancel-

29 5318 205 5368 larius
242 5313 345 5374 sit,
386 5309 512 5361 aliis
546 5300 1016 5378 investigandum
1044 5300 1326 5378 relinquo.
1359 5370 1388 5378 ﬂ
1470 5368 1494 5378 ἡ
1608 5368 1643 5378 η

100 5386 259 5449 (172)
319 5368 519 5435 Nostri
584 5377 734 5449 juris
765 5368 789 5372 θ
813 5378 1013 5449 curtem
1066 5373 1279 5449 nomine
1303 5439 1323 5449 Α
1350 5368 1751 5449 Conﬂacntiam.

32 5437 448 5515 Cirrtes'regize
498 5453 549 5500 et
584 5437 732 5513 ’βεσί
777 5445 918 5515 regii
962 5441 1243 5515 appellata
1298 5437 1633 5515 fuerenloca
1668 5452 1751 5515 _ex

39 5506 263 5595 quibus
282 5506 650 5595 ill‘illeSlDDdi
700 5513 923 5595 reditus
976 5506 1752 5595 dezsumebanturjlinc‘p‘lu:

40 5578 201 5648 ribus
232 5578 667 5661 dipldmatibus
715 5580 928 5637 diversi
957 5580 1171 5634 reditus
1218 5578 1286 5631 ad
1321 5592 1499 5630 unum
1555 5579 1754 5628 curtem

1776 4295 1818 4347 D

1328 370 1721 428 DIPLOMATA
1761 373 2304 429 ECCLESIASTICA.

3453 377 3555 430 338

1791 500 1837 549 A
1876 510 2002 547 mus
2062 500 2115 547 et
2162 493 2524 563 praecipimus
2573 500 2633 547 ut
2693 496 2886 548 nullus
2943 496 3011 549 de
3069 498 3353 566 praedictis
3387 499 3557 552 rebus

1875 582 2239 635 alienandum
2272 582 2537 635 fratribus
2576 582 2694 652 jam
2753 583 2913 635 dictis
2971 584 3183 653 aliquid
3226 584 3333 637 sibi
3388 601 3557 637 usur-

1875 674 1987 738 pet,
2050 675 2329 739 quatenus
2389 670 2535 735 illos,
2593 672 2782 740 quiete
2835 676 2889 723 et
2936 672 3167 740 [.acifice
3226 688 3353 741 quae
3410 674 3559 726 Deus

1875 757 2031 810 dedit
2081 759 2168 811 vel
2238 760 2473 811 daturus
2558 760 2666 811 erit
2734 759 3106 828 possidentes,
3172 776 3275 829 pro
3364 765 3557 814 nostra

1869 844 2259 898 incolumitate
2308 846 2586 914 regnique
2614 846 2793 898 nostri
2844 847 3151 900 stabilitate
3184 846 3280 899 Dei
3336 847 3555 900 miseri-

1868 932 2120 1004 cordiam
2148 948 2382 985 exorare
2439 934 2698 985 delectet.
2735 935 2797 986 Et
2855 938 2917 986 ut
2975 934 3094 985 haec
3137 933 3403 1002 jussionis
3451 950 3554 986 no-

1866 1023 1997 1072 strae
2057 1020 2493 1090 donzitionisque
2568 1021 2873 1073 auctoritas
2924 1021 3111 1073 verius
3189 1021 3452 1074 credatur
3497 1024 3554 1074 et

1865 1106 2195 1176 diligentius
2246 1109 2314 1161 ab
2377 1109 2641 1161 omnibus
2691 1109 3040 1175 observetur,
3101 1109 3247 1162 hanc
3298 1110 3549 1163 chartam

1864 1194 2281 1264 indejussimus
2308 1196 2495 1261 scribi,
2527 1212 2844 1265 manusque
2863 1197 3111 1266 propriae
3132 1196 3549 1266 subscriptione

1862 1282 2208 1347 confirmari,
2243 1290 2299 1336 et
2326 1283 2511 1351 sigillo
2553 1289 2741 1336 nostro
2763 1284 3043 1351 insigniri.

1934 1371 2159 1436 Signum
2191 1371 2395 1424 domini
2421 1372 2656 1423 Henrici
2676 1374 3035 1425 Romanorum
3064 1374 3202 1439 imp.

1933 1458 2255 1510 Guntherus
2312 1456 2520 1527 (postea
2571 1457 2809 1525 archiep.
2869 1457 3319 1525 Salisburgensis)
3403 1474 3544 1511 can-

1861 1546 2127 1598 cellarius
2165 1547 2206 1598 N
2240 1550 2295 1598 et
2326 1545 2972 1598 vicearchicancellarius
3012 1544 3178 1615 (171),
3236 1546 3390 1599 Ludu
3447 1562 3542 1599 ar-

1860 1632 2345 1687 chicancellarius.

1931 1720 2070 1772 Data
2121 1736 2208 1772 xvi
2258 1720 2493 1773 Kalend.
2557 1720 2850 1785 Novemb,
2885 1720 3080 1773 indict.
3110 1735 3199 1784 xv,
3236 1736 3384 1772 anno
3442 1721 3543 1772 Do-

1856 1807 2078 1860 minicze
2101 1807 2505 1860 incarnatiouis
2538 1812 2691 1871 1017,
2724 1823 2875 1860 anno
2897 1823 3028 1860 vero
3060 1806 3275 1860 domini
3318 1808 3540 1861 Henrici

1853 1895 1899 1947 Il
1932 1899 2201 1961 regnante
2236 1893 2359 1965 [sic]
2393 1911 2482 1961 xv,
2512 1894 2738 1963 imperii
2771 1899 2964 1947 autem
3006 1911 3089 1947 ut.

1919 1985 2123 2035 Actum
2153 1982 2558 2035 Franconefort
2586 1982 2842 2105 felEciter.
2876 1983 3078 2035 Amen.

1854 2123 1910 2177 S.
1961 2122 2241 2175 Henricus
2272 2124 2338 2175 II
2377 2124 2507 2189 imp.
2558 2123 2799 2189 P0pponi
2859 2125 2909 2174 et
2960 2123 3186 2175 ecclesia
3237 2122 3541 2176 Trevir-ensi

1922 2194 2129 2257 confert
2199 2198 2399 2245 curtem
2468 2193 2850 2259 Con/tuentium
2908 2207 3028 2244 cum
3101 2193 3342 2245 omnibus
3412 2209 3536 2260 per-

1923 2265 2189 2316 tinentiis.
3198 2277 3207 2285 ν

2499 2331 2686 2399 (Anno
2724 2331 2901 2399 10l8.)

2028 2402 2377 2473 [llontheim,
2429 2405 2570 2455 Hist.
2612 2405 2814 2455 Trecir.
2848 2402 3099 2469 diplom.,
3133 2401 3175 2467 Ι,
3212 2400 3361 2471 354.)

1900 2485 1980 2551 _In
2031 2485 2261 2537 nomine
2319 2489 2529 2536 sanctae
2583 2487 2639 2536 et
2683 2484 2988 2537 individuaa
3044 2484 3356 2545 Trinitatis,
3401 2484 3543 2537 HEN-

1850 2589 2000 2626 RlCUS
2040 2572 2231 2625 divina
2280 2572 2501 2624 favente
2557 2571 2872 2625 clementia
2937 2572 3320 2625 Romanorum
3370 2572 3544 2641 impe-

1853 2665 2011 2714 rator
2030 2662 2338 2729 Augustus.

1920 2747 1977 2801 Si
2006 2747 2354 2800 venerabilia
2383 2747 2750 2800 ecclesiarum
2812 2747 2909 2800 Dei
2947 2748 3063 2799 loca
3117 2746 3354 2814 alicujus
3405 2743 3542 2797 doni

1851 2836 2152 2888 commodo
2184 2835 2490 2887 sublimare
2522 2835 2931 2899 studuerimus,
2971 2834 3135 2886 nobis
3176 2834 3233 2886 id
3265 2833 3542 2901 regnique

1849 2924 2029 2976 nostri
2063 2923 2232 2975 statui
2263 2923 2629 2993 profuturum
2690 2939 2828 2988 esse,
2894 2922 3128 2974 minime
3188 2921 3536 2974 dubitamus.

1852 3012 2209 3080 Quapropter
2230 3011 2450 3064 noverit
2472 3010 2727 3063 omnium
2780 3010 2985 3063 Christi
3009 3010 3265 3062 fidelium
3314 3013 3539 3061 nostro-

1858 3117 2101 3171 rumque
2132 3100 2466 3152 universitas
2496 3100 2741 3168 qualiter
2772 3115 2896 3163 nos,
2922 3114 3025 3168 pro
3054 3098 3307 3151 remedio
3335 3092 3539 3150 animas

1854 3194 2085 3254 nostras,
2117 3204 2221 3240 nec
2251 3204 2366 3241 non
2422 3187 2802 3241 dilectissimae
2851 3185 3109 3255 conjugis
3162 3190 3391 3249 nostrae,
3430 3184 3537 3237 Cu-

1855 3275 2123 3345 nigundaa
2170 3275 2430 3328 videlicet
2468 3274 2846 3343 imperatricis
2894 3276 3182 3342 Augustin,
3223 3271 3540 3324 Trevirensi

1855 3362 2134 3427 Ecclesiae,
2221 3362 2313 3415 cui
2388 3361 2729 3415 venerabilis
2795 3361 3255 3429 archiepiscopus
3342 3359 3538 3427 Poppo

1852 3466 2096 3520 praeesse
2124 3449 2366 3510 videtur,
2395 3448 2700 3518 quamdam
2750 3448 2927 3501 nostri
2966 3448 3110 3517 juris
3158 3450 3375 3499 curtem
3433 3461 3538 3497 no-

1856 3537 2009 3590 mine
2040 3534 2459 3590 Conﬂuentiam
2515 3540 2571 3589 et
2628 3534 2770 3603 (179)
2798 3535 3077 3588 abbatiam
3112 3534 3277 3586 sitam
3304 3533 3362 3585 in
3391 3547 3538 3601 pago

1854 3623 2104 3677 Trichire
2153 3623 2322 3687 (173),
2385 3622 2445 3674 in
2505 3622 2777 3675 comitatu
2829 3637 2959 3673 vero
3023 3620 3305 3673 Bertholdi
3362 3618 3536 3672 comi-

1852 3710 1942 3777 tis,
1979 3724 2108 3761 cum
2149 3708 2415 3761 theloneo
2448 3712 2504 3760 et
2535 3712 2784 3772 moneta,
2814 3712 3016 3759 etcum
3039 3706 3308 3758 omnibus
3339 3720 3538 3758 eorum

1854 3794 2217 3866 pertinentiis
2251 3794 2420 3862 (174),
2456 3793 2621 3858 areis,
2684 3793 2959 3857 adiﬁciis,
2996 3790 3291 3861 mancipiis
3322 3791 3537 3843 utrius-

1856 3917 1955 3955 seu
2010 3901 2199 3953 villam
2245 3901 2452 3966 regiam
2508 3898 2859 3967 pertinentes
2892 3902 3275 3967 recensentur.
3329 3895 3432 3949 Sed
3481 3898 3539 3948 et

1855 3971 2145 4025 interdum
2178 3977 2366 4021 curtes
2398 3966 2570 4034 regiae
2593 3971 2862 4036 palatium
2892 3967 3161 4036 principis
3212 3966 3532 4035 designant.

1858 4044 2109 4108 Utroque
2141 4054 2304 4092 sensu
2341 4040 2688 4093 Contluentia
2722 4040 2895 4091 curtis
2916 4038 3072 4105 regia
3104 4036 3225 4108 fuit.

1926 4105 2071 4179 (173)
2099 4110 2370 4162 Abbatam
2402 4112 2565 4162 sitam
2593 4112 2651 4161 in
2697 4124 2838 4176 pago
2889 4110 3149 4179 Trichire.
3212 4105 3536 4179 Trajecten:

1856 4197 1975 4233 sem
2007 4174 2063 4233 Si
2096 4179 2333 4233 Servatii
2378 4178 2661 4232 abbatiam
2698 4174 2793 4232 hic
2834 4178 3024 4231 minus
3071 4182 3222 4228 recte
3270 4174 3537 4242 intelligit

1858 4252 2166 4310 Browerus,
2201 4250 2402 4301 Annal.
2438 4254 2576 4301 tom.
2632 4250 2669 4302 Ι.
2704 4249 2801 4301 lib.
2842 4264 2916 4313 χι,
2952 4264 3007 4299 n.
3046 4250 3126 4311 16,
3159 4262 3215 4314 p.
3261 4246 3381 4297 507.
3416 4245 3536 4296 Non

1859 4321 2012 4373 enim
2057 4320 2331 4372 abbatiam
2383 4320 2629 4371 Trichire
2675 4319 2811 4371 dicit
2840 4319 3170 4385 imperator,
3214 4315 3327 4385 sed
3375 4316 3537 4385 sitam

1859 4394 1916 4444 in
1946 4406 2087 4457 pago
2139 4390 2404 4453 Trichire;
2436 4390 2491 4441 in
2524 4405 2635 4456 quo
2666 4383 2938 4440 Trichirai
2978 4402 3124 4457 pago
3183 4383 3537 4437 Conﬂuentia

1860 4455 1987 4513 cum
2018 4455 2141 4529 ipsa
2171 4458 2395 4510 abbatia
2429 4455 2753 4529 quaerenda.
2785 4457 3006 4509 Scilicet
3038 4455 3127 4506 hic
3157 4470 3337 4529 pagus
3366 4468 3535 4505 omne

1860 4530 1999 4583 illud
2041 4523 2339 4581 'terrarum
2408 4523 2653 4595 spatium
2733 4530 2985 4594 occupat,
3049 4524 3200 4595 quod
3267 4523 3535 4595 Hunnes-

1860 4598 2057 4652 ruckio
2090 4599 2352 4650 Rhenum
2394 4591 2540 4649 inter
2569 4602 2625 4648 et
2647 4591 2929 4648 Mosellam
2956 4594 3026 4646 ad
3058 4594 3176 4662 ipsa
3210 4607 3397 4662 usque
3428 4591 3529 4643 hu-

1854 4671 1949 4737 jus
2000 4668 2158 4721 fluvii
2209 4668 2352 4719 ostia
2406 4667 2715 4773 interjacet.
2771 4665 2897 4728 Sed,
2940 4660 3161 4731 inquis,
3195 4677 3323 4740 quae
3384 4660 3537 4713 intra

1860 4737 2274 4773 Pnnnnnnﬁnm
2312 4736 2530 4773 nhhatin
2612 4734 2943 4773 Rnennnrlpn
2973 4753 2983 4763 ι
3038 4734 3276 4773 Rm‘lnua
3338 4735 3391 4773 Μ
3430 4729 3537 4773 nnl-

1860 4729 2277 4792 Conﬂuentiam
2311 4729 2571 4788 abbatia?
2612 4734 2983 4803 Respondeo:
3022 4729 3281 4785 Ecclesia
3338 4735 3392 4783 et
3430 4729 3537 4803 col-

1860 4808 2073 4884 legium
2199 4806 2467 4884 _Floriani,
2500 4806 2672 4884 quod,
2722 4800 2880 4884 teste
2906 4804 3158 4884 ipsemet.
3181 4800 3534 4884 Browe'ro._l..

1859 4872 1978 4943 cii,
2019 4894 2075 4946 p.
2120 4878 2242 4939 504,
2275 4892 2332 4928 n.
2392 4877 2444 4940 4,
2498 4872 2565 4926 iis
2620 4874 2977 4946 temporibus
3005 4872 3311 4946 vocabatur
3360 4873 3420 4924 B.

1866 4951 1930 5003 V.
1963 4941 2365 5009 monasterium,
2412 4961 2545 4998 voce
2589 4960 2654 4998 eo
2704 4941 2824 4997 (evo
2878 4942 3296 4996 cathedralibus
3323 4946 3377 4993 et
3425 4941 3538 4991 col-

1860 5017 2084 5096 legiatis
2168 5016 2416 5094 ecclesiis
2476 5016 2591 5095 fere
2637 5014 2943 5096 communi.
2993 5009 3539 5096 Nempe'cauonicis

1861 5078 1998 5140 olim
2027 5087 2086 5139 in
2126 5086 2415 5139 communi
2464 5086 2785 5137 viventibus
2825 5089 3109 5153 praeerant
3137 5078 3390 5153 'abbates,
3428 5078 3539 5153 _s_ed

1861 5158 2155 5210 saeculares
2188 5172 2200 5209 :
2234 5157 2302 5208 de
2335 5172 2579 5224 quorum
2625 5149 2843 5208 oflicio'
2872 5160 2926 5206 et
2971 5150 3367 5225 praerogativis
3398 5149 3540 5225 “Mo-

1862 5229 2022 5280 Ianus
2055 5228 2131 5279 De
2180 5216 2468 5278 canonicis
2503 5226 2596 5277 lib.
2646 5242 2706 5287 ιι,
2738 5241 2858 5292 cap.
2896 5228 2944 5275 5.
2972 5216 3047 5274 _Et
3083 5216 3231 5289 apud
3269 5216 3538 5292 Leodien-

1862 5313 1949 5349 ses
1998 5297 2253 5366 quidem,
2324 5296 2596 5363 aliosque.
2660 5285 2779 5361 ejus
2805 5285 2916 5345 ἐξνὶ
2967 5285 3207 5366 more—et
3234 5288 3396 5366 style.
3430 5285 3539 5366 col-

1865 5353 2033 5435 legia.
2069 5353 2754 5435 canonicorumabbatias
2784 5364 3138 5435 nuncupatas
3168 5356 3336 5435 fuisse
3364 5353 3538 5435 tradi-

1862 5426 1955 5489 tur
1982 5452 2014 5487 a
2052 5437 2260 5498 Miraeo,
2300 5437 2545 5502 Diplom.
2598 5434 2800 5501 Belgio.
2836 5432 2930 5481 lih.
2977 5426 3030 5485 u.
3062 5444 3182 5494 cap.
3220 5426 3453 5502 19,_'not.
3488 5426 3536 5474 l.

1936 5505 2081 5574 (174)
2115 5493 2509 5560 Ουγηίἠθὶοηεο
2555 5510 2605 5574 et
2642 5493 2849 5574 moneta
2896 5503 2943 5574 et
3000 5493 3143 5573 cum;
3175 5493 3415 5574 omnibus
3462 5506 3542 5574 eo:

1864 5564 1987 5629 rum
2012 5564 2379 5643 pértinentiis,
2412 5579 2514 5625 etc.
2544 5572 2641 5625 His
2669 5572 2896 5623 demum
2928 5564 3244 5633 imperialis
3273 5564 3542 5630 prmcepti
