3980 6400
371 330 478 384 339

1674 322 1730 377 8.
1773 321 2069 377 HENBICI
2103 318 2582 377 IMPERATORIS

3786 316 3913 371 340

373 463 483 519 que
539 461 722 513 sexus,
784 444 960 515 agris,
1016 441 1264 514 pascuis,
1338 442 1546 508 vineis,
1622 442 1819 513 pratis,
1891 442 2069 509 silvis,
2099 443 2146 496 A
2182 446 2393 497 nostras
2446 440 2710 496 videlicet
2760 437 3052 494 servitutis
3122 437 3521 509 paratissimus
3596 438 3910 509 praesidet,

373 533 797 598 venationibus,
833 531 998 602 aquis
1048 546 1402 602 aquarumve
1457 530 1810 596 decursibus,
1853 531 2076 584 molen-

375 623 551 691 dinis,
584 621 692 674 viis
719 625 778 674 et
806 618 995 685 inviis,
1023 619 1270 673 exitibus
1302 624 1358 672 et
1412 618 1712 680 reditibus,
1765 618 2078 672 mobilibus

385 716 444 766 et
502 708 922 777 immobilibus,
962 724 1064 761 seu
1116 724 1245 761 cum
1277 707 1436 760 omni
1472 707 1713 759 utilitate
1754 722 1883 776 quas
1929 707 2080 760 ulla-

372 804 543 854 tenus
572 802 672 853 aut
729 796 899 851 scribi
948 804 1047 852 aut
1096 796 1283 850 notari
1331 796 1534 865 possit,
1577 795 1857 849 tradimus
1910 800 2081 866 atque

383 888 630 943 ﬁrmiter
696 886 997 940 donamus.
1062 885 1126 939 Et
1176 889 1239 937 ut
1289 885 1411 937 haec
1456 888 1669 937 nostra:
1724 884 2084 938 auctoritatis

375 977 591 1047 pagina
630 973 850 1028 stabilis
876 978 933 1026 et
954 972 1292 1026 inconvulsa
1333 970 1493 1025 omni
1543 975 1884 1041 permaneat
1938 988 2078 1040 aevo,

381 1079 509 1118 eam
567 1077 746 1116 manu
790 1060 1027 1132 propria
1083 1060 1438 1128 roborantes,
1471 1059 1646 1129 sigilli
1701 1059 2084 1131 impressione

377 1151 654 1224 jussimus
684 1149 977 1219 insigniri.

455 1240 681 1305 Signum
738 1237 945 1290 domini
1001 1237 1241 1291 Henrici
1292 1238 1655 1292 Romanorum
1730 1238 2087 1293 invictissimi

381 1310 727 1378 imperatoris
750 1308 1015 1376 Augusti.

457 1395 808 1451 Guntherius
883 1394 1257 1450 cancellarius
1300 1394 1421 1449 vice
1472 1393 1850 1450 Erchenbaldi
1907 1394 2087 1450 archi-

382 1485 662 1556 capellani
689 1484 1022 1553 recognovi.

457 1578 620 1628 Anno
690 1571 1104 1627 incarnationis
1181 1570 1408 1625 Domini
1469 1571 1650 1624 nostri
1689 1571 1823 1625 Jesu
1877 1569 2087 1626 Christi

388 1666 546 1731 1018,
582 1661 782 1716 indict.
822 1679 859 1726 ι,
903 1677 1053 1715 anno
1085 1660 1253 1730 regni
1284 1658 1506 1714 domini
1538 1659 1769 1715 Henrici
1804 1660 2088 1714 Romano-

385 1768 514 1806 rum
546 1749 907 1804 invictissimi
952 1748 1319 1819 imperatoris
1378 1748 1620 1818 Augusti
1649 1764 1787 1816 xvn,
1850 1748 2086 1819 imperii

390 1843 581 1894 autem
601 1855 653 1892 v.
688 1840 893 1892 Actum
919 1837 1413 1891 Boderebrunnen
1434 1835 1693 1890 feliciter.
1726 1836 1940 1890 Amen.

388 1980 445 2035 S.
493 1979 779 2033 Henricus
845 1978 1107 2100 ecciesiaed
1125 1908 1552 2101 Ραὲἓοὸοτὶηεηεὶ
1603 1976 1876 2046 praedium
1917 1976 2088 2046 quod-

1108 2063 1196 2101 am
1266 2063 1411 2101 ona.
1629 2057 1651 2076 ’

1108 2063 1196 2101 am
1226 2057 1411 2101 donat.
1629 2057 1651 2076 ⁸

1034 2117 1223 2187 (Anno
1280 2116 1456 2185 1018.)

678 2188 811 2260 [Cod
838 2185 1063 2257 diplom.
1105 2190 1250 2241 Hist.
1298 2186 1540 2260 Westpli.
1566 2202 1639 2260 _p.
1674 2185 1791 2258 75.]

461 2260 520 2315 C.
572 2260 638 2313 In
681 2257 926 2313 nomine
1013 2264 1223 2312 sanctas
1285 2262 1343 2311 et
1398 2257 1709 2312 individua;
1772 2257 2088 2327 Trinitatis,

394 2350 673 2403 [leuamus
697 2346 888 2401 divina
914 2346 1140 2401 favente
1171 2346 1476 2401 clementia
1535 2347 1925 2402 Romanorum
1980 2346 2092 2401 im-

393 2441 625 2506 perator
651 2438 965 2506 Augustus.

473 2523 706 2578 Noverit
731 2524 990 2578 omnium
1016 2523 1120 2577 Dei
1161 2522 1419 2578 ﬁdelium
1475 2531 1920 2595 nostrorumque
1975 2528 2094 2578 tam

398 2612 773 2684 praesentium
815 2629 987 2683 quam
1022 2611 1498 2682 subsequentium
1545 2611 1826 2665 industria
1851 2612 2096 2682 qualiter

396 2717 524 2767 nos,
553 2700 881 2755 interventu
921 2702 1142 2755 dilecta:
1176 2701 1437 2772 conjugis
1468 2705 1703 2767 nostras,
1737 2700 2094 2771 Cunigundaa

400 2788 658 2844 videlicet
683 2789 1063 2859 imperatricis
1106 2794 1389 2861 augustae,
1448 2789 1821 2860 ﬁdeliumque
1866 2795 2094 2844 nostro-

397 2894 549 2945 rum,
628 2879 919 2948 Popponis
973 2879 1335 2933 Treverensis
1391 2877 1826 2949 archiepiscopi,
1885 2878 2096 2932 Erkan-

396 2966 554 3022 baldi
580 2968 896 3037 Mogontini
927 2967 1370 3038 archiepiscopi,
1414 2966 1729 3021 Eberhardi
1768 2968 2096 3021 Babenber-

400 3055 592 3126 gensis
659 3056 935 3127 episcopi,
1010 3056 1313 3110 Adelbaldi
1376 3055 1747 3127 Trajectensis
1824 3055 2093 3126 episcopi,

400 3144 539 3197 item
589 3144 878 3214 Popponis
927 3144 1146 3197 abbatis
1204 3144 1510 3209 Vultensis,
1571 3142 1861 3197 Godefridi
1914 3143 2093 3211 ducis,

404 3231 717 3286 Bernhardi
760 3232 939 3298 ducis,
996 3231 1242 3285 Becelini
1298 3231 1553 3295 comitis,
1614 3229 1864 3283 ecclesias
1904 3231 2097 3283 Pater-

403 3321 744 3390 brunnensi,
807 3321 899 3374 cui
960 3321 1325 3375 venerandus
1387 3320 1687 3390 episcopus
1738 3320 2100 3374 Meinwercus

402 3461 590 3514 verbis
635 3460 992 3515 Confluentia
1043 3460 1474 3530 archiepiscopo
1505 3460 1762 3529 subjecta
1807 3460 1936 3520 fuit,
1982 3461 2099 3515 imo

404 3548 478 3586 ne
541 3546 693 3585 nunc
750 3532 984 3601 quidem
1036 3531 1118 3584 ita
1164 3537 1230 3584 ut
1286 3531 1474 3584 omnis
1539 3532 1724 3584 adhuc
1764 3532 2098 3587 ofticialium

402 3603 634 3670 imperii
666 3608 917 3671 potestas
943 3603 1004 3655 in
1051 3618 1117 3655 ea
1142 3606 1405 3655 cessaret.
1441 3602 1602 3655 Conf.
1653 3601 2102 3657 instrumentum

402 3673 753 3727 fundationis
769 3672 1205 3739 Arnsteinianaa,
1235 3688 1329 3725 an.
1366 3676 1416 3735 1,
1454 3675 1549 3744 56,7
1572 3677 1690 3725 not.
1715 3673 1789 3726 ia.
1826 3674 2103 3744 Equidem

406 3744 629 3813 legitur
661 3744 719 3796 in
751 3744 1153 3814 GestisTrev.,
1188 3743 1600 3814 cap.746,_edit.
1639 3743 1896 3810 Lebnit.,’
1949 3746 2105 3814 quod

403 3812 669 3869 Henricus
702 3814 771 3883 (Il
805 3813 968 3883 imp.)
998 3813 1367 3880 Megingaudo
1424 3812 1738 3882 (Popponis
1795 3812 2103 3881 decessori)

404 3888 773 3952 episcopatum
813 3884 1246 3950 (Trevireusem)
1294 3884 1656 3953 conﬁrmavit,
1714 3900 1873 3951 quem
1932 3901 2106 3954 usque

406 3956 479 4008 ad
532 3958 691 4021 ﬁnem
723 3959 857 4008 vita?
912 3970 1022 4008 suae
1066 3958 1125 4007 in
1182 3955 1492 4007 castello....
1540 3956 1875 4021 Conﬂuentia
1923 3956 2103 4009 admi-

405 4028 682 4078 nistravit.
719 4026 864 4078 Item
919 4024 1072 4093 apud
1120 4025 1428 4095 Abericum
1485 4024 1556 4077 ad
1614 4040 1704 4077 an.
1752 4026 1909 4088 1003,
1964 4043 2025 4095 p.
2067 4043 2106 4080 ιι

406 4096 627 4157 Chron.,
660 4111 718 4162 p.
748 4096 816 4146 42
869 4110 883 4147 :
936 4097 1325 4148 Dissensio.....
1377 4094 1474 4147 diu
1504 4096 1635 4161 fuit,
1685 4100 1736 4148 et
1782 4094 2103 4163 Megingau-

408 4166 511 4218 dus
540 4180 748 4233 semper
802 4164 953 4233 apud
981 4166 1369 4232 Con/tuentium
1407 4168 1630 4217 mansit.
1666 4166 1731 4218 Et
1778 4167 2104 4234 expressius

408 4236 654 4302 Ditmar,
683 4235 895 4288 Chron.
930 4235 1029 4288 lib.
1064 4251 1156 4301 vn,
1206 4251 1265 4304 p.
1317 4236 1420 4287 406
1455 4250 1467 4287 :
1516 4236 1912 4301 Megingaudus
1972 4238 2103 4290 obiit

2190 531 2295 584 sub
2349 530 2572 584 honore
2644 528 2791 599 agite
2876 526 2978 582 Dei
3038 525 3332 597 genitricis
3365 526 3557 580 Marias
3594 526 3915 596 sanctique

2191 619 2443 673 martiris
2500 618 2711 671 Kiliani
2743 632 2846 670 nec
2869 632 2984 670 non
3016 621 3072 669 et
3117 614 3434 668 beatissimi
3496 615 3916 669 confessorum

2192 706 2372 760 sancti
2413 705 2625 759 Liborii
2672 703 2927 776 episcopi
2967 706 3307 757 constructa:
3361 708 3531 772 atque
3593 702 3916 769 dedicatae,

2191 796 2305 849 tale
2336 793 2619 865 praedium
2648 794 2815 864 quale
2850 792 3015 845 Willa
3044 806 3148 862 per
3168 806 3406 844 manum
3444 790 3611 844 nobis
3646 791 3813 845 dedit
3850 795 3917 843 et

2191 899 2537 938 consensum
2576 881 2840 951 conjugis
2868 884 2926 934 et
2981 879 3236 933 advocati
3260 878 3347 932 sui
3375 879 3617 947 Ottonis,
3656 880 3717 933 in
3767 881 3917 933 loco

2191 971 2634 1042 Siburgohusun
2664 970 2984 1031 nominato,
3019 967 3079 1021 in
3115 966 3392 1021 comitatu
3441 967 3655 1021 Udonis
3709 968 3914 1020 comi-

2190 1060 2281 1125 tis,
2317 1060 2375 1113 in
2416 1074 2565 1130 pago
2593 1056 3099 1123 Hemmerveldun,
3124 1071 3257 1109 cum
3293 1055 3561 1110 omnibus
3590 1055 3920 1126 pertinen—

2190 1149 2285 1203 tiis
2312 1148 2445 1211 suis,
2496 1145 2971 1217 possessionibus,
3010 1143 3312 1213 mancipiis
3358 1143 3661 1215 utriusque
3702 1160 3916 1211 sexus,

2192 1238 2365 1308 agris,
2392 1236 2668 1300 aediliciis,
2696 1234 2864 1287 terris
2893 1233 3062 1287 cultis
3115 1237 3171 1286 et
3209 1232 3462 1298 incultis,
3511 1233 3675 1303 aquis
3714 1248 3919 1303 aqua-

2190 1340 2438 1394 rumque
2470 1322 2823 1387 decursibus,
2847 1321 3049 1391 pratis,
3079 1320 3307 1390 pascuis
3343 1321 3459 1374 sive
3514 1321 3913 1391 compascuis,

2191 1411 2559 1479 molendinis,
2590 1409 3023 1481 piscationibus,
3058 1408 3243 1475 silvis,
3275 1409 3383 1461 viis
3405 1414 3461 1462 et
3498 1408 3687 1472 inviis,
3747 1425 3920 1462 cuu-

2194 1501 2412 1571 ctisque
2436 1499 2693 1571 qumsitis
2723 1497 2811 1552 vel
2855 1496 3239 1568 inquirendis,
3302 1498 3364 1550 in
3409 1497 3711 1568 proprium
3765 1498 3921 1567 jure

2194 1590 2437 1661 perenni
2459 1588 2824 1643 tradidimus.
2861 1588 2926 1641 Et
2956 1590 3018 1641 ut
3047 1587 3169 1640 haec
3198 1586 3436 1640 tradicio
3465 1586 3741 1656 praecepti
3798 1602 3922 1639 uo-

2196 1678 2299 1733 stri
2320 1678 2489 1732 ﬁrma
2527 1681 2585 1731 et
2632 1676 2966 1730 inconvulsa
3022 1679 3379 1746 permaneat,
3428 1676 3577 1729 hanc
3623 1674 3921 1745 paginam

2196 1767 2334 1821 inde
2384 1765 2769 1835 conscriptam
2823 1780 3000 1817 manu
3047 1763 3284 1833 propria
3340 1763 3680 1817 roborantes
3720 1762 3921 1834 sigilli

2196 1855 2381 1911 nostri
2411 1853 2819 1907 subterbullari
2839 1853 3118 1922 jussimus
3141 1852 3539 1922 impressione.

2270 1945 2495 2009 Signum
2543 1942 2728 1994 domui
2763 1939 2995 1993 Henrici
3052 1941 3424 1994 Romanorum
3473 1939 3554 2010 (L.
3590 1940 3683 2005 Μ.)
3741 1941 3914 1993 invi-

2198 2016 2425 2069 ctissimi
2452 2013 2799 2081 imperatoris
2829 2014 3088 2078 Augusti.

2270 2101 2619 2158 Guntherius
2651 2100 3023 2154 cancellarius
3058 2098 3179 2154 vice
3210 2098 3567 2154 Ercambaldi
3632 2099 3910 2154 archica-

2197 2190 2414 2264 pellani
2444 2189 2794 2261 recognovit.

2272 2282 2414 2335 Data
2445 2297 2463 2334 1
2494 2279 2575 2334 Id.
2616 2279 2778 2349 Apr.,
2811 2276 3122 2332 indictione
3152 2294 3193 2345 ι,
3248 2292 3398 2331 anno
3446 2276 3762 2332 Dominica:
3824 2277 3919 2333 in-

2200 2367 2551 2423 carnationis
2594 2370 2751 2434 1018,
2780 2383 2933 2421 anno
2962 2382 3097 2420 vero
3154 2365 3352 2420 domni
3402 2366 3628 2421 Henrici
3662 2367 3915 2420 secundi

2200 2456 2497 2528 regnantis
2533 2472 2648 2537 xvi,
2671 2455 2903 2525 imperii
2933 2458 3127 2579 auéplm
3151 2470 3203 2508 v.
3259 2456 3465 2508 Actum
3523 2455 3917 2525 Noviomago.

2201 2600 2260 2656 S.
2306 2599 2589 2663 Henricus,
2656 2599 2973 2666 imperator,
3034 2598 3479 2664 Aquisgranense
3524 2598 3922 2651 canonicorum

2342 2670 2405 2722 S.
2430 2670 2709 2724 Adelbcrti
2756 2669 3035 2732 collegium
3064 2668 3266 2734 fundat
3296 2684 3357 2721 ac
3402 2668 3555 2721 dotat
3589 2668 3755 2737 (175).

2840 2739 3030 2807 (Anno
3080 2738 3260 2807 1018.)

2532 2808 2798 2879 [Miraaus,
2848 2810 2988 2877 Opp.
3045 2809 3296 2878 diplom.,
3337 2809 3405 2875 1.,
3439 2807 3582 2877 149.]

2274 2880 2554 2946 Quoniam
2601 2879 2997 2933 indubitanter
3044 2879 3254 2932 scimus
3305 2879 3366 2933 in
3434 2883 3743 2948 conspectu
3809 2879 3922 2933 Dei

2127 3010 2169 3065 Ο
2204 2971 2428 3040 placere
2459 2972 2788 3021 sanctorum
2820 2968 2945 3021 loca
2979 2966 3274 3021 instituere
3306 2971 3363 3021 et
3409 2968 3741 3033 sublimare,
3810 2984 3921 3037 spe

2207 3058 2417 3112 divinas
2443 3055 2947 3121 remunerationis,
2977 3071 3082 3125 pro
3114 3056 3372 3109 remedio
3406 3056 3615 3109 animas
3667 3061 3917 3123 nostrae,

2207 3146 2585 3216 conjugisque
2615 3148 2823 3197 nostra
2842 3144 3083 3198 dilectae.
3109 3144 3478 3214 Cunegundis
3508 3144 3775 3198 videlicet
3808 3145 3923 3198 im-

2205 3233 2504 3305 peratricis
2533 3235 2824 3302 Augustae,
2875 3247 2980 3285 nec
3036 3248 3150 3286 non
3200 3236 3506 3302 parentum
3552 3237 3918 3298 nostrorum,

2207 3327 2343 3377 tunc
2372 3321 2547 3375 etiam
2585 3336 2694 3387 pro
2736 3320 3130 3374 conﬁrmando
3162 3320 3269 3374 sub
3300 3320 3492 3374 divina
3545 3319 3915 3390 protectione

2207 3466 2317 3527 rat,
2366 3460 2619 3514 residere
2674 3459 2871 3514 voluit.
2934 3461 3136 3513 Dotem
3158 3464 3354 3530 postea
3385 3460 3539 3514 auxit
3585 3460 3733 3524 Otto,
3787 3460 3916 3530 pri-

2209 3549 2339 3586 mus
2387 3534 2595 3593 Cmsar,
2619 3535 2683 3584 ut
2734 3537 2791 3585 et
2862 3546 3167 3584 numerum
3213 3531 3616 3584 canonicorum
3661 3532 3918 3600 amplio-

2211 3619 2331 3657 rem
2381 3602 2515 3656 fecit
2575 3603 2853 3669 Notgerus
2909 3602 3268 3654 Leodicensis
3313 3602 3633 3672 episcopus,
3678 3603 3739 3654 in
3795 3618 3919 3673 qua

2212 3674 2438 3728 dioecesi
2466 3672 2587 3726 sita:
2617 3677 2750 3725 sunt
2778 3676 2954 3743 Aquas
2986 3673 3180 3743 Grani.

2284 3743 2566 3797 Palatium
2654 3740 2861 3811 porro'
2906 3740 3367 3813 Aqdisgranense
3440 3741 3777 3796 Godefridus
3859 3747 3919 3796 et

2214 3814 2528 3883 Sigefridus
2584 3829 2748 3881 reges
2807 3828 2958 3867 anno
3018 3817 3120 3867 882
3177 3813 3560 3867 incenderunt
3608 3818 3664 3865 et
3712 3818 3912 3866 vasta-

2215 3891 2368 3949 runt,
2420 3890 2487 3938 ut
2533 3884 2861 3954 Sigebertus
2914 3884 2975 3937 in
3029 3884 3313 3938 Chronico
3370 3889 3628 3937 testatur.
3673 3883 3916 3953 Capella

2216 3961 2407 4009 autem
2464 3970 2564 4007 seu
2631 3955 2883 4017 basilica,
2922 3970 2975 4025 7a
3033 3954 3422 4008 fundamentis
3477 3970 3585 4025 per
3620 3954 3915 4025 Carolum

2215 4042 2346 4079 cum
2421 4024 2727 4095 peristyliis
2792 4024 3135 4079 solidissime
3218 4024 3556 4091 constructa,
3618 4024 3915 4095 hodieque

2215 4101 2452 4166 praestat
2479 4096 2666 4148 forma
2720 4096 2985 4161 rotunda,
3036 4096 3320 4149 columnis
3376 4096 3733 4159 marmoreis,
3796 4097 3914 4149 for-

2218 4167 2344 4220 nice
2409 4170 2826 4229 concamerato,
2891 4183 3021 4219 cum
3075 4167 3340 4220 cancellis
3389 4171 3445 4220 et
3493 4168 3677 4236 portis
3718 4167 3912 4229 aereis,

2219 4238 2458 4306 aliisque
2509 4238 2877 4301 ornamentis,
2944 4253 3073 4306 quas
3152 4238 3471 4306 Eginharus
3528 4238 3587 4290 in
3647 4236 3914 4304 ejusdem

404 4308 464 4358 in
492 4282 654 4359 urbe,
681 4322 781 4359 sua
838 4282 1156 4373 Cophelenci
1196 4282 1365 4359 dicta.
1431 4282 1763 4359 Undeacu‘in
1816 4308 2098 4373 Browero,
2130 4282 2174 4336 Β
2214 4308 2301 4360 sui
2334 4282 2605 4377 plrincipis
2644 4312 2701 4360 et
2758 4282 2883 4361 heri
2923 4282 3048 4361 Vita
3102 4282 3390 4373 deszribit,
3446 4311 3510 4360 ut
3565 4282 3757 4360 coram
3778 4282 3915 4360 “ali-

404 4377 611 4430 Annal.
645 4378 807 4430 Trev.
838 4381 977 4429 tom.
1011 4377 1056 4441 Ι,
1089 4378 1125 4429 l.
1160 4392 1215 4443 x,
1263 4392 1322 4429 n.
1382 4378 1499 4439 100,
1557 4392 1615 4445 p.
1646 4378 1770 4442 502,
1811 4378 2101 4431 concludit

406 4448 593 4512 Hahn,
648 4446 788 4499 Hist.
844 4447 984 4515 imp.
1031 4464 1086 4516 p.
1121 4463 1181 4515 ιι,
1241 4462 1364 4515 cap.
1402 4445 1509 4517 6,§
1564 4450 1616 4500 6.
1671 4452 1790 4501 not.
1841 4463 1910 4513 e.,
1954 4449 2099 4502 Con-

403 4518 701 4571 ﬂueutiam
740 4518 862 4587 jam
895 4523 1027 4571 ante
1056 4533 1274 4571 annum
1310 4519 1445 4571 1018
1496 4517 1669 4570 fuisse
1714 4518 1864 4587 juris
1904 4519 2095 4573 Trevi-

405 4589 607 4642 rensis.
662 4588 769 4641 Sed
802 4589 848 4640 is
878 4605 1025 4641 unus
1106 4588 1346 4641 Ditmari
1405 4588 1562 4641 locus
1612 4588 1707 4641 vix
1752 4588 1979 4644 efficiet.
2041 4590 2097 4644 Si

406 4658 583 4723 enim,
616 4658 768 4727 quod
798 4674 952 4712 suam
974 4660 1125 4712 dicat
1146 4659 1588 4722 Conﬂuentiam,
1624 4659 1692 4712 de
1725 4661 1877 4714 civili
1922 4662 2097 4715 etiam

399 4728 529 4796 jure
552 4728 959 4795 intelligamus,
1020 4735 1078 4782 et
1105 4730 1270 4783 facile
1308 4735 1393 4782 est
1449 4735 1514 4783 ut
1559 4730 1813 4799 prolepsi
1845 4746 1981 4783 usus
2026 4731 2097 4784 sit

408 4798 703 4869 episcopus
726 4800 1208 4869 Merseburgensts
1234 4800 1294 4853 in
1350 4798 1650 4867 Chronico,
1717 4800 1872 4869 quod
1914 4802 2097 4856 serius

405 4868 657 4939 scripsit,
689 4873 745 4920 et
783 4870 851 4920 ad
885 4886 1101 4923 annum
1146 4872 1273 4923 1021
1325 4870 1611 4939 perduxit.
1655 4868 1939 4925 Caéterum
1989 4874 2098 4926 Me-

406 4936 767 5005 gingandum
802 4953 917 4990 non
946 4945 1143 5007 sponte
1189 4936 1605 4994 Conﬁnentiam
1648 4942 1966 5008 secessisse,
1999 4943 2096 4997 sed

405 5008 1131 5079 Adalberonisgpraspositi
1187 5010 1472 5063 violentiis
1520 5011 1802 5076 adactum,
1853 5018 2093 5079 constat,

406 5077 530 5131 Vid.
566 5078 730 5149 Gesta
788 5077 988 5149 Trev.r;
1025 5079 1190 5142 l.cit.,
1223 5080 1348 5132 Vita
1381 5081 1442 5132 Β.
1491 5080 1827 5149 Meinwerci,
1857 5084 1884 5149 §
1919 5086 2006 5147 10,
2037 5077 2094 5137 in

402 5150 525 5221 Act.
561 5146 654 5201 SS.
686 5148 1076 5221 Autvverpien.
1104 5149 1316 5221 mensis
1343 5149 1525 5221 Junii,
1572 5156 1711 5203 tom.
1770 5146 1821 5217 l,
1966 5156 2091 5221 534,

404 5218 490 5270 lit.
513 5234 603 5283 a.;
635 5217 900 5270 Alberius
927 5219 965 5289 l.
998 5218 1092 5271 cit.
1143 5220 1623 5289 Chronographus
1673 5221 1814 5274 Saxo
1855 5217 1943 5275 ‘ad
1998 5217 2091 5278 an.

409 5290 563 5357 1008.
606 5305 661 5357 p.
697 5291 838 5351 22ος
874 5287 1233 5357 Ditmarusp.
1271 5287 1393 5343 384.

474 5351 622 5432 (175}
648 5359 993 5432 Aquisgrani
1025 5358 1139 5432 duo
1169 5351 1308 5432 sunt
1362 5358 1769 5432 canonicorum
1835 5362 2089 5432 collegia,

401 5428 766 5502 Marianum,_
792 5428 1543 5502 et_Adelbertinum._Prius
1588 5430 1819 5502 Carolus
1858 5428 2093 5502 Magnus

398 5497 716 5572 imperator
743 5499 1203 5572 fundavit,et_in
1248 5500 1482 5554 basilica
1526 5501 1793 5572 rotunda,
1828 5497 2001 5572 quam
2031 5504 2094 5558 in

401 5568 612 5635 palatio
656 5584 758 5622 suo
788 5570 1005 5624 ibidem
1029 5570 1090 5624 in
1118 5570 1401 5624 honorem
1453 5570 1712 5641 Deiparas
1765 5568 2093 5627 construxe-

2210 4379 2459 4457 quando,
2548 4393 2677 4430 cum
2765 4378 3143 4432 admiratione
3213 4383 3553 4448 spectantes,
3639 4378 3956 4459 observata

2206 4464 2414 4502 Vimus.

2278 4518 2634 4573 Adelhertini
2665 4518 2887 4589 templi,
2955 4519 3246 4589 quondam
3302 4524 3487 4585 extra,
3537 4534 3689 4571 nunc
3751 4518 3910 4572 intra

2206 4605 2405 4643 muros
2481 4589 2961 4659 Aquisgranensis
3018 4589 3078 4642 in
3154 4606 3296 4659 rupe
3369 4590 3480 4656 siti,
3532 4590 3909 4643 fundamenta

2207 4660 2337 4715 Otto
2396 4661 2465 4713 lll
2504 4661 2692 4715 Caesar
2731 4661 2917 4729 (cujus
2974 4661 3234 4714 tumulus
3272 4661 3333 4713 in
3391 4660 3606 4714 Marina
3661 4661 3904 4713 Basilica

2201 4731 2319 4800 jam
2370 4731 2600 4784 laudata
2656 4732 2879 4800 visitur)
2934 4747 3037 4784 suo
3091 4748 3203 4784 agre
3255 4732 3465 4799 posuit.
3512 4731 3568 4785 S.
3623 4731 3906 4784 Henricus

2206 4801 2514 4855 aedificium
2572 4803 2828 4870 perfecit,
2891 4806 2947 4855 et
3014 4801 3318 4854 canonicos
3396 4801 3601 4871 amplis
3662 4803 3903 4868 praediis

2205 4872 2439 4937 dotavit,
2501 4888 2565 4924 ex
2600 4872 2809 4942 quibus
2858 4872 3038 4924 multa
3095 4872 3154 4925 in
3211 4872 3529 4925 conﬁnibus
3584 4873 3905 4925 Brabantia:

2207 4947 2264 4995 et
2290 4942 2593 5008 Zelandias,
2621 4943 2789 4996 tertio
2833 4942 3023 5011 lapide
3069 4942 3138 4995 ab
3172 4944 3520 5011 Antwerpia,
3561 4942 3707 4994 circa
3765 4946 3902 4996 Bat-

2204 5018 2474 5073 zentoren,
2506 5013 2671 5081 aquis
2692 5014 2959 5082 absorpta
2978 5014 3307 5081 perierunt;
3337 5018 3396 5067 ut
3420 5018 3477 5065 et
3503 5013 3651 5066 dicta
3682 5015 3862 5065 turris
3887 5028 3900 5065 :

2206 5098 2336 5152 quae
2384 5082 2590 5136 mediis
2649 5082 2710 5135 in
2769 5083 2954 5152 aquis,
2990 5084 3140 5136 haud
3183 5084 3381 5153 procul
3438 5101 3470 5135 a
3514 5083 3693 5136 Lilloa
3747 5085 3903 5137 velut

2205 5155 2437 5222 specula
2463 5153 2770 5217 eminebat,
2814 5154 2909 5206 sed
2966 5154 3203 5207 marinis
3244 5154 3513 5207 fluctibus
3541 5170 3708 5206 exesa
3768 5159 3903 5206 ante

2203 5240 2416 5294 paucos
2445 5239 2627 5276 annos
2672 5223 2941 5277 concidit.
3004 5225 3120 5277 Erit
3169 5231 3385 5287 tamen,
3454 5231 3515 5277 ut
3552 5240 3741 5294 spero,
3794 5224 3905 5277 ali-

2204 5296 2455 5363 quando,
2490 5310 2619 5347 cum
2649 5296 2907 5362 amplum
2954 5294 3104 5347 istud
3164 5296 3303 5348 olim
3360 5300 3573 5347 terram
3622 5294 3897 5360 spatium.

2203 5364 2585 5418 alluvionibus
2615 5371 2865 5429 auctum,
2896 5365 3199 5434 posteritas
3256 5365 3326 5418 ab
3356 5365 3564 5419 Oceani
3634 5366 3900 5418 ﬂuctibus

2202 5434 2534 5499 vindicabit,
2596 5435 3174 5505 Aquisgranensium,
3237 5436 3780 5505 Antwerpiensium,
3846 5440 3901 5487 et

2202 5505 2445 5559 aliorum
2476 5506 2650 5559 bono.

2271 5575 2326 5629 S.
2395 5575 2768 5646 Cunegundis
2812 5577 3094 5648 Augusta,
3148 5577 3203 5631 S.
3267 5576 3497 5631 Henrici
3554 5577 3601 5630 II
3659 5574 3896 5630 Caesaris
