3980 6418
46 372 60 398 ..λ
75 371 92 419 ἰ
103 372 117 421 ἱ
1314 367 1713 425 DIPLOMATA
1752 372 1882 428 ECC
1893 373 2198 430 LESIASTI
2206 375 2306 430 CA.

3474 383 3577 436 342

47 492 175 559 regni
214 490 419 545 nostri
451 495 634 558 statu,
664 490 972 544 ecclesiam
1024 490 1084 544 in
1108 491 1328 545 honore
1373 491 1428 545 S.
1464 493 1758 546 Adelberti
1795 497 1842 549 A
1874 497 2099 549 mannis
2123 497 2264 550 duas
2293 501 2508 565 partes,
2537 512 2667 567 quae
2691 497 2798 550 sita
2826 503 2909 552 est
2950 498 3010 552 in
3060 501 3354 556 territorio
3401 502 3576 558 Sues-

48 581 285 650 mrtyris
349 587 412 633 et
475 580 761 649 episcopi,
831 579 896 632 in
967 583 1159 632 monte
1218 580 1576 634 contermino
1635 583 1756 636 sedi

43 681 225 722 unum
269 669 549 739 Aquensi
617 685 650 720 a
682 667 849 721 nobis
903 667 1218 732 fundatam,
1255 668 1412 720 omni
1495 669 1755 723 libertate

50 763 337 823 .iunamns,
377 758 698 827 eidemque
759 756 1012 810 ecclesiae
1071 773 1304 810 omnem
1334 758 1758 826 possessionem

51 864 155 915 qua:
202 852 292 898 est
363 846 528 899 infra
585 861 844 907 murum,
902 861 1032 914 qua).
1093 845 1303 898 dicitur
1364 847 1568 912 Bruell,
1625 863 1756 900 cum

52 935 189 992 areis,
236 933 540 999 aedificiis,
573 933 750 1002 agris,
809 932 984 998 silvis,
1036 934 1239 1002 pratis,
1295 935 1540 1002 pascuis,
1593 936 1757 1005 aquis

52 1038 439 1093 aquarumque
505 1021 865 1083 decursibus,
931 1021 1198 1087 exitibus,
1279 1023 1576 1090 reditibus,
1651 1024 1757 1078 viis

50 1119 94 1164 et
137 1112 316 1178 inviis,
349 1127 462 1164 seu
495 1126 628 1163 cum
673 1112 836 1162 omni
883 1109 1126 1162 utilitate
1182 1126 1312 1180 quae
1351 1111 1639 1164 ullatenus
1666 1113 1756 1166 vel

51 1201 313 1253 nominari
343 1200 438 1252 vel
472 1199 649 1252 scribi
681 1202 897 1268 posset,
932 1198 1228 1252 tradimus.
1277 1241 1288 1253 .
1454 1239 1465 1250 .

34 1291 36 1294 ’
107 1295 260 1342 Anno
309 1287 744 1342 Incarnationis
779 1287 1010 1340 Domini
1063 1287 1370 1340 millesimo
1401 1287 1623 1342 decimo
1661 1305 1753 1341 oc-

53 1393 182 1442 mo,
232 1377 564 1430 indictione
642 1375 858 1445 prima,
924 1375 1086 1444 regni
1137 1376 1314 1428 nostri
1393 1376 1616 1430 decimo
1665 1393 1756 1430 se-

55 1472 224 1537 ptimo,
269 1466 512 1536 imperii
549 1471 744 1518 autem
779 1465 1000 1535 quinto.

109 1562 297 1610 Actum
334 1554 700 1626 Aquisgrani
730 1554 992 1608 feliciter.
1027 1557 1229 1608 Amen.

841 1661 975 1714 CIII.

59 1751 416 1827 S._Ilejn1'icus
463 1750 790 1827 _impera_tor
859 1750 1216 1827 possessiones
1270 1748 1505 1827 abigatis?
1560 1750 1751 1827 Sancti
1785 1775 1823 1827 Β

113 1822 311 1873 Gisleni
359 1823 418 1872 iu
452 1822 751 1873 Hau-Itonia
799 1823 1104 1887 conﬁrmat,
1155 1821 1402 1874 Gcrardo
1454 1822 1508 1885 Ι,
1563 1823 1748 1876 Came-

35 1909 44 1940 :
111 1893 305 1944 ταπειιεὶ
365 1893 645 1958 episcopo,
728 1896 777 1943 et
825 1892 1098 1956 Roginero
1154 1892 1253 1946 IV.
1303 1893 1609 1945 Hanno-nia;
1669 1909 1755 1945 co-

110 1966 240 2028 mite,
273 1963 714 2033 postulantibus.

689 2049 884 2120 (Anno
935 2051 1112 2120 1018.)

497 2137 747 2205 (Mirzeus
797 2138 894 2191 ubi
923 2153 1111 2206 supra,
1137 2137 1282 2212 508.]

111 2231 163 2281 In
207 2227 449 2281 nomine
485 2232 700 2280 sanctae
747 2231 803 2279 et
832 2226 1144 2280 individuae
1195 2227 1512 2295 Trinitatis,
1538 2230 1750 2282 Hamu-

65 2335 130 2368 ius
162 2321 297 2386 [176)
323 2316 532 2370 divina
561 2315 787 2369 favente
812 2315 1115 2369 clementia
1145 2317 1539 2370 Romanorum
1569 2319 1751 2387 impe-

62 2413 186 2456 rator
209 2409 533 2474 Augustus.

37 2507 48 2534 ι
117 2495 435 2563 lfbicunque
510 2493 771 2545 locorum
833 2491 1095 2545 ecclesias
1153 2508 1187 2545 a
1226 2492 1435 2546 Christi
1487 2493 1751 2548 fidelibus

63 2585 356 2636 constitutas
392 2582 442 2634 si
477 2582 570 2634 vel
625 2581 848 2651 aliquid
909 2580 1171 2634 addendo
1233 2582 1321 2634 vel
1360 2581 1554 2636 addito
1583 2584 1748 2651 juva-

65 2690 161 2724 mus
202 2671 626 2732 confirmando,
687 2669 852 2723 nobis
885 2669 943 2722 id
978 2669 1260 2741 regnique
1307 2671 1489 2724 nostri
1520 2672 1745 2725 stabili-

67 2763 142 2810 tati
170 2761 421 2829 prodesse
459 2776 583 2811 non
614 2757 965 2813 dubitamus.
1399 2817 1406 2824 ,

120 2848 460 2918 Quapropter
516 2846 744 2898 noverit
795 2845 1056 2898 omnium
1100 2844 1359 2899 ﬁdelium
1395 2841 1746 2902 nostrorum

69 2938 365 2990 universitas
397 2937 660 3006 qualiter
718 2951 819 2987 nos
859 2950 964 3003 pro
990 2935 1243 2988 remedio
1273 2935 1480 2989 animae
1512 2942 1743 3003 nostrae,

71 3027 378 3096 seniorisque
413 3032 470 3078 et
527 3023 758 3094 nepotis
799 3023 998 3092 nostri,
1046 3023 1196 3076 tertii
1231 3023 1495 3077 videlicet
1526 3026 1745 3079 Ottonis
1777 3054 1819 3108 ρ

71 3116 386 3183 .mperatoris
442 3113 715 3181 Augusti,
751 3111 852 3182 qui
886 3112 1072 3181 ipsum
1106 3112 1494 3166 venerabilem
1529 3114 1740 3177 locum,

72 3204 123 3254 ad
160 3204 246 3257 Dei
297 3202 608 3256 servitium
653 3201 732 3254 ibi
791 3201 1272 3267 conﬁrmandum,
1323 3202 1382 3255 in
1439 3203 1744 3256 tuitionem

72 3309 159 3343 :‘UiI!
212 3292 598 3362 imperatoriae
659 3290 1011 3343 auctoritatis
1070 3290 1346 3358 suscepit:
1417 3291 1745 3346 interventu

69 3382 206 3434 etiam
231 3381 525 3436 Reinharii
567 3379 819 3442 comitis,
853 3394 915 3430 ac
946 3377 1229 3447 petitione
1261 3379 1498 3432 Gerardi
1537 3382 1743 3434 Came—

71 3472 275 3522 racensis
330 3471 599 3522 Ecclesia:
650 3467 963 3520 venerandi
1020 3467 1302 3536 prmsulis,
1336 3469 1578 3538 pauperi
1619 3486 1738 3523 mo-

71 3560 296 3624 nasterio,
331 3560 388 3612 in
437 3559 667 3611 honore
714 3556 768 3609 S.
829 3554 980 3608 Petri
1041 3557 1434 3625 apostolorum
1465 3557 1743 3629 principis

72 3654 364 3713 constructo,
425 3647 524 3702 ubi
588 3645 875 3716 pretiosus
919 3645 1207 3698 confessor
1238 3646 1445 3699 Christi
1478 3647 1739 3702 Gislenus

71 3739 395 3806 corporaliter
449 3738 651 3807 jacere
691 3734 935 3799 videtur,
989 3733 1205 3803 prmdia
1237 3751 1269 3786 a
1303 3734 1509 3787 Christi
1551 3734 1742 3790 ﬁdeli-

34 3824 152 3874 -luis
199 3843 467 3890 concessa,
530 3824 624 3877 vel
696 3822 882 3875 adhuc
921 3822 1308 3890 concedenda,
1365 3823 1738 3892 praecinctum

73 3914 204 3965 etiam
230 3914 328 3967 loci
359 3914 543 3984 ipsius
579 3913 643 3966 in
687 3927 850 3982 gyro,
883 3927 916 3963 a
973 3911 1210 3965 ﬂumine
1241 3911 1504 3964 videlicet
1543 3913 1740 3982 Wamy

76 4016 216 4068 usque
243 4004 304 4056 ad
358 4005 512 4056 viam
569 4001 672 4054 ubi
701 4017 909 4069 magna
940 4016 1076 4052 crux
1118 4004 1329 4052 statuta
1365 4004 1469 4065 est,
1518 4005 1573 4054 et
1604 4001 1738 4055 inde

72 4088 124 4138 ad
150 4092 361 4144 alterum
430 4090 742 4145 Iluviolum
793 4089 892 4158 qui
948 4090 1160 4142 Aneton
1215 4090 1555 4159 appellatur,
1592 4094 1740 4144 etut

73 4174 223 4242 ipsum
254 4182 628 4250 prmcinetum
687 4179 748 4231 in
779 4177 1018 4230 circuitu
1050 4177 1160 4230 loci
1211 4183 1395 4231 totum
1449 4195 1576 4232 cum
1624 4180 1739 4232 dis-

73 4267 200 4318 triuio
242 4274 292 4322 et
343 4269 629 4322 comitatu
692 4270 904 4332 teneat,
963 4281 1078 4336 quo
1152 4282 1335 4337 usque
1392 4267 1460 4320 ad
1519 4270 1735 4321 ﬂumen

74 4369 298 4422 magnum
330 4361 583 4423 Hagnam
608 4355 926 4426 perveniat.

35 4458 52 4495 '.
130 4443 177 4494 ln
200 4446 320 4498 villa
367 4445 642 4512 Hornud,
680 4461 808 4514 quae
861 4444 1008 4497 infra
1062 4443 1435 4513 praecinctum
1469 4444 1734 4497 eumdem

76 4545 166 4582 esse
215 4532 579 4601 dignoscitur,
617 4548 796 4602 quam
846 4531 1151 4600 largitione
1211 4531 1520 4600 Dagoberti
1586 4532 1737 4601 regis

75 4615 230 4670 beatus
274 4621 529 4673 Gislenus
563 4623 850 4689 perpetuo
882 4618 1153 4687 possidet,
1195 4617 1348 4671 omni
1403 4622 1607 4686 quarta
1653 4619 1734 4672 fe-

77 4704 135 4754 ria
182 4714 474 4762 mercatum
523 4725 672 4771 esse,
724 4722 828 4777 per
884 4707 1031 4760 hanc
1084 4711 1338 4760 nostram
1374 4706 1734 4776 imperialem

76 4794 296 4860 paginam
343 4799 785 4861 conﬁrmamus,
843 4811 947 4849 nec
997 4812 1113 4849 non
1166 4795 1338 4850 etiam
1398 4795 1547 4849 villae
1601 4797 1736 4849 Ale—

75 4917 241 4982 cunjux
285 4925 336 4972 et
383 4921 567 4984 virgo,
635 4935 791 4972 anno
857 4920 1013 4985 1040,
1074 4920 1144 4972 ad
1202 4919 1502 4972 meliorem
1561 4919 1737 4972 vitam

75 4989 273 5060 trainiit,
320 4992 653 5060 Bambergze
684 4989 914 5042 condita
973 4990 1033 5042 in
1085 4989 1582 5044 Benedictinarum
1626 5007 1736 5041 cui-

74 5057 213 5127 nuliio
241 5077 269 5111 a
297 5078 348 5113 sc
379 5057 639 5115 condito.
682 5063 760 5114 De
817 5065 1081 5129 utroque,
1116 5065 1178 5113 ut
1205 5062 1273 5114 de
1330 5061 1391 5114 S.
1432 5060 1736 5113 Adelbcrto

76 5141 117 5174 in
149 5134 504 5197 inartvrologii
541 5135 710 5186 Rom.
775 5131 931 5183 fastis
961 5131 1196 5193 legitur:
1251 5133 1477 5184 Festum
1515 5130 1567 5183 S.
1623 5132 1734 5183 Cu-

80 5202 310 5252 ria-eundis
333 5205 464 5255 colit
533 5202 789 5255 Ecclesia
822 5201 913 5253 die
960 5205 989 5253 3
1021 5201 1235 5268 Martii;
1294 5203 1347 5255 S.
1386 5201 1612 5255 Henrici
1647 5201 1735 5254 die

83 5268 281 5332 mum;
312 5279 364 5325 et
391 5274 440 5326 S.
473 5272 779 5328 Adelberti
899 5272 1071 5325 Junii.

133 5339 255 5406 (170)
299 5344 586 5406 Henricus,
655 5361 716 5396 re
750 5347 809 5395 et
854 5347 1236 5409 cognomento
1277 5347 1526 5405 sanctus,
1584 5358 1735 5394 anno

80 5407 157 5484 ξδῖἳ
203 5413 451 5467 Abudiaci
511 5415 636 5484 {qui
670 5413 830 5466 vicus
872 5407 956 5484 est
995 5418 1053 5467 et
1085 5419 1332 5466 castrum
1358 5429 1530 5482 supra
1562 5413 1737 5484 Baiis-

83 5474 266 5542 lwnam,
315 5487 485 5538 millia
519 5474 824 5550 passuum
859 5483 1078 5551 decem,
1128 5484 1196 5537 ad
1229 5474 1439 5553 ripam'
1468 5483 1736 5550 Danubii)

83 5553 211 5624 nitus
239 5558 328 5618 est,
358 5563 516 5624 patre
541 5556 796 5609 Henrico
829 5554 1035 5607 Rixoso
1080 5555 1328 5608 Bavarias
1356 5556 1518 5616 duce,
1558 5559 1737 5607 matre

34 5655 47 5667 .
83 5619 232 5672 liisala
273 5619 504 5680 Cani-adi
565 5624 925 5692 Burgundio).
976 5625 1129 5696 regis
1159 5625 1298 5690 tilia,
1349 5642 1452 5679 avo
1495 5625 1736 5678 Henrico

1867 583 2104 639 sionico.
2151 629 2163 640 .
2216 627 2228 639 .
2281 625 2293 640 .
2341 626 2353 638 .
2396 588 2551 640 Hanc
2599 585 2921 641 Alemannis
2972 605 3038 641 ex
3089 589 3398 644 donatione
3449 593 3575 646 Cle-

1866 673 2100 742 phontis
2147 674 2404 742 ejusdem
2447 675 2557 728 loci
2615 675 2857 741 abbatis,
2919 679 3020 747 qui
3050 678 3157 731 fuit
3213 680 3576 750 propinquus

1867 760 2053 813 Caroli
2111 762 2282 831 regis,
2338 763 2408 815 ab
2458 763 2696 833 antiquo
2745 765 3003 833 possidet
3031 766 3400 821 hrereditario
3443 769 3575 838 jure

1866 849 2018 902 idem
2051 856 2294 904 sanctus.
2321 852 2384 904 In
2415 855 2597 904 Durno
2633 853 2926 906 ecclesiam
2959 870 3154 920 unam,
3205 855 3266 908 in
3306 858 3578 912 Lismonte

1866 937 2164 991 ecclesiam
2194 954 2391 992 unam.
2437 981 2448 991 .
2497 982 2508 993 .
2557 980 2569 991 .
2615 978 2628 993 .

1938 1027 2069 1080 Haec
2099 1043 2234 1095 ergo
2276 1027 2491 1096 omnia,
2551 1043 2711 1081 more
2762 1035 3188 1084 antecessorum
3221 1037 3572 1099 nostrorum,

1864 1113 1925 1166 in
1978 1118 2230 1168 nostram
2288 1106 2595 1168 tuitionem
2639 1117 2965 1187 accipimus.
3024 1120 3414 1190 Przecipiendo
3473 1122 3573 1176 ita-

1865 1218 1976 1272 que
2010 1203 2379 1272 przecipimus
2408 1209 2466 1256 ut
2498 1205 2691 1259 nullus
2722 1207 2854 1272 dux,
2888 1208 3168 1275 marchio,
3199 1225 3412 1278 comes,
3457 1211 3573 1264 sive

1865 1291 2058 1361 aliqua
2126 1293 2310 1360 major
2375 1293 2635 1347 minorve
2682 1295 2989 1364 judiciaria
3053 1313 3302 1366 persona
3379 1299 3571 1368 ipsum

1864 1379 2280 1433 monasterium
2324 1381 2669 1450 inquietare,
2713 1387 2812 1435 aut
2844 1383 3135 1453 aliquibus
3163 1385 3232 1437 de
3262 1386 3433 1440 rebus
3466 1388 3574 1440 sibi

1868 1469 2294 1538 pertinentibus
2348 1470 2573 1523 auferre
2604 1477 2936 1538 praesumat.
2995 1474 3058 1525 Et
3091 1477 3150 1526 ut
3180 1477 3378 1527 nostra
3409 1475 3570 1544 inge-

1865 1557 2103 1610 nuitatis
2135 1557 2444 1610 auctoritas
2476 1558 2694 1611 stabilis
2761 1564 2816 1611 et
2851 1560 3183 1614 inconvulsa
3225 1564 3385 1616 omni
3441 1571 3573 1634 post

1863 1645 1998 1698 hinc
2029 1650 2364 1715 permaneat
2391 1649 2674 1716 tempore,
2709 1647 2814 1700 hoc
2843 1654 3202 1717 praeceptum
3252 1650 3388 1704 inde
3434 1667 3572 1704 con-

1862 1733 2140 1801 scriptum
2199 1749 2374 1786 manu
2446 1733 2680 1802 propria
2735 1734 3218 1802 contirmaVimns,
3277 1742 3332 1791 et
3396 1737 3570 1807 sigilli

1869 1822 2046 1876 nostri
2080 1822 2458 1890 impressione
2488 1821 2861 1891 praecipimus
2885 1823 3174 1893 insigniri.

1939 1912 2167 1976 Signum
2228 1910 2436 1963 domini
2506 1912 2726 1964 Henrici
2783 1915 3147 1966 Romanorum
3215 1916 3572 1969 invictissimi

1866 2001 2210 2068 imperato-ris
2241 1999 2500 2065 Augusti.

1936 2089 2285 2142 Guntherins
2349 2088 2743 2152 ca-ncellarins,
2805 2089 2924 2142 vice
2988 2090 3329 2145 Ercanboldi
3385 2092 3568 2145 archi-

1864 2178 2169 2248 capellani,
2191 2177 2521 2243 recognovi.

1935 2269 2076 2321 Data
2125 2267 2432 2321 indictione
2490 2266 2698 2337 prima,
2744 2283 2895 2320 anno
2947 2266 3260 2320 Dominicrc
3302 2267 3566 2322 incarna-

1862 2357 2035 2410 tionis
2092 2355 2398 2408 millesimo
2446 2355 2669 2409 decimo
2718 2359 2934 2420 octavo,
2994 2371 3144 2407 anno
3181 2371 3317 2408 vero
3349 2356 3569 2410 domini

1863 2443 2089 2499 Henrici
2121 2443 2354 2497 secundi
2387 2444 2676 2513 regnantis
2697 2460 2808 2510 xvi,
2850 2442 3080 2512 imperii
3110 2447 3304 2496 autem
3335 2459 3387 2498 ν.

1930 2535 2136 2587 Actum
2187 2532 2539 2602 Noviomago
2579 2532 2840 2586 feliciter.
2872 2534 3074 2596 Amen,
3135 2548 3326 2597 amen,
3370 2549 3561 2589 amen.

2646 2621 2775 2674 CIV.

1859 2713 1997 2778 Imp.
2049 2710 2320 2763 Henricus
2363 2711 2529 2763 donat
2579 2711 2748 2763 locum
2785 2712 2976 2776 Berga,
3014 2713 3112 2777 qui
3159 2711 3287 2763 olim
3322 2710 3396 2762 ad
3423 2716 3564 2764 vete-

1929 2796 2040 2835 rem
2069 2782 2334 2848 capellam
2365 2782 2663 2849 spectabat,
2700 2783 2950 2834 Ecclesiae
2978 2781 3435 2846 Babenbergensi.

2357 2870 2542 2938 (Anno
2578 2871 2734 2931 1019,
2789 2871 2851 2921 10
2890 2867 3064 2937 Maii.)

2148 2939 2329 3007 [Ried,
2355 2939 2480 2995 Cod.
2501 2942 2664 3007 episc.
2693 2939 2999 3002 Ratisbon.,
3034 2939 3072 3002 Ι,
3129 2937 3276 3009 l33.]

1929 3030 1994 3082 In
2043 3028 2276 3082 nomine
2335 3032 2542 3080 sanctae
2585 3032 2640 3080 et
2691 3027 3002 3080 individnaa
3032 3025 3343 3092 Trinitatis,
3388 3027 3563 3080 Hem-

1824 3157 1828 3162 .
1856 3134 2009 3171 meus
2039 3117 2222 3187 gratia
2258 3117 2355 3170 Dei
2387 3117 2775 3169 Romanorum
2808 3115 3122 3184 imperator
3141 3119 3453 3183 Augustus.

1926 3207 2114 3260 Gloria
2141 3221 2386 3276 praesens
2436 3204 2676 3273 fugitiva
2728 3209 2785 3256 et
2813 3203 2998 3257 inanis
3029 3209 3134 3263 est,
3185 3203 3324 3257 dum
3375 3203 3561 3272 possi-

1852 3292 2038 3357 detur,
2071 3292 2182 3344 nisi
2235 3291 2448 3360 aliquid
2479 3291 2538 3343 in
2597 3307 2662 3343 ea
2694 3291 2762 3343 de
2803 3290 3013 3344 ccelesti
3057 3290 3374 3344 aeternitate
3414 3290 3564 3359 cogi-

1851 3385 2025 3434 tetur.
2061 3381 2167 3434 Sed
2201 3381 2302 3433 Dei
2333 3379 2625 3432 miseratio
2674 3379 2928 3432 humano
2979 3379 3178 3449 generi
3234 3379 3371 3432 utile
3419 3391 3561 3448 pro-

1853 3469 1993 3522 vidit
2054 3469 2396 3534 remedium,
2484 3468 2716 3537 quando
2785 3472 3006 3538 partem
3060 3467 3303 3521 caelestis
3359 3469 3560 3537 patriae

1850 3564 2097 3614 terrenm
2129 3557 2461 3611 substantiae
2524 3555 2655 3609 fecit
2712 3572 2833 3608 esse
2889 3556 3160 3624 pretium.
3213 3556 3393 3625 Hujus
3423 3572 3560 3625 ergo

1849 3664 1952 3701 nos
1998 3646 2316 3700 clementia:
2369 3660 2657 3697 memores
2716 3643 3007 3713 quendam
3055 3643 3405 3696 hmreditatis
3451 3659 3556 3697 no-

1850 3742 1982 3789 strae
2017 3736 2203 3788 locum
2239 3733 2564 3786 Babenberc
2594 3732 2808 3786 dictum
2867 3735 3207 3784 auctoritate
3249 3731 3558 3800 apostolica

1848 3824 2164 3888 firmatum,
2221 3839 2324 3876 nec
2383 3838 2497 3874 non
2531 3821 2752 3874 dilecta:
2804 3819 3135 3872 contectalis
3166 3825 3375 3872 nostrae
3405 3819 3555 3873 Chu-

1848 3913 2142 3982 nigundae,
2222 3916 2278 3964 et
2350 3908 2692 3963 venerabilis
2754 3907 3005 3960 Heinrici
3083 3907 3557 3977 Wircibnrgensis

1849 4001 2123 4071 episcopi,
2152 4015 2216 4054 ac
2241 3999 2502 4052 omnium
2550 3997 2812 4050 fidelium
2858 4001 3202 4061 nostrorum,
3254 3995 3554 4066 episcopo-

1850 4105 1999 4156 rum,
2061 4088 2350 4151 abbatum,
2412 4087 2704 4155 totiusque
2772 4083 2937 4153 regni
2991 4083 3169 4136 nostri
3227 4082 3552 4152 principum

1848 4176 2115 4230 concordi
2147 4175 2452 4229 devotione
2483 4173 2894 4240 collaudatum,
2935 4173 2992 4225 in
3018 4173 3247 4225 culmen
3277 4177 3332 4225 et
3363 4172 3555 4225 sedem

1850 4267 2213 4336 episcopatus
2245 4263 2628 4334 proveximus,
2673 4262 2742 4315 ad
2773 4262 3053 4315 honorem
3085 4259 3348 4313 videlicet
3375 4258 3557 4312 omni-

1851 4353 2097 4424 potentis
2130 4353 2248 4417 Dei,
2296 4355 2350 4405 et
2379 4351 2559 4404 beata-3
2622 4349 2812 4404 Mariae
2863 4365 3091 4417 semper
3129 4348 3386 4417 virginis,
3423 4363 3553 4401 san-

1849 4449 2187 4512 ctorumque
2209 4441 2604 4509 apostolorum
2639 4437 2790 4492 Petri
2821 4443 2875 4490 et
2911 4437 3092 4501 Pauli,
3125 4452 3231 4488 nec
3277 4451 3392 4488 non
3423 4452 3555 4488 san-

1850 4535 2074 4583 ctorum
2104 4533 2420 4597 martyrum
2447 4526 2656 4580 Kiliani
2688 4531 2860 4594 atque
2889 4523 3139 4593 Georgii,
3189 4527 3246 4576 et
3287 4522 3553 4577 omnium

1849 4622 2176 4671 sanctorum
2211 4617 2306 4686 pia
2333 4614 2698 4669 veneratione
2730 4612 3119 4676 fundavimus,
3151 4615 3214 4664 ut
3243 4611 3386 4664 inibi
3434 4616 3554 4665 tam

1848 4723 1952 4777 pro
2008 4704 2380 4759 antecessoris
2439 4702 2640 4769 nostri,
2691 4700 2847 4754 tertii
2900 4701 3162 4753 videlicet
3195 4699 3418 4753 Ottonis
3451 4699 3555 4754 im-

1847 4793 2149 4865 peratoris,
2213 4808 2386 4862 quam
2433 4807 2538 4861 pro
2591 4789 2850 4843 omnium
2885 4787 3142 4842 ﬁdelium
3187 4787 3448 4842 vivorum
3499 4794 3557 4843 at

1850 4917 2098 4971 Bavarize
2157 4915 2354 4968 itidem
2396 4914 2560 4978 duce,
2603 4912 2888 4967 OttonioI
2936 4911 3299 4982 imperatoris
3354 4911 3551 4972 fratre.

1847 4993 1913 5040 ut
1973 4989 2331 5041 Hermannus
2375 4989 2698 5037 contractus
2753 4984 2986 5036 illorum
3043 4987 3372 5053 temporum
3409 4983 3554 5036 scri-

1847 5063 1998 5128 ptor,
2059 5058 2313 5125 itemque
2366 5056 2719 5128 genealogis:
2777 5055 2831 5108 S.
2897 5054 3119 5128 Arnulii
3165 5053 3554 5128 _concinnator

1851 5125 2060 5182 diserte
2125 5128 2373 5181 tradunt.
2429 5127 2584 5188 Quod
2647 5126 2737 5179 hic
2770 5125 3090 5178 notandum
3148 5125 3304 5190 duxi,
3354 5129 3552 5176 contra

1851 5199 2225 5252 Raderumin
2273 5215 2375 5251 sua
2425 5197 2660 5251 Bavaria
2719 5200 2911 5249 sancta
2963 5196 3129 5248 aliter
3186 5195 3549 5247 sentientem.

1851 5270 2128 5324 Henricus
2182 5285 2378 5338 porro,
2435 5268 2704 5322 Ottonis]
2761 5267 3123 5338 imperatoris
3159 5265 3352 5338 frater,
3394 5264 3554 5338 duxit

1848 5341 2038 5394 Jutam
2093 5333 2198 5392 seu'
2253 5339 2547 5393 Juditbam
2607 5333 2858 5391 Arualdi
2907 5337 3034 5389 Mali
3099 5335 3345 5388 Bavariae
3393 5333 3552 5386 ducis

1848 5411 2061 5464 filiam:
2107 5427 2174 5464 ex
2207 5427 2319 5480 qua
2349 5414 2516 5462 natus
2570 5407 3153 5480 HenricusrrRix-osus,
3185 5404 3283 5480 qpi
3345 5419 3410 5455 ex
3451 5402 3549 5456 Gi-

1849 5483 1967 5553 sala
1992 5482 2112 5551 jam
2162 5475 2457 5533 nominata
2489 5479 2786 5553 genuit__S.
2815 5477 3160 5553 _Henricum_,
3222 5475 3548 5553 Drunonem

1850 5544 2186 5624 episcopum
2228 5544 2627 5624 Augustanum
2656 5547 2956 5624 .G‘isalam_
3063 5544 3369 5624 “Stephani
3401 5544 3550 5611 regis

1853 5617 2159 5690 [iunge—rite
2189 5617 2449 5685 uxorem,
2479 5626 2538 5674 et
2579 5619 2875 5688 Brigittam
2910 5617 3274 5670 abbatissam.
