  <div class='ocr_page' id='page_1' title='image "/cluster/home/n/w/nwhite01/storage/ocr_20150623/140-141/uc1.31175018559917/179.png"; bbox 0 0 3980 6414; ppageno 0'>
   <div class='ocr_carea' id='block_1_1' title="bbox 363 361 464 413">
    <p class='ocr_par' dir='ltr' id='par_1_1' title="bbox 363 361 464 413">
     <span class='ocr_line' id='line_1_1' title="bbox 363 361 464 413; baseline 0 0"><span class='ocrx_word' id='word_1_1' title='bbox 363 361 464 413; x_wconf 71' lang='grc'>343</span> 
     </span>
    </p>
   </div>
   <div class='ocr_carea' id='block_1_2' title="bbox 1654 355 2566 416">
    <p class='ocr_par' dir='ltr' id='par_1_2' title="bbox 1654 355 2566 416">
     <span class='ocr_line' id='line_1_2' title="bbox 1654 355 2566 416; baseline -0.001 -3"><span class='ocrx_word' id='word_1_2' title='bbox 1654 360 1709 413; x_wconf 90' lang='lat' dir='ltr'>S.</span> <span class='ocrx_word' id='word_1_3' title='bbox 1755 358 2045 416; x_wconf 80' lang='lat' dir='ltr'>HENRICI</span> <span class='ocrx_word' id='word_1_4' title='bbox 2086 355 2566 413; x_wconf 75' lang='lat' dir='ltr'>IMPERATORIS</span> 
     </span>
    </p>
   </div>
   <div class='ocr_carea' id='block_1_3' title="bbox 3783 360 3913 415">
    <p class='ocr_par' dir='ltr' id='par_1_3' title="bbox 3783 360 3913 415">
     <span class='ocr_line' id='line_1_3' title="bbox 3783 360 3913 415; baseline -0.023 0"><span class='ocrx_word' id='word_1_5' title='bbox 3783 360 3913 415; x_wconf 71' lang='grc'>344</span> 
     </span>
    </p>
   </div>
   <div class='ocr_carea' id='block_1_4' title="bbox 362 477 3943 567">
    <p class='ocr_par' dir='ltr' id='par_1_4' title="bbox 362 477 3943 567">
     <span class='ocr_line' id='line_1_4' title="bbox 362 477 3943 567; baseline -0.001 -16"><span class='ocrx_word' id='word_1_6' title='bbox 362 497 472 551; x_wconf 69' lang='lat' dir='ltr'>que</span> <span class='ocrx_word' id='word_1_7' title='bbox 515 479 918 533; x_wconf 66' lang='lat' dir='ltr'>defuncmmm</span> <span class='ocrx_word' id='word_1_8' title='bbox 951 478 1229 531; x_wconf 59' lang='lat' dir='ltr'>memoria</span> <span class='ocrx_word' id='word_1_9' title='bbox 1269 477 1491 548; x_wconf 64' lang='lat' dir='ltr'>iugiter</span> <span class='ocrx_word' id='word_1_10' title='bbox 1526 478 1727 567; x_wconf 61' lang='lat' dir='ltr'>hostia</span> <span class='ocrx_word' id='word_1_11' title='bbox 1779 486 2057 533; x_wconf 57' lang='lat' dir='ltr'>mam-are“</span> <span class='ocrx_word' id='word_1_12' title='bbox 2089 481 2136 534; x_wconf 75' lang='grc' dir='ltr'>Α</span> <span class='ocrx_word' id='word_1_13' title='bbox 2174 496 2424 563; x_wconf 99' lang='lat' dir='ltr'>incultis,</span> <span class='ocrx_word' id='word_1_14' title='bbox 2474 495 2671 566; x_wconf 85' lang='lat' dir='ltr'>pratis,</span> <span class='ocrx_word' id='word_1_15' title='bbox 2721 493 2966 566; x_wconf 84' lang='lat' dir='ltr'>pascuis,</span> <span class='ocrx_word' id='word_1_16' title='bbox 2995 494 3167 561; x_wconf 86' lang='lat' dir='ltr'>silvis,</span> <span class='ocrx_word' id='word_1_17' title='bbox 3220 496 3327 551; x_wconf 88' lang='lat' dir='ltr'>viis</span> <span class='ocrx_word' id='word_1_18' title='bbox 3375 502 3434 552; x_wconf 89' lang='lat' dir='ltr'>et</span> <span class='ocrx_word' id='word_1_19' title='bbox 3465 498 3659 567; x_wconf 85' lang='lat' dir='ltr'>inviis,</span> <span class='ocrx_word' id='word_1_20' title='bbox 3713 487 3943 552; x_wconf 55' lang='lat' dir='ltr'>exitiJ</span> 
     </span>
    </p>
   </div>
   <div class='ocr_carea' id='block_1_5' title="bbox 360 566 2064 623">
    <p class='ocr_par' dir='ltr' id='par_1_5' title="bbox 360 566 2064 623">
     <span class='ocr_line' id='line_1_5' title="bbox 360 566 2064 623; baseline -0.001 -1"><span class='ocrx_word' id='word_1_21' title='bbox 360 575 455 623; x_wconf 91' lang='lat' dir='ltr'>tur</span> <span class='ocrx_word' id='word_1_22' title='bbox 484 568 768 620; x_wconf 88' lang='lat' dir='ltr'>salutaris.</span> <span class='ocrx_word' id='word_1_23' title='bbox 819 567 1066 620; x_wconf 84' lang='lat' dir='ltr'>Proinde</span> <span class='ocrx_word' id='word_1_24' title='bbox 1109 567 1332 619; x_wconf 90' lang='lat' dir='ltr'>noverit</span> <span class='ocrx_word' id='word_1_25' title='bbox 1383 566 1640 620; x_wconf 90' lang='lat' dir='ltr'>omnium</span> <span class='ocrx_word' id='word_1_26' title='bbox 1701 567 1803 620; x_wconf 90' lang='lat' dir='ltr'>Dei</span> <span class='ocrx_word' id='word_1_27' title='bbox 1862 568 2064 621; x_wconf 90' lang='lat' dir='ltr'>nostri-</span> 
     </span>
    </p>
   </div>
   <div class='ocr_carea' id='block_1_6' title="bbox 362 656 2064 727">
    <p class='ocr_par' dir='ltr' id='par_1_6' title="bbox 362 656 2064 727">
     <span class='ocr_line' id='line_1_6' title="bbox 362 656 2064 727; baseline -0.001 -18"><span class='ocrx_word' id='word_1_28' title='bbox 362 673 472 727; x_wconf 86' lang='lat' dir='ltr'>que</span> <span class='ocrx_word' id='word_1_29' title='bbox 528 656 787 719; x_wconf 80' lang='lat' dir='ltr'>ﬁdelium</span> <span class='ocrx_word' id='word_1_30' title='bbox 848 660 964 708; x_wconf 91' lang='lat' dir='ltr'>tam</span> <span class='ocrx_word' id='word_1_31' title='bbox 1027 671 1281 723; x_wconf 62' lang='lat' dir='ltr'>praisens</span> <span class='ocrx_word' id='word_1_32' title='bbox 1329 661 1466 708; x_wconf 66' lang='lat' dir='ltr'>astas</span> <span class='ocrx_word' id='word_1_33' title='bbox 1513 670 1682 725; x_wconf 88' lang='lat' dir='ltr'>quam</span> <span class='ocrx_word' id='word_1_34' title='bbox 1733 670 2064 710; x_wconf 88' lang='lat' dir='ltr'>successura</span> 
     </span>
    </p>
   </div>
   <div class='ocr_carea' id='block_1_7' title="bbox 360 743 2064 817">
    <p class='ocr_par' dir='ltr' id='par_1_7' title="bbox 360 743 2064 817">
     <span class='ocr_line' id='line_1_7' title="bbox 360 743 2064 817; baseline -0.001 -19"><span class='ocrx_word' id='word_1_35' title='bbox 360 744 661 817; x_wconf 77' lang='lat' dir='ltr'>posteritas</span> <span class='ocrx_word' id='word_1_36' title='bbox 714 743 961 813; x_wconf 75' lang='lat' dir='ltr'>qualiter</span> <span class='ocrx_word' id='word_1_37' title='bbox 1017 759 1135 808; x_wconf 89' lang='lat' dir='ltr'>nos,</span> <span class='ocrx_word' id='word_1_38' title='bbox 1194 758 1297 811; x_wconf 88' lang='lat' dir='ltr'>pro</span> <span class='ocrx_word' id='word_1_39' title='bbox 1350 743 1450 795; x_wconf 87' lang='lat' dir='ltr'>Dei</span> <span class='ocrx_word' id='word_1_40' title='bbox 1509 758 1700 795; x_wconf 90' lang='lat' dir='ltr'>amore</span> <span class='ocrx_word' id='word_1_41' title='bbox 1740 749 2064 813; x_wconf 61' lang='lat' dir='ltr'>nostrasque</span> 
     </span>
    </p>
   </div>
   <div class='ocr_carea' id='block_1_8' title="bbox 363 830 2065 901">
    <p class='ocr_par' dir='ltr' id='par_1_8' title="bbox 363 830 2065 901">
     <span class='ocr_line' id='line_1_8' title="bbox 363 830 2065 901; baseline -0.001 -14"><span class='ocrx_word' id='word_1_42' title='bbox 363 833 560 887; x_wconf 87' lang='lat' dir='ltr'>salutis</span> <span class='ocrx_word' id='word_1_43' title='bbox 611 831 1004 901; x_wconf 82' lang='lat' dir='ltr'>acquisitione,</span> <span class='ocrx_word' id='word_1_44' title='bbox 1039 831 1291 900; x_wconf 63' lang='lat' dir='ltr'>praefata:</span> <span class='ocrx_word' id='word_1_45' title='bbox 1348 830 1490 896; x_wconf 91' lang='lat' dir='ltr'>sedi,</span> <span class='ocrx_word' id='word_1_46' title='bbox 1532 835 1617 885; x_wconf 89' lang='lat' dir='ltr'>tot</span> <span class='ocrx_word' id='word_1_47' title='bbox 1648 831 2065 885; x_wconf 89' lang='lat' dir='ltr'>venerabilium</span> 
     </span>
    </p>
   </div>
   <div class='ocr_carea' id='block_1_9' title="bbox 364 919 2067 991">
    <p class='ocr_par' dir='ltr' id='par_1_9' title="bbox 364 919 2067 991">
     <span class='ocr_line' id='line_1_9' title="bbox 364 919 2067 991; baseline -0.001 -15"><span class='ocrx_word' id='word_1_48' title='bbox 364 925 619 977; x_wconf 89' lang='lat' dir='ltr'>virorum</span> <span class='ocrx_word' id='word_1_49' title='bbox 648 920 1005 974; x_wconf 88' lang='lat' dir='ltr'>attestatione</span> <span class='ocrx_word' id='word_1_50' title='bbox 1052 920 1325 985; x_wconf 66' lang='lat' dir='ltr'>fundatas,</span> <span class='ocrx_word' id='word_1_51' title='bbox 1361 919 1651 989; x_wconf 84' lang='lat' dir='ltr'>quendam</span> <span class='ocrx_word' id='word_1_52' title='bbox 1691 920 1871 974; x_wconf 78' lang='lat' dir='ltr'>nostri</span> <span class='ocrx_word' id='word_1_53' title='bbox 1917 920 2067 991; x_wconf 83' lang='lat' dir='ltr'>juris</span> 
     </span>
    </p>
   </div>
   <div class='ocr_carea' id='block_1_10' title="bbox 368 1006 2071 1077">
    <p class='ocr_par' dir='ltr' id='par_1_10' title="bbox 368 1006 2071 1077">
     <span class='ocr_line' id='line_1_10' title="bbox 368 1006 2071 1077; baseline -0.003 -13"><span class='ocrx_word' id='word_1_54' title='bbox 368 1012 555 1065; x_wconf 92' lang='lat' dir='ltr'>locum</span> <span class='ocrx_word' id='word_1_55' title='bbox 609 1010 788 1077; x_wconf 82' lang='lat' dir='ltr'>Berga</span> <span class='ocrx_word' id='word_1_56' title='bbox 819 1006 1056 1072; x_wconf 91' lang='lat' dir='ltr'>dictum,</span> <span class='ocrx_word' id='word_1_57' title='bbox 1090 1006 1150 1059; x_wconf 92' lang='lat' dir='ltr'>in</span> <span class='ocrx_word' id='word_1_58' title='bbox 1183 1022 1329 1076; x_wconf 90' lang='lat' dir='ltr'>pago</span> <span class='ocrx_word' id='word_1_59' title='bbox 1376 1006 1767 1076; x_wconf 83' lang='lat' dir='ltr'>Tuonocgowe</span> <span class='ocrx_word' id='word_1_60' title='bbox 1798 1007 1969 1074; x_wconf 90' lang='lat' dir='ltr'>dicto,</span> <span class='ocrx_word' id='word_1_61' title='bbox 2013 1009 2071 1059; x_wconf 90' lang='lat' dir='ltr'>et</span> 
     </span>
    </p>
   </div>
   <div class='ocr_carea' id='block_1_11' title="bbox 368 1093 2071 1164">
    <p class='ocr_par' dir='ltr' id='par_1_11' title="bbox 368 1093 2071 1164">
     <span class='ocr_line' id='line_1_11' title="bbox 368 1093 2071 1164; baseline -0.003 -13"><span class='ocrx_word' id='word_1_62' title='bbox 368 1098 430 1151; x_wconf 91' lang='lat' dir='ltr'>in</span> <span class='ocrx_word' id='word_1_63' title='bbox 452 1096 720 1151; x_wconf 91' lang='lat' dir='ltr'>comitatu</span> <span class='ocrx_word' id='word_1_64' title='bbox 776 1094 1067 1148; x_wconf 84' lang='lat' dir='ltr'>Adalberti</span> <span class='ocrx_word' id='word_1_65' title='bbox 1099 1093 1322 1146; x_wconf 90' lang='lat' dir='ltr'>comitis</span> <span class='ocrx_word' id='word_1_66' title='bbox 1373 1094 1566 1155; x_wconf 88' lang='lat' dir='ltr'>situm,</span> <span class='ocrx_word' id='word_1_67' title='bbox 1619 1094 1718 1164; x_wconf 89' lang='lat' dir='ltr'>qui</span> <span class='ocrx_word' id='word_1_68' title='bbox 1761 1110 1793 1146; x_wconf 92' lang='lat' dir='ltr'>a</span> <span class='ocrx_word' id='word_1_69' title='bbox 1825 1093 2071 1164; x_wconf 89' lang='lat' dir='ltr'>quibus-</span> 
     </span>
    </p>
   </div>
   <div class='ocr_carea' id='block_1_12' title="bbox 372 1180 2072 1251">
    <p class='ocr_par' dir='ltr' id='par_1_12' title="bbox 372 1180 2072 1251">
     <span class='ocr_line' id='line_1_12' title="bbox 372 1180 2072 1251; baseline -0.003 -11"><span class='ocrx_word' id='word_1_70' title='bbox 372 1187 503 1240; x_wconf 87' lang='lat' dir='ltr'>dam</span> <span class='ocrx_word' id='word_1_71' title='bbox 525 1184 751 1238; x_wconf 86' lang='lat' dir='ltr'>abbatia</span> <span class='ocrx_word' id='word_1_72' title='bbox 776 1186 1155 1250; x_wconf 89' lang='lat' dir='ltr'>nuncupatur,</span> <span class='ocrx_word' id='word_1_73' title='bbox 1195 1182 1299 1234; x_wconf 88' lang='lat' dir='ltr'>hac</span> <span class='ocrx_word' id='word_1_74' title='bbox 1324 1180 1612 1250; x_wconf 86' lang='lat' dir='ltr'>imperiali</span> <span class='ocrx_word' id='word_1_75' title='bbox 1657 1186 1714 1235; x_wconf 90' lang='lat' dir='ltr'>et</span> <span class='ocrx_word' id='word_1_76' title='bbox 1744 1181 2072 1251; x_wconf 83' lang='lat' dir='ltr'>praeceptali</span> 
     </span>
    </p>
   </div>
   <div class='ocr_carea' id='block_1_13' title="bbox 371 1268 2072 1344">
    <p class='ocr_par' dir='ltr' id='par_1_13' title="bbox 371 1268 2072 1344">
     <span class='ocr_line' id='line_1_13' title="bbox 371 1268 2072 1344; baseline -0.002 -18"><span class='ocrx_word' id='word_1_77' title='bbox 371 1273 605 1344; x_wconf 84' lang='lat' dir='ltr'>pagina,</span> <span class='ocrx_word' id='word_1_78' title='bbox 646 1271 761 1324; x_wconf 87' lang='lat' dir='ltr'>sive</span> <span class='ocrx_word' id='word_1_79' title='bbox 793 1270 1023 1323; x_wconf 89' lang='lat' dir='ltr'>abbatia</span> <span class='ocrx_word' id='word_1_80' title='bbox 1051 1269 1166 1321; x_wconf 85' lang='lat' dir='ltr'>sive</span> <span class='ocrx_word' id='word_1_81' title='bbox 1188 1268 1298 1323; x_wconf 90' lang='lat' dir='ltr'>alio</span> <span class='ocrx_word' id='word_1_82' title='bbox 1321 1270 1581 1339; x_wconf 81' lang='lat' dir='ltr'>quolibet</span> <span class='ocrx_word' id='word_1_83' title='bbox 1603 1270 1771 1324; x_wconf 89' lang='lat' dir='ltr'>modo</span> <span class='ocrx_word' id='word_1_84' title='bbox 1792 1269 2072 1339; x_wconf 61' lang='lat' dir='ltr'>praedium</span> 
     </span>
    </p>
   </div>
   <div class='ocr_carea' id='block_1_14' title="bbox 373 1356 2075 1427">
    <p class='ocr_par' dir='ltr' id='par_1_14' title="bbox 373 1356 2075 1427">
     <span class='ocr_line' id='line_1_14' title="bbox 373 1356 2075 1427; baseline -0.001 -13"><span class='ocrx_word' id='word_1_85' title='bbox 373 1362 464 1426; x_wconf 89' lang='lat' dir='ltr'>sit,</span> <span class='ocrx_word' id='word_1_86' title='bbox 498 1376 627 1414; x_wconf 91' lang='lat' dir='ltr'>cum</span> <span class='ocrx_word' id='word_1_87' title='bbox 674 1359 943 1413; x_wconf 90' lang='lat' dir='ltr'>omnibus</span> <span class='ocrx_word' id='word_1_88' title='bbox 998 1358 1165 1411; x_wconf 87' lang='lat' dir='ltr'>rebus</span> <span class='ocrx_word' id='word_1_89' title='bbox 1212 1356 1427 1411; x_wconf 88' lang='lat' dir='ltr'>ibidem</span> <span class='ocrx_word' id='word_1_90' title='bbox 1478 1358 1914 1427; x_wconf 79' lang='lat' dir='ltr'>pertinentibus,</span> <span class='ocrx_word' id='word_1_91' title='bbox 1955 1374 2075 1412; x_wconf 90' lang='lat' dir='ltr'>mo-</span> 
     </span>
    </p>
   </div>
   <div class='ocr_carea' id='block_1_15' title="bbox 372 1446 2073 1512">
    <p class='ocr_par' dir='ltr' id='par_1_15' title="bbox 372 1446 2073 1512">
     <span class='ocr_line' id='line_1_15' title="bbox 372 1446 2073 1512; baseline -0.001 -9"><span class='ocrx_word' id='word_1_92' title='bbox 372 1450 583 1504; x_wconf 90' lang='lat' dir='ltr'>bilibus</span> <span class='ocrx_word' id='word_1_93' title='bbox 613 1449 697 1501; x_wconf 86' lang='lat' dir='ltr'>vel</span> <span class='ocrx_word' id='word_1_94' title='bbox 757 1446 1170 1512; x_wconf 87' lang='lat' dir='ltr'>immobilibus,</span> <span class='ocrx_word' id='word_1_95' title='bbox 1201 1446 1369 1500; x_wconf 89' lang='lat' dir='ltr'>cultis</span> <span class='ocrx_word' id='word_1_96' title='bbox 1416 1447 1505 1499; x_wconf 89' lang='lat' dir='ltr'>vel</span> <span class='ocrx_word' id='word_1_97' title='bbox 1543 1447 1795 1510; x_wconf 84' lang='lat' dir='ltr'>incultis,</span> <span class='ocrx_word' id='word_1_98' title='bbox 1840 1451 1897 1501; x_wconf 85' lang='lat' dir='ltr'>et</span> <span class='ocrx_word' id='word_1_99' title='bbox 1933 1463 2073 1502; x_wconf 90' lang='lat' dir='ltr'>cuu-</span> 
     </span>
    </p>
   </div>
   <div class='ocr_carea' id='block_1_16' title="bbox 375 1534 2074 1607">
    <p class='ocr_par' dir='ltr' id='par_1_16' title="bbox 375 1534 2074 1607">
     <span class='ocr_line' id='line_1_16' title="bbox 375 1534 2074 1607; baseline -0.002 -15"><span class='ocrx_word' id='word_1_100' title='bbox 375 1539 498 1605; x_wconf 90' lang='lat' dir='ltr'>ctis,</span> <span class='ocrx_word' id='word_1_101' title='bbox 526 1554 653 1607; x_wconf 70' lang='lat' dir='ltr'>qum</span> <span class='ocrx_word' id='word_1_102' title='bbox 684 1537 802 1590; x_wconf 90' lang='lat' dir='ltr'>ullo</span> <span class='ocrx_word' id='word_1_103' title='bbox 834 1535 1007 1588; x_wconf 91' lang='lat' dir='ltr'>modo</span> <span class='ocrx_word' id='word_1_104' title='bbox 1037 1534 1206 1588; x_wconf 88' lang='lat' dir='ltr'>scribi</span> <span class='ocrx_word' id='word_1_105' title='bbox 1237 1538 1335 1587; x_wconf 88' lang='lat' dir='ltr'>aut</span> <span class='ocrx_word' id='word_1_106' title='bbox 1356 1534 1644 1588; x_wconf 88' lang='lat' dir='ltr'>nominari</span> <span class='ocrx_word' id='word_1_107' title='bbox 1677 1540 1939 1604; x_wconf 89' lang='lat' dir='ltr'>possunt,</span> <span class='ocrx_word' id='word_1_108' title='bbox 1964 1535 2074 1589; x_wconf 92' lang='lat' dir='ltr'>uti-</span> 
     </span>
    </p>
   </div>
   <div class='ocr_carea' id='block_1_17' title="bbox 374 1621 2075 1694">
    <p class='ocr_par' dir='ltr' id='par_1_17' title="bbox 374 1621 2075 1694">
     <span class='ocr_line' id='line_1_17' title="bbox 374 1621 2075 1694; baseline -0.002 -13"><span class='ocrx_word' id='word_1_109' title='bbox 374 1625 653 1692; x_wconf 89' lang='lat' dir='ltr'>litatibus,</span> <span class='ocrx_word' id='word_1_110' title='bbox 704 1627 875 1694; x_wconf 89' lang='lat' dir='ltr'>prout</span> <span class='ocrx_word' id='word_1_111' title='bbox 904 1621 1125 1676; x_wconf 91' lang='lat' dir='ltr'>ﬁrmius</span> <span class='ocrx_word' id='word_1_112' title='bbox 1174 1637 1498 1692; x_wconf 86' lang='lat' dir='ltr'>possumus,</span> <span class='ocrx_word' id='word_1_113' title='bbox 1553 1623 1937 1685; x_wconf 89' lang='lat' dir='ltr'>concedimus,</span> <span class='ocrx_word' id='word_1_114' title='bbox 1973 1624 2075 1678; x_wconf 88' lang='lat' dir='ltr'>do-</span> 
     </span>
    </p>
   </div>
   <div class='ocr_carea' id='block_1_18' title="bbox 2174 580 3943 658">
    <p class='ocr_par' dir='ltr' id='par_1_18' title="bbox 2174 580 3943 658">
     <span class='ocr_line' id='line_1_18' title="bbox 2174 580 3943 658; baseline 0 -20"><span class='ocrx_word' id='word_1_115' title='bbox 2174 585 2279 638; x_wconf 89' lang='lat' dir='ltr'>bus</span> <span class='ocrx_word' id='word_1_116' title='bbox 2306 589 2360 637; x_wconf 90' lang='lat' dir='ltr'>et</span> <span class='ocrx_word' id='word_1_117' title='bbox 2386 584 2684 647; x_wconf 82' lang='lat' dir='ltr'>reditibus,</span> <span class='ocrx_word' id='word_1_118' title='bbox 2711 584 2876 654; x_wconf 87' lang='lat' dir='ltr'>aquis</span> <span class='ocrx_word' id='word_1_119' title='bbox 2908 600 3258 654; x_wconf 88' lang='lat' dir='ltr'>aquarumve</span> <span class='ocrx_word' id='word_1_120' title='bbox 3299 587 3581 652; x_wconf 90' lang='lat' dir='ltr'>cursibus,</span> <span class='ocrx_word' id='word_1_121' title='bbox 3607 586 3917 658; x_wconf 85' lang='lat' dir='ltr'>piscatio-</span> <span class='ocrx_word' id='word_1_122' title='bbox 3942 580 3943 585; x_wconf 50' lang='grc'><em>“</em></span> 
     </span>
    </p>
   </div>
   <div class='ocr_carea' id='block_1_19' title="bbox 2178 672 3919 747">
    <p class='ocr_par' dir='ltr' id='par_1_19' title="bbox 2178 672 3919 747">
     <span class='ocr_line' id='line_1_19' title="bbox 2178 672 3919 747; baseline 0.001 -21"><span class='ocrx_word' id='word_1_123' title='bbox 2178 674 2364 737; x_wconf 86' lang='lat' dir='ltr'>nibus,</span> <span class='ocrx_word' id='word_1_124' title='bbox 2423 674 2676 744; x_wconf 72' lang='lat' dir='ltr'>quzpsitis</span> <span class='ocrx_word' id='word_1_125' title='bbox 2736 678 2791 726; x_wconf 88' lang='lat' dir='ltr'>et</span> <span class='ocrx_word' id='word_1_126' title='bbox 2848 672 3241 743; x_wconf 87' lang='lat' dir='ltr'>inquirendis:</span> <span class='ocrx_word' id='word_1_127' title='bbox 3280 681 3561 746; x_wconf 84' lang='lat' dir='ltr'>quatenus</span> <span class='ocrx_word' id='word_1_128' title='bbox 3618 676 3919 747; x_wconf 83' lang='lat' dir='ltr'>ejusdem</span> 
     </span>
    </p>
   </div>
   <div class='ocr_carea' id='block_1_20' title="bbox 2175 761 3920 831">
    <p class='ocr_par' dir='ltr' id='par_1_20' title="bbox 2175 761 3920 831">
     <span class='ocr_line' id='line_1_20' title="bbox 2175 761 3920 831; baseline 0.001 -17"><span class='ocrx_word' id='word_1_129' title='bbox 2175 761 2436 831; x_wconf 83' lang='lat' dir='ltr'>praedicti</span> <span class='ocrx_word' id='word_1_130' title='bbox 2472 761 2802 815; x_wconf 87' lang='lat' dir='ltr'>monasterii</span> <span class='ocrx_word' id='word_1_131' title='bbox 2849 761 3024 816; x_wconf 86' lang='lat' dir='ltr'>abbas</span> <span class='ocrx_word' id='word_1_132' title='bbox 3053 763 3125 817; x_wconf 90' lang='lat' dir='ltr'>ad</span> <span class='ocrx_word' id='word_1_133' title='bbox 3176 763 3483 818; x_wconf 87' lang='lat' dir='ltr'>utilitatem</span> <span class='ocrx_word' id='word_1_134' title='bbox 3515 764 3737 818; x_wconf 88' lang='lat' dir='ltr'>ibidem</span> <span class='ocrx_word' id='word_1_135' title='bbox 3777 765 3920 817; x_wconf 91' lang='lat' dir='ltr'>Deo</span> 
     </span>
    </p>
   </div>
   <div class='ocr_carea' id='block_1_21' title="bbox 2177 848 3926 920">
    <p class='ocr_par' dir='ltr' id='par_1_21' title="bbox 2177 848 3926 920">
     <span class='ocr_line' id='line_1_21' title="bbox 2177 848 3926 920; baseline 0.001 -18"><span class='ocrx_word' id='word_1_136' title='bbox 2177 848 2549 903; x_wconf 78' lang='lat' dir='ltr'>servientium</span> <span class='ocrx_word' id='word_1_137' title='bbox 2595 849 2833 902; x_wconf 90' lang='lat' dir='ltr'>liberam</span> <span class='ocrx_word' id='word_1_138' title='bbox 2866 849 3075 903; x_wconf 86' lang='lat' dir='ltr'>habeat</span> <span class='ocrx_word' id='word_1_139' title='bbox 3114 855 3455 920; x_wconf 87' lang='lat' dir='ltr'>potestatem</span> <span class='ocrx_word' id='word_1_140' title='bbox 3486 851 3926 906; x_wconf 82' lang='lat' dir='ltr'>commutandi</span> 
     </span>
    </p>
   </div>
   <div class='ocr_carea' id='block_1_22' title="bbox 2176 936 3635 1006">
    <p class='ocr_par' dir='ltr' id='par_1_22' title="bbox 2176 936 3635 1006">
     <span class='ocr_line' id='line_1_22' title="bbox 2176 936 3635 1006; baseline 0.002 -16"><span class='ocrx_word' id='word_1_141' title='bbox 2176 941 2351 1006; x_wconf 88' lang='lat' dir='ltr'>atque</span> <span class='ocrx_word' id='word_1_142' title='bbox 2378 936 2703 1002; x_wconf 85' lang='lat' dir='ltr'>ordinandi,</span> <span class='ocrx_word' id='word_1_143' title='bbox 2729 937 2890 990; x_wconf 89' lang='lat' dir='ltr'>omni</span> <span class='ocrx_word' id='word_1_144' title='bbox 2917 938 3367 993; x_wconf 87' lang='lat' dir='ltr'>contradictione</span> <span class='ocrx_word' id='word_1_145' title='bbox 3399 944 3635 994; x_wconf 86' lang='lat' dir='ltr'>remota.</span> 
     </span>
    </p>
   </div>
   <div class='ocr_carea' id='block_1_23' title="bbox 2250 1024 3923 1099">
    <p class='ocr_par' dir='ltr' id='par_1_23' title="bbox 2250 1024 3923 1099">
     <span class='ocr_line' id='line_1_23' title="bbox 2250 1024 3923 1099; baseline 0.001 -20"><span class='ocrx_word' id='word_1_146' title='bbox 2250 1024 2307 1080; x_wconf 91' lang='lat' dir='ltr'>Si</span> <span class='ocrx_word' id='word_1_147' title='bbox 2360 1026 2488 1095; x_wconf 89' lang='lat' dir='ltr'>quis</span> <span class='ocrx_word' id='word_1_148' title='bbox 2513 1025 2691 1095; x_wconf 83' lang='lat' dir='ltr'>igitur</span> <span class='ocrx_word' id='word_1_149' title='bbox 2721 1026 2868 1079; x_wconf 88' lang='lat' dir='ltr'>hanc</span> <span class='ocrx_word' id='word_1_150' title='bbox 2894 1027 3074 1080; x_wconf 89' lang='lat' dir='ltr'>nostri</span> <span class='ocrx_word' id='word_1_151' title='bbox 3108 1028 3381 1098; x_wconf 55' lang='lat' dir='ltr'>precepti</span> <span class='ocrx_word' id='word_1_152' title='bbox 3429 1028 3704 1099; x_wconf 81' lang='lat' dir='ltr'>paginam</span> <span class='ocrx_word' id='word_1_153' title='bbox 3762 1028 3923 1081; x_wconf 84' lang='lat' dir='ltr'>vio-</span> 
     </span>
    </p>
   </div>
   <div class='ocr_carea' id='block_1_24' title="bbox 2180 1114 3923 1185">
    <p class='ocr_par' dir='ltr' id='par_1_24' title="bbox 2180 1114 3923 1185">
     <span class='ocr_line' id='line_1_24' title="bbox 2180 1114 3923 1185; baseline 0.002 -18"><span class='ocrx_word' id='word_1_154' title='bbox 2180 1114 2299 1167; x_wconf 91' lang='lat' dir='ltr'>lare</span> <span class='ocrx_word' id='word_1_155' title='bbox 2328 1114 2415 1167; x_wconf 86' lang='lat' dir='ltr'>vel</span> <span class='ocrx_word' id='word_1_156' title='bbox 2464 1129 2735 1182; x_wconf 87' lang='lat' dir='ltr'>spernere</span> <span class='ocrx_word' id='word_1_157' title='bbox 2766 1115 3219 1185; x_wconf 69' lang='lat' dir='ltr'>praesumpserit,</span> <span class='ocrx_word' id='word_1_158' title='bbox 3252 1117 3395 1171; x_wconf 87' lang='lat' dir='ltr'>sciat</span> <span class='ocrx_word' id='word_1_159' title='bbox 3434 1133 3491 1170; x_wconf 91' lang='lat' dir='ltr'>se</span> <span class='ocrx_word' id='word_1_160' title='bbox 3525 1116 3923 1171; x_wconf 80' lang='lat' dir='ltr'>redditurum</span> 
     </span>
    </p>
   </div>
   <div class='ocr_carea' id='block_1_25' title="bbox 2182 1201 3926 1275">
    <p class='ocr_par' dir='ltr' id='par_1_25' title="bbox 2182 1201 3926 1275">
     <span class='ocr_line' id='line_1_25' title="bbox 2182 1201 3926 1275; baseline 0.002 -21"><span class='ocrx_word' id='word_1_161' title='bbox 2182 1203 2459 1255; x_wconf 87' lang='lat' dir='ltr'>rationem</span> <span class='ocrx_word' id='word_1_162' title='bbox 2493 1201 2888 1272; x_wconf 89' lang='lat' dir='ltr'>Omnipotenti</span> <span class='ocrx_word' id='word_1_163' title='bbox 2930 1203 3044 1256; x_wconf 91' lang='lat' dir='ltr'>Deo</span> <span class='ocrx_word' id='word_1_164' title='bbox 3102 1203 3161 1257; x_wconf 92' lang='lat' dir='ltr'>in</span> <span class='ocrx_word' id='word_1_165' title='bbox 3200 1204 3291 1259; x_wconf 91' lang='lat' dir='ltr'>die</span> <span class='ocrx_word' id='word_1_166' title='bbox 3325 1205 3553 1275; x_wconf 90' lang='lat' dir='ltr'>judicii,</span> <span class='ocrx_word' id='word_1_167' title='bbox 3608 1209 3664 1257; x_wconf 91' lang='lat' dir='ltr'>et</span> <span class='ocrx_word' id='word_1_168' title='bbox 3707 1206 3926 1258; x_wconf 85' lang='lat' dir='ltr'>nostri</span> 
     </span>
    </p>
   </div>
   <div class='ocr_carea' id='block_1_26' title="bbox 2182 1289 3921 1363">
    <p class='ocr_par' dir='ltr' id='par_1_26' title="bbox 2182 1289 3921 1363">
     <span class='ocr_line' id='line_1_26' title="bbox 2182 1289 3921 1363; baseline 0.003 -22"><span class='ocrx_word' id='word_1_169' title='bbox 2182 1292 2422 1360; x_wconf 78' lang='lat' dir='ltr'>gratiam</span> <span class='ocrx_word' id='word_1_170' title='bbox 2449 1290 2506 1342; x_wconf 92' lang='lat' dir='ltr'>in</span> <span class='ocrx_word' id='word_1_171' title='bbox 2538 1289 2809 1359; x_wconf 66' lang='lat' dir='ltr'>praesenti</span> <span class='ocrx_word' id='word_1_172' title='bbox 2831 1292 3036 1344; x_wconf 63' lang='lat' dir='ltr'>seculo</span> <span class='ocrx_word' id='word_1_173' title='bbox 3090 1308 3390 1363; x_wconf 87' lang='lat' dir='ltr'>nunquam</span> <span class='ocrx_word' id='word_1_174' title='bbox 3419 1298 3921 1346; x_wconf 84' lang='lat' dir='ltr'>consecuturum.</span> 
     </span>
    </p>
   </div>
   <div class='ocr_carea' id='block_1_27' title="bbox 2182 1377 3929 1451">
    <p class='ocr_par' dir='ltr' id='par_1_27' title="bbox 2182 1377 3929 1451">
     <span class='ocr_line' id='line_1_27' title="bbox 2182 1377 3929 1451; baseline 0.002 -21"><span class='ocrx_word' id='word_1_175' title='bbox 2182 1378 2250 1430; x_wconf 90' lang='lat' dir='ltr'>Et</span> <span class='ocrx_word' id='word_1_176' title='bbox 2279 1383 2343 1431; x_wconf 90' lang='lat' dir='ltr'>ut</span> <span class='ocrx_word' id='word_1_177' title='bbox 2374 1378 2494 1431; x_wconf 76' lang='lat' dir='ltr'>haec</span> <span class='ocrx_word' id='word_1_178' title='bbox 2514 1377 2704 1431; x_wconf 87' lang='lat' dir='ltr'>verius</span> <span class='ocrx_word' id='word_1_179' title='bbox 2733 1378 3061 1447; x_wconf 84' lang='lat' dir='ltr'>credantur,</span> <span class='ocrx_word' id='word_1_180' title='bbox 3122 1380 3570 1451; x_wconf 89' lang='lat' dir='ltr'>diligentiusque</span> <span class='ocrx_word' id='word_1_181' title='bbox 3600 1381 3671 1434; x_wconf 90' lang='lat' dir='ltr'>ab</span> <span class='ocrx_word' id='word_1_182' title='bbox 3706 1397 3816 1434; x_wconf 92' lang='lat' dir='ltr'>om</span> <span class='ocrx_word' id='word_1_183' title='bbox 3829 1381 3929 1434; x_wconf 87' lang='lat' dir='ltr'>ni-</span> 
     </span>
    </p>
   </div>
   <div class='ocr_carea' id='block_1_28' title="bbox 2184 1466 3927 1540">
    <p class='ocr_par' dir='ltr' id='par_1_28' title="bbox 2184 1466 3927 1540">
     <span class='ocr_line' id='line_1_28' title="bbox 2184 1466 3927 1540; baseline 0.002 -20"><span class='ocrx_word' id='word_1_184' title='bbox 2184 1466 2291 1520; x_wconf 90' lang='lat' dir='ltr'>bus</span> <span class='ocrx_word' id='word_1_185' title='bbox 2313 1466 2705 1532; x_wconf 87' lang='lat' dir='ltr'>observentur,</span> <span class='ocrx_word' id='word_1_186' title='bbox 2741 1482 2915 1520; x_wconf 89' lang='lat' dir='ltr'>manu</span> <span class='ocrx_word' id='word_1_187' title='bbox 2944 1467 3178 1537; x_wconf 86' lang='lat' dir='ltr'>propria</span> <span class='ocrx_word' id='word_1_188' title='bbox 3221 1469 3678 1536; x_wconf 87' lang='lat' dir='ltr'>corroborantes,</span> <span class='ocrx_word' id='word_1_189' title='bbox 3717 1469 3927 1540; x_wconf 81' lang='lat' dir='ltr'>sigilli</span> 
     </span>
    </p>
   </div>
   <div class='ocr_carea' id='block_1_29' title="bbox 2187 1554 3402 1625">
    <p class='ocr_par' dir='ltr' id='par_1_29' title="bbox 2187 1554 3402 1625">
     <span class='ocr_line' id='line_1_29' title="bbox 2187 1554 3402 1625; baseline 0.002 -19"><span class='ocrx_word' id='word_1_190' title='bbox 2187 1554 2370 1607; x_wconf 89' lang='lat' dir='ltr'>nostri</span> <span class='ocrx_word' id='word_1_191' title='bbox 2403 1554 2781 1623; x_wconf 84' lang='lat' dir='ltr'>impressione</span> <span class='ocrx_word' id='word_1_192' title='bbox 2805 1555 3084 1624; x_wconf 88' lang='lat' dir='ltr'>jussimus</span> <span class='ocrx_word' id='word_1_193' title='bbox 3116 1555 3402 1625; x_wconf 89' lang='lat' dir='ltr'>insigniri.</span> 
     </span>
    </p>
   </div>
   <div class='ocr_carea' id='block_1_30' title="bbox 2259 1641 3926 1715">
    <p class='ocr_par' dir='ltr' id='par_1_30' title="bbox 2259 1641 3926 1715">
     <span class='ocr_line' id='line_1_30' title="bbox 2259 1641 3926 1715; baseline 0.002 -18"><span class='ocrx_word' id='word_1_194' title='bbox 2259 1643 2485 1709; x_wconf 80' lang='lat' dir='ltr'>Signum</span> <span class='ocrx_word' id='word_1_195' title='bbox 2546 1641 2755 1695; x_wconf 83' lang='lat' dir='ltr'>domini</span> <span class='ocrx_word' id='word_1_196' title='bbox 2822 1644 3045 1696; x_wconf 83' lang='lat' dir='ltr'>Henrici</span> <span class='ocrx_word' id='word_1_197' title='bbox 3109 1645 3472 1698; x_wconf 84' lang='lat' dir='ltr'>Romanorum</span> <span class='ocrx_word' id='word_1_198' title='bbox 3534 1646 3926 1715; x_wconf 83' lang='lat' dir='ltr'>imperatoris</span> 
     </span>
    </p>
   </div>
   <div class='ocr_carea' id='block_1_31' title="bbox 376 1709 3262 1809">
    <p class='ocr_par' dir='ltr' id='par_1_31' title="bbox 376 1709 3262 1809">
     <span class='ocr_line' id='line_1_31' title="bbox 376 1709 3262 1809; baseline 0.002 -40"><span class='ocrx_word' id='word_1_199' title='bbox 376 1731 581 1770; x_wconf 88' lang='lat' dir='ltr'>namus</span> <span class='ocrx_word' id='word_1_200' title='bbox 611 1718 667 1768; x_wconf 91' lang='lat' dir='ltr'>et</span> <span class='ocrx_word' id='word_1_201' title='bbox 723 1712 1161 1782; x_wconf 84' lang='lat' dir='ltr'>proprietamus,</span> <span class='ocrx_word' id='word_1_202' title='bbox 1209 1709 1467 1764; x_wconf 87' lang='lat' dir='ltr'>omnium</span> <span class='ocrx_word' id='word_1_203' title='bbox 1513 1711 1964 1765; x_wconf 88' lang='lat' dir='ltr'>contradictione</span> <span class='ocrx_word' id='word_1_204' title='bbox 1984 1728 2076 1766; x_wconf 86' lang='lat' dir='ltr'>re-</span> <span class='ocrx_word' id='word_1_205' title='bbox 2110 1756 2152 1809; x_wconf 76' lang='grc' dir='ltr'>Β</span> <span class='ocrx_word' id='word_1_206' title='bbox 2190 1730 2432 1797; x_wconf 63' lang='lat' dir='ltr'>Augusti</span> <span class='ocrx_word' id='word_1_207' title='bbox 2449 1729 2798 1784; x_wconf 64' lang='lat' dir='ltr'>invictissimi</span> <span class='ocrx_word' id='word_1_208' title='bbox 2826 1734 2876 1784; x_wconf 68' lang='lat' dir='ltr'>et</span> <span class='ocrx_word' id='word_1_209' title='bbox 2912 1732 3262 1788; x_wconf 68' lang='grc' dir='ltr'>εενεηεεείγηί,</span> 
     </span>
    </p>
   </div>
   <div class='ocr_carea' id='block_1_32' title="bbox 379 1797 2081 1877">
    <p class='ocr_par' dir='ltr' id='par_1_32' title="bbox 379 1797 2081 1877">
     <span class='ocr_line' id='line_1_32' title="bbox 379 1797 2081 1877; baseline -0.001 -20"><span class='ocrx_word' id='word_1_210' title='bbox 379 1807 551 1857; x_wconf 89' lang='lat' dir='ltr'>mota.</span> <span class='ocrx_word' id='word_1_211' title='bbox 616 1800 983 1870; x_wconf 67' lang='lat' dir='ltr'>Praecipimus</span> <span class='ocrx_word' id='word_1_212' title='bbox 1030 1797 1209 1868; x_wconf 89' lang='lat' dir='ltr'>igitur</span> <span class='ocrx_word' id='word_1_213' title='bbox 1254 1798 1532 1877; x_wconf 36' lang='lat' dir='ltr'>ut’nobis</span> <span class='ocrx_word' id='word_1_214' title='bbox 1574 1799 1634 1851; x_wconf 90' lang='lat' dir='ltr'>in</span> <span class='ocrx_word' id='word_1_215' title='bbox 1688 1800 1801 1852; x_wconf 88' lang='lat' dir='ltr'>Deo</span> <span class='ocrx_word' id='word_1_216' title='bbox 1843 1799 2081 1855; x_wconf 85' lang='lat' dir='ltr'>dilectus</span> 
     </span>
    </p>
   </div>
   <div class='ocr_carea' id='block_1_33' title="bbox 382 1884 2090 1957">
    <p class='ocr_par' dir='ltr' id='par_1_33' title="bbox 382 1884 2090 1957">
     <span class='ocr_line' id='line_1_33' title="bbox 382 1884 2090 1957; baseline -0.003 -12"><span class='ocrx_word' id='word_1_217' title='bbox 382 1889 757 1953; x_wconf 85' lang='lat' dir='ltr'>Eberhardus,</span> <span class='ocrx_word' id='word_1_218' title='bbox 820 1887 1079 1957; x_wconf 88' lang='lat' dir='ltr'>ejusdem</span> <span class='ocrx_word' id='word_1_219' title='bbox 1145 1884 1293 1939; x_wconf 88' lang='lat' dir='ltr'>sedis</span> <span class='ocrx_word' id='word_1_220' title='bbox 1324 1886 1550 1955; x_wconf 90' lang='lat' dir='ltr'>primus</span> <span class='ocrx_word' id='word_1_221' title='bbox 1589 1884 1908 1955; x_wconf 89' lang='lat' dir='ltr'>episcopus.</span> <span class='ocrx_word' id='word_1_222' title='bbox 1941 1886 2090 1956; x_wconf 89' lang='lat' dir='ltr'>ejus-</span> 
     </span>
    </p>
   </div>
   <div class='ocr_carea' id='block_1_34' title="bbox 381 1972 2088 2049">
    <p class='ocr_par' dir='ltr' id='par_1_34' title="bbox 381 1972 2088 2049">
     <span class='ocr_line' id='line_1_34' title="bbox 381 1972 2088 2049; baseline -0.002 -17"><span class='ocrx_word' id='word_1_223' title='bbox 381 1995 492 2049; x_wconf 88' lang='lat' dir='ltr'>que</span> <span class='ocrx_word' id='word_1_224' title='bbox 514 1992 870 2031; x_wconf 81' lang='lat' dir='ltr'>successores</span> <span class='ocrx_word' id='word_1_225' title='bbox 898 1974 1153 2043; x_wconf 31' lang='lat' dir='ltr'>.liberam</span> <span class='ocrx_word' id='word_1_226' title='bbox 1206 1972 1417 2026; x_wconf 87' lang='lat' dir='ltr'>dehinc</span> <span class='ocrx_word' id='word_1_227' title='bbox 1444 1972 1692 2026; x_wconf 88' lang='lat' dir='ltr'>habeant</span> <span class='ocrx_word' id='word_1_228' title='bbox 1746 1978 2088 2041; x_wconf 88' lang='lat' dir='ltr'>potestatem</span> 
     </span>
    </p>
   </div>
   <div class='ocr_carea' id='block_1_35' title="bbox 380 2061 2087 2137">
    <p class='ocr_par' dir='ltr' id='par_1_35' title="bbox 380 2061 2087 2137">
     <span class='ocr_line' id='line_1_35' title="bbox 380 2061 2087 2137; baseline -0.004 -15"><span class='ocrx_word' id='word_1_229' title='bbox 380 2070 450 2122; x_wconf 91' lang='lat' dir='ltr'>de</span> <span class='ocrx_word' id='word_1_230' title='bbox 483 2066 752 2137; x_wconf 67' lang='lat' dir='ltr'>praedicta</span> <span class='ocrx_word' id='word_1_231' title='bbox 782 2079 882 2115; x_wconf 91' lang='lat' dir='ltr'>seu</span> <span class='ocrx_word' id='word_1_232' title='bbox 929 2061 1178 2125; x_wconf 89' lang='lat' dir='ltr'>abbatia,</span> <span class='ocrx_word' id='word_1_233' title='bbox 1208 2077 1305 2113; x_wconf 91' lang='lat' dir='ltr'>seu</span> <span class='ocrx_word' id='word_1_234' title='bbox 1333 2061 1554 2130; x_wconf 64' lang='lat' dir='ltr'>praedio</span> <span class='ocrx_word' id='word_1_235' title='bbox 1596 2062 1849 2128; x_wconf 88' lang='lat' dir='ltr'>tenendi,</span> <span class='ocrx_word' id='word_1_236' title='bbox 1900 2063 2087 2131; x_wconf 87' lang='lat' dir='ltr'>possi-</span> 
     </span>
    </p>
   </div>
   <div class='ocr_carea' id='block_1_36' title="bbox 382 2147 2089 2219">
    <p class='ocr_par' dir='ltr' id='par_1_36' title="bbox 382 2147 2089 2219">
     <span class='ocr_line' id='line_1_36' title="bbox 382 2147 2089 2219; baseline -0.003 -10"><span class='ocrx_word' id='word_1_237' title='bbox 382 2155 575 2218; x_wconf 90' lang='lat' dir='ltr'>dendi,</span> <span class='ocrx_word' id='word_1_238' title='bbox 626 2148 1037 2215; x_wconf 87' lang='lat' dir='ltr'>commutandi,</span> <span class='ocrx_word' id='word_1_239' title='bbox 1086 2164 1206 2209; x_wconf 89' lang='lat' dir='ltr'>seu,</span> <span class='ocrx_word' id='word_1_240' title='bbox 1241 2148 1518 2219; x_wconf 87' lang='lat' dir='ltr'>quicquid</span> <span class='ocrx_word' id='word_1_241' title='bbox 1550 2147 1659 2202; x_wconf 90' lang='lat' dir='ltr'>sibi</span> <span class='ocrx_word' id='word_1_242' title='bbox 1707 2148 1864 2213; x_wconf 86' lang='lat' dir='ltr'>libet,</span> <span class='ocrx_word' id='word_1_243' title='bbox 1899 2150 2089 2205; x_wconf 88' lang='lat' dir='ltr'>modis</span> 
     </span>
    </p>
   </div>
   <div class='ocr_carea' id='block_1_37' title="bbox 384 2236 2090 2306">
    <p class='ocr_par' dir='ltr' id='par_1_37' title="bbox 384 2236 2090 2306">
     <span class='ocr_line' id='line_1_37' title="bbox 384 2236 2090 2306; baseline -0.003 -9"><span class='ocrx_word' id='word_1_244' title='bbox 384 2242 650 2297; x_wconf 90' lang='lat' dir='ltr'>omnibus</span> <span class='ocrx_word' id='word_1_245' title='bbox 704 2240 761 2292; x_wconf 90' lang='lat' dir='ltr'>in</span> <span class='ocrx_word' id='word_1_246' title='bbox 801 2253 970 2290; x_wconf 89' lang='lat' dir='ltr'>usum</span> <span class='ocrx_word' id='word_1_247' title='bbox 1026 2237 1396 2306; x_wconf 88' lang='lat' dir='ltr'>Episcopatus</span> <span class='ocrx_word' id='word_1_248' title='bbox 1452 2236 1717 2292; x_wconf 89' lang='lat' dir='ltr'>faciendi.</span> <span class='ocrx_word' id='word_1_249' title='bbox 1777 2240 1847 2293; x_wconf 86' lang='lat' dir='ltr'>Ut</span> <span class='ocrx_word' id='word_1_250' title='bbox 1896 2243 2090 2293; x_wconf 89' lang='lat' dir='ltr'>autem</span> 
     </span>
    </p>
   </div>
   <div class='ocr_carea' id='block_1_38' title="bbox 385 2324 2092 2395">
    <p class='ocr_par' dir='ltr' id='par_1_38' title="bbox 385 2324 2092 2395">
     <span class='ocr_line' id='line_1_38' title="bbox 385 2324 2092 2395; baseline -0.002 -11"><span class='ocrx_word' id='word_1_251' title='bbox 385 2331 508 2384; x_wconf 65' lang='lat' dir='ltr'>haec</span> <span class='ocrx_word' id='word_1_252' title='bbox 556 2332 761 2381; x_wconf 63' lang='lat' dir='ltr'>nostras</span> <span class='ocrx_word' id='word_1_253' title='bbox 804 2324 1177 2395; x_wconf 86' lang='lat' dir='ltr'>ingenuitatis</span> <span class='ocrx_word' id='word_1_254' title='bbox 1225 2325 1456 2379; x_wconf 86' lang='lat' dir='ltr'>traditio</span> <span class='ocrx_word' id='word_1_255' title='bbox 1515 2325 1731 2379; x_wconf 87' lang='lat' dir='ltr'>stabilis</span> <span class='ocrx_word' id='word_1_256' title='bbox 1789 2330 1845 2379; x_wconf 90' lang='lat' dir='ltr'>et</span> <span class='ocrx_word' id='word_1_257' title='bbox 1901 2328 2092 2381; x_wconf 89' lang='lat' dir='ltr'>incon-</span> 
     </span>
    </p>
   </div>
   <div class='ocr_carea' id='block_1_39' title="bbox 387 2411 2091 2485">
    <p class='ocr_par' dir='ltr' id='par_1_39' title="bbox 387 2411 2091 2485">
     <span class='ocr_line' id='line_1_39' title="bbox 387 2411 2091 2485; baseline 0.001 -17"><span class='ocrx_word' id='word_1_258' title='bbox 387 2417 549 2470; x_wconf 89' lang='lat' dir='ltr'>vulsa</span> <span class='ocrx_word' id='word_1_259' title='bbox 576 2419 910 2484; x_wconf 89' lang='lat' dir='ltr'>permaneat</span> <span class='ocrx_word' id='word_1_260' title='bbox 938 2428 1092 2467; x_wconf 90' lang='lat' dir='ltr'>nunc</span> <span class='ocrx_word' id='word_1_261' title='bbox 1140 2417 1196 2465; x_wconf 88' lang='lat' dir='ltr'>et</span> <span class='ocrx_word' id='word_1_262' title='bbox 1225 2413 1284 2466; x_wconf 91' lang='lat' dir='ltr'>iu</span> <span class='ocrx_word' id='word_1_263' title='bbox 1313 2411 1594 2480; x_wconf 89' lang='lat' dir='ltr'>futurum,</span> <span class='ocrx_word' id='word_1_264' title='bbox 1644 2414 1791 2467; x_wconf 87' lang='lat' dir='ltr'>hanc</span> <span class='ocrx_word' id='word_1_265' title='bbox 1820 2415 2091 2485; x_wconf 87' lang='lat' dir='ltr'>paginam</span> 
     </span>
    </p>
   </div>
   <div class='ocr_carea' id='block_1_40' title="bbox 389 2500 2092 2574">
    <p class='ocr_par' dir='ltr' id='par_1_40' title="bbox 389 2500 2092 2574">
     <span class='ocr_line' id='line_1_40' title="bbox 389 2500 2092 2574; baseline 0 -15"><span class='ocrx_word' id='word_1_266' title='bbox 389 2506 527 2559; x_wconf 91' lang='lat' dir='ltr'>inde</span> <span class='ocrx_word' id='word_1_267' title='bbox 584 2501 966 2571; x_wconf 86' lang='lat' dir='ltr'>conscriptam</span> <span class='ocrx_word' id='word_1_268' title='bbox 1020 2517 1193 2554; x_wconf 90' lang='lat' dir='ltr'>manu</span> <span class='ocrx_word' id='word_1_269' title='bbox 1238 2500 1475 2572; x_wconf 89' lang='lat' dir='ltr'>propria</span> <span class='ocrx_word' id='word_1_270' title='bbox 1507 2502 1863 2569; x_wconf 89' lang='lat' dir='ltr'>roborantes,</span> <span class='ocrx_word' id='word_1_271' title='bbox 1917 2503 2092 2574; x_wconf 88' lang='lat' dir='ltr'>sigilli</span> 
     </span>
    </p>
   </div>
   <div class='ocr_carea' id='block_1_41' title="bbox 388 2589 1605 2660">
    <p class='ocr_par' dir='ltr' id='par_1_41' title="bbox 388 2589 1605 2660">
     <span class='ocr_line' id='line_1_41' title="bbox 388 2589 1605 2660; baseline -0.003 -13"><span class='ocrx_word' id='word_1_272' title='bbox 388 2592 567 2647; x_wconf 85' lang='lat' dir='ltr'>nostri</span> <span class='ocrx_word' id='word_1_273' title='bbox 598 2590 975 2660; x_wconf 89' lang='lat' dir='ltr'>impressione</span> <span class='ocrx_word' id='word_1_274' title='bbox 1008 2589 1275 2659; x_wconf 81' lang='lat' dir='ltr'>insigniri</span> <span class='ocrx_word' id='word_1_275' title='bbox 1309 2589 1605 2659; x_wconf 88' lang='lat' dir='ltr'>jussimus.</span> 
     </span>
    </p>
   </div>
   <div class='ocr_carea' id='block_1_42' title="bbox 459 2676 2091 2749">
    <p class='ocr_par' dir='ltr' id='par_1_42' title="bbox 459 2676 2091 2749">
     <span class='ocr_line' id='line_1_42' title="bbox 459 2676 2091 2749; baseline 0.001 -15"><span class='ocrx_word' id='word_1_276' title='bbox 459 2682 688 2748; x_wconf 82' lang='lat' dir='ltr'>Signum</span> <span class='ocrx_word' id='word_1_277' title='bbox 744 2679 931 2731; x_wconf 77' lang='lat' dir='ltr'>damni</span> <span class='ocrx_word' id='word_1_278' title='bbox 1000 2676 1260 2731; x_wconf 81' lang='lat' dir='ltr'>Heinrici</span> <span class='ocrx_word' id='word_1_279' title='bbox 1323 2679 1673 2732; x_wconf 81' lang='lat' dir='ltr'>invictissimi</span> <span class='ocrx_word' id='word_1_280' title='bbox 1744 2680 2091 2749; x_wconf 80' lang='lat' dir='ltr'>imperatoris</span> 
     </span>
    </p>
   </div>
   <div class='ocr_carea' id='block_1_43' title="bbox 389 2768 1133 2838">
    <p class='ocr_par' dir='ltr' id='par_1_43' title="bbox 389 2768 1133 2838">
     <span class='ocr_line' id='line_1_43' title="bbox 389 2768 1133 2838; baseline -0.008 -13"><span class='ocrx_word' id='word_1_281' title='bbox 389 2771 631 2836; x_wconf 82' lang='lat' dir='ltr'>Augusti</span> <span class='ocrx_word' id='word_1_282' title='bbox 655 2768 1133 2838; x_wconf 83' lang='lat' dir='ltr'>(Monogramma.)</span> 
     </span>
    </p>
   </div>
   <div class='ocr_carea' id='block_1_44' title="bbox 462 2853 2090 2913">
    <p class='ocr_par' dir='ltr' id='par_1_44' title="bbox 462 2853 2090 2913">
     <span class='ocr_line' id='line_1_44' title="bbox 462 2853 2090 2913; baseline -0.001 -1"><span class='ocrx_word' id='word_1_283' title='bbox 462 2857 811 2913; x_wconf 75' lang='lat' dir='ltr'>Guntlierius</span> <span class='ocrx_word' id='word_1_284' title='bbox 864 2854 1236 2908; x_wconf 90' lang='lat' dir='ltr'>cancellarius</span> <span class='ocrx_word' id='word_1_285' title='bbox 1297 2853 1418 2909; x_wconf 90' lang='lat' dir='ltr'>vice</span> <span class='ocrx_word' id='word_1_286' title='bbox 1475 2854 1848 2909; x_wconf 86' lang='lat' dir='ltr'>Erchanbaldi</span> <span class='ocrx_word' id='word_1_287' title='bbox 1901 2857 2090 2911; x_wconf 89' lang='lat' dir='ltr'>archi-</span> 
     </span>
    </p>
   </div>
   <div class='ocr_carea' id='block_1_45' title="bbox 391 2944 1022 3017">
    <p class='ocr_par' dir='ltr' id='par_1_45' title="bbox 391 2944 1022 3017">
     <span class='ocr_line' id='line_1_45' title="bbox 391 2944 1022 3017; baseline -0.008 -16"><span class='ocrx_word' id='word_1_288' title='bbox 391 2945 673 3017; x_wconf 85' lang='lat' dir='ltr'>capellani</span> <span class='ocrx_word' id='word_1_289' title='bbox 701 2944 1022 3014; x_wconf 86' lang='lat' dir='ltr'>recognovi.</span> 
     </span>
    </p>
   </div>
   <div class='ocr_carea' id='block_1_46' title="bbox 2269 1817 3931 1876">
    <p class='ocr_par' dir='ltr' id='par_1_46' title="bbox 2269 1817 3931 1876">
     <span class='ocr_line' id='line_1_46' title="bbox 2269 1817 3931 1876; baseline 0.004 -6"><span class='ocrx_word' id='word_1_290' title='bbox 2269 1817 2617 1870; x_wconf 85' lang='lat' dir='ltr'>Guntherius</span> <span class='ocrx_word' id='word_1_291' title='bbox 2705 1818 3075 1872; x_wconf 91' lang='lat' dir='ltr'>cancellarius</span> <span class='ocrx_word' id='word_1_292' title='bbox 3119 1819 3193 1873; x_wconf 91' lang='lat' dir='ltr'>ad</span> <span class='ocrx_word' id='word_1_293' title='bbox 3265 1819 3448 1874; x_wconf 90' lang='lat' dir='ltr'>vicem</span> <span class='ocrx_word' id='word_1_294' title='bbox 3514 1821 3931 1876; x_wconf 88' lang='lat' dir='ltr'>Erchenbaldi</span> 
     </span>
    </p>
   </div>
   <div class='ocr_carea' id='block_1_47' title="bbox 2199 1898 3616 1979">
    <p class='ocr_par' dir='ltr' id='par_1_47' title="bbox 2199 1898 3616 1979">
     <span class='ocr_line' id='line_1_47' title="bbox 2199 1898 3616 1979; baseline 0.004 -20"><span class='ocrx_word' id='word_1_295' title='bbox 2199 1905 2615 1976; x_wconf 88' lang='lat' dir='ltr'>archiepiscopi</span> <span class='ocrx_word' id='word_1_296' title='bbox 2644 1910 2699 1960; x_wconf 90' lang='lat' dir='ltr'>et</span> <span class='ocrx_word' id='word_1_297' title='bbox 2719 1906 3159 1976; x_wconf 89' lang='lat' dir='ltr'>archicapellani</span> <span class='ocrx_word' id='word_1_298' title='bbox 3184 1908 3510 1979; x_wconf 88' lang='lat' dir='ltr'>recognovi.</span> <span class='ocrx_word' id='word_1_299' title='bbox 3606 1898 3616 1913; x_wconf 80' lang='grc'><strong>’</strong></span> 
     </span>
    </p>
   </div>
   <div class='ocr_carea' id='block_1_48' title="bbox 2274 1995 3933 2063">
    <p class='ocr_par' dir='ltr' id='par_1_48' title="bbox 2274 1995 3933 2063">
     <span class='ocr_line' id='line_1_48' title="bbox 2274 1995 3933 2063; baseline 0.003 -15"><span class='ocrx_word' id='word_1_300' title='bbox 2274 1996 2478 2048; x_wconf 87' lang='lat' dir='ltr'>Datum</span> <span class='ocrx_word' id='word_1_301' title='bbox 2521 2010 2672 2047; x_wconf 89' lang='lat' dir='ltr'>anno</span> <span class='ocrx_word' id='word_1_302' title='bbox 2725 1995 3033 2049; x_wconf 71' lang='lat' dir='ltr'>Dominicaa</span> <span class='ocrx_word' id='word_1_303' title='bbox 3078 1996 3489 2051; x_wconf 88' lang='lat' dir='ltr'>incarnationis</span> <span class='ocrx_word' id='word_1_304' title='bbox 3515 1997 3679 2063; x_wconf 83' lang='grc'><strong>1019,</strong></span> <span class='ocrx_word' id='word_1_305' title='bbox 3700 1997 3933 2053; x_wconf 87' lang='lat' dir='ltr'>indict.</span> 
     </span>
    </p>
   </div>
   <div class='ocr_carea' id='block_1_49' title="bbox 2198 2082 3937 2149">
    <p class='ocr_par' dir='ltr' id='par_1_49' title="bbox 2198 2082 3937 2149">
     <span class='ocr_line' id='line_1_49' title="bbox 2198 2082 3937 2149; baseline 0.003 -12"><span class='ocrx_word' id='word_1_306' title='bbox 2198 2099 2321 2149; x_wconf 84' lang='lat' dir='ltr'>n,v</span> <span class='ocrx_word' id='word_1_307' title='bbox 2375 2082 2505 2135; x_wconf 90' lang='lat' dir='ltr'>ldus</span> <span class='ocrx_word' id='word_1_308' title='bbox 2553 2082 2827 2149; x_wconf 86' lang='lat' dir='ltr'>Januarii,</span> <span class='ocrx_word' id='word_1_309' title='bbox 2889 2099 3039 2137; x_wconf 90' lang='lat' dir='ltr'>anno</span> <span class='ocrx_word' id='word_1_310' title='bbox 3066 2101 3199 2139; x_wconf 91' lang='lat' dir='ltr'>vero</span> <span class='ocrx_word' id='word_1_311' title='bbox 3247 2084 3465 2141; x_wconf 88' lang='lat' dir='ltr'>domini</span> <span class='ocrx_word' id='word_1_312' title='bbox 3523 2087 3758 2141; x_wconf 86' lang='lat' dir='ltr'>Henrici</span> <span class='ocrx_word' id='word_1_313' title='bbox 3835 2104 3937 2143; x_wconf 84' lang='lat' dir='ltr'>re—</span> 
     </span>
    </p>
   </div>
   <div class='ocr_carea' id='block_1_50' title="bbox 2199 2170 3255 2241">
    <p class='ocr_par' dir='ltr' id='par_1_50' title="bbox 2199 2170 3255 2241">
     <span class='ocr_line' id='line_1_50' title="bbox 2199 2170 3255 2241; baseline 0.005 -18"><span class='ocrx_word' id='word_1_314' title='bbox 2199 2173 2427 2240; x_wconf 88' lang='lat' dir='ltr'>gnantis</span> <span class='ocrx_word' id='word_1_315' title='bbox 2458 2186 2600 2238; x_wconf 84' lang='lat' dir='ltr'>xvu,</span> <span class='ocrx_word' id='word_1_316' title='bbox 2635 2170 2863 2241; x_wconf 88' lang='lat' dir='ltr'>imperii</span> <span class='ocrx_word' id='word_1_317' title='bbox 2893 2188 3027 2225; x_wconf 91' lang='lat' dir='ltr'>vero</span> <span class='ocrx_word' id='word_1_318' title='bbox 3054 2173 3178 2241; x_wconf 87' lang='lat' dir='ltr'>ejus</span> <span class='ocrx_word' id='word_1_319' title='bbox 3203 2190 3255 2229; x_wconf 90' lang='lat' dir='ltr'>v.</span> 
     </span>
    </p>
   </div>
   <div class='ocr_carea' id='block_1_51' title="bbox 2269 2259 3356 2328">
    <p class='ocr_par' dir='ltr' id='par_1_51' title="bbox 2269 2259 3356 2328">
     <span class='ocr_line' id='line_1_51' title="bbox 2269 2259 3356 2328; baseline 0.004 -15"><span class='ocrx_word' id='word_1_320' title='bbox 2269 2261 2471 2313; x_wconf 82' lang='lat' dir='ltr'>Actum</span> <span class='ocrx_word' id='word_1_321' title='bbox 2505 2259 2834 2328; x_wconf 80' lang='lat' dir='ltr'>Chuofunge</span> <span class='ocrx_word' id='word_1_322' title='bbox 2863 2260 3116 2316; x_wconf 84' lang='lat' dir='ltr'>feliciter.</span> <span class='ocrx_word' id='word_1_323' title='bbox 3149 2264 3356 2318; x_wconf 82' lang='lat' dir='ltr'>Amen.</span> 
     </span>
    </p>
   </div>
   <div class='ocr_carea' id='block_1_52' title="bbox 2982 2350 3115 2405">
    <p class='ocr_par' dir='ltr' id='par_1_52' title="bbox 2982 2350 3115 2405">
     <span class='ocr_line' id='line_1_52' title="bbox 2982 2350 3115 2405; baseline -0.03 0"><span class='ocrx_word' id='word_1_324' title='bbox 2982 2350 3115 2405; x_wconf 91' lang='lat' dir='ltr'>CVI.</span> 
     </span>
    </p>
   </div>
   <div class='ocr_carea' id='block_1_53' title="bbox 2201 2437 3934 2509">
    <p class='ocr_par' dir='ltr' id='par_1_53' title="bbox 2201 2437 3934 2509">
     <span class='ocr_line' id='line_1_53' title="bbox 2201 2437 3934 2509; baseline 0.003 -17"><span class='ocrx_word' id='word_1_325' title='bbox 2201 2437 2570 2501; x_wconf 82' lang='lat' dir='ltr'>Privilegiwm</span> <span class='ocrx_word' id='word_1_326' title='bbox 2616 2438 2961 2505; x_wconf 79' lang='lat' dir='ltr'>imperatoris</span> <span class='ocrx_word' id='word_1_327' title='bbox 3003 2439 3248 2493; x_wconf 86' lang='lat' dir='ltr'>Heinrici</span> <span class='ocrx_word' id='word_1_328' title='bbox 3289 2455 3392 2509; x_wconf 87' lang='lat' dir='ltr'>pro</span> <span class='ocrx_word' id='word_1_329' title='bbox 3437 2439 3646 2497; x_wconf 86' lang='lat' dir='ltr'>duobus</span> <span class='ocrx_word' id='word_1_330' title='bbox 3696 2444 3934 2498; x_wconf 80' lang='lat' dir='ltr'>mansis</span> 
     </span>
    </p>
   </div>
   <div class='ocr_carea' id='block_1_54' title="bbox 2732 2509 3367 2579">
    <p class='ocr_par' dir='ltr' id='par_1_54' title="bbox 2732 2509 3367 2579">
     <span class='ocr_line' id='line_1_54' title="bbox 2732 2509 3367 2579; baseline 0.006 -18"><span class='ocrx_word' id='word_1_331' title='bbox 2732 2510 2854 2561; x_wconf 81' lang='lat' dir='ltr'>sitis</span> <span class='ocrx_word' id='word_1_332' title='bbox 2885 2509 3057 2575; x_wconf 71' lang='lat' dir='ltr'>juxta</span> <span class='ocrx_word' id='word_1_333' title='bbox 3096 2511 3367 2579; x_wconf 76' lang='lat' dir='ltr'>Liupana.</span> 
     </span>
    </p>
   </div>
   <div class='ocr_carea' id='block_1_55' title="bbox 2858 2599 3260 2665">
    <p class='ocr_par' dir='ltr' id='par_1_55' title="bbox 2858 2599 3260 2665">
     <span class='ocr_line' id='line_1_55' title="bbox 2858 2599 3260 2665; baseline 0.007 -15"><span class='ocrx_word' id='word_1_334' title='bbox 2858 2599 3046 2662; x_wconf 82' lang='lat' dir='ltr'>(Anno</span> <span class='ocrx_word' id='word_1_335' title='bbox 3086 2600 3260 2665; x_wconf 78' lang='grc'>1019.)</span> 
     </span>
    </p>
   </div>
   <div class='ocr_carea' id='block_1_56' title="bbox 2528 2683 3581 2761">
    <p class='ocr_par' dir='ltr' id='par_1_56' title="bbox 2528 2683 3581 2761">
     <span class='ocr_line' id='line_1_56' title="bbox 2528 2683 3581 2761; baseline 0.006 -23"><span class='ocrx_word' id='word_1_336' title='bbox 2528 2683 2802 2756; x_wconf 86' lang='lat' dir='ltr'>[Ludwig,</span> <span class='ocrx_word' id='word_1_337' title='bbox 2856 2687 3030 2755; x_wconf 84' lang='lat' dir='ltr'>Scrip.</span> <span class='ocrx_word' id='word_1_338' title='bbox 3068 2703 3177 2741; x_wconf 86' lang='lat' dir='ltr'>rer.</span> <span class='ocrx_word' id='word_1_339' title='bbox 3212 2689 3420 2755; x_wconf 68' lang='lat' dir='ltr'>Germ,</span> <span class='ocrx_word' id='word_1_340' title='bbox 3454 2688 3581 2761; x_wconf 87' lang='lat'>336]</span> 
     </span>
    </p>
   </div>
   <div class='ocr_carea' id='block_1_57' title="bbox 2273 2772 3935 2839">
    <p class='ocr_par' dir='ltr' id='par_1_57' title="bbox 2273 2772 3935 2839">
     <span class='ocr_line' id='line_1_57' title="bbox 2273 2772 3935 2839; baseline 0.004 -12"><span class='ocrx_word' id='word_1_341' title='bbox 2273 2774 2337 2827; x_wconf 91' lang='lat' dir='ltr'>In</span> <span class='ocrx_word' id='word_1_342' title='bbox 2368 2772 2602 2826; x_wconf 90' lang='lat' dir='ltr'>nomine</span> <span class='ocrx_word' id='word_1_343' title='bbox 2634 2779 2842 2828; x_wconf 60' lang='lat' dir='ltr'>sanctis</span> <span class='ocrx_word' id='word_1_344' title='bbox 2886 2779 2943 2828; x_wconf 89' lang='lat' dir='ltr'>et</span> <span class='ocrx_word' id='word_1_345' title='bbox 2971 2774 3283 2830; x_wconf 74' lang='lat' dir='ltr'>individuus</span> <span class='ocrx_word' id='word_1_346' title='bbox 3330 2777 3647 2839; x_wconf 85' lang='lat' dir='ltr'>Trinitatis,</span> <span class='ocrx_word' id='word_1_347' title='bbox 3681 2778 3935 2835; x_wconf 74' lang='lat' dir='ltr'>Hamm-</span> 
     </span>
    </p>
   </div>
   <div class='ocr_carea' id='block_1_58' title="bbox 2202 2862 3736 2936">
    <p class='ocr_par' dir='ltr' id='par_1_58' title="bbox 2202 2862 3736 2936">
     <span class='ocr_line' id='line_1_58' title="bbox 2202 2862 3736 2936; baseline 0.004 -19"><span class='ocrx_word' id='word_1_348' title='bbox 2202 2878 2297 2917; x_wconf 80' lang='lat' dir='ltr'>cns</span> <span class='ocrx_word' id='word_1_349' title='bbox 2332 2862 2431 2915; x_wconf 86' lang='lat' dir='ltr'>Dei</span> <span class='ocrx_word' id='word_1_350' title='bbox 2455 2862 2635 2931; x_wconf 89' lang='lat' dir='ltr'>gratia</span> <span class='ocrx_word' id='word_1_351' title='bbox 2663 2863 3052 2916; x_wconf 83' lang='lat' dir='ltr'>Romanorum</span> <span class='ocrx_word' id='word_1_352' title='bbox 3084 2863 3399 2934; x_wconf 89' lang='lat' dir='ltr'>imperator</span> <span class='ocrx_word' id='word_1_353' title='bbox 3420 2865 3736 2936; x_wconf 85' lang='lat' dir='ltr'>Augustus.</span> 
     </span>
    </p>
   </div>
   <div class='ocr_carea' id='block_1_59' title="bbox 2273 2950 3929 3025">
    <p class='ocr_par' dir='ltr' id='par_1_59' title="bbox 2273 2950 3929 3025">
     <span class='ocr_line' id='line_1_59' title="bbox 2273 2950 3929 3025; baseline 0.005 -20"><span class='ocrx_word' id='word_1_354' title='bbox 2273 2950 2330 3005; x_wconf 91' lang='lat' dir='ltr'>Si</span> <span class='ocrx_word' id='word_1_355' title='bbox 2370 2950 2559 3020; x_wconf 88' lang='lat' dir='ltr'>dignis</span> <span class='ocrx_word' id='word_1_356' title='bbox 2600 2956 2931 3005; x_wconf 88' lang='lat' dir='ltr'>nostrorum</span> <span class='ocrx_word' id='word_1_357' title='bbox 2991 2951 3246 3007; x_wconf 91' lang='lat' dir='ltr'>ﬁdelium</span> <span class='ocrx_word' id='word_1_358' title='bbox 3304 2954 3680 3025; x_wconf 87' lang='lat' dir='ltr'>petitionibus</span> <span class='ocrx_word' id='word_1_359' title='bbox 3711 2974 3929 3014; x_wconf 88' lang='lat' dir='ltr'>assen-</span> 
     </span>
    </p>
   </div>
   <div class='ocr_carea' id='block_1_60' title="bbox 465 3030 3925 3115">
    <p class='ocr_par' dir='ltr' id='par_1_60' title="bbox 465 3030 3925 3115">
     <span class='ocr_line' id='line_1_60' title="bbox 465 3030 3925 3115; baseline 0.004 -28"><span class='ocrx_word' id='word_1_360' title='bbox 465 3034 605 3087; x_wconf 88' lang='lat' dir='ltr'>Data</span> <span class='ocrx_word' id='word_1_361' title='bbox 637 3048 690 3084; x_wconf 71' lang='lat' dir='ltr'>vr</span> <span class='ocrx_word' id='word_1_362' title='bbox 751 3032 884 3085; x_wconf 87' lang='lat' dir='ltr'>Idus</span> <span class='ocrx_word' id='word_1_363' title='bbox 927 3030 1074 3098; x_wconf 82' lang='lat' dir='ltr'>Maii,</span> <span class='ocrx_word' id='word_1_364' title='bbox 1121 3046 1272 3084; x_wconf 92' lang='lat' dir='ltr'>anno</span> <span class='ocrx_word' id='word_1_365' title='bbox 1327 3030 1636 3085; x_wconf 76' lang='lat' dir='ltr'>Dominicee</span> <span class='ocrx_word' id='word_1_366' title='bbox 1681 3031 2093 3087; x_wconf 88' lang='lat' dir='ltr'>incarnationis</span> <span class='ocrx_word' id='word_1_367' title='bbox 2131 3034 2173 3090; x_wconf 88' lang='lat' dir='ltr'><strong><em>C</em></strong></span> <span class='ocrx_word' id='word_1_368' title='bbox 2202 3055 2328 3093; x_wconf 89' lang='lat' dir='ltr'>sum</span> <span class='ocrx_word' id='word_1_369' title='bbox 2361 3040 2615 3109; x_wconf 77' lang='lat' dir='ltr'>praebere</span> <span class='ocrx_word' id='word_1_370' title='bbox 2646 3039 3089 3109; x_wconf 85' lang='lat' dir='ltr'>decreverimus,</span> <span class='ocrx_word' id='word_1_371' title='bbox 3123 3041 3211 3095; x_wconf 92' lang='lat' dir='ltr'>his</span> <span class='ocrx_word' id='word_1_372' title='bbox 3232 3042 3445 3096; x_wconf 90' lang='lat' dir='ltr'>scilicet</span> <span class='ocrx_word' id='word_1_373' title='bbox 3474 3044 3593 3114; x_wconf 89' lang='lat' dir='ltr'>qui,</span> <span class='ocrx_word' id='word_1_374' title='bbox 3626 3062 3732 3115; x_wconf 92' lang='lat' dir='ltr'>pro</span> <span class='ocrx_word' id='word_1_375' title='bbox 3757 3052 3925 3101; x_wconf 87' lang='lat' dir='ltr'>statu</span> 
     </span>
    </p>
   </div>
   <div class='ocr_carea' id='block_1_61' title="bbox 396 3118 2094 3185">
    <p class='ocr_par' dir='ltr' id='par_1_61' title="bbox 396 3118 2094 3185">
     <span class='ocr_line' id='line_1_61' title="bbox 396 3118 2094 3185; baseline 0.002 -11"><span class='ocrx_word' id='word_1_376' title='bbox 396 3123 553 3185; x_wconf 80' lang='grc'>1019,</span> <span class='ocrx_word' id='word_1_377' title='bbox 586 3119 781 3173; x_wconf 90' lang='lat' dir='ltr'>indict.</span> <span class='ocrx_word' id='word_1_378' title='bbox 845 3135 901 3184; x_wconf 83' lang='grc' dir='ltr'>ιι,</span> <span class='ocrx_word' id='word_1_379' title='bbox 939 3134 1090 3172; x_wconf 88' lang='lat' dir='ltr'>anno</span> <span class='ocrx_word' id='word_1_380' title='bbox 1141 3134 1275 3172; x_wconf 91' lang='lat' dir='ltr'>vero</span> <span class='ocrx_word' id='word_1_381' title='bbox 1335 3118 1533 3173; x_wconf 87' lang='lat' dir='ltr'>domui</span> <span class='ocrx_word' id='word_1_382' title='bbox 1592 3120 1819 3174; x_wconf 83' lang='lat' dir='ltr'>Henrici</span> <span class='ocrx_word' id='word_1_383' title='bbox 1860 3122 2094 3177; x_wconf 90' lang='lat' dir='ltr'>secundi</span> 
     </span>
    </p>
   </div>
   <div class='ocr_carea' id='block_1_62' title="bbox 392 3206 1253 3277">
    <p class='ocr_par' dir='ltr' id='par_1_62' title="bbox 392 3206 1253 3277">
     <span class='ocr_line' id='line_1_62' title="bbox 392 3206 1253 3277; baseline -0.003 -15"><span class='ocrx_word' id='word_1_384' title='bbox 392 3224 553 3277; x_wconf 88' lang='lat' dir='ltr'>regn.</span> <span class='ocrx_word' id='word_1_385' title='bbox 578 3223 711 3272; x_wconf 86' lang='lat' dir='ltr'>xvu,</span> <span class='ocrx_word' id='word_1_386' title='bbox 736 3206 964 3277; x_wconf 78' lang='lat' dir='ltr'>imperii</span> <span class='ocrx_word' id='word_1_387' title='bbox 987 3210 1175 3259; x_wconf 90' lang='lat' dir='ltr'>autem</span> <span class='ocrx_word' id='word_1_388' title='bbox 1198 3222 1253 3259; x_wconf 79' lang='grc' dir='ltr'><strong>ν.</strong></span> 
     </span>
    </p>
   </div>
   <div class='ocr_carea' id='block_1_63' title="bbox 465 3293 1210 3350">
    <p class='ocr_par' dir='ltr' id='par_1_63' title="bbox 465 3293 1210 3350">
     <span class='ocr_line' id='line_1_63' title="bbox 465 3293 1210 3350; baseline -0.003 -1"><span class='ocrx_word' id='word_1_389' title='bbox 465 3300 667 3350; x_wconf 88' lang='lat' dir='ltr'>Actum</span> <span class='ocrx_word' id='word_1_390' title='bbox 698 3294 922 3349; x_wconf 79' lang='lat' dir='ltr'>Altsteti</span> <span class='ocrx_word' id='word_1_391' title='bbox 952 3293 1210 3348; x_wconf 86' lang='lat' dir='ltr'>feliciter.</span> 
     </span>
    </p>
   </div>
   <div class='ocr_carea' id='block_1_64' title="bbox 820 3382 1664 3451">
    <p class='ocr_par' dir='ltr' id='par_1_64' title="bbox 820 3382 1664 3451">
     <span class='ocr_line' id='line_1_64' title="bbox 820 3382 1664 3451; baseline -0.001 -13"><span class='ocrx_word' id='word_1_392' title='bbox 820 3383 951 3438; x_wconf 88' lang='lat' dir='ltr'>Cum</span> <span class='ocrx_word' id='word_1_393' title='bbox 980 3382 1158 3449; x_wconf 87' lang='lat' dir='ltr'>sigillo</span> <span class='ocrx_word' id='word_1_394' title='bbox 1198 3383 1344 3435; x_wconf 82' lang='lat' dir='ltr'>intus</span> <span class='ocrx_word' id='word_1_395' title='bbox 1383 3383 1664 3451; x_wconf 87' lang='lat' dir='ltr'>impresso.</span> 
     </span>
    </p>
   </div>
   <div class='ocr_carea' id='block_1_65' title="bbox 1195 3469 1299 3523">
    <p class='ocr_par' dir='ltr' id='par_1_65' title="bbox 1195 3469 1299 3523">
     <span class='ocr_line' id='line_1_65' title="bbox 1195 3469 1299 3523; baseline 0 -1"><span class='ocrx_word' id='word_1_396' title='bbox 1195 3469 1299 3523; x_wconf 89' lang='lat' dir='ltr'>CV.</span> 
     </span>
    </p>
   </div>
   <div class='ocr_carea' id='block_1_66' title="bbox 398 3540 2098 3608">
    <p class='ocr_par' dir='ltr' id='par_1_66' title="bbox 398 3540 2098 3608">
     <span class='ocr_line' id='line_1_66' title="bbox 398 3540 2098 3608; baseline -0.001 -12"><span class='ocrx_word' id='word_1_397' title='bbox 398 3544 454 3597; x_wconf 91' lang='lat' dir='ltr'>S.</span> <span class='ocrx_word' id='word_1_398' title='bbox 518 3542 737 3595; x_wconf 83' lang='lat' dir='ltr'>Henrici</span> <span class='ocrx_word' id='word_1_399' title='bbox 812 3540 1072 3608; x_wconf 83' lang='lat' dir='ltr'>diploma,</span> <span class='ocrx_word' id='word_1_400' title='bbox 1133 3554 1237 3607; x_wconf 87' lang='lat' dir='ltr'>quo</span> <span class='ocrx_word' id='word_1_401' title='bbox 1323 3542 1644 3593; x_wconf 84' lang='lat' dir='ltr'>monasterio</span> <span class='ocrx_word' id='word_1_402' title='bbox 1724 3542 2098 3608; x_wconf 82' lang='lat' dir='ltr'>Tegernseensi</span> 
     </span>
    </p>
   </div>
   <div class='ocr_carea' id='block_1_67' title="bbox 468 3610 2092 3679">
    <p class='ocr_par' dir='ltr' id='par_1_67' title="bbox 468 3610 2092 3679">
     <span class='ocr_line' id='line_1_67' title="bbox 468 3610 2092 3679; baseline 0.001 -14"><span class='ocrx_word' id='word_1_403' title='bbox 468 3612 601 3665; x_wconf 86' lang='lat' dir='ltr'>duos</span> <span class='ocrx_word' id='word_1_404' title='bbox 649 3611 855 3677; x_wconf 82' lang='lat' dir='ltr'>regales</span> <span class='ocrx_word' id='word_1_405' title='bbox 903 3624 1134 3670; x_wconf 85' lang='lat' dir='ltr'>mansos,</span> <span class='ocrx_word' id='word_1_406' title='bbox 1188 3612 1246 3662; x_wconf 88' lang='lat' dir='ltr'>in</span> <span class='ocrx_word' id='word_1_407' title='bbox 1278 3610 1535 3679; x_wconf 85' lang='lat' dir='ltr'>Liupana</span> <span class='ocrx_word' id='word_1_408' title='bbox 1577 3626 1670 3665; x_wconf 81' lang='lat' dir='ltr'>seu</span> <span class='ocrx_word' id='word_1_409' title='bbox 1699 3612 1911 3665; x_wconf 85' lang='lat' dir='ltr'>Leuben</span> <span class='ocrx_word' id='word_1_410' title='bbox 1938 3615 2092 3674; x_wconf 79' lang='lat' dir='ltr'>sitos,</span> 
     </span>
    </p>
   </div>
   <div class='ocr_carea' id='block_1_68' title="bbox 469 3682 753 3736">
    <p class='ocr_par' dir='ltr' id='par_1_68' title="bbox 469 3682 753 3736">
     <span class='ocr_line' id='line_1_68' title="bbox 469 3682 753 3736; baseline -0.011 0"><span class='ocrx_word' id='word_1_411' title='bbox 469 3682 753 3736; x_wconf 83' lang='lat' dir='ltr'>condonat.</span> 
     </span>
    </p>
   </div>
   <div class='ocr_carea' id='block_1_69' title="bbox 1040 3750 1457 3820">
    <p class='ocr_par' dir='ltr' id='par_1_69' title="bbox 1040 3750 1457 3820">
     <span class='ocr_line' id='line_1_69' title="bbox 1040 3750 1457 3820; baseline 0.002 -17"><span class='ocrx_word' id='word_1_412' title='bbox 1040 3750 1222 3820; x_wconf 88' lang='lat' dir='ltr'>(Anno</span> <span class='ocrx_word' id='word_1_413' title='bbox 1279 3753 1457 3813; x_wconf 70' lang='lat'>1019.)</span> 
     </span>
    </p>
   </div>
   <div class='ocr_carea' id='block_1_70' title="bbox 471 3837 2020 3923">
    <p class='ocr_par' dir='ltr' id='par_1_70' title="bbox 471 3837 2020 3923">
     <span class='ocr_line' id='line_1_70' title="bbox 471 3837 2020 3923; baseline 0.001 -30"><span class='ocrx_word' id='word_1_414' title='bbox 471 3838 624 3911; x_wconf 84' lang='lat' dir='ltr'>[Pez,</span> <span class='ocrx_word' id='word_1_415' title='bbox 661 3837 837 3894; x_wconf 69' lang='lat' dir='ltr'>Cadra;</span> <span class='ocrx_word' id='word_1_416' title='bbox 866 3838 1461 3905; x_wconf 79' lang='lat' dir='ltr'>diplom.-hist.-epist.,</span> <span class='ocrx_word' id='word_1_417' title='bbox 1484 3854 1550 3891; x_wconf 72' lang='lat' dir='ltr'>ea:</span> <span class='ocrx_word' id='word_1_418' title='bbox 1581 3839 1705 3893; x_wconf 84' lang='lat' dir='ltr'>bibl.</span> <span class='ocrx_word' id='word_1_419' title='bbox 1747 3842 2020 3923; x_wconf 72' lang='lat' dir='ltr'>Tegerns.]</span> 
     </span>
    </p>
   </div>
   <div class='ocr_carea' id='block_1_71' title="bbox 468 3925 2094 3993">
    <p class='ocr_par' dir='ltr' id='par_1_71' title="bbox 468 3925 2094 3993">
     <span class='ocr_line' id='line_1_71' title="bbox 468 3925 2094 3993; baseline 0.001 -13"><span class='ocrx_word' id='word_1_420' title='bbox 468 3928 529 3980; x_wconf 90' lang='lat' dir='ltr'>In</span> <span class='ocrx_word' id='word_1_421' title='bbox 572 3926 806 3979; x_wconf 90' lang='lat' dir='ltr'>nomine</span> <span class='ocrx_word' id='word_1_422' title='bbox 838 3928 1047 3978; x_wconf 61' lang='lat' dir='ltr'>sanctas</span> <span class='ocrx_word' id='word_1_423' title='bbox 1078 3931 1134 3978; x_wconf 88' lang='lat' dir='ltr'>et</span> <span class='ocrx_word' id='word_1_424' title='bbox 1187 3925 1501 3979; x_wconf 74' lang='lat' dir='ltr'>individuse</span> <span class='ocrx_word' id='word_1_425' title='bbox 1539 3927 1855 3993; x_wconf 89' lang='lat' dir='ltr'>Trinitatis,</span> <span class='ocrx_word' id='word_1_426' title='bbox 1891 3931 2094 3983; x_wconf 70' lang='lat' dir='ltr'>liena!-</span> 
     </span>
    </p>
   </div>
   <div class='ocr_carea' id='block_1_72' title="bbox 400 4012 1939 4083">
    <p class='ocr_par' dir='ltr' id='par_1_72' title="bbox 400 4012 1939 4083">
     <span class='ocr_line' id='line_1_72' title="bbox 400 4012 1939 4083; baseline 0 -14"><span class='ocrx_word' id='word_1_427' title='bbox 400 4032 495 4069; x_wconf 78' lang='lat' dir='ltr'>cus</span> <span class='ocrx_word' id='word_1_428' title='bbox 519 4014 617 4067; x_wconf 92' lang='lat' dir='ltr'>Dei</span> <span class='ocrx_word' id='word_1_429' title='bbox 650 4013 835 4082; x_wconf 88' lang='lat' dir='ltr'>gratia</span> <span class='ocrx_word' id='word_1_430' title='bbox 864 4013 1252 4079; x_wconf 84' lang='lat' dir='ltr'>Romanorum</span> <span class='ocrx_word' id='word_1_431' title='bbox 1286 4012 1604 4082; x_wconf 91' lang='lat' dir='ltr'>imperator</span> <span class='ocrx_word' id='word_1_432' title='bbox 1631 4018 1939 4083; x_wconf 84' lang='lat' dir='ltr'>Augustus.</span> 
     </span>
    </p>
   </div>
   <div class='ocr_carea' id='block_1_73' title="bbox 469 4099 2097 4169">
    <p class='ocr_par' dir='ltr' id='par_1_73' title="bbox 469 4099 2097 4169">
     <span class='ocr_line' id='line_1_73' title="bbox 469 4099 2097 4169; baseline 0.001 -14"><span class='ocrx_word' id='word_1_433' title='bbox 469 4102 527 4156; x_wconf 90' lang='lat' dir='ltr'>Si</span> <span class='ocrx_word' id='word_1_434' title='bbox 555 4101 744 4168; x_wconf 88' lang='lat' dir='ltr'>dignis</span> <span class='ocrx_word' id='word_1_435' title='bbox 800 4105 1127 4152; x_wconf 88' lang='lat' dir='ltr'>nostrorum</span> <span class='ocrx_word' id='word_1_436' title='bbox 1165 4099 1427 4153; x_wconf 88' lang='lat' dir='ltr'>ﬁdelium</span> <span class='ocrx_word' id='word_1_437' title='bbox 1472 4101 1846 4169; x_wconf 84' lang='lat' dir='ltr'>petitionibus</span> <span class='ocrx_word' id='word_1_438' title='bbox 1898 4119 2097 4157; x_wconf 86' lang='lat' dir='ltr'>assen-</span> 
     </span>
    </p>
   </div>
   <div class='ocr_carea' id='block_1_74' title="bbox 398 4187 2097 4261">
    <p class='ocr_par' dir='ltr' id='par_1_74' title="bbox 398 4187 2097 4261">
     <span class='ocr_line' id='line_1_74' title="bbox 398 4187 2097 4261; baseline 0.001 -19"><span class='ocrx_word' id='word_1_439' title='bbox 398 4205 525 4242; x_wconf 91' lang='lat' dir='ltr'>sum</span> <span class='ocrx_word' id='word_1_440' title='bbox 593 4188 851 4257; x_wconf 66' lang='lat' dir='ltr'>prasbere</span> <span class='ocrx_word' id='word_1_441' title='bbox 913 4187 1350 4251; x_wconf 88' lang='lat' dir='ltr'>decreverimus,</span> <span class='ocrx_word' id='word_1_442' title='bbox 1417 4187 1508 4240; x_wconf 93' lang='lat' dir='ltr'>his</span> <span class='ocrx_word' id='word_1_443' title='bbox 1555 4187 1764 4242; x_wconf 90' lang='lat' dir='ltr'>scilicet</span> <span class='ocrx_word' id='word_1_444' title='bbox 1824 4190 1940 4259; x_wconf 88' lang='lat' dir='ltr'>qui,</span> <span class='ocrx_word' id='word_1_445' title='bbox 1992 4207 2097 4261; x_wconf 90' lang='lat' dir='ltr'>pro</span> 
     </span>
    </p>
   </div>
   <div class='ocr_carea' id='block_1_75' title="bbox 398 4275 2092 4348">
    <p class='ocr_par' dir='ltr' id='par_1_75' title="bbox 398 4275 2092 4348">
     <span class='ocr_line' id='line_1_75' title="bbox 398 4275 2092 4348; baseline 0.001 -17"><span class='ocrx_word' id='word_1_446' title='bbox 398 4281 548 4331; x_wconf 89' lang='lat' dir='ltr'>statu</span> <span class='ocrx_word' id='word_1_447' title='bbox 591 4276 753 4346; x_wconf 89' lang='lat' dir='ltr'>regni</span> <span class='ocrx_word' id='word_1_448' title='bbox 836 4275 1212 4345; x_wconf 79' lang='lat' dir='ltr'>omniumque</span> <span class='ocrx_word' id='word_1_449' title='bbox 1270 4276 1644 4329; x_wconf 87' lang='lat' dir='ltr'>Ecclesiarum</span> <span class='ocrx_word' id='word_1_450' title='bbox 1722 4276 1822 4331; x_wconf 91' lang='lat' dir='ltr'>Dei</span> <span class='ocrx_word' id='word_1_451' title='bbox 1888 4282 1945 4331; x_wconf 92' lang='lat' dir='ltr'>et</span> <span class='ocrx_word' id='word_1_452' title='bbox 1988 4295 2092 4348; x_wconf 87' lang='lat' dir='ltr'>pro</span> 
     </span>
    </p>
   </div>
   <div class='ocr_carea' id='block_1_76' title="bbox 398 4363 2093 4436">
    <p class='ocr_par' dir='ltr' id='par_1_76' title="bbox 398 4363 2093 4436">
     <span class='ocr_line' id='line_1_76' title="bbox 398 4363 2093 4436; baseline 0.001 -17"><span class='ocrx_word' id='word_1_453' title='bbox 398 4370 608 4419; x_wconf 74' lang='lat' dir='ltr'>nostras</span> <span class='ocrx_word' id='word_1_454' title='bbox 671 4363 877 4417; x_wconf 66' lang='lat' dir='ltr'>animas</span> <span class='ocrx_word' id='word_1_455' title='bbox 912 4363 1165 4416; x_wconf 77' lang='lat' dir='ltr'>remedio</span> <span class='ocrx_word' id='word_1_456' title='bbox 1216 4368 1390 4434; x_wconf 90' lang='lat' dir='ltr'>atque</span> <span class='ocrx_word' id='word_1_457' title='bbox 1417 4369 1743 4418; x_wconf 87' lang='lat' dir='ltr'>nostrorum</span> <span class='ocrx_word' id='word_1_458' title='bbox 1787 4370 2093 4436; x_wconf 90' lang='lat' dir='ltr'>parentum</span> 
     </span>
    </p>
   </div>
   <div class='ocr_carea' id='block_1_77' title="bbox 395 4451 2096 4525">
    <p class='ocr_par' dir='ltr' id='par_1_77' title="bbox 395 4451 2096 4525">
     <span class='ocr_line' id='line_1_77' title="bbox 395 4451 2096 4525; baseline 0.001 -17"><span class='ocrx_word' id='word_1_459' title='bbox 395 4458 649 4508; x_wconf 86' lang='lat' dir='ltr'>nostram</span> <span class='ocrx_word' id='word_1_460' title='bbox 679 4452 953 4506; x_wconf 88' lang='lat' dir='ltr'>adeuntes</span> <span class='ocrx_word' id='word_1_461' title='bbox 981 4451 1369 4519; x_wconf 89' lang='lat' dir='ltr'>clementiam,</span> <span class='ocrx_word' id='word_1_462' title='bbox 1402 4452 1785 4522; x_wconf 88' lang='lat' dir='ltr'>deprecantur</span> <span class='ocrx_word' id='word_1_463' title='bbox 1813 4459 2096 4525; x_wconf 87' lang='lat' dir='ltr'>quatenus</span> 
     </span>
    </p>
   </div>
   <div class='ocr_carea' id='block_1_78' title="bbox 396 4540 2096 4605">
    <p class='ocr_par' dir='ltr' id='par_1_78' title="bbox 396 4540 2096 4605">
     <span class='ocr_line' id='line_1_78' title="bbox 396 4540 2096 4605; baseline 0.001 -9"><span class='ocrx_word' id='word_1_464' title='bbox 396 4541 659 4596; x_wconf 88' lang='lat' dir='ltr'>ecclesias</span> <span class='ocrx_word' id='word_1_465' title='bbox 730 4540 1210 4594; x_wconf 87' lang='lat' dir='ltr'>monasteriorum</span> <span class='ocrx_word' id='word_1_466' title='bbox 1288 4540 1387 4594; x_wconf 93' lang='lat' dir='ltr'>Dei</span> <span class='ocrx_word' id='word_1_467' title='bbox 1457 4541 1787 4605; x_wconf 90' lang='lat' dir='ltr'>sublimare,</span> <span class='ocrx_word' id='word_1_468' title='bbox 1846 4544 2096 4598; x_wconf 80' lang='lat' dir='ltr'>exaltare</span> 
     </span>
    </p>
   </div>
   <div class='ocr_carea' id='block_1_79' title="bbox 395 4629 2093 4700">
    <p class='ocr_par' dir='ltr' id='par_1_79' title="bbox 395 4629 2093 4700">
     <span class='ocr_line' id='line_1_79' title="bbox 395 4629 2093 4700; baseline 0.001 -17"><span class='ocrx_word' id='word_1_469' title='bbox 395 4636 566 4700; x_wconf 85' lang='lat' dir='ltr'>atque</span> <span class='ocrx_word' id='word_1_470' title='bbox 610 4629 791 4682; x_wconf 86' lang='lat' dir='ltr'>ditare</span> <span class='ocrx_word' id='word_1_471' title='bbox 827 4629 1177 4694; x_wconf 88' lang='lat' dir='ltr'>studeamus,</span> <span class='ocrx_word' id='word_1_472' title='bbox 1240 4644 1354 4682; x_wconf 92' lang='lat' dir='ltr'>non</span> <span class='ocrx_word' id='word_1_473' title='bbox 1385 4629 1572 4683; x_wconf 91' lang='lat' dir='ltr'>solum</span> <span class='ocrx_word' id='word_1_474' title='bbox 1602 4645 1707 4683; x_wconf 89' lang='lat' dir='ltr'>nos</span> <span class='ocrx_word' id='word_1_475' title='bbox 1740 4630 1811 4683; x_wconf 88' lang='lat' dir='ltr'>ab</span> <span class='ocrx_word' id='word_1_476' title='bbox 1850 4630 1975 4699; x_wconf 91' lang='lat' dir='ltr'>ipso</span> <span class='ocrx_word' id='word_1_477' title='bbox 2007 4648 2093 4685; x_wconf 91' lang='lat' dir='ltr'>re-</span> 
     </span>
    </p>
   </div>
   <div class='ocr_carea' id='block_1_80' title="bbox 395 4717 2095 4787">
    <p class='ocr_par' dir='ltr' id='par_1_80' title="bbox 395 4717 2095 4787">
     <span class='ocr_line' id='line_1_80' title="bbox 395 4717 2095 4787; baseline 0.001 -16"><span class='ocrx_word' id='word_1_478' title='bbox 395 4717 767 4771; x_wconf 90' lang='lat' dir='ltr'>tributionem</span> <span class='ocrx_word' id='word_1_479' title='bbox 814 4721 1143 4785; x_wconf 88' lang='lat' dir='ltr'>accepturos</span> <span class='ocrx_word' id='word_1_480' title='bbox 1173 4733 1490 4787; x_wconf 91' lang='lat' dir='ltr'>speramus,</span> <span class='ocrx_word' id='word_1_481' title='bbox 1551 4718 1649 4771; x_wconf 90' lang='lat' dir='ltr'>sed</span> <span class='ocrx_word' id='word_1_482' title='bbox 1681 4718 1856 4772; x_wconf 88' lang='lat' dir='ltr'>etiam</span> <span class='ocrx_word' id='word_1_483' title='bbox 1883 4724 2095 4773; x_wconf 89' lang='lat' dir='ltr'>statum</span> 
     </span>
    </p>
   </div>
   <div class='ocr_carea' id='block_1_81' title="bbox 397 4803 1189 4873">
    <p class='ocr_par' dir='ltr' id='par_1_81' title="bbox 397 4803 1189 4873">
     <span class='ocr_line' id='line_1_81' title="bbox 397 4803 1189 4873; baseline 0 -16"><span class='ocrx_word' id='word_1_484' title='bbox 397 4804 560 4873; x_wconf 89' lang='lat' dir='ltr'>regni</span> <span class='ocrx_word' id='word_1_485' title='bbox 581 4803 877 4856; x_wconf 89' lang='lat' dir='ltr'>sublimari</span> <span class='ocrx_word' id='word_1_486' title='bbox 899 4809 1189 4872; x_wconf 87' lang='lat' dir='ltr'>putamus.</span> 
     </span>
    </p>
   </div>
   <div class='ocr_carea' id='block_1_82' title="bbox 468 4891 2092 4948">
    <p class='ocr_par' dir='ltr' id='par_1_82' title="bbox 468 4891 2092 4948">
     <span class='ocr_line' id='line_1_82' title="bbox 468 4891 2092 4948; baseline 0.002 -3"><span class='ocrx_word' id='word_1_487' title='bbox 468 4891 710 4945; x_wconf 89' lang='lat' dir='ltr'>Proinde</span> <span class='ocrx_word' id='word_1_488' title='bbox 764 4896 1100 4944; x_wconf 92' lang='lat' dir='ltr'>cunctorum</span> <span class='ocrx_word' id='word_1_489' title='bbox 1153 4895 1363 4945; x_wconf 70' lang='lat' dir='ltr'>sanctas</span> <span class='ocrx_word' id='word_1_490' title='bbox 1422 4892 1517 4945; x_wconf 62' lang='lat' dir='ltr'>Dei</span> <span class='ocrx_word' id='word_1_491' title='bbox 1577 4894 1837 4947; x_wconf 84' lang='lat' dir='ltr'>Ecclesiae</span> <span class='ocrx_word' id='word_1_492' title='bbox 1868 4898 2092 4948; x_wconf 90' lang='lat' dir='ltr'>nostro-</span> 
     </span>
    </p>
   </div>
   <div class='ocr_carea' id='block_1_83' title="bbox 393 4976 2096 5052">
    <p class='ocr_par' dir='ltr' id='par_1_83' title="bbox 393 4976 2096 5052">
     <span class='ocr_line' id='line_1_83' title="bbox 393 4976 2096 5052; baseline 0.002 -21"><span class='ocrx_word' id='word_1_493' title='bbox 393 4994 639 5048; x_wconf 90' lang='lat' dir='ltr'>rumque</span> <span class='ocrx_word' id='word_1_494' title='bbox 700 4976 956 5030; x_wconf 86' lang='lat' dir='ltr'>ﬁdelium</span> <span class='ocrx_word' id='word_1_495' title='bbox 1023 4983 1394 5048; x_wconf 88' lang='lat' dir='ltr'>recognoscat</span> <span class='ocrx_word' id='word_1_496' title='bbox 1456 4980 1779 5047; x_wconf 84' lang='lat' dir='ltr'>auctoritas,</span> <span class='ocrx_word' id='word_1_497' title='bbox 1848 4983 2096 5052; x_wconf 90' lang='lat' dir='ltr'>qualiter</span> 
     </span>
    </p>
   </div>
   <div class='ocr_carea' id='block_1_84' title="bbox 394 5066 2093 5139">
    <p class='ocr_par' dir='ltr' id='par_1_84' title="bbox 394 5066 2093 5139">
     <span class='ocr_line' id='line_1_84' title="bbox 394 5066 2093 5139; baseline 0.002 -19"><span class='ocrx_word' id='word_1_498' title='bbox 394 5084 497 5139; x_wconf 87' lang='lat' dir='ltr'>per</span> <span class='ocrx_word' id='word_1_499' title='bbox 523 5066 907 5123; x_wconf 83' lang='lat' dir='ltr'>interventum</span> <span class='ocrx_word' id='word_1_500' title='bbox 939 5081 1000 5118; x_wconf 88' lang='lat' dir='ltr'>ac</span> <span class='ocrx_word' id='word_1_501' title='bbox 1045 5066 1388 5135; x_wconf 87' lang='lat' dir='ltr'>petitionem</span> <span class='ocrx_word' id='word_1_502' title='bbox 1428 5068 1836 5135; x_wconf 61' lang='lat' dir='ltr'>Chunegundz,</span> <span class='ocrx_word' id='word_1_503' title='bbox 1882 5076 2093 5125; x_wconf 70' lang='lat' dir='ltr'>nostras</span> 
     </span>
    </p>
   </div>
   <div class='ocr_carea' id='block_1_85' title="bbox 392 5151 2095 5225">
    <p class='ocr_par' dir='ltr' id='par_1_85' title="bbox 392 5151 2095 5225">
     <span class='ocr_line' id='line_1_85' title="bbox 392 5151 2095 5225; baseline 0.002 -15"><span class='ocrx_word' id='word_1_504' title='bbox 392 5153 777 5211; x_wconf 65' lang='lat' dir='ltr'>dilectissime:</span> <span class='ocrx_word' id='word_1_505' title='bbox 809 5151 1070 5222; x_wconf 89' lang='lat' dir='ltr'>conjugis</span> <span class='ocrx_word' id='word_1_506' title='bbox 1100 5158 1157 5206; x_wconf 91' lang='lat' dir='ltr'>et</span> <span class='ocrx_word' id='word_1_507' title='bbox 1177 5153 1575 5222; x_wconf 89' lang='lat' dir='ltr'>imperatricis,</span> <span class='ocrx_word' id='word_1_508' title='bbox 1601 5161 1768 5225; x_wconf 88' lang='lat' dir='ltr'>atque</span> <span class='ocrx_word' id='word_1_509' title='bbox 1792 5158 2095 5213; x_wconf 84' lang='lat' dir='ltr'>Gotehardi</span> 
     </span>
    </p>
   </div>
   <div class='ocr_carea' id='block_1_86' title="bbox 389 5237 2092 5313">
    <p class='ocr_par' dir='ltr' id='par_1_86' title="bbox 389 5237 2092 5313">
     <span class='ocr_line' id='line_1_86' title="bbox 389 5237 2092 5313; baseline 0.002 -17"><span class='ocrx_word' id='word_1_510' title='bbox 389 5242 569 5296; x_wconf 89' lang='lat' dir='ltr'>nostri</span> <span class='ocrx_word' id='word_1_511' title='bbox 614 5238 803 5295; x_wconf 89' lang='lat' dir='ltr'>dilecti</span> <span class='ocrx_word' id='word_1_512' title='bbox 853 5237 1095 5303; x_wconf 89' lang='lat' dir='ltr'>abbatis,</span> <span class='ocrx_word' id='word_1_513' title='bbox 1148 5239 1493 5292; x_wconf 87' lang='lat' dir='ltr'>monasterio</span> <span class='ocrx_word' id='word_1_514' title='bbox 1548 5242 1603 5293; x_wconf 89' lang='lat' dir='ltr'>S.</span> <span class='ocrx_word' id='word_1_515' title='bbox 1658 5242 1902 5307; x_wconf 86' lang='lat' dir='ltr'>Quirini,</span> <span class='ocrx_word' id='word_1_516' title='bbox 1939 5246 2092 5313; x_wconf 90' lang='lat' dir='ltr'>quod</span> 
     </span>
    </p>
   </div>
   <div class='ocr_carea' id='block_1_87' title="bbox 390 5325 2091 5395">
    <p class='ocr_par' dir='ltr' id='par_1_87' title="bbox 390 5325 2091 5395">
     <span class='ocr_line' id='line_1_87' title="bbox 390 5325 2091 5395; baseline 0.001 -11"><span class='ocrx_word' id='word_1_517' title='bbox 390 5331 564 5384; x_wconf 89' lang='lat' dir='ltr'>situm</span> <span class='ocrx_word' id='word_1_518' title='bbox 612 5334 697 5382; x_wconf 90' lang='lat' dir='ltr'>est</span> <span class='ocrx_word' id='word_1_519' title='bbox 756 5328 817 5380; x_wconf 91' lang='lat' dir='ltr'>in</span> <span class='ocrx_word' id='word_1_520' title='bbox 871 5327 994 5379; x_wconf 91' lang='lat' dir='ltr'>loco</span> <span class='ocrx_word' id='word_1_521' title='bbox 1065 5325 1164 5395; x_wconf 89' lang='lat' dir='ltr'>qui</span> <span class='ocrx_word' id='word_1_522' title='bbox 1216 5326 1552 5380; x_wconf 89' lang='lat' dir='ltr'>nominatur</span> <span class='ocrx_word' id='word_1_523' title='bbox 1611 5330 2091 5393; x_wconf 74' lang='lat' dir='ltr'>Tegernsee,duos</span> 
     </span>
    </p>
   </div>
   <div class='ocr_carea' id='block_1_88' title="bbox 387 5413 2086 5487">
    <p class='ocr_par' dir='ltr' id='par_1_88' title="bbox 387 5413 2086 5487">
     <span class='ocr_line' id='line_1_88' title="bbox 387 5413 2086 5487; baseline 0.002 -18"><span class='ocrx_word' id='word_1_524' title='bbox 387 5420 607 5487; x_wconf 88' lang='lat' dir='ltr'>regales</span> <span class='ocrx_word' id='word_1_525' title='bbox 637 5432 888 5479; x_wconf 89' lang='lat' dir='ltr'>mansos,</span> <span class='ocrx_word' id='word_1_526' title='bbox 939 5413 1074 5468; x_wconf 88' lang='lat' dir='ltr'>sitos</span> <span class='ocrx_word' id='word_1_527' title='bbox 1121 5415 1184 5467; x_wconf 87' lang='lat' dir='ltr'>in</span> <span class='ocrx_word' id='word_1_528' title='bbox 1233 5415 1356 5467; x_wconf 93' lang='lat' dir='ltr'>loco</span> <span class='ocrx_word' id='word_1_529' title='bbox 1413 5415 1510 5483; x_wconf 88' lang='lat' dir='ltr'>qui</span> <span class='ocrx_word' id='word_1_530' title='bbox 1573 5415 1781 5470; x_wconf 90' lang='lat' dir='ltr'>dicitur</span> <span class='ocrx_word' id='word_1_531' title='bbox 1811 5418 2086 5487; x_wconf 84' lang='lat' dir='ltr'>Liupana,</span> 
     </span>
    </p>
   </div>
   <div class='ocr_carea' id='block_1_89' title="bbox 386 5503 2090 5573">
    <p class='ocr_par' dir='ltr' id='par_1_89' title="bbox 386 5503 2090 5573">
     <span class='ocr_line' id='line_1_89' title="bbox 386 5503 2090 5573; baseline 0.002 -16"><span class='ocrx_word' id='word_1_532' title='bbox 386 5505 537 5559; x_wconf 90' lang='lat' dir='ltr'>inter</span> <span class='ocrx_word' id='word_1_533' title='bbox 566 5506 712 5559; x_wconf 91' lang='lat' dir='ltr'>duos</span> <span class='ocrx_word' id='word_1_534' title='bbox 758 5503 976 5573; x_wconf 88' lang='lat' dir='ltr'>lapides</span> <span class='ocrx_word' id='word_1_535' title='bbox 1030 5503 1301 5556; x_wconf 80' lang='lat' dir='ltr'>Watstein</span> <span class='ocrx_word' id='word_1_536' title='bbox 1349 5505 1406 5555; x_wconf 92' lang='lat' dir='ltr'>et</span> <span class='ocrx_word' id='word_1_537' title='bbox 1434 5504 1773 5570; x_wconf 81' lang='lat' dir='ltr'>Hollinstein,</span> <span class='ocrx_word' id='word_1_538' title='bbox 1806 5505 2090 5561; x_wconf 89' lang='lat' dir='ltr'>donamus</span> 
     </span>
    </p>
   </div>
   <div class='ocr_carea' id='block_1_90' title="bbox 387 5591 2091 5663">
    <p class='ocr_par' dir='ltr' id='par_1_90' title="bbox 387 5591 2091 5663">
     <span class='ocr_line' id='line_1_90' title="bbox 387 5591 2091 5663; baseline 0.002 -17"><span class='ocrx_word' id='word_1_539' title='bbox 387 5598 445 5648; x_wconf 88' lang='lat' dir='ltr'>et</span> <span class='ocrx_word' id='word_1_540' title='bbox 472 5593 703 5663; x_wconf 86' lang='lat' dir='ltr'>proprio</span> <span class='ocrx_word' id='word_1_541' title='bbox 744 5593 876 5661; x_wconf 90' lang='lat' dir='ltr'>jure</span> <span class='ocrx_word' id='word_1_542' title='bbox 929 5591 1317 5655; x_wconf 86' lang='lat' dir='ltr'>concedimus,</span> <span class='ocrx_word' id='word_1_543' title='bbox 1348 5607 1479 5645; x_wconf 90' lang='lat' dir='ltr'>cum</span> <span class='ocrx_word' id='word_1_544' title='bbox 1529 5591 1805 5657; x_wconf 71' lang='lat' dir='ltr'>aediﬁciis,</span> <span class='ocrx_word' id='word_1_545' title='bbox 1838 5592 2008 5649; x_wconf 86' lang='lat' dir='ltr'>cultis</span> <span class='ocrx_word' id='word_1_546' title='bbox 2033 5599 2091 5650; x_wconf 90' lang='lat' dir='ltr'>et</span> 
     </span>
    </p>
   </div>
   <div class='ocr_carea' id='block_1_91' title="bbox 2201 3127 3931 3202">
    <p class='ocr_par' dir='ltr' id='par_1_91' title="bbox 2201 3127 3931 3202">
     <span class='ocr_line' id='line_1_91' title="bbox 2201 3127 3931 3202; baseline 0.004 -20"><span class='ocrx_word' id='word_1_547' title='bbox 2201 3128 2367 3197; x_wconf 90' lang='lat' dir='ltr'>regni</span> <span class='ocrx_word' id='word_1_548' title='bbox 2414 3127 2790 3197; x_wconf 88' lang='lat' dir='ltr'>omniumque</span> <span class='ocrx_word' id='word_1_549' title='bbox 2858 3128 3234 3183; x_wconf 88' lang='lat' dir='ltr'>Ecclesiarum</span> <span class='ocrx_word' id='word_1_550' title='bbox 3289 3130 3391 3184; x_wconf 88' lang='lat' dir='ltr'>Dei</span> <span class='ocrx_word' id='word_1_551' title='bbox 3439 3136 3495 3184; x_wconf 91' lang='lat' dir='ltr'>et</span> <span class='ocrx_word' id='word_1_552' title='bbox 3542 3148 3644 3202; x_wconf 90' lang='lat' dir='ltr'>pro</span> <span class='ocrx_word' id='word_1_553' title='bbox 3693 3140 3931 3189; x_wconf 68' lang='lat' dir='ltr'>nostrae</span> 
     </span>
    </p>
   </div>
   <div class='ocr_carea' id='block_1_92' title="bbox 2204 3216 3927 3288">
    <p class='ocr_par' dir='ltr' id='par_1_92' title="bbox 2204 3216 3927 3288">
     <span class='ocr_line' id='line_1_92' title="bbox 2204 3216 3927 3288; baseline 0.005 -17"><span class='ocrx_word' id='word_1_554' title='bbox 2204 3216 2412 3271; x_wconf 70' lang='lat' dir='ltr'>animm</span> <span class='ocrx_word' id='word_1_555' title='bbox 2453 3216 2709 3270; x_wconf 89' lang='lat' dir='ltr'>remedio</span> <span class='ocrx_word' id='word_1_556' title='bbox 2733 3220 2902 3287; x_wconf 88' lang='lat' dir='ltr'>atque</span> <span class='ocrx_word' id='word_1_557' title='bbox 2931 3222 3265 3271; x_wconf 90' lang='lat' dir='ltr'>nostrorum</span> <span class='ocrx_word' id='word_1_558' title='bbox 3312 3225 3618 3288; x_wconf 88' lang='lat' dir='ltr'>parentum</span> <span class='ocrx_word' id='word_1_559' title='bbox 3647 3228 3927 3279; x_wconf 87' lang='lat' dir='ltr'>nostram</span> 
     </span>
    </p>
   </div>
   <div class='ocr_carea' id='block_1_93' title="bbox 2205 3303 3932 3379">
    <p class='ocr_par' dir='ltr' id='par_1_93' title="bbox 2205 3303 3932 3379">
     <span class='ocr_line' id='line_1_93' title="bbox 2205 3303 3932 3379; baseline 0.005 -19"><span class='ocrx_word' id='word_1_560' title='bbox 2205 3305 2479 3360; x_wconf 88' lang='lat' dir='ltr'>adeuntes</span> <span class='ocrx_word' id='word_1_561' title='bbox 2534 3303 2922 3373; x_wconf 86' lang='lat' dir='ltr'>clementiam,</span> <span class='ocrx_word' id='word_1_562' title='bbox 2967 3306 3352 3376; x_wconf 84' lang='lat' dir='ltr'>deprecantur</span> <span class='ocrx_word' id='word_1_563' title='bbox 3399 3314 3684 3379; x_wconf 84' lang='lat' dir='ltr'>quatenus</span> <span class='ocrx_word' id='word_1_564' title='bbox 3735 3315 3932 3368; x_wconf 88' lang='lat' dir='ltr'>eccle-</span> 
     </span>
    </p>
   </div>
   <div class='ocr_carea' id='block_1_94' title="bbox 2204 3393 3927 3474">
    <p class='ocr_par' dir='ltr' id='par_1_94' title="bbox 2204 3393 3927 3474">
     <span class='ocr_line' id='line_1_94' title="bbox 2204 3393 3927 3474; baseline 0.006 -26"><span class='ocrx_word' id='word_1_565' title='bbox 2204 3394 2314 3448; x_wconf 88' lang='lat' dir='ltr'>sias</span> <span class='ocrx_word' id='word_1_566' title='bbox 2371 3393 2853 3447; x_wconf 89' lang='lat' dir='ltr'>monasteriorum</span> <span class='ocrx_word' id='word_1_567' title='bbox 2885 3394 2986 3447; x_wconf 90' lang='lat' dir='ltr'>Dei</span> <span class='ocrx_word' id='word_1_568' title='bbox 3023 3395 3351 3461; x_wconf 87' lang='lat' dir='ltr'>sublimare,</span> <span class='ocrx_word' id='word_1_569' title='bbox 3430 3399 3675 3454; x_wconf 81' lang='lat' dir='ltr'>exaltare</span> <span class='ocrx_word' id='word_1_570' title='bbox 3730 3405 3927 3474; x_wconf 85' lang='lat' dir='ltr'>atque</span> 
     </span>
    </p>
   </div>
   <div class='ocr_carea' id='block_1_95' title="bbox 2206 3481 3924 3555">
    <p class='ocr_par' dir='ltr' id='par_1_95' title="bbox 2206 3481 3924 3555">
     <span class='ocr_line' id='line_1_95' title="bbox 2206 3481 3924 3555; baseline 0.005 -19"><span class='ocrx_word' id='word_1_571' title='bbox 2206 3482 2386 3537; x_wconf 86' lang='lat' dir='ltr'>ditare</span> <span class='ocrx_word' id='word_1_572' title='bbox 2428 3481 2795 3547; x_wconf 88' lang='lat' dir='ltr'>studeamus;</span> <span class='ocrx_word' id='word_1_573' title='bbox 2855 3497 2973 3535; x_wconf 91' lang='lat' dir='ltr'>non</span> <span class='ocrx_word' id='word_1_574' title='bbox 3026 3484 3208 3536; x_wconf 90' lang='lat' dir='ltr'>solum</span> <span class='ocrx_word' id='word_1_575' title='bbox 3239 3500 3341 3537; x_wconf 89' lang='lat' dir='ltr'>nos</span> <span class='ocrx_word' id='word_1_576' title='bbox 3380 3485 3451 3539; x_wconf 89' lang='lat' dir='ltr'>ab</span> <span class='ocrx_word' id='word_1_577' title='bbox 3499 3486 3622 3555; x_wconf 91' lang='lat' dir='ltr'>ipso</span> <span class='ocrx_word' id='word_1_578' title='bbox 3656 3491 3924 3544; x_wconf 87' lang='lat' dir='ltr'>retribu-</span> 
     </span>
    </p>
   </div>
   <div class='ocr_carea' id='block_1_96' title="bbox 2203 3573 3926 3649">
    <p class='ocr_par' dir='ltr' id='par_1_96' title="bbox 2203 3573 3926 3649">
     <span class='ocr_line' id='line_1_96' title="bbox 2203 3573 3926 3649; baseline 0.005 -25"><span class='ocrx_word' id='word_1_579' title='bbox 2203 3573 2419 3624; x_wconf 85' lang='lat' dir='ltr'>tionem</span> <span class='ocrx_word' id='word_1_580' title='bbox 2451 3575 2783 3640; x_wconf 83' lang='lat' dir='ltr'>accepturos</span> <span class='ocrx_word' id='word_1_581' title='bbox 2811 3586 3126 3641; x_wconf 89' lang='lat' dir='ltr'>speramus,</span> <span class='ocrx_word' id='word_1_582' title='bbox 3151 3573 3250 3626; x_wconf 87' lang='lat' dir='ltr'>sed</span> <span class='ocrx_word' id='word_1_583' title='bbox 3280 3573 3453 3628; x_wconf 90' lang='lat' dir='ltr'>etiam</span> <span class='ocrx_word' id='word_1_584' title='bbox 3484 3581 3696 3631; x_wconf 88' lang='lat' dir='ltr'>statum</span> <span class='ocrx_word' id='word_1_585' title='bbox 3739 3580 3926 3649; x_wconf 83' lang='lat' dir='ltr'>regni</span> 
     </span>
    </p>
   </div>
   <div class='ocr_carea' id='block_1_97' title="bbox 2205 3658 3920 3728">
    <p class='ocr_par' dir='ltr' id='par_1_97' title="bbox 2205 3658 3920 3728">
     <span class='ocr_line' id='line_1_97' title="bbox 2205 3658 3920 3728; baseline 0.006 -17"><span class='ocrx_word' id='word_1_586' title='bbox 2205 3658 2503 3711; x_wconf 89' lang='lat' dir='ltr'>sublimari</span> <span class='ocrx_word' id='word_1_587' title='bbox 2550 3663 2837 3728; x_wconf 89' lang='lat' dir='ltr'>putamus.</span> <span class='ocrx_word' id='word_1_588' title='bbox 2900 3660 3145 3714; x_wconf 89' lang='lat' dir='ltr'>Proinde</span> <span class='ocrx_word' id='word_1_589' title='bbox 3172 3666 3510 3716; x_wconf 89' lang='lat' dir='ltr'>cunctorum</span> <span class='ocrx_word' id='word_1_590' title='bbox 3543 3669 3756 3720; x_wconf 64' lang='lat' dir='ltr'>sanctae</span> <span class='ocrx_word' id='word_1_591' title='bbox 3809 3668 3920 3722; x_wconf 89' lang='lat' dir='ltr'>Dei</span> 
     </span>
    </p>
   </div>
   <div class='ocr_carea' id='block_1_98' title="bbox 2207 3746 3923 3822">
    <p class='ocr_par' dir='ltr' id='par_1_98' title="bbox 2207 3746 3923 3822">
     <span class='ocr_line' id='line_1_98' title="bbox 2207 3746 3923 3822; baseline 0.005 -22"><span class='ocrx_word' id='word_1_592' title='bbox 2207 3746 2466 3800; x_wconf 63' lang='lat' dir='ltr'>Ecclesiae</span> <span class='ocrx_word' id='word_1_593' title='bbox 2533 3750 2976 3817; x_wconf 87' lang='lat' dir='ltr'>nostrorumque</span> <span class='ocrx_word' id='word_1_594' title='bbox 3043 3748 3302 3803; x_wconf 84' lang='lat' dir='ltr'>ﬁdelium</span> <span class='ocrx_word' id='word_1_595' title='bbox 3378 3758 3748 3822; x_wconf 87' lang='lat' dir='ltr'>recognoscat</span> <span class='ocrx_word' id='word_1_596' title='bbox 3822 3755 3923 3809; x_wconf 89' lang='lat' dir='ltr'>in—</span> 
     </span>
    </p>
   </div>
   <div class='ocr_carea' id='block_1_99' title="bbox 2207 3834 3925 3911">
    <p class='ocr_par' dir='ltr' id='par_1_99' title="bbox 2207 3834 3925 3911">
     <span class='ocr_line' id='line_1_99' title="bbox 2207 3834 3925 3911; baseline 0.005 -22"><span class='ocrx_word' id='word_1_597' title='bbox 2207 3834 2443 3899; x_wconf 88' lang='lat' dir='ltr'>dustria,</span> <span class='ocrx_word' id='word_1_598' title='bbox 2505 3835 2771 3905; x_wconf 89' lang='lat' dir='ltr'>qualiter,</span> <span class='ocrx_word' id='word_1_599' title='bbox 2842 3852 2947 3906; x_wconf 89' lang='lat' dir='ltr'>per</span> <span class='ocrx_word' id='word_1_600' title='bbox 2999 3836 3384 3892; x_wconf 86' lang='lat' dir='ltr'>interventum</span> <span class='ocrx_word' id='word_1_601' title='bbox 3446 3856 3511 3894; x_wconf 90' lang='lat' dir='ltr'>ac</span> <span class='ocrx_word' id='word_1_602' title='bbox 3566 3842 3925 3911; x_wconf 86' lang='lat' dir='ltr'>petitionem</span> 
     </span>
    </p>
   </div>
   <div class='ocr_carea' id='block_1_100' title="bbox 2208 3922 3927 4001">
    <p class='ocr_par' dir='ltr' id='par_1_100' title="bbox 2208 3922 3927 4001">
     <span class='ocr_line' id='line_1_100' title="bbox 2208 3922 3927 4001; baseline 0.006 -26"><span class='ocrx_word' id='word_1_603' title='bbox 2208 3922 2593 3988; x_wconf 65' lang='lat' dir='ltr'>Chunigundw</span> <span class='ocrx_word' id='word_1_604' title='bbox 2626 3928 2837 3976; x_wconf 59' lang='lat' dir='ltr'>nostra;</span> <span class='ocrx_word' id='word_1_605' title='bbox 2869 3923 3253 3979; x_wconf 71' lang='lat' dir='ltr'>dilectissimas</span> <span class='ocrx_word' id='word_1_606' title='bbox 3292 3927 3551 3999; x_wconf 88' lang='lat' dir='ltr'>conjugis</span> <span class='ocrx_word' id='word_1_607' title='bbox 3574 3934 3630 3981; x_wconf 92' lang='lat' dir='ltr'>et</span> <span class='ocrx_word' id='word_1_608' title='bbox 3656 3929 3927 4001; x_wconf 89' lang='lat' dir='ltr'>impera-</span> 
     </span>
    </p>
   </div>
   <div class='ocr_carea' id='block_1_101' title="bbox 2207 4011 3924 4082">
    <p class='ocr_par' dir='ltr' id='par_1_101' title="bbox 2207 4011 3924 4082">
     <span class='ocr_line' id='line_1_101' title="bbox 2207 4011 3924 4082; baseline 0.002 -17"><span class='ocrx_word' id='word_1_609' title='bbox 2207 4011 2383 4077; x_wconf 87' lang='lat' dir='ltr'>tricis,</span> <span class='ocrx_word' id='word_1_610' title='bbox 2435 4016 2607 4082; x_wconf 89' lang='lat' dir='ltr'>atque</span> <span class='ocrx_word' id='word_1_611' title='bbox 2654 4012 2971 4067; x_wconf 86' lang='lat' dir='ltr'>Godeha-rdi</span> <span class='ocrx_word' id='word_1_612' title='bbox 3026 4014 3204 4066; x_wconf 91' lang='lat' dir='ltr'>nostri</span> <span class='ocrx_word' id='word_1_613' title='bbox 3261 4014 3452 4068; x_wconf 86' lang='lat' dir='ltr'>dilecti</span> <span class='ocrx_word' id='word_1_614' title='bbox 3501 4014 3740 4079; x_wconf 87' lang='lat' dir='ltr'>abbatis,</span> <span class='ocrx_word' id='word_1_615' title='bbox 3794 4032 3924 4069; x_wconf 90' lang='lat' dir='ltr'>mo-</span> 
     </span>
    </p>
   </div>
   <div class='ocr_carea' id='block_1_102' title="bbox 2208 4099 3922 4174">
    <p class='ocr_par' dir='ltr' id='par_1_102' title="bbox 2208 4099 3922 4174">
     <span class='ocr_line' id='line_1_102' title="bbox 2208 4099 3922 4174; baseline 0.001 -21"><span class='ocrx_word' id='word_1_616' title='bbox 2208 4099 2456 4153; x_wconf 88' lang='lat' dir='ltr'>nasterio</span> <span class='ocrx_word' id='word_1_617' title='bbox 2500 4102 2681 4154; x_wconf 78' lang='lat' dir='ltr'>sancti</span> <span class='ocrx_word' id='word_1_618' title='bbox 2709 4099 2949 4167; x_wconf 88' lang='lat' dir='ltr'>Quirini,</span> <span class='ocrx_word' id='word_1_619' title='bbox 3002 4101 3158 4171; x_wconf 91' lang='lat' dir='ltr'>quod</span> <span class='ocrx_word' id='word_1_620' title='bbox 3199 4101 3371 4155; x_wconf 90' lang='lat' dir='ltr'>situm</span> <span class='ocrx_word' id='word_1_621' title='bbox 3414 4107 3499 4157; x_wconf 90' lang='lat' dir='ltr'>est</span> <span class='ocrx_word' id='word_1_622' title='bbox 3540 4103 3597 4157; x_wconf 90' lang='lat' dir='ltr'>in</span> <span class='ocrx_word' id='word_1_623' title='bbox 3633 4102 3760 4156; x_wconf 91' lang='lat' dir='ltr'>loco</span> <span class='ocrx_word' id='word_1_624' title='bbox 3813 4103 3922 4174; x_wconf 87' lang='lat' dir='ltr'>qui</span> 
     </span>
    </p>
   </div>
   <div class='ocr_carea' id='block_1_103' title="bbox 2208 4187 3920 4259">
    <p class='ocr_par' dir='ltr' id='par_1_103' title="bbox 2208 4187 3920 4259">
     <span class='ocr_line' id='line_1_103' title="bbox 2208 4187 3920 4259; baseline 0.002 -20"><span class='ocrx_word' id='word_1_625' title='bbox 2208 4187 2543 4240; x_wconf 90' lang='lat' dir='ltr'>nominatur</span> <span class='ocrx_word' id='word_1_626' title='bbox 2598 4187 2874 4254; x_wconf 86' lang='lat' dir='ltr'>Tegrinsc,</span> <span class='ocrx_word' id='word_1_627' title='bbox 2936 4187 3082 4242; x_wconf 91' lang='lat' dir='ltr'>duos</span> <span class='ocrx_word' id='word_1_628' title='bbox 3134 4190 3354 4259; x_wconf 88' lang='lat' dir='ltr'>regales</span> <span class='ocrx_word' id='word_1_629' title='bbox 3397 4206 3642 4256; x_wconf 85' lang='lat' dir='ltr'>mansos,</span> <span class='ocrx_word' id='word_1_630' title='bbox 3676 4189 3826 4245; x_wconf 90' lang='lat' dir='ltr'>sitos</span> <span class='ocrx_word' id='word_1_631' title='bbox 3858 4190 3920 4243; x_wconf 91' lang='lat' dir='ltr'>in</span> 
     </span>
    </p>
   </div>
   <div class='ocr_carea' id='block_1_104' title="bbox 2209 4274 3918 4348">
    <p class='ocr_par' dir='ltr' id='par_1_104' title="bbox 2209 4274 3918 4348">
     <span class='ocr_line' id='line_1_104' title="bbox 2209 4274 3918 4348; baseline 0.003 -21"><span class='ocrx_word' id='word_1_632' title='bbox 2209 4277 2330 4328; x_wconf 92' lang='lat' dir='ltr'>loco</span> <span class='ocrx_word' id='word_1_633' title='bbox 2386 4276 2486 4346; x_wconf 89' lang='lat' dir='ltr'>qui</span> <span class='ocrx_word' id='word_1_634' title='bbox 2532 4274 2739 4328; x_wconf 89' lang='lat' dir='ltr'>dicitur</span> <span class='ocrx_word' id='word_1_635' title='bbox 2766 4277 3039 4344; x_wconf 87' lang='lat' dir='ltr'>Liupano,</span> <span class='ocrx_word' id='word_1_636' title='bbox 3088 4276 3240 4330; x_wconf 89' lang='lat' dir='ltr'>inter</span> <span class='ocrx_word' id='word_1_637' title='bbox 3289 4278 3434 4332; x_wconf 90' lang='lat' dir='ltr'>duos</span> <span class='ocrx_word' id='word_1_638' title='bbox 3482 4278 3697 4348; x_wconf 88' lang='lat' dir='ltr'>lapides</span> <span class='ocrx_word' id='word_1_639' title='bbox 3749 4280 3918 4332; x_wconf 83' lang='lat' dir='ltr'>Wat-</span> 
     </span>
    </p>
   </div>
   <div class='ocr_carea' id='block_1_105' title="bbox 2206 4363 3913 4436">
    <p class='ocr_par' dir='ltr' id='par_1_105' title="bbox 2206 4363 3913 4436">
     <span class='ocr_line' id='line_1_105' title="bbox 2206 4363 3913 4436; baseline 0.001 -19"><span class='ocrx_word' id='word_1_640' title='bbox 2206 4366 2344 4417; x_wconf 85' lang='lat' dir='ltr'>stein</span> <span class='ocrx_word' id='word_1_641' title='bbox 2368 4368 2424 4416; x_wconf 91' lang='lat' dir='ltr'>et</span> <span class='ocrx_word' id='word_1_642' title='bbox 2478 4364 2800 4427; x_wconf 76' lang='lat' dir='ltr'>Holinstein,</span> <span class='ocrx_word' id='word_1_643' title='bbox 2841 4363 3122 4417; x_wconf 89' lang='lat' dir='ltr'>donamus</span> <span class='ocrx_word' id='word_1_644' title='bbox 3171 4369 3227 4418; x_wconf 86' lang='lat' dir='ltr'>et</span> <span class='ocrx_word' id='word_1_645' title='bbox 3256 4365 3486 4436; x_wconf 87' lang='lat' dir='ltr'>proprio</span> <span class='ocrx_word' id='word_1_646' title='bbox 3532 4366 3662 4435; x_wconf 90' lang='lat' dir='ltr'>jure</span> <span class='ocrx_word' id='word_1_647' title='bbox 3700 4381 3913 4419; x_wconf 89' lang='lat' dir='ltr'>conce-</span> 
     </span>
    </p>
   </div>
   <div class='ocr_carea' id='block_1_106' title="bbox 2205 4450 3916 4523">
    <p class='ocr_par' dir='ltr' id='par_1_106' title="bbox 2205 4450 3916 4523">
     <span class='ocr_line' id='line_1_106' title="bbox 2205 4450 3916 4523; baseline 0.002 -19"><span class='ocrx_word' id='word_1_648' title='bbox 2205 4452 2416 4517; x_wconf 90' lang='lat' dir='ltr'>dimus,</span> <span class='ocrx_word' id='word_1_649' title='bbox 2464 4466 2594 4504; x_wconf 91' lang='lat' dir='ltr'>cum</span> <span class='ocrx_word' id='word_1_650' title='bbox 2635 4450 2912 4519; x_wconf 67' lang='lat' dir='ltr'>aediﬁciis,</span> <span class='ocrx_word' id='word_1_651' title='bbox 2954 4451 3121 4505; x_wconf 88' lang='lat' dir='ltr'>cultis</span> <span class='ocrx_word' id='word_1_652' title='bbox 3170 4458 3223 4506; x_wconf 92' lang='lat' dir='ltr'>et</span> <span class='ocrx_word' id='word_1_653' title='bbox 3255 4453 3503 4520; x_wconf 90' lang='lat' dir='ltr'>incultis,</span> <span class='ocrx_word' id='word_1_654' title='bbox 3564 4452 3767 4523; x_wconf 84' lang='lat' dir='ltr'>pratis,</span> <span class='ocrx_word' id='word_1_655' title='bbox 3801 4468 3916 4523; x_wconf 88' lang='lat' dir='ltr'>pa-</span> 
     </span>
    </p>
   </div>
   <div class='ocr_carea' id='block_1_107' title="bbox 2205 4539 3911 4607">
    <p class='ocr_par' dir='ltr' id='par_1_107' title="bbox 2205 4539 3911 4607">
     <span class='ocr_line' id='line_1_107' title="bbox 2205 4539 3911 4607; baseline 0 -14"><span class='ocrx_word' id='word_1_656' title='bbox 2205 4541 2371 4606; x_wconf 86' lang='lat' dir='ltr'>scuis,</span> <span class='ocrx_word' id='word_1_657' title='bbox 2431 4540 2606 4602; x_wconf 88' lang='lat' dir='ltr'>silvis,</span> <span class='ocrx_word' id='word_1_658' title='bbox 2668 4539 2772 4592; x_wconf 89' lang='lat' dir='ltr'>viis</span> <span class='ocrx_word' id='word_1_659' title='bbox 2828 4544 2884 4593; x_wconf 89' lang='lat' dir='ltr'>et</span> <span class='ocrx_word' id='word_1_660' title='bbox 2962 4539 3152 4606; x_wconf 88' lang='lat' dir='ltr'>inviis,</span> <span class='ocrx_word' id='word_1_661' title='bbox 3193 4541 3438 4595; x_wconf 81' lang='lat' dir='ltr'>exitibus</span> <span class='ocrx_word' id='word_1_662' title='bbox 3493 4546 3549 4596; x_wconf 88' lang='lat' dir='ltr'>et</span> <span class='ocrx_word' id='word_1_663' title='bbox 3597 4541 3911 4607; x_wconf 87' lang='lat' dir='ltr'>reditibus,</span> 
     </span>
    </p>
   </div>
   <div class='ocr_carea' id='block_1_108' title="bbox 2205 4628 3907 4701">
    <p class='ocr_par' dir='ltr' id='par_1_108' title="bbox 2205 4628 3907 4701">
     <span class='ocr_line' id='line_1_108' title="bbox 2205 4628 3907 4701; baseline 0.001 -20"><span class='ocrx_word' id='word_1_664' title='bbox 2205 4629 2368 4698; x_wconf 87' lang='lat' dir='ltr'>aquis</span> <span class='ocrx_word' id='word_1_665' title='bbox 2407 4643 2757 4698; x_wconf 88' lang='lat' dir='ltr'>aquarumve</span> <span class='ocrx_word' id='word_1_666' title='bbox 2804 4628 3158 4696; x_wconf 89' lang='lat' dir='ltr'>decursibus,</span> <span class='ocrx_word' id='word_1_667' title='bbox 3208 4630 3646 4700; x_wconf 89' lang='lat' dir='ltr'>piscationibus,</span> <span class='ocrx_word' id='word_1_668' title='bbox 3687 4630 3907 4701; x_wconf 81' lang='lat' dir='ltr'>quaesi-</span> 
     </span>
    </p>
   </div>
   <div class='ocr_carea' id='block_1_109' title="bbox 2203 4714 3913 4787">
    <p class='ocr_par' dir='ltr' id='par_1_109' title="bbox 2203 4714 3913 4787">
     <span class='ocr_line' id='line_1_109' title="bbox 2203 4714 3913 4787; baseline -0.001 -16"><span class='ocrx_word' id='word_1_669' title='bbox 2203 4716 2276 4771; x_wconf 88' lang='lat' dir='ltr'>tis</span> <span class='ocrx_word' id='word_1_670' title='bbox 2307 4722 2363 4770; x_wconf 92' lang='lat' dir='ltr'>et</span> <span class='ocrx_word' id='word_1_671' title='bbox 2392 4714 2777 4785; x_wconf 86' lang='lat' dir='ltr'>inquirendis:</span> <span class='ocrx_word' id='word_1_672' title='bbox 2839 4721 3120 4786; x_wconf 88' lang='lat' dir='ltr'>quatenus</span> <span class='ocrx_word' id='word_1_673' title='bbox 3152 4716 3411 4786; x_wconf 85' lang='lat' dir='ltr'>ejusdem</span> <span class='ocrx_word' id='word_1_674' title='bbox 3459 4718 3717 4787; x_wconf 71' lang='lat' dir='ltr'>praedicti</span> <span class='ocrx_word' id='word_1_675' title='bbox 3782 4734 3913 4771; x_wconf 90' lang='lat' dir='ltr'>mo-</span> 
     </span>
    </p>
   </div>
   <div class='ocr_carea' id='block_1_110' title="bbox 2202 4803 3912 4860">
    <p class='ocr_par' dir='ltr' id='par_1_110' title="bbox 2202 4803 3912 4860">
     <span class='ocr_line' id='line_1_110' title="bbox 2202 4803 3912 4860; baseline 0.001 -2"><span class='ocrx_word' id='word_1_676' title='bbox 2202 4804 2441 4858; x_wconf 88' lang='lat' dir='ltr'>nasterii</span> <span class='ocrx_word' id='word_1_677' title='bbox 2461 4804 2634 4857; x_wconf 88' lang='lat' dir='ltr'>abbas</span> <span class='ocrx_word' id='word_1_678' title='bbox 2662 4804 2731 4857; x_wconf 88' lang='lat' dir='ltr'>ad</span> <span class='ocrx_word' id='word_1_679' title='bbox 2779 4803 3085 4858; x_wconf 87' lang='lat' dir='ltr'>utilitatem</span> <span class='ocrx_word' id='word_1_680' title='bbox 3124 4804 3341 4859; x_wconf 90' lang='lat' dir='ltr'>ibidem</span> <span class='ocrx_word' id='word_1_681' title='bbox 3385 4806 3496 4859; x_wconf 88' lang='lat' dir='ltr'>Deo</span> <span class='ocrx_word' id='word_1_682' title='bbox 3528 4804 3912 4860; x_wconf 86' lang='lat' dir='ltr'>servientium</span> 
     </span>
    </p>
   </div>
   <div class='ocr_carea' id='block_1_111' title="bbox 2203 4890 3914 4963">
    <p class='ocr_par' dir='ltr' id='par_1_111' title="bbox 2203 4890 3914 4963">
     <span class='ocr_line' id='line_1_111' title="bbox 2203 4890 3914 4963; baseline 0 -17"><span class='ocrx_word' id='word_1_683' title='bbox 2203 4892 2442 4947; x_wconf 88' lang='lat' dir='ltr'>liberam</span> <span class='ocrx_word' id='word_1_684' title='bbox 2489 4890 2696 4945; x_wconf 89' lang='lat' dir='ltr'>habeat</span> <span class='ocrx_word' id='word_1_685' title='bbox 2724 4895 3064 4961; x_wconf 88' lang='lat' dir='ltr'>potestatem</span> <span class='ocrx_word' id='word_1_686' title='bbox 3101 4894 3494 4948; x_wconf 88' lang='lat' dir='ltr'>commutandi</span> <span class='ocrx_word' id='word_1_687' title='bbox 3527 4898 3698 4963; x_wconf 88' lang='lat' dir='ltr'>atque</span> <span class='ocrx_word' id='word_1_688' title='bbox 3757 4893 3914 4949; x_wconf 88' lang='lat' dir='ltr'>ordi-</span> 
     </span>
    </p>
   </div>
   <div class='ocr_carea' id='block_1_112' title="bbox 2203 4978 3913 5053">
    <p class='ocr_par' dir='ltr' id='par_1_112' title="bbox 2203 4978 3913 5053">
     <span class='ocr_line' id='line_1_112' title="bbox 2203 4978 3913 5053; baseline 0 -20"><span class='ocrx_word' id='word_1_689' title='bbox 2203 4980 2397 5045; x_wconf 89' lang='lat' dir='ltr'>nandi,</span> <span class='ocrx_word' id='word_1_690' title='bbox 2442 4978 2603 5032; x_wconf 91' lang='lat' dir='ltr'>omni</span> <span class='ocrx_word' id='word_1_691' title='bbox 2657 4978 3107 5033; x_wconf 88' lang='lat' dir='ltr'>contradictione</span> <span class='ocrx_word' id='word_1_692' title='bbox 3169 4986 3412 5034; x_wconf 87' lang='lat' dir='ltr'>remota.</span> <span class='ocrx_word' id='word_1_693' title='bbox 3489 4981 3678 5052; x_wconf 90' lang='lat' dir='ltr'>Siquis</span> <span class='ocrx_word' id='word_1_694' title='bbox 3725 4981 3913 5053; x_wconf 90' lang='lat' dir='ltr'>igitur</span> 
     </span>
    </p>
   </div>
   <div class='ocr_carea' id='block_1_113' title="bbox 2202 5066 3910 5138">
    <p class='ocr_par' dir='ltr' id='par_1_113' title="bbox 2202 5066 3910 5138">
     <span class='ocr_line' id='line_1_113' title="bbox 2202 5066 3910 5138; baseline 0 -16"><span class='ocrx_word' id='word_1_695' title='bbox 2202 5068 2349 5122; x_wconf 89' lang='lat' dir='ltr'>hanc</span> <span class='ocrx_word' id='word_1_696' title='bbox 2380 5067 2556 5120; x_wconf 88' lang='lat' dir='ltr'>nostri</span> <span class='ocrx_word' id='word_1_697' title='bbox 2608 5066 2880 5138; x_wconf 66' lang='lat' dir='ltr'>praecepti</span> <span class='ocrx_word' id='word_1_698' title='bbox 2921 5067 3195 5137; x_wconf 88' lang='lat' dir='ltr'>paginam</span> <span class='ocrx_word' id='word_1_699' title='bbox 3235 5068 3448 5123; x_wconf 89' lang='lat' dir='ltr'>violare</span> <span class='ocrx_word' id='word_1_700' title='bbox 3501 5070 3587 5121; x_wconf 90' lang='lat' dir='ltr'>vel</span> <span class='ocrx_word' id='word_1_701' title='bbox 3631 5083 3910 5138; x_wconf 90' lang='lat' dir='ltr'>spernere</span> 
     </span>
    </p>
   </div>
   <div class='ocr_carea' id='block_1_114' title="bbox 2200 5153 3907 5225">
    <p class='ocr_par' dir='ltr' id='par_1_114' title="bbox 2200 5153 3907 5225">
     <span class='ocr_line' id='line_1_114' title="bbox 2200 5153 3907 5225; baseline 0.001 -17"><span class='ocrx_word' id='word_1_702' title='bbox 2200 5153 2652 5225; x_wconf 65' lang='lat' dir='ltr'>praesumpserit,</span> <span class='ocrx_word' id='word_1_703' title='bbox 2686 5154 2826 5208; x_wconf 91' lang='lat' dir='ltr'>sciat</span> <span class='ocrx_word' id='word_1_704' title='bbox 2853 5170 2912 5207; x_wconf 89' lang='lat' dir='ltr'>se</span> <span class='ocrx_word' id='word_1_705' title='bbox 2956 5154 3315 5210; x_wconf 88' lang='lat' dir='ltr'>redditurum</span> <span class='ocrx_word' id='word_1_706' title='bbox 3362 5156 3647 5210; x_wconf 88' lang='lat' dir='ltr'>rationem</span> <span class='ocrx_word' id='word_1_707' title='bbox 3707 5155 3907 5211; x_wconf 90' lang='lat' dir='ltr'>omni-</span> 
     </span>
    </p>
   </div>
   <div class='ocr_carea' id='block_1_115' title="bbox 2201 5242 3907 5316">
    <p class='ocr_par' dir='ltr' id='par_1_115' title="bbox 2201 5242 3907 5316">
     <span class='ocr_line' id='line_1_115' title="bbox 2201 5242 3907 5316; baseline 0 -19"><span class='ocrx_word' id='word_1_708' title='bbox 2201 5242 2421 5314; x_wconf 90' lang='lat' dir='ltr'>potenti</span> <span class='ocrx_word' id='word_1_709' title='bbox 2456 5244 2568 5296; x_wconf 93' lang='lat' dir='ltr'>Deo</span> <span class='ocrx_word' id='word_1_710' title='bbox 2601 5243 2659 5295; x_wconf 89' lang='lat' dir='ltr'>in</span> <span class='ocrx_word' id='word_1_711' title='bbox 2705 5242 2798 5296; x_wconf 90' lang='lat' dir='ltr'>die</span> <span class='ocrx_word' id='word_1_712' title='bbox 2856 5242 3052 5313; x_wconf 77' lang='lat' dir='ltr'>iudicii</span> <span class='ocrx_word' id='word_1_713' title='bbox 3081 5248 3138 5297; x_wconf 89' lang='lat' dir='ltr'>et</span> <span class='ocrx_word' id='word_1_714' title='bbox 3168 5243 3346 5297; x_wconf 87' lang='lat' dir='ltr'>nostri</span> <span class='ocrx_word' id='word_1_715' title='bbox 3374 5244 3619 5314; x_wconf 89' lang='lat' dir='ltr'>gratiam</span> <span class='ocrx_word' id='word_1_716' title='bbox 3670 5244 3732 5297; x_wconf 89' lang='lat' dir='ltr'>in</span> <span class='ocrx_word' id='word_1_717' title='bbox 3763 5260 3907 5316; x_wconf 66' lang='lat' dir='ltr'>pras-</span> 
     </span>
    </p>
   </div>
   <div class='ocr_carea' id='block_1_116' title="bbox 2202 5331 3906 5400">
    <p class='ocr_par' dir='ltr' id='par_1_116' title="bbox 2202 5331 3906 5400">
     <span class='ocr_line' id='line_1_116' title="bbox 2202 5331 3906 5400; baseline 0 -16"><span class='ocrx_word' id='word_1_718' title='bbox 2202 5331 2346 5385; x_wconf 88' lang='lat' dir='ltr'>senti</span> <span class='ocrx_word' id='word_1_719' title='bbox 2403 5331 2611 5385; x_wconf 76' lang='lat' dir='ltr'>saeculo</span> <span class='ocrx_word' id='word_1_720' title='bbox 2677 5346 2977 5400; x_wconf 89' lang='lat' dir='ltr'>nunquam</span> <span class='ocrx_word' id='word_1_721' title='bbox 3026 5336 3486 5387; x_wconf 89' lang='lat' dir='ltr'>consecuturum.</span> <span class='ocrx_word' id='word_1_722' title='bbox 3551 5333 3615 5386; x_wconf 88' lang='lat' dir='ltr'>Et</span> <span class='ocrx_word' id='word_1_723' title='bbox 3661 5336 3723 5385; x_wconf 87' lang='lat' dir='ltr'>ut</span> <span class='ocrx_word' id='word_1_724' title='bbox 3782 5333 3906 5387; x_wconf 62' lang='lat' dir='ltr'>haec</span> 
     </span>
    </p>
   </div>
   <div class='ocr_carea' id='block_1_117' title="bbox 2199 5418 3902 5491">
    <p class='ocr_par' dir='ltr' id='par_1_117' title="bbox 2199 5418 3902 5491">
     <span class='ocr_line' id='line_1_117' title="bbox 2199 5418 3902 5491; baseline 0.001 -19"><span class='ocrx_word' id='word_1_725' title='bbox 2199 5419 2388 5473; x_wconf 86' lang='lat' dir='ltr'>verius</span> <span class='ocrx_word' id='word_1_726' title='bbox 2417 5418 2743 5484; x_wconf 89' lang='lat' dir='ltr'>credantur,</span> <span class='ocrx_word' id='word_1_727' title='bbox 2772 5419 3221 5491; x_wconf 90' lang='lat' dir='ltr'>diligentiusque</span> <span class='ocrx_word' id='word_1_728' title='bbox 3268 5421 3338 5475; x_wconf 87' lang='lat' dir='ltr'>ab</span> <span class='ocrx_word' id='word_1_729' title='bbox 3386 5421 3657 5475; x_wconf 88' lang='lat' dir='ltr'>omnibus</span> <span class='ocrx_word' id='word_1_730' title='bbox 3700 5422 3902 5476; x_wconf 89' lang='lat' dir='ltr'>obser-</span> 
     </span>
    </p>
   </div>
   <div class='ocr_carea' id='block_1_118' title="bbox 2200 5504 3899 5577">
    <p class='ocr_par' dir='ltr' id='par_1_118' title="bbox 2200 5504 3899 5577">
     <span class='ocr_line' id='line_1_118' title="bbox 2200 5504 3899 5577; baseline 0.001 -20"><span class='ocrx_word' id='word_1_731' title='bbox 2200 5510 2426 5573; x_wconf 92' lang='lat' dir='ltr'>ventur,</span> <span class='ocrx_word' id='word_1_732' title='bbox 2480 5519 2653 5557; x_wconf 89' lang='lat' dir='ltr'>manu</span> <span class='ocrx_word' id='word_1_733' title='bbox 2701 5504 2935 5575; x_wconf 88' lang='lat' dir='ltr'>propria</span> <span class='ocrx_word' id='word_1_734' title='bbox 2988 5506 3446 5574; x_wconf 87' lang='lat' dir='ltr'>corroborantes,</span> <span class='ocrx_word' id='word_1_735' title='bbox 3494 5506 3668 5577; x_wconf 85' lang='lat' dir='ltr'>sigilli</span> <span class='ocrx_word' id='word_1_736' title='bbox 3715 5505 3899 5563; x_wconf 88' lang='lat' dir='ltr'>nostri</span> 
     </span>
    </p>
   </div>
   <div class='ocr_carea' id='block_1_119' title="bbox 2198 5591 3175 5663">
    <p class='ocr_par' dir='ltr' id='par_1_119' title="bbox 2198 5591 3175 5663">
     <span class='ocr_line' id='line_1_119' title="bbox 2198 5591 3175 5663; baseline 0.002 -17"><span class='ocrx_word' id='word_1_737' title='bbox 2198 5591 2575 5662; x_wconf 89' lang='lat' dir='ltr'>impressione</span> <span class='ocrx_word' id='word_1_738' title='bbox 2594 5592 2873 5661; x_wconf 89' lang='lat' dir='ltr'>jussimus</span> <span class='ocrx_word' id='word_1_739' title='bbox 2890 5592 3175 5663; x_wconf 86' lang='lat' dir='ltr'>insigniri.</span> 
     </span>
    </p>
   </div>
  </div>
