3980 6412
105 380 200 431 3ῑὸ
1385 377 1777 433 DIPLOMATA
1818 379 2372 435 ECCLESIASTICA.

166 495 529 548 Guntherius
579 494 1000 561 cancellarius,
1064 496 1133 549 ad
1211 495 1394 550 vicem
1453 498 1906 553 ErchanbaldiA

106 584 528 655 archiepiscopi
562 591 619 637 et
650 584 1102 655 archicapellani
1122 587 1450 655 recognovi.

169 675 387 726 Datum
435 690 588 725 anno
663 674 984 727 Dominicze
1047 675 1456 728 incarnationis
1523 679 1677 742 l019,
1739 676 1826 730 in-

104 763 225 815 dict.
265 780 328 826 ιι,
396 780 431 814 v
472 763 552 815 Id.
600 764 752 829 Jan.,
788 779 945 816 anno
991 779 1124 816 vero
1174 764 1403 817 Domini
1437 765 1684 819 Heinrici
1740 782 1822 819 re-

107 852 338 921 gnantis
370 868 504 914 xvu,
533 852 763 921 imperii
797 868 933 904 vero
967 852 1089 921 ejus
1134 869 1184 907 v.

177 943 393 993 Actum
429 940 774 1010 Cbuol‘unge
809 940 1073 994 feliciter.
1103 944 1315 996 Amen.

910 1047 1065 1101 CVII.

118 1151 172 1204 S.
232 1150 477 1205 Πρηνίσὶ
536 1153 890 1221 privilegium
940 1168 1041 1221 pro
1090 1154 1329 1207 Ecclesia
1384 1156 1832 1223 Mimigardefor-

897 1240 1068 1293 densi.

779 1348 971 1417 (Anno
1003 1347 1181 1417 tOl9.)

400 1451 573 1524 [Cod.
604 1453 830 1521 diplom.
863 1455 1003 1507 Hist.
1043 1454 1308 1522 Westph.,
1343 1471 1397 1524 p.
1432 1458 1541 1523 77.]

186 1559 244 1612 ln
273 1559 529 1612 nomine
557 1564 766 1611 sanctae
800 1562 856 1611 et
888 1559 1197 1613 individuus
1232 1560 1544 1627 Trinitatis,
1598 1564 1829 1616 Hamm-

119 1663 205 1699 ccs
232 1648 437 1701 divina
482 1648 707 1701 favente
738 1648 1047 1701 clementia
1075 1649 1465 1703 Romanorum
1517 1650 1832 1721 imperator

119 1737 435 1805 Augustus.

184 1824 286 1877 Ubi
319 1823 705 1877 ecclesiarum
739 1824 1089 1878 venerabilia
1141 1825 1264 1879 loca
1288 1842 1320 1879 a
1379 1827 1589 1880 nostris
1616 1830 1828 1897 praede-

118 1913 437 1966 cessoribus
499 1913 771 1965 nobiliter
828 1913 1067 1966 adaucta
1110 1918 1175 1967 ut
1228 1914 1287 1967 in
1320 1931 1422 1969 suo
1472 1915 1666 1985 vigore
1697 1934 1827 1987 per-

116 2002 333 2065 sistant,
391 2008 600 2055 nostra
670 2002 1013 2055 auctoritate
1054 2003 1360 2063 sancimus,
1439 2005 1509 2057 ab
1563 2007 1825 2076 omnipo-

116 2095 263 2143 tente
299 2092 444 2155 Deo,
481 2105 661 2160 quem
696 2091 755 2143 in
798 2090 915 2143 suis
946 2091 1152 2143 sanctis
1182 2092 1548 2159 honoramus,
1599 2100 1828 2148 aeternae

118 2178 515 2232 retributionis
546 2180 859 2248 praemium
888 2178 1143 2247 recipere
1176 2180 1425 2234 ﬁdeliter
1453 2187 1510 2235 et
1558 2184 1832 2237 veraciter

119 2283 431 2337 speramus.
472 2267 755 2330 Quocirca
790 2272 999 2319 sanctae.
1037 2268 1135 2320 Dei
1168 2270 1417 2321 ecclesiae
1451 2270 1828 2341 omniumque

121 2357 362 2409 ﬁdelium
410 2362 748 2408 nostrorum
805 2356 1177 2425 praesentium
1210 2357 1469 2411 videlicet
1499 2364 1553 2411 et
1604 2360 1829 2414 futuro-

121 2460 236 2497 rum
278 2444 650 2498 universitati
708 2444 976 2497 volumus
1022 2449 1211 2515 pateat
1243 2446 1490 2515 qualiter
1546 2449 1831 2502 Tliiederi-

125 2550 227 2595 cus,
258 2539 473 2587 sanctas
510 2532 1150 2603 Mimigardevordensis
1189 2535 1441 2588 ecclesiae
1490 2537 1831 2590 venerabilis

124 2624 429 2693 episc0pus,
505 2627 722 2674 nostra:
791 2622 1134 2675 celsitudine
1213 2622 1354 2676 adiit
1440 2624 1827 2691 clementiam,

129 2718 307 2780 petens
339 2717 403 2763 ut
434 2726 562 2762 suae
596 2711 853 2762 ecclesiae
888 2726 989 2779 per
1012 2710 1190 2763 nostri
1220 2712 1492 2781 prmcepti
1546 2714 1819 2781 paginam

130 2799 566 2852 concederemus
624 2802 680 2851 et
752 2799 1233 2851 contirmaremur
1302 2814 1480 2851 unam
1539 2800 1829 2856 abbatiam

136 2889 380 2941 Liesbern
418 2887 810 2951 nominatam,
847 2902 1020 2957 quam
1044 2892 1212 2940 antea
1266 2887 1507 2957 praefata
1537 2890 1829 2960 Mimigar-

131 2976 483 3029 devordensis
516 2976 757 3028 ecclesia
790 2976 1000 3028 habere
1032 2975 1329 3029 videbatur
1350 2976 1457 3029 etsi
1499 2978 1619 3031 sine
1682 2979 1825 3031 scri-

134 3072 234 3134 pto,
254 3066 422 3119 sitam
472 3066 533 3117 in
578 3080 727 3134 pago
762 3064 934 3117 Dreni
968 3081 1030 3117 ac
1081 3064 1141 3118 in
1180 3064 1458 3119 comitatu
1492 3066 1829 3120 Herimanni
1862 3058 1901 3110 C

133 3155 351 3206 comitis.
386 3155 573 3223 Cujus
609 3153 993 3222 peticionibus
1021 3154 1317 3222 utjustum
1352 3158 1438 3205 est
1486 3160 1824 3220 annuentes,

132 3242 431 3296 interventu
472 3242 655 3294 etiam
690 3257 751 3293 ac
774 3240 1053 3310 petitione
1100 3242 1453 3311 Cunigundm
1501 3242 1828 3313 imperatri-

132 3332 195 3381 cis
264 3334 541 3400 Augusta:
613 3334 943 3398 nostrasque
1017 3329 1350 3382 contectalis
1420 3330 1826 3395 dilectissimae,

133 3419 476 3491 aliorumque
512 3418 782 3472 ﬁdelium
828 3424 1157 3472 nostrorum
1185 3419 1286 3488 qui
1316 3418 1461 3472 inibi
1520 3425 1830 3489 praesentes

134 3508 357 3571 fuerunt,
441 3507 766 3561 Everliardi
832 3507 1317 3575 Bavenbergensis
1393 3512 1448 3561 et
1504 3509 1828 3563 Meinwerki

137 3596 657 3659 Podilbrunnensis,
721 3596 1019 3649 Adallioldi
1092 3596 1466 3665 Trajectensis
1525 3598 1827 3667 episcopo-

136 3701 264 3747 rum,
303 3686 589 3755 ducisque
630 3682 957 3748 Godefridi;
1007 3699 1110 3751 per
1142 3684 1289 3736 hanc
1338 3686 1520 3737 nostri
1554 3686 1828 3755 prmcepti

136 3774 399 3841 paginam,
424 3772 757 3844 prmlibatas
792 3771 911 3824 sedi
950 3771 1259 3841 episcopali
1316 3773 1542 3843 sibique
1596 3774 1828 3844 suisque

138 3864 537 3915 successoribus
600 3862 663 3913 in
698 3864 1042 3929 perpetuum
1089 3860 1498 3914 conﬁrmamus
1548 3866 1605 3915 et
1643 3878 1830 3916 corro-

140 3948 399 4015 boramus,
443 3955 508 4004 ut
543 3950 607 4001 in
658 3948 994 4017 praescripto
1028 3948 1152 4001 loco
1189 3946 1459 4001 Liesbern
1513 3948 1664 4002 dicto
1721 3966 1829 4003 no-

141 4043 233 4090 stra
287 4039 580 4107 imperiali
642 4036 983 4089 auctoritate
1028 4036 1235 4089 dehinc
1290 4036 1530 4090 liberam
1580 4038 1831 4092 habeant

140 4124 432 4181 facultatem
466 4125 777 4179 servitium
812 4125 911 4177 Dei
969 4125 1272 4178 ordinandi
1330 4141 1508 4194 penes
1567 4127 1826 4180 divinum

141 4230 363 4269 amorem
395 4225 578 4286 atque
611 4214 908 4268 timorem.
945 4215 1158 4267 Praeter
1178 4214 1301 4267 haec
1331 4214 1503 4267 etiam
1546 4215 1615 4267 de
1665 4216 1829 4269 advo-

139 4304 250 4355 catis
279 4306 333 4359 in
363 4306 655 4375 praedicto
688 4303 809 4355 loco
838 4301 1122 4372 episcopis
1163 4302 1329 4356 liceat
1369 4318 1536 4372 agere
1569 4307 1626 4357 et
1682 4304 1828 4357 ordi-

140 4405 252 4443 nare
281 4393 599 4445 secundum
654 4405 857 4443 eorum
902 4390 1254 4443 voluntatem
1286 4390 1714 4444 advocationem
1770 4394 1829 4445 in

140 4478 365 4546 ipsorum
396 4482 637 4543 militia,
665 4480 831 4549 juxta
863 4478 1016 4548 quod
1056 4478 1165 4531 illis
1206 4479 1412 4531 melius
1445 4480 1629 4533 visum
1662 4482 1834 4534 fuerit

140 4567 195 4617 ad
226 4569 521 4623 utilitatem
558 4567 821 4621 ecclesiae
848 4566 1233 4635 przetitulatas.
1270 4567 1334 4620 Et
1364 4572 1427 4620 ut
1474 4567 1596 4620 harc
1624 4574 1831 4623 nostra:

140 4658 514 4725 praeceptionis
596 4655 916 4708 auctoritas
961 4656 1120 4708 omni
1181 4660 1441 4725 tempore
1496 4657 1717 4710 stabilis
1775 4663 1833 4712 et

140 4742 434 4798 iuconvulsa
468 4748 838 4816 permaneat,
874 4742 1020 4796 hanc
1050 4742 1324 4813 paginam
1368 4760 1546 4797 manu
1596 4746 1832 4815 propria

139 4832 538 4901 conﬁrmantes,
565 4832 749 4903 sigilli
777 4831 961 4884 nostri
1010 4831 1387 4902 impressione
1415 4832 1693 4903 jussimus
1739 4834 1830 4887 in-

140 4920 334 4987 signiri.

194 5008 400 5073 Signum
461 5011 663 5064 damni
711 5010 1295 5063 Henriciserenissimi
1348 5008 1432 5075 (L.
1494 5010 1588 5076 Μ.)
1646 5014 1697 5064 et
1742 5012 1828 5065 in-

140 5100 395 5153 rictissimi
416 5102 783 5169 imperatoris
812 5099 1073 5163 Augusti.

196 5188 481 5242 tiuntarius
538 5186 930 5242 cancellarius
994 5187 1113 5241 vice
1169 5187 1553 5243 Archenbaldi
1613 5188 1831 5244 archie-

141 5272 320 5343 piscopi
350 5283 403 5331 et
469 5276 936 5345 archicapellani
966 5277 1313 5346 recognovit.

202 5362 380 5418 Datum
442 5382 599 5419 anno
657 5363 972 5417 Dominicaa
1012 5364 1423 5418 incarnationis
1476 5367 1633 5430 l0l9,
1686 5365 1829 5419 indi-

140 5448 292 5503 ctione
344 5471 400 5513 ιι,
484 5472 645 5508 anno
709 5451 915 5505 domui
977 5453 1225 5507 Heinrici
1299 5456 1598 5524 regnantis
1672 5470 1824 5521 xvm,

142 5533 332 5604 imperii
358 5558 488 5595 vero
522 5544 658 5612 ejus
683 5558 759 5608 vr,
790 5556 901 5592 xvu
937 5541 1057 5595 Kal.
1091 5542 1323 5612 Aprilis.

198 5630 372 5683 Actum
399 5631 685 5685 Goslaria!
711 5627 973 5681 feliciter.

3535 383 3636 437 346

2692 504 2875 556 CVIII.

1934 590 1994 642 S.
2050 592 2309 643 Henricus
2370 592 2616 645 Ecclesiae
2666 592 3064 645 Paderboucnsi
3143 593 3419 648 abbatiam
3484 596 3630 649 Scel—

2631 682 2748 733 dice
2774 681 2959 733 donat.

2542 768 2729 837 (Anno
2784 769 3033 838 eodem.)

2582 857 2771 929 uua,
2799 874 2854 927 p.
2879 858 2992 925 78.]

2012 946 2068 999 C.
2130 947 2193 999 In
2251 945 2485 999 nomine
2545 952 2753 998 sancta:
2821 950 2875 997 et
2933 945 3245 999 individua:
3316 946 3636 1014 Trinitatis,

1942 1038 2237 1089 Hsmmcus
2292 1035 2389 1088 Dei
2447 1034 2632 1104 gratia
2664 1035 3055 1088 Romanorum
3096 1035 3412 1106 imperator
3439 1039 3635 1108 Augu-

1940 1128 2080 1177 stus.

2012 1212 2290 1276 Quoniam
2349 1212 2796 1281 prmdecessores
2847 1218 3069 1265 nostros
3099 1230 3262 1284 reges
3318 1215 3405 1268 vel
3461 1215 3637 1286 impe-

1941 1307 2158 1353 ratores
2216 1308 2478 1370 operatos
2532 1316 2652 1353 esse
2708 1300 2766 1353 in
2825 1317 3050 1353 summo
3109 1302 3291 1370 capite
3345 1304 3498 1372 quod
3558 1308 3640 1356 est

1943 1389 2196 1442 Christus
2229 1406 2341 1442 non
2368 1390 2720 1457 ignoramus,
2765 1406 2906 1458 quos
2938 1391 3145 1442 scimus
3176 1390 3233 1442 in
3281 1390 3401 1458 ejus
3452 1407 3639 1444 mem-

1940 1478 2057 1530 bris
2090 1494 2191 1547 per
2222 1478 2393 1531 tidem
2427 1484 2692 1547 operatos
2728 1478 2925 1531 haberi
2975 1480 3400 1547 augmentaudo
3460 1480 3637 1532 eccle-

1942 1566 2051 1618 sias
2101 1567 2213 1618 Deo
2270 1566 2355 1619 vel
2404 1566 2613 1618 sanctis
2665 1571 2928 1631 sacratas,
2999 1570 3053 1618 et
3112 1582 3213 1635 pro
3272 1583 3335 1618 ea
3390 1566 3513 1636 ipsa
3578 1583 3637 1619 re

1941 1660 2170 1707 interna“:
2204 1654 2753 1724 recompensationis
2785 1653 3022 1724 prmmia
3054 1654 3289 1723 adeptos
3327 1655 3469 1719 fore,
3522 1670 3638 1707 non

1864 1780 1903 1833 Β
1944 1759 2104 1795 secus
2132 1744 2178 1796 si
2206 1749 2461 1796 sanctam
2523 1742 2621 1796 Dei
2652 1742 2955 1796 Ecclesiam
2989 1743 3056 1795 ad
3101 1743 3381 1795 honorem
3414 1747 3636 1796 sancto-

1943 1848 2073 1884 rum
2148 1847 2381 1885 suorum
2457 1847 2706 1885 crescere
2764 1836 2819 1884 et
2894 1830 3279 1901 multiplicare
3332 1830 3495 1884 donis
3549 1832 3638 1884 vel

1940 1920 2266 1990 augmentis
2321 1920 2729 1984 studuerimus,
2792 1924 3085 1988 perpetuae
3157 1918 3637 1972 remunerationis

1940 2009 2350 2061 exultationem
2409 2024 2514 2061 nos
2604 2008 2849 2060 nancisci
2909 2023 3222 2076 speramus.
3282 2009 3640 2077 Quapropter

1938 2098 2248 2150 universali
2279 2096 2537 2149 Ecclesia:
2582 2097 2852 2166 praesenti
2883 2096 3143 2149 videlicet
3170 2102 3226 2149 et
3256 2097 3463 2149 futura:
3517 2112 3637 2149 ma-

1939 2186 2212 2239 nifestum
2263 2191 2348 2239 est
2406 2185 2658 2254 optando
2711 2185 3106 2238 desideramus
3165 2186 3409 2254 qualiter
3464 2184 3638 2255 Megio

1938 2274 2232 2328 nwerchus
2294 2273 2807 2327 Paterbrunnensis
2862 2274 3184 2343 episcopus,
3245 2279 3454 2327 nostrae
3525 2274 3637 2326 im-

1938 2364 2140 2432 periali
2197 2362 2546 2415 excellentize
2601 2362 3020 2427 dilectissimus,
3076 2361 3489 2414 sublimitatem
3530 2377 3640 2414 no-

1941 2456 2117 2504 stram
2208 2452 2493 2516 convenit,
2583 2442 2880 2519 postulans
2962 2450 3212 2503 ecclesia:
3294 2467 3410 2503 sua:
3466 2465 3643 2503 unam

1940 2539 2226 2593 abbatiam
2280 2540 2527 2593 Sceldice
2577 2544 2835 2592 vocatam
2887 2538 3032 2603 dari,
3106 2540 3271 2607 cujus
3354 2538 3640 2591 continuis

1939 2628 2313 2696 petitionibus
2392 2645 2505 2681 non
2588 2628 2879 2680 immerito
2962 2627 3235 2692 faventes,
3314 2626 3641 2680 interventu

1941 2716 2340 2785 Chunigundm
2375 2716 2754 2786 imperatricis
2790 2720 2999 2768 nostra:
3038 2716 3299 2768 videlicet
3337 2715 3641 2769 dilectissi-

1941 2822 2051 2858 mae
2090 2804 2369 2875 conjugis,
2414 2806 2809 2874 episcoporum
2844 2820 3075 2873 quoque
3110 2804 3364 2863 Geronis,
3392 2802 3638 2867 Unuani,

1939 2894 2198 2958 Arnoldi,
2263 2893 2507 2946 Dietrici.
2563 2892 2875 2944 Hiltiwardi
2924 2896 2979 2943 et
3034 2891 3200 2953 Erici,
3262 2892 3641 2960 optimatum-

1940 2998 2049 3052 que
2082 2982 2261 3034 nostri
2300 2982 2487 3051 regni,
2522 2980 2834 3034 Pernhardi
2874 2980 3049 3045 ducis,
3104 2979 3357 3047 Sigifridi
3390 2979 3639 3045 comitis,

1944 3069 2278 3124 Herimanni
2311 3074 2367 3122 et
2394 3069 2699 3139 Eggihardi
2731 3068 2957 3121 consilii
2990 3069 3378 3121 ventilatione.
3440 3084 3641 3137 supra-

1943 3158 2148 3210 (iictam
2180 3157 2465 3210 abbatium
2521 3157 2687 3209 sitam
2730 3156 2787 3209 in
2837 3172 2983 3225 pago
3026 3158 3288 3224 Wessaga
3322 3161 3377 3209 et
3432 3156 3489 3208 in
3530 3174 3632 3207 cu—

1942 3247 2141 3299 mitatu
2176 3246 2442 3300 Friderici
2477 3245 2700 3298 comitis
2754 3244 2857 3297 sibi
2893 3261 2995 3298 nec
3042 3262 3158 3298 non
3213 3260 3329 3297 sua:
3389 3244 3640 3297 ecclesias

1942 3334 2425 3388 Paterbrunnensi
2484 3333 2714 3403 suisque
2774 3332 3195 3385 successoribus
3236 3332 3392 3385 omni
3445 3349 3641 3385 conce-

1943 3422 2132 3475 dimus
2190 3424 2319 3491 jure
2380 3423 2648 3492 deinci-ps
2710 3421 3133 3491 possidendam.
3195 3423 3263 3475 Ut
3320 3438 3452 3475 vero
3519 3422 3640 3474 11830

1942 3511 2210 3580 praecepti
2270 3511 2480 3580 pagina
2538 3509 2755 3562 stabilis
2815 3515 2872 3563 et
2921 3508 3247 3563 inconvulsa
3293 3508 3498 3562 futuris
3548 3510 3633 3562 vel

1942 3599 2320 3670 praesentibus
2343 3598 2700 3667 temporibus
2752 3614 3091 3667 permanere
3149 3600 3354 3659 valeat,
3392 3598 3639 3668 proprias

1944 3703 2145 3740 manus
2176 3686 2438 3738 cautione
2470 3686 2789 3747 ﬁrmamus,
2824 3689 2878 3737 et
2908 3686 3089 3737 nostri
3147 3686 3325 3754 sigilli
3386 3686 3625 3755 impres-

1942 3775 2101 3829 sione
2125 3779 2309 3826 ratum
2343 3773 2612 3825 ducentes
2639 3771 2855 3840 signari
2899 3772 3202 3840 jussimus.

2010 3864 2240 3928 Signum
2297 3862 2481 3914 damni
2531 3862 2777 3913 Heinrici
2817 3862 3152 3913 serenissimi
3189 3861 3273 3927 (L.
3309 3862 3397 3928 Μ.)
3457 3866 3507 3915 et
3554 3864 3640 3915 in-

1940 3952 2227 4005 victissimi
2256 3953 2620 4018 imperatoris.

2012 4040 2360 4093 Guntlierius
2412 4036 2783 4091 cancellarius
2844 4037 2963 4091 vice
3027 4038 3401 4092 Erchanbaldi
3449 4038 3641 4093 archi-

1943 4128 2221 4197 capellani
2255 4128 2602 4195 recognovit.

2017 4217 2218 4269 Datum
2260 4231 2410 4267 anno
2454 4214 2763 4267 Dominicae
2823 4214 3233 4267 incarnationis
3280 4218 3430 4277 t0l8,
3491 4215 3640 4268 indi-

1943 4303 2131 4356 ctione
2163 4320 2221 4367 ιι,
2273 4319 2423 4356 anno
2470 4303 2663 4357 domui
2701 4303 2945 4356 ileinrici
2994 4303 3289 4372 regnantis
3338 4320 3473 4371 xvu,
3534 4303 3640 4357 im-

1944 4392 2087 4463 perii
2119 4408 2251 4444 vero
2271 4393 2391 4461 ejus
2419 4408 2491 4458 vr,
2518 4408 2633 4444 xm.
2666 4392 2786 4444 Kal.
2825 4396 2955 4461 Apr.

2013 4483 2215 4534 Actum
2247 4480 2315 4534 ad
2349 4480 2595 4533 Gosilare
2629 4479 2887 4532 feliciter.
2922 4481 3119 4532 Amen.

2726 4568 2853 4620 CIX.

2014 4660 2153 4712 Item
2186 4678 2212 4706 «
2246 4658 2541 4726 quamdam
2570 4658 2767 4709 nostris
2798 4657 3151 4723 proprietatis
3171 4656 3440 4721 forestim.
3469 4675 3494 4706 ι)

2581 4746 2767 4809 (Anno
2822 4744 3000 4809 lOl9.)

2226 4834 2378 4905 [ϐοά.
2411 4834 2634 4901 diplom.
2657 4834 2799 4886 Hist.
2840 4832 3106 4900 Wcstph.,
3133 4848 3188 4901 p.
3219 4836 3288 4885 78
3330 4830 3349 4903 ]

2010 4926 2066 4979 C.
2128 4925 2193 4977 In
2248 4922 2483 4976 nomine
2542 4924 2749 4974 sancta:
2830 4926 2885 4974 et
2947 4920 3255 4974 individua:
3322 4920 3637 4988 Trinitatis,

1941 5016 2239 5068 ﬂammeus
2320 5012 2515 5065 divina
2583 5011 2807 5064 favente
2873 5010 3178 5064 clementia
3249 5010 3639 5064 Romanorum

1938 5102 2251 5171 imperator
2280 5102 2588 5169 Augustus.

2013 5190 2363 5259 Ubicumque
2391 5192 2586 5241 sancta
2617 5187 2714 5240 Dei
2741 5188 2864 5240 loca
2892 5187 3059 5240 bonis
3086 5186 3247 5240 nobis
3280 5201 3311 5238 a
3362 5187 3477 5239 Deo
3536 5186 3637 5239 do-

1939 5280 2085 5332 natis
2111 5278 2457 5341 extollimus,
2487 5293 2599 5329 non
2635 5277 2818 5329 solum
2851 5276 2979 5328 vitae
3028 5281 3237 5328 nostra:
3296 5274 3638 5342 longanimi-

1939 5370 2134 5433 tatem,
2166 5382 2363 5419 verum
2396 5365 2569 5418 etiam
2604 5364 2765 5433 regni
2793 5380 2894 5417 nos
2937 5363 3375 5433 prosperitatem
3426 5378 3638 5429 augere

1936 5471 2253 5523 speramus.
2361 5454 2722 5522 Quapropter
2797 5452 3017 5504 noverit
3084 5450 3345 5501 omnium
3431 5448 3638 5503 Christi

1937 5549 2382 5613 nostrorumque
2419 5542 2671 5596 ﬁdelium
2708 5540 3044 5592 universitas
3089 5537 3332 5606 qualiter
3371 5554 3495 5602 nos,
3532 5555 3637 5608 pro

1936 5632 2189 5685 remedio
2220 5631 2427 5684 animm
2461 5635 2669 5683 nostra:
2695 5634 3238 5696 autecessorumque
3280 5630 3633 5692 nostrorum,
