3980 6404
285 357 388 411 347

1593 353 1648 409 S.
1690 350 1980 407 HENRICI
2014 350 2488 407 IMPERATORIS

3689 351 3795 405 348

286 500 387 537 nec
410 499 527 536 non
559 498 664 552 pro
713 483 895 535 salute
963 482 1184 536 dilectas
1228 481 1491 551 conjugis
1540 484 1769 547 nostrai,
1814 480 1976 534 Cuni—
2002 483 2049 533 Α
2086 480 2318 546 nentiis,
2350 484 2407 535 et
2436 496 2566 534 cum
2603 496 2808 552 campo
2858 479 3093 544 Arsicio,
3150 482 3302 550 quod
3362 480 3646 552 praedium
3698 478 3794 533 Gi-

281 572 490 642 gundaa
555 571 937 640 imperatricis
997 571 1256 623 videlicet
1319 574 1599 639 augustae,
1652 574 1824 639 atque
1878 585 1981 639 per

278 660 667 714 interventum
715 659 955 712 Geronis
1007 658 1546 728 Magedeburgensis
1599 656 1977 725 archiepisco-

281 748 360 818 pi,
386 748 827 817 Dotichonisque
862 747 1106 810 comitis,
1143 746 1432 815 quandam
1466 751 1676 797 nostras
1720 743 1977 813 proprie-

281 836 413 889 tatis
438 835 696 888 forestim
719 835 775 887 in
810 834 1084 887 comitatu
1117 834 1376 903 ejusdem
1413 833 1738 886 Dotichonis
1778 832 1975 896 sitam;

286 940 436 995 quas,
488 923 802 976 terminum
844 921 1003 990 juxta
1057 922 1353 975 ﬂuviolum
1400 921 1573 975 FuIda
1616 921 1979 973 nominatum

281 1027 535 1076 sumens,
563 1027 743 1081 prope
766 1010 1311 1079 Reginhereshuson
1346 1016 1403 1063 et
1425 1010 1763 1063 Utenhuson
1806 1014 1978 1078 atque

285 1100 595 1154 Biberbach
629 1103 685 1152 et
718 1099 1270 1164 Rotbrehteshuson,
1313 1098 1373 1151 in
1419 1098 1708 1168 quoddam
1761 1096 1979 1150 ﬁumen

284 1189 499 1241 Wisera
554 1194 816 1241 vocatum
877 1203 1058 1257 usque
1109 1186 1508 1257 protenditur;
1558 1186 1692 1239 inde
1750 1201 1977 1239 sursum

285 1277 519 1341 directa,
555 1276 844 1347 quandam
875 1276 1067 1328 villam
1097 1275 1333 1327 nomine
1368 1274 1685 1327 Gimundin
1713 1272 1975 1342 attingit;

284 1365 513 1429 abinde,
553 1364 832 1418 circulum
876 1367 1195 1432 prosecuta,
1248 1363 1459 1416 iterum
1494 1362 1557 1415 in
1610 1361 1870 1427 Fuldam,
1922 1365 1978 1414 et

282 1453 359 1506 sic
390 1468 618 1506 sursum
651 1451 965 1521 usquejam
1006 1451 1340 1521 praedictam
1371 1450 1569 1504 villam
1610 1450 1826 1503 scilicet
1868 1450 1978 1504 Be-

282 1540 735 1611 ginhereshuson
804 1539 1151 1609 pergiratur,
1211 1544 1419 1592 sanctas
1476 1537 1978 1592 Paderbrunnensi

282 1629 552 1693 ecclesias,
613 1627 705 1680 cui
754 1627 1093 1680 venerabilis
1152 1632 1208 1680 et
1262 1627 1426 1681 nobis
1476 1627 1712 1680 dilectus
1768 1626 1978 1696 pra-sul

282 1716 646 1771 Meinwercus
710 1732 955 1786 prasesse
996 1716 1240 1783 videtur,
1271 1716 1341 1769 ad
1375 1716 1551 1768 altare
1606 1718 1663 1768 et
1704 1714 1977 1785 reliquias

283 1810 494 1859 sanctas
547 1803 644 1857 Dei
682 1803 976 1874 genitricis
1026 1803 1236 1870 Marias,
1286 1803 1581 1872 sanctique
1625 1803 1893 1870 martyris
1922 1807 1978 1856 et

283 1893 536 1963 episcopi
567 1892 780 1946 Kiliani
832 1896 890 1946 et
944 1892 1126 1945 sancti
1162 1891 1369 1945 Liborii
1427 1890 1791 1954 confessoris,
1848 1906 1979 1943 cum

283 1982 444 2037 omni
503 1981 744 2035 utilitate
790 1997 920 2051 quae
967 1980 1038 2033 ab
1091 1980 1290 2033 eadem
1340 1978 1639 2049 provenire
1695 1978 1980 2031 ullatenus

277 2072 477 2142 possit,
545 2069 789 2124 ﬁrmiter
835 2073 892 2123 et
965 2072 1243 2138 perpetuo
1323 2067 1651 2121 habendam
1702 2066 1979 2120 tradimus

281 2165 453 2230 atque
509 2156 892 2212 concedimus.
947 2157 1011 2210 Et
1066 2160 1131 2209 ut
1202 2156 1327 2209 haec
1402 2160 1599 2209 nostra
1672 2155 1979 2208 auctoritas

283 2246 501 2301 stabilis
522 2249 579 2299 et
608 2244 941 2298 inconvulsa
959 2248 1318 2313 permaneat,
1377 2259 1503 2296 eam
1534 2258 1711 2297 manu
1743 2243 1980 2313 propria

281 2335 640 2400 roborantes,
661 2331 835 2401 sigilli
874 2332 1053 2386 nostri
1089 2331 1466 2402 impressione
1516 2331 1795 2402 jussimus
1837 2331 1977 2385 insi-

282 2421 456 2493 gniri.

352 2511 580 2575 Signum
643 2508 828 2562 domui
878 2510 1125 2563 Heinrici
1174 2511 1536 2563 Romanorum
1603 2508 1685 2579 (L.
1748 2508 1846 2577 Μ.)
1890 2510 1974 2561 in—

284 2600 573 2651 victissimi
591 2599 934 2666 imperatoris
964 2598 1229 2662 Augusti.

242 2684 243 2687 “
353 2685 698 2740 Guntherius
747 2684 1118 2738 cancellarius
1168 2684 1289 2737 vice
1343 2683 1742 2738 Erchembaldi
1792 2682 1974 2736 archi-

285 2771 538 2843 episcopi
558 2788 621 2824 ac
647 2770 1129 2841 archicappcllani
1161 2770 1508 2841 recognovit.

349 2864 513 2915 Anno
550 2860 860 2914 Dominicae
892 2860 1302 2913 incarnationis
1339 2862 1491 2925 1018,
1561 2858 1871 2913 indictione
1908 2876 1969 2925 ιι,

280 2965 434 3003 anno
466 2965 598 3001 vero
631 2948 828 3002 domui
858 2948 1110 3003 Heinrici
1168 2950 1561 3003 Romanorum
1607 2947 1974 3018 imperatoris

2089 568 2219 622 nizo
2251 570 2527 622 hactenus
2549 570 2754 635 tenuit,
2790 573 2875 633 ut,
2910 568 3398 638 quemadmodum
3450 569 3548 622 ille
3608 567 3797 621 domi-

2090 673 2220 710 nam
2264 663 2518 710 noslram
2565 662 2819 710 sanctam
2875 657 3108 711 Mariam
3154 658 3448 710 constituit
3502 656 3798 710 heredem

2089 746 2158 800 de
2192 745 2443 816 proprio,
2474 746 2553 799 ita
2587 749 2644 799 et
2684 762 2788 799 nos
2821 746 3060 799 facimus
3090 745 3159 798 de
3192 750 3385 799 nostro
3418 744 3800 798 ministeriolo

2087 833 2339 903 publico,
2386 849 2457 886 ne
2504 834 2669 899 forte,
2720 833 2768 886 si
2824 834 2999 886 alieni
3044 832 3302 886 surculari
3350 833 3799 887 concederemus

2087 922 2248 987 illud,
2281 938 2346 975 ea
2377 922 2673 975 occasione
2705 922 3002 989 praedictas
3057 921 3391 975 invaderent
3429 937 3537 974 res.
3601 922 3664 974 Et
3724 920 3790 972 in

2086 1009 2359 1079 praedicto
2387 1010 2663 1062 comitatu
2706 1025 2869 1062 novae
2909 1011 3064 1063 Casa:
3110 1011 3428 1075 castellum,
3470 1009 3620 1079 quod
3678 1008 3795 1060 sibi

2091 1098 2332 1151 contulit
2360 1099 2489 1151 Atto
2521 1096 2673 1151 ﬁlius
2721 1097 2991 1165 Aderadi,
3041 1114 3170 1151 cum
3228 1097 3345 1151 suis
3400 1096 3791 1167 pertinentiis,

2085 1184 2263 1237 veluti
2289 1182 2349 1236 in
2381 1183 2577 1237 charta
2632 1182 3009 1235 concessionis
3049 1181 3204 1235 illius
3254 1183 3553 1252 leguntur,
3615 1187 3671 1233 et
3731 1181 3797 1232 in

2087 1272 2200 1325 alio
2249 1272 2373 1325 loco
2433 1270 2614 1342 ipsius
2653 1271 2929 1324 comitatu
2986 1271 3283 1324 castellum
3338 1270 3407 1323 de
3448 1269 3795 1339 Anganello,

2087 1361 2174 1414 vel
2210 1361 2319 1413 alia
2365 1360 2487 1413 loca
2536 1374 2665 1429 qua:
2717 1353 2808 1411 ibi'
2856 1358 3205 1412 condonavit
3253 1358 3518 1411 Alkerius
3575 1372 3793 1419 comes,

2088 1453 2369 1520 quatenus
2394 1447 2453 1501 in
2485 1464 2588 1501 sua
2608 1447 2802 1501 charta
2854 1447 3130 1513 referunt,
3193 1448 3281 1501 vel
3330 1446 3457 1501 alia;
3516 1462 3604 1498 res
3660 1461 3796 1514 quin

2087 1538 2367 1592 moderno
2398 1541 2658 1606 tempore
2702 1536 2764 1589 in
2812 1537 2936 1605 ipso
2981 1535 3258 1590 comitatu
3306 1534 3603 1605 acquisita:
3633 1537 3793 1586 sunt.

2086 1627 2151 1680 In
2191 1626 2461 1679 comitatu
2519 1625 2841 1690 Sabinensi,
2897 1625 2957 1677 in
2987 1625 3112 1678 loco
3146 1624 3381 1691 Ortelle,
3416 1627 3472 1678 et
3501 1639 3592 1678 res
3647 1638 3796 1692 quas

2086 1713 2329 1768 contulit
2358 1713 2436 1766 ibi
2482 1714 2728 1766 Joannes
2757 1712 3057 1781 presbyter
3087 1727 3216 1764 cum
3249 1711 3365 1764 suis
3403 1710 3791 1764 consortibus.

2088 1804 2155 1856 Et
2185 1819 2327 1872 quas
2357 1802 2698 1856 Octavianus
2719 1817 2850 1855 cum
2880 1802 3097 1870 Rogata
3131 1802 3376 1871 conjuge
3413 1815 3516 1853 sua
3567 1800 3626 1853 in
3665 1800 3797 1868 jam

2088 1892 2237 1946 dicto
2284 1890 2557 1944 comitatu
2602 1890 2902 1959 saepedicto
2958 1888 3304 1943 monasterio
3361 1888 3572 1943 obtulit
3618 1891 3682 1940 ut
3729 1886 3795 1940 in

2089 1996 2193 2033 sua
2236 1978 2601 2032 concessione
2631 1978 2895 2031 habetur.
2927 1979 2991 2031 Et
3019 1994 3159 2047 quas
3190 1978 3299 2031 Leo
3320 1976 3473 2030 ﬁlius
3540 1975 3795 2029 Rezonis

2087 2067 2433 2123 condonavit
2458 2067 2519 2120 in
2550 2066 2792 2135 Mojano.
2846 2067 3089 2135 Insuper
3120 2070 3176 2119 et
3216 2064 3505 2134 imperiali
3565 2080 3790 2133 praece-

2086 2155 2577 2226 ptionejubemus
2632 2154 2737 2207 sub
2793 2154 2952 2207 omni
3005 2153 3414 2207 contestatione
3463 2158 3526 2206 ut
3590 2150 3793 2204 omnia

2088 2245 2297 2315 scripta
2354 2259 2484 2317 qua;
2548 2242 2873 2309 Gratianus,
2951 2242 3180 2296 invasor
3253 2257 3448 2295 rerum
3533 2240 3787 2294 ecclesiae

2085 2337 2297 2387 sanctae
2329 2332 2519 2387 Mariae
2553 2334 2622 2385 de
2652 2332 2921 2397 Minione,
2956 2333 3111 2401 quod
3168 2330 3421 2401 pertinet
3448 2329 3520 2384 ad
3576 2330 3790 2399 praefa-

2085 2426 2212 2475 tum
2232 2420 2666 2484 monasterium,
2711 2419 2868 2485 fecit,
2918 2419 3354 2489 confringantur
3383 2423 3441 2471 et
3485 2418 3791 2471 annullen-

2084 2514 2199 2571 tur,
2233 2514 2290 2563 et
2320 2510 2390 2563 ad
2418 2509 2609 2579 ipsum
2638 2508 3050 2563 monasterium
3092 2509 3330 2561 redeant
3385 2506 3508 2559 sine
3566 2506 3790 2577 obliga-

2085 2598 2260 2652 tione.

2156 2688 2221 2740 In
2253 2686 2525 2740 comitatu
2560 2701 2789 2756 quoque
2829 2685 3091 2739 Balbensi
3124 2685 3389 2738 ecclesias
3434 2683 3615 2737 sancti
3678 2684 3789 2735 Pe-

2085 2774 2304 2845 regrini
2334 2778 2391 2828 et
2417 2779 2627 2828 sanctas
2654 2773 2861 2839 Mariae,
2891 2789 3023 2827 cum
3055 2773 3422 2843 pertinentiis
3454 2787 3675 2835 earum,
3722 2770 3788 2824 in

2084 2864 2296 2934 quibus
2338 2879 2526 2916 comes
2588 2861 2880 2916 Oderisius
2928 2862 3152 2914 noviter
3200 2860 3508 2914 monachos
3555 2858 3789 2923 locavit,

2084 2968 2212 3023 quae
2245 2950 2560 3022 antiquitus
2590 2951 2771 3020 ipsius
2808 2950 3142 3003 monasterii
3192 2950 3450 3011 fuerunt,
3500 2954 3557 3001 et
3609 2948 3790 3000 modo

279 3038 523 3108 Augusti
554 3039 788 3092 secundi
817 3038 1112 3107 regnantis
1169 3055 1323 3104 Xviu,
1372 3037 1603 3107 imperii
1642 3042 1837 3091 autem
1895 3054 1970 3090 VI.
2005 3042 2046 3096 C
2082 3041 2441 3110 reacquisitce
2487 3046 2637 3105 sunt,
2691 3057 2832 3109 quas
2871 3039 3069 3094 ﬁdeles
3115 3038 3323 3092 Christi
3380 3036 3523 3090 inibi
3573 3040 3791 3089 contu-

351 3130 556 3180 Actum
610 3142 764 3180 xvm.
830 3128 950 3181 Kal.
997 3126 1251 3181 Januarii
1291 3126 1661 3181 Mulinbuson
1712 3126 1970 3179 feliciter.

280 3217 484 3269 Amen.

1077 3320 1179 3372 CX.

281 3427 337 3481 S.
370 3428 631 3479 Henricus
658 3428 954 3493 imperator
1000 3427 1322 3478 monasterio
1372 3426 1627 3489 Farfensi
1664 3426 1720 3480 S.
1781 3427 1977 3479 Maria

354 3513 439 3549 res
514 3501 723 3550 nouiter
781 3497 848 3549 ab
888 3498 1025 3563 ipsis
1070 3497 1345 3549 monachis
1373 3499 1692 3563 acquisitas,
1744 3512 1976 3563 qztarum

669 3574 1026 3629 recensentur,
1121 3582 1215 3621 suo
1306 3567 1601 3635 diplomate
1661 3567 1972 3637 conﬁrmat.

918 3655 1101 3725 (Anno
1158 3654 1333 3723 1019.)

502 3743 813 3813 [Muratori,
840 3746 964 3797 Rcr.
1004 3745 1130 3796 Ital.
1166 3745 1366 3810 Script.
1410 3742 1477 3809 ΙΙ,
1523 3760 1581 3805 u,
1612 3743 1759 3811 513.]

351 3832 627 3885 Hsnmcus
659 3832 845 3885 divina
881 3830 1184 3883 clementia
1240 3830 1554 3900 imperator
1583 3831 1972 3884 Romanorum

280 3918 363 3970 Au
373 3923 587 3986 gustus.

350 4005 560 4057 Notum
590 4004 660 4056 sit
689 4003 960 4056 omnibus
996 4003 1262 4056 ﬁdelibus
1312 4008 1521 4056 sancta?
1559 4004 1654 4057 Dei
1689 4005 1971 4070 Ecclesiae,

277 4098 335 4145 et
365 4092 624 4144 omnium
660 4097 1006 4155 nostrorum,
1040 4092 1293 4145 ﬁdelium
1330 4092 1702 4161 praesentium
1732 4110 1832 4146 seu
1892 4094 1976 4146 fu-

278 4184 560 4240 turorum,
597 4180 813 4232 noverit
847 4179 1185 4233 universitas
1216 4181 1460 4250 qualiter
1482 4181 1667 4249 Hugo,
1694 4189 1975 4234 monaste-

275 4268 348 4321 rii
398 4269 548 4338 quod
593 4268 801 4321 dicitur
838 4270 1125 4338 Pharpha,
1187 4270 1526 4322 venerandae
1558 4270 1850 4338 genitricis
1910 4288 1974 4323 ac

274 4355 515 4425 virginis
582 4356 682 4409 Dei
740 4357 950 4421 Mariae,
1038 4357 1377 4410 venerabilis
1448 4358 1644 4423 abbas,
1714 4364 1972 4411 nostram

279 4444 476 4497 adiens
535 4444 919 4511 clementiam,
955 4445 1291 4514 deprecatus
1341 4450 1428 4498 est
1483 4451 1768 4515 quatenus
1792 4446 1972 4515 ipsius

276 4532 469 4585 effusis
557 4532 817 4601 precibus
893 4540 1101 4586 nostras
1180 4533 1407 4602 pietatis
1469 4535 1973 4588 accomodaremus

278 4637 463 4685 aures,
498 4621 711 4675 scilicet
757 4628 940 4675 utres
971 4622 1210 4683 noviter,
1269 4623 1381 4675 Deo
1436 4622 1682 4687 favente,
1727 4624 1972 4694 acquisi-

279 4714 384 4777 tqs,
441 4725 539 4761 seu
592 4727 625 4762 a
668 4725 980 4778 pravorum
1057 4710 1359 4763 hominum
1424 4711 1640 4764 ditione
1685 4728 1968 4778 excussas,

279 4800 471 4849 nostra
526 4797 811 4865 imperiali
843 4815 906 4850 ac
954 4798 1283 4867 praeceptali
1341 4799 1551 4868 pagina
1600 4800 1970 4853 conﬁrmare-

279 4896 427 4935 mus.
458 4882 568 4934 Nos
591 4899 725 4936 vero
748 4883 884 4952 quia
923 4885 1138 4936 cunctis
1187 4886 1344 4954 justa
1393 4886 1763 4956 poscentibus
1820 4903 1967 4955 pra:-

277 4969 413 5023 bere
434 4970 708 5023 debemus
747 4987 1062 5037 assensum,
1116 4980 1326 5026 nostra:
1370 4975 1631 5027 tuitionis
1685 4981 1971 5044 praecepto

278 5057 605 5110 nominatas
657 5064 712 5110 et
760 5060 1107 5128 subscriptas
1148 5067 1341 5113 sancto
1387 5063 1796 5114 conﬁrmamus
1845 5080 1968 5115 mo-

278 5146 547 5199 nasterio.
574 5147 683 5199 Hes
712 5146 925 5217 itaque,
969 5165 1110 5218 quas
1167 5149 1359 5202 Ginizo
1411 5149 1566 5202 ﬁlius
1598 5150 1971 5218 Hildeprandi

276 5234 503 5287 comitis
535 5235 777 5289 contulit
802 5236 986 5289 eidem
1015 5238 1384 5302 monasterio,
1425 5238 1572 5289 sicut
1612 5237 1669 5288 in
1714 5237 1970 5292 chartula

279 5322 602 5375 donationis
634 5323 785 5377 illius
813 5326 1159 5389 continetur,
1186 5341 1314 5394 quae
1332 5324 1537 5376 suntin
1558 5323 1831 5377 comitatu
1856 5326 1970 5379 Fir-

279 5426 446 5463 mano
478 5412 549 5465 sit
579 5413 722 5481 (sic),
748 5413 1035 5483 simulque
1069 5413 1395 5465 addidimus
1426 5428 1530 5481 pro
1566 5412 1966 5483 redemptione

278 5498 487 5552 animae
517 5506 727 5553 nostras
740 5517 808 5553 ex
831 5507 1025 5554 nostra
1055 5500 1321 5569 largitate
1344 5499 1531 5553 eidem
1590 5506 1784 5554 sancto
1846 5503 1969 5557 loco

276 5586 602 5641 dictrictum
632 5589 964 5641 monasterii
1009 5587 1283 5656 Spazzani
1321 5603 1450 5641 cum
1494 5588 1764 5642 omnibus
1798 5590 1972 5659 perti-

351 3570 571 3621 nomina

2084 3131 2304 3194 lerunt;
2347 3145 2445 3183 seu
2469 3144 2610 3197 quas
2649 3128 2959 3198 praedictus
3009 3125 3444 3196 quomodolibet
3474 3140 3787 3193 recupera-

2083 3218 2184 3271 vit.
2221 3219 2363 3270 ltem
2420 3216 2483 3269 in
2527 3215 2802 3269 comitatu
2847 3215 3143 3268 Sabinensi
3196 3214 3494 3267 castellum
3526 3214 3595 3267 de
3654 3212 3785 3265 Tri-

2083 3306 2253 3370 buco,
2296 3309 2353 3357 et
2418 3304 2662 3357 alterum
2722 3303 2790 3357 de
2841 3303 3184 3355 Bucciniano
3233 3318 3362 3355 cum
3423 3301 3540 3355 suis
3597 3300 3789 3371 perti-

2083 3393 2314 3461 nentiis,
2340 3392 2820 3463 quemadmodem
2849 3391 3095 3445 domnus
3123 3390 3463 3445 Benedictus
3516 3405 3790 3443 summus

2083 3484 2375 3536 Romanus
2407 3481 2661 3550 pontifex
2690 3484 2997 3549 nosterque
3034 3479 3344 3549 spiritUaIis
3373 3483 3538 3547 pater
3588 3483 3791 3530 nostro

2082 3576 2290 3641 rogatu
2322 3569 2507 3623 eidem
2540 3568 2886 3623 monasterio
2919 3567 3184 3621 restituit.
3226 3567 3413 3621 Simili
3458 3566 3630 3620 modo
3686 3566 3792 3619 illa

2083 3659 2205 3712 loca
2234 3674 2362 3728 quae
2395 3657 2703 3727 prmdictus
2724 3672 2874 3725 papa
2897 3671 3001 3725 per
3045 3655 3372 3724 pontiﬁcale
3420 3658 3786 3724 praeceptum

2082 3763 2188 3816 pro
2207 3747 2417 3801 animas
2449 3762 2565 3798 sua:
2597 3744 2851 3797 remedio
2892 3743 3152 3810 contulit,
3194 3760 3323 3813 quae
3359 3748 3491 3795 sunt
3533 3742 3592 3795 in
3643 3746 3786 3795 Assa

2082 3837 2151 3890 de
2172 3834 2494 3904 supradicto
2532 3832 2873 3885 Bucciniano
2930 3847 3059 3885 cum
3117 3832 3236 3883 suis
3292 3830 3560 3883 omnibus
3602 3830 3792 3899 pertié-

2082 3924 2317 3987 nentiis,
2369 3923 2437 3975 de
2477 3922 2713 3974 ecclesia
2759 3936 2992 3990 quoque
3054 3923 3261 3972 sancta
3308 3920 3495 3972 Maria
3569 3918 3678 3971 sita
3720 3918 3791 3972 in

2083 4012 2262 4065 fundo
2293 4011 2484 4064 Massa:
2516 4011 2584 4063 de
2614 4009 2907 4072 Vestiario,
2942 4024 3071 4061 cum
3132 4008 3359 4077 praediis
3390 4007 3504 4060 illis
3536 4023 3665 4077 quae
3720 4006 3790 4060 in

2085 4101 2208 4169 ipso
2230 4099 2597 4152 continentur
2625 4101 2933 4167 praacepto.
2979 4098 3092 4150 Nec
3122 4112 3238 4149 non
3268 4095 3560 4151 ecclesiam
3606 4097 3795 4151 sancti

2085 4187 2405 4242 Sebastiani
2429 4187 2490 4239 in
2522 4186 2743 4239 Collina
2772 4186 2840 4239 de
2873 4185 3167 4254 Flagiano,
3195 4201 3325 4237 cum
3366 4184 3535 4237 terris
3581 4188 3637 4237 et
3695 4184 3786 4237 vi-

2082 4277 2228 4340 neis,
2289 4275 2433 4329 sicut
2489 4275 2614 4344 ipse
2672 4276 2886 4344 praesul
2920 4273 3256 4327 universalis
3307 4272 3521 4341 aliique
3571 4275 3791 4326 sanctae

2086 4364 2187 4417 Dei
2208 4363 2473 4433 genitriei
2502 4380 2606 4432 per
2644 4363 2928 4415 chartulas
2950 4364 3368 4414 concesserunt.
3429 4360 3559 4414 Pari
3610 4359 3792 4412 modo

2083 4452 2497 4505 monasterium
2528 4450 2706 4504 sancti
2755 4450 3047 4504 Laurentii
3075 4449 3136 4502 in
3194 4448 3406 4501 ﬁnibus
3440 4442 3787 4517 Campanis,

2080 4541 2178 4593 ubi
2200 4540 2408 4593 dicitur
2433 4541 2642 4606 Mac...,
2685 4538 2835 4608 quod
2866 4539 3019 4593 idem
3071 4537 3417 4590 venerabilis
3467 4541 3630 4606 pater
3675 4536 3790 4590 sub

2080 4629 2229 4682 dicto
2260 4630 2382 4682 loco
2413 4629 2638 4681 obtulit.
2668 4629 2730 4681 Et
2763 4629 2820 4680 in
2849 4628 3126 4680 comitatu
3155 4625 3455 4680 Sabinensi
3477 4629 3629 4678 terra
3659 4624 3790 4693 (sic)

2081 4718 2295 4773 Ortella
2345 4717 2582 4770 Joannis
2649 4716 2968 4787 presbyteri
3041 4730 3172 4768 cum
3222 4714 3495 4779 ecclesiis,
3549 4713 3783 4767 olivetis

2079 4810 2250 4875 atque
2280 4805 2502 4858 vinetis.
2544 4806 2608 4857 In
2638 4803 2911 4857 comitatu
2941 4803 3183 4857 Reatino
3210 4807 3362 4855 terra
3413 4802 3555 4870 (sic),
3604 4816 3787 4870 quam

2078 4892 2443 4947 Transaricus
2468 4898 2676 4945 sanctae
2712 4892 2900 4945 Mariae
2958 4891 3198 4961 largitus
3246 4894 3348 4943 est.
3404 4890 3465 4943 In
3497 4890 3786 4943 suburba—

2080 4983 2169 5036 nis
2199 4982 2515 5035 Tiburtinze
2542 4980 2783 5033 civitatis
2830 4979 3265 5044 monasterium,
3317 4977 3494 5030 sancti
3539 4977 3791 5032 Adriani

2080 5085 2212 5123 cum
2243 5068 2511 5122 omnibus
2539 5067 2655 5120 suis
2688 5067 3075 5136 pertinentiis.
3109 5068 3174 5120 In
3206 5066 3479 5119 comitatu
3512 5065 3789 5119 Firmano

2079 5174 2167 5210 res
2198 5158 2421 5211 Ottonis
2452 5157 2556 5209 filii
2611 5155 2899 5209 Anderadi
2928 5171 3058 5208 cum
3091 5154 3326 5208 ecclesia
3373 5152 3600 5206 Domini
3648 5152 3787 5207 Sal-

2078 5245 2311 5309 vatoris,
2361 5250 2418 5298 et
2466 5261 2556 5297 res
2602 5260 2744 5314 quas
2789 5243 3135 5297 Adelmodus
3178 5243 3331 5295 ﬁlius
3400 5241 3787 5307 Hildemodis,

2079 5340 2136 5387 et
2161 5349 2520 5404 quaecunque
2551 5332 2622 5385 ab
2644 5332 2931 5402 aliquibus
2978 5331 3164 5385 eidem
3217 5334 3428 5383 sanctae
3476 5328 3665 5382 Mariae
3718 5330 3784 5383 in

2080 5420 2344 5489 Pharpha
2375 5419 2504 5472 data
2552 5422 2703 5471 sunt.
2739 5419 2805 5471 In
2851 5417 3077 5471 civitate
3122 5418 3333 5472 Ortana
3365 5413 3786 5471 monasterium

2080 5506 2261 5559 sancti
2290 5503 2574 5559 Theodori
2619 5520 2747 5557 cum
2788 5504 3047 5583 ecclesiis
3078 5508 3136 5558 et
3174 5502 3443 5556 omnibus
3483 5502 3787 5571 pertinen-

2078 5593 2173 5647 tiis
2235 5593 2373 5658 suis,
2423 5594 2837 5646 monasterium
2885 5595 3093 5646 sanctae
3151 5591 3341 5646 Maria:
3405 5590 3475 5643 de
3532 5589 3789 5646 Minione
