3980 6412
106 371 198 421 3i9
1377 366 1779 422 DIPLOMATA
1817 364 2371 422 ECCLESIASTICA.

3516 371 3619 422 350

106 508 224 544 cum
250 491 526 544 omnibus
558 490 678 544 suis
735 490 1121 560 pertinentiis,
1161 492 1315 562 quod
1355 491 1538 545 beatze
1584 507 1812 545 memo-
1850 493 1891 544 A
1925 495 2086 560 ptam
2143 506 2206 543 ac
2254 489 2538 559 signatam
2599 505 2774 543 manu
2830 490 3061 560 propria
3109 491 3308 545 subtus
3360 491 3619 548 ﬁrmavi-

107 582 195 632 rize
225 581 426 633 senior
455 585 650 632 noster
676 579 810 633 Otto
841 580 923 632 ibi
944 580 1208 633 restituit.
1241 581 1302 633 In
1320 579 1532 633 Assisio
1567 580 1695 633 duae
1721 597 1810 633 ec-

110 671 279 721 clesias
302 670 421 736 (sic)
451 685 582 738 quze
605 685 783 738 super
803 673 1018 721 terram
1048 668 1227 738 ipsius
1251 669 1582 721 monasterii
1605 669 1809 737 posita!

108 765 245 810 sunt.
300 759 365 810 In
410 758 699 810 Summati
759 757 998 810 ecclesia
1045 759 1163 826 (sic)
1198 757 1377 810 sancti
1431 757 1707 823 Silvestri,
1758 762 1814 810 et

107 853 279 898 cnrtes
311 846 384 899 de
421 846 665 898 flumine
698 851 754 898 et
783 846 854 899 de
893 845 1300 899 monasteriolo
1333 851 1390 900 et
1446 845 1694 900 Porscia.
1749 846 1812 899 In

107 935 376 987 comitatu
415 933 682 987 Balbensi
711 934 1126 987 monasterium
1160 935 1337 987 sancti
1371 935 1812 1002 Peregrinicum

112 1023 366 1075 omnibus
445 1023 566 1075 suis
624 1022 1013 1092 pertinentiis.
1072 1024 1203 1076 llaec
1269 1022 1448 1092 igitur
1502 1023 1717 1088 omnia,
1759 1027 1815 1077 et

114 1127 468 1182 quaecunque
497 1111 684 1164 nostri
733 1111 1180 1180 praedecessores
1232 1127 1394 1180 reges
1440 1112 1526 1165 vel
1557 1111 1814 1181 impera-

116 1206 251 1252 tores
289 1200 488 1252 eidem
521 1199 777 1252 ecclesiae
813 1199 995 1252 beatae
1018 1198 1205 1253 Mariae
1237 1199 1306 1253 de
1362 1199 1630 1267 Pharpha
1685 1215 1815 1253 con-

117 1289 388 1352 tulerunt,
408 1303 517 1340 nos
544 1303 650 1356 per
672 1288 820 1340 hanc
843 1287 1114 1356 paginam
1138 1288 1569 1353 conﬁrmamus,
1597 1295 1703 1342 etc.

180 1375 488 1444 Piligrinus
537 1376 1007 1429 cancellariusin
1039 1376 1218 1429 vicem
1277 1377 1590 1430 Eberhardi
1650 1379 1816 1432 Bam-

120 1463 401 1533 bergensis
430 1463 694 1533 episcopi
723 1469 778 1516 et
809 1464 1250 1533 archicapellani
1289 1465 1616 1535 recognovi.

183 1553 313 1605 Data
367 1569 530 1606 anno
591 1552 907 1606 Dominicaz
964 1553 1380 1607 incarnationis
1456 1555 1610 1619 1019,
1661 1569 1814 1606 anno

119 1639 299 1694 domni
318 1641 558 1695 Henrici
579 1641 874 1710 regnantis
894 1657 1020 1706 xvn,
1053 1641 1282 1712 imperii
1303 1658 1434 1696 vero
1453 1645 1506 1705 6,
1529 1642 1728 1696 indict.
1755 1659 1814 1705 ιι,

116 1727 226 1781 loco
259 1728 673 1798 Menesburgh,
712 1744 744 1777 ν
777 1728 911 1781 Idus
940 1729 1173 1798 Aprilis.

900 1852 1026 1906 CXI.

116 1960 166 2010 S.
215 1958 500 2012 Henricus
564 1958 889 2013 Godchardo
962 1959 1155 2013 abbati

712 2030 963 2098 quaedam
991 2033 1218 2096 confert.

756 2138 943 2201 (Anno
995 2136 1178 2205 1019.)

318 2240 648 2314 [Ludewig
680 2243 860 2310 Scrip.
887 2258 991 2295 rer.
1023 2240 1228 2306 Germ,
1261 2258 1321 2312 p.
1360 2241 1603 2311 337-38.)

1233 1959 1522 2013 Altahcnsi
1601 1959 1817 2032 praedia

184 2350 239 2402 In
271 2350 509 2402 nomine
545 2354 755 2402 sanctas
783 2354 840 2403 et
870 2349 1181 2402 individuze
1222 2348 1537 2415 Trinitatis,
1598 2351 1820 2404 Hamm-

125 2455 222 2502 crs,
251 2438 443 2492 divina
474 2439 785 2492 clementia
816 2439 1061 2506 favente,
1117 2439 1511 2492 Romanorum
1561 2438 1818 2508 impera-

128 2533 204 2580 tor
226 2533 540 2597 Augustus.

185 2618 389 2688 Siquid
413 2617 699 2670 Ecclesias
733 2616 836 2670 Dei
864 2617 952 2669 vel
1007 2615 1068 2669 in
1110 2615 1325 2670 eisdem
1385 2615 1696 2670 servientes
1747 2617 1817 2670 de

131 2707 314 2759 nostris
344 2707 537 2760 ditare
570 2705 986 2770 studuerimus,
1022 2705 1221 2774 procul
1250 2704 1424 2758 dubio
1483 2705 1815 2759 immarces-

133 2795 327 2847 sxbilem
410 2792 727 2863 praemium
792 2793 850 2844 in
902 2791 1094 2845 futuro
1160 2808 1456 2862 capessere
1512 2793 1817 2848 credimus.

133 2882 234 2943 Qua
259 2883 325 2936 de
352 2899 412 2936 re
449 2881 677 2936 cunctis
709 2880 978 2934 ﬁdelibus
1008 2881 1219 2934 nostris
1265 2881 1644 2950 prmsentibus
1704 2881 1818 2934 sci—

131 2971 238 3022 licet
272 2977 323 3024 et
381 2971 602 3024 futuris
654 2975 860 3023 notum
910 2986 1028 3022 esse
1069 2971 1332 3023 volumus
1387 2970 1634 3039 qualiter
1689 2987 1812 3034 nos,

133 3067 331 3113 :eternae
353 3061 485 3113 vitae
515 3059 804 3112 desiderio
855 3058 1361 3126 inflammati,tam
1402 3075 1506 3127 pro
1558 3059 1814 3112 remedio

135 3150 312 3202 animae
341 3156 557 3202 nostra?
594 3164 771 3218 quam
805 3152 1108 3217 parentum
1149 3153 1501 3214 nostrorum,
1537 3164 1642 3200 nec
1699 3163 1816 3200 non

136 3242 179 3289 et
227 3237 546 3291 interventu
581 3236 807 3289 dilecta:
861 3235 1184 3289 contectalis
1224 3240 1435 3288 nostrae
1471 3235 1818 3306 Cliunigun-

136 3324 224 3386 der,
298 3330 352 3376 et
409 3340 519 3394 pro
603 3322 798 3375 dilecti
851 3322 1164 3376 Altahensis
1215 3321 1437 3374 abbatis
1496 3321 1818 3375 Godehardi

137 3413 428 3481 gratissimo
509 3412 820 3480 obsequio,
898 3410 1086 3464 eidem
1166 3411 1428 3463 Ecclesia:
1511 3411 1602 3463 cui
1696 3411 1817 3480 ipse

138 3517 351 3568 praesse
398 3502 654 3562 videtur,
718 3501 776 3553 in
834 3516 1001 3552 usum
1059 3501 1472 3554 monachorum
1525 3499 1665 3552 inibi
1703 3500 1818 3554 Deo

137 3588 537 3654 famulantiuzn,
585 3589 642 3641 in
675 3588 910 3641 marcha
933 3594 988 3641 et
1017 3589 1293 3641 comitatu
1324 3588 1613 3641 Adalberti
1667 3606 1816 3642 mar-

139 3676 345 3739 cbionis,
401 3679 611 3731 decem
643 3678 868 3745 regales
911 3693 1138 3730 mansos
1191 3676 1343 3729 inter
1380 3676 1483 3729 lios
1540 3677 1820 3730 terminos

140 3767 268 3828 silos,
321 3768 385 3820 ab
439 3765 791 3820 occidentali
858 3765 1122 3818 videlicet
1178 3765 1350 3834 plaga
1403 3781 1574 3834 super
1625 3765 1818 3817 villam

140 3856 497 3922 qua-Absterf
549 3859 947 3923 nuncupatur,
1003 3855 1072 3907 de
1132 3853 1322 3907 medio
1380 3853 1632 3906 Danubis
1656 3855 1818 3906 alveo

141 3957 292 4012 usque
321 3946 377 3998 in
416 3946 680 3998 rivulum
711 3943 812 4012 qui
867 3949 1096 3996 vocatur
1135 3942 1424 4005 Smidaha,
1459 3943 1819 4011 longitudine

142 4031 195 4081 ad
224 4033 548 4086 orientalem
585 4032 845 4101 plagam,
871 4029 1230 4100 longitudine
1266 4045 1400 4082 vero
1453 4035 1652 4082 contra
1697 4030 1815 4081 Wa-

143 4121 276 4172 crein
303 4128 569 4190 vergente
606 4121 669 4172 in
692 4119 831 4172 locis
859 4119 1255 4189 probabilibus
1311 4117 1555 4188 usuique
1594 4134 1820 4188 semper

141 4208 277 4274 aptis.
312 4210 550 4280 Insuper
580 4209 761 4262 etiam
798 4209 1098 4278 parvulam
1131 4208 1377 4260 insulam
1422 4207 1483 4260 in
1535 4207 1817 4272 Danubio,

141 4303 307 4348 contra
348 4299 616 4352 eamdem
679 4296 875 4349 villam
928 4297 1238 4364 jacentem,
1284 4312 1389 4365 per
1437 4292 1812 4348 hanc'nostri
1850 4304 1890 4356 [)

141 4388 372 4456 prtrcepli
400 4388 681 4456 paginam
717 4385 1086 4438 concedimus
1116 4390 1290 4455 atque
1331 4385 1633 4454 largimur,
1686 4401 1814 4437 cum

141 4474 372 4526 omnibus
401 4473 770 4545 appendiciis
801 4473 873 4526 ad
907 4473 1138 4526 eosdem
1170 4473 1613 4542 pertinentibus,
1647 4473 1815 4539 areis,

141 4563 379 4628 ﬂ‘lilliCIIS,
438 4564 613 4617 terris
689 4562 859 4616 cultis
917 4568 973 4616 et
1012 4563 1263 4628 incultis,
1332 4562 1532 4632 pratis,
1593 4562 1818 4632 pascuis

141 4655 184 4698 et
228 4654 594 4721 compascuis,
669 4652 776 4704 viis
828 4655 887 4704 et
958 4651 1147 4718 inviis,
1209 4651 1392 4721 aquis,
1467 4667 1820 4722 aquarumve

141 4738 457 4802 decursibus,
495 4741 872 4799 molendinis,
935 4740 1364 4810 piscationibus,
1420 4740 1821 4793 venationibus

141 4827 267 4879 silvis
319 4831 645 4900 exstirpatis
702 4829 791 4882 vel
857 4829 1042 4881 adhuc
1101 4829 1502 4899 exstirpandis,
1546 4845 1646 4882 seu
1689 4845 1819 4882 cum

143 4917 373 4970 omnibus
396 4937 524 4990 qua:
550 4918 667 4972 dici
701 4919 787 4970 vel
820 4918 1105 4970 nominari
1157 4922 1398 4987 possunt
1455 4917 1819 4983 utensilibus,

141 5011 183 5053 et
210 5005 268 5057 de
290 5015 471 5061 nostro
493 5007 795 5076 imperiali
828 5008 961 5076 jure
1002 5005 1061 5059 in
1093 5007 1217 5076 ejus
1237 5007 1334 5076 jus
1380 5022 1445 5059 ac
1495 5006 1818 5060 dominium

142 5095 343 5148 omnino
374 5096 866 5159 transfundimus,
903 5111 966 5148 ea
1003 5095 1220 5165 quippe
1278 5095 1500 5148 ratione
1546 5099 1608 5147 ut
1665 5111 1816 5164 pra:-

144 5181 297 5235 dictus
349 5186 519 5239 abbas
611 5186 824 5254 suique
910 5200 1262 5238 successores
1317 5184 1520 5237 exinde
1577 5183 1819 5238 liberam

143 5265 352 5325 habeant
377 5279 729 5344 potestatem
767 5273 1026 5338 tenendi,
1061 5273 1477 5338 commutandi,
1513 5272 1597 5324 vel
1651 5272 1817 5342 quid-

143 5360 251 5421 quid
281 5361 352 5412 eis
381 5363 438 5415 in
474 5379 647 5416 usum
681 5361 1092 5430 pra-dictorum
1132 5362 1373 5414 fratrum
1409 5377 1578 5430 agere
1632 5360 1816 5413 libue-

145 5444 215 5495 rit.
242 5447 296 5500 Et
317 5455 372 5502 ut
399 5451 519 5504 haec
563 5457 782 5505 nostra:
845 5449 1170 5504 donationis
1203 5448 1515 5503 auctoritas
1549 5448 1810 5502 omnium

146 5529 405 5591 hominum
461 5538 931 5592 contradictione
980 5543 1221 5601 remota,
1281 5535 1501 5590 stabilis
1557 5541 1613 5590 et
1651 5535 1818 5588 ﬁrma

143 5629 342 5688 Constet,
366 5626 509 5682 hanc
561 5628 834 5682 chartam
879 5641 947 5678 ex
1003 5629 1202 5679 nostra
1247 5624 1510 5694 jussione
1563 5623 1815 5678 conscri-

1919 594 2068 631 mus.

1993 669 2132 720 Data
2157 684 2229 719 vn
2268 667 2402 720 Idus
2435 666 2668 736 Aprilis,
2727 667 2924 721 indict.
2992 685 3050 732 ιι,
3103 683 3252 720 anno
3313 669 3620 722 Dominicze

1919 755 2332 808 incarnationis
2387 757 2539 819 1019,
2578 772 2730 808 anno
2780 773 2913 809 vero
2979 757 3196 810 domini
3247 758 3472 810 Ilenrici
3529 775 3620 811 se-

1922 845 2092 898 cuudi
2125 843 2418 912 regnantis
2442 861 2574 905 xvu,
2610 845 2840 914 imperii
2866 862 3018 898 anno
3049 861 3121 899 v1.

1992 936 2196 985 Actum
2221 933 2550 1001 Merscburg
2573 932 2832 986 feliciter.
2866 935 3072 986 Amen.

2672 1021 2826 1074 CXII.

1992 1108 2267 1163 Concessio
2351 1108 2613 1161 Heinrici
2678 1110 2731 1161 11
2787 1110 3134 1176 imperatoris
3193 1109 3259 1163 de
3305 1115 3514 1164 moneta
3575 1114 3625 1163 et

2641 1184 2900 1231 mcrcatu.

2440 1248 2624 1317 (Anno
2669 1251 2874 1314 1019,1
2927 1249 3107 1318 Julii.)

2175 1335 2446 1404 [Dronke,
2473 1337 2600 1392 Cod.
2625 1338 2850 1405 diplom.
2882 1338 3064 1401 Fuld.,
3096 1353 3154 1406 p.
3213 1335 3374 1407 346.]

1997 1425 2059 1477 In
2089 1424 2325 1478 nomine
2353 1432 2563 1478 sancta:
2621 1433 2675 1477 et
2725 1425 3039 1478 individua:
3069 1426 3384 1490 Trinitatis,
3448 1427 3625 1479 Ilum—

1924 1528 2078 1567 chus
2117 1513 2306 1566 divina
2357 1513 2580 1567 favente
2635 1515 2938 1567 clementia
2994 1515 3383 1569 Romanorum
3443 1515 3625 1584 impe-

1927 1608 2085 1654 rator
2105 1606 2410 1671 Augustus.

1997 1691 2357 1744 Venerabilia
2437 1691 2644 1744 divinae
2714 1690 3008 1760 religionis
3091 1690 3350 1744 ccenobia
3433 1689 3626 1744 muni-

1847 1771 1887 1825 Β
1929 1779 2173 1833 ﬁcentize
2226 1785 2435 1832 nostra:
2491 1779 2655 1832 donis
2732 1782 3000 1842 exaltare,
3063 1796 3126 1832 ac
3185 1795 3482 1833 servorum
3533 1779 3628 1833 dei

1929 1869 2146 1923 utilitas
2244 1869 2691 1922 misericorditer
2789 1869 3081 1922 attendere
3165 1868 3330 1922 nobis
3399 1873 3628 1922 aeterna:

1927 1957 2417 2011 remunerationis
2475 1973 2573 2027 spe
2678 1957 3060 2009 necessarium
3136 1973 3256 2008 esse
3334 1956 3618 2010 ducimus.

1929 2045 2178 2098 Proinde
2207 2045 2474 2098 omnibus
2521 2044 2728 2097 Christi
2762 2045 3054 2114 nostrique
3112 2044 3377 2098 ﬁdelibus
3424 2050 3626 2098 notum

1929 2150 2052 2187 esse
2080 2134 2342 2186 volumus
2393 2132 2643 2203 qualiter
2674 2149 2796 2193 nos,
2831 2149 2934 2201 per
2964 2133 3351 2185 interventum
3412 2132 3630 2184 dilecta:

1929 2222 2192 2292 conjugis
2218 2227 2425 2275 nostras
2458 2221 2854 2291 Chunigundze
2904 2221 3285 2290 imperatricis
3337 2224 3627 2289 Augustas,

1927 2312 1988 2365 in
2051 2313 2175 2364 loco
2237 2312 2336 2380 qui
2390 2311 2568 2364 Fulda
2617 2311 2845 2376 dicitur,
2908 2311 3005 2362 ubi
3055 2309 3470 2362 monasterium
3525 2309 3629 2362 sub

1928 2399 2129 2469 regula
2161 2399 2495 2452 monachica
2526 2400 2584 2452 in
2639 2400 2860 2452 honore
2913 2404 3122 2452 sanctae
3179 2399 3277 2452 Dei
3337 2397 3630 2467 genitricis

1929 2487 2117 2540 Maria:
2144 2503 2208 2539 ac
2239 2487 2388 2539 beati
2423 2487 2708 2539 Bonet‘acii
2736 2486 2987 2539 martiris
3037 2487 3096 2539 in
3157 2501 3303 2556 pago
3344 2484 3632 2539 Poclionia

1928 2582 2318 2628 constructum
2349 2581 2452 2640 est,
2505 2577 2596 2628 cui
2645 2576 2816 2628 etiam
2857 2575 3246 2628 venerabilem
3287 2591 3351 2627 ac
3407 2574 3633 2643 religio-

1929 2681 2056 2718 sum
2082 2665 2268 2717 virum
2303 2663 2651 2717 Richardum
2697 2664 3074 2733 przrfecimus,
3137 2663 3453 2731 legitimam
3516 2677 3633 2714 mo-

1930 2758 2120 2806 netam
2144 2770 2206 2805 ac
2263 2753 2556 2821 publicum
2602 2758 2915 2804 mercatum
2975 2753 3340 2805 concedimus
3396 2768 3458 2804 ac
3513 2757 3629 2803 sta-

1929 2843 2167 2909 tuimus,
2193 2841 2578 2910 omnibusque
2600 2841 2808 2910 quibus
2829 2841 3013 2909 placet
3028 2840 3310 2893 vendendi
3328 2840 3630 2892 etemendi

1929 2931 2256 2984 facultatem
2293 2934 2348 2982 et
2379 2935 2721 2998 potestatem
2750 2929 3082 2994 tribuimus,
3116 2929 3384 2981 omnibus
3439 2929 3632 2981 homi-

1849 3050 1889 3104 C
1931 3036 2070 3072 num
2104 3018 2553 3071 contradictione
2588 3023 2644 3070 et
2675 3017 3076 3086 inquietudine
3126 3020 3364 3070 remota.
3419 3017 3631 3069 Tlielo-

1929 3125 2102 3162 neum
2136 3107 2308 3160 etiam
2345 3123 2405 3159 ac
2437 3106 2758 3158 districtum
2787 3106 3097 3175 omniaque
3127 3105 3195 3158 de
3224 3105 3424 3158 eodem
3474 3120 3624 3156 mer-

1927 3203 2054 3251 catu
2085 3201 2139 3248 et
2167 3199 2398 3248 moneta
2440 3211 2542 3247 nos
2581 3211 2644 3247 ex
2679 3194 2852 3262 regali
2905 3199 2960 3246 et
3019 3193 3308 3262 imperiali
3353 3193 3483 3261 jure
3539 3209 3628 3245 re-

1929 3285 2229 3355 spicientia
2261 3284 2694 3353 praenominata:
2724 3282 2995 3335 Fuldensi
3029 3282 3280 3335 ecclesiae
3336 3299 3439 3351 per
3484 3283 3631 3335 hanc

1929 3373 2296 3444 imperialem.
2320 3373 2592 3441 paginam
2626 3372 2683 3424 in
2717 3371 3017 3440 proprium
3044 3371 3326 3424 donamus
3369 3374 3425 3424 et
3457 3371 3628 3439 largi-

1930 3480 2092 3528 mur;
2154 3479 2218 3514 ea
2277 3461 2491 3513 scilicet
2544 3460 2762 3512 ratione
2821 3465 2883 3512 ut
2944 3459 3250 3529 praedictus
3317 3459 3629 3512 Ricliardus

1930 3553 2104 3605 abbas
2150 3549 2353 3620 suique
2415 3566 2769 3602 successores
2827 3549 3066 3601 liberam
3126 3549 3328 3600 exinde
3381 3548 3632 3600 habeant

1931 3645 2268 3710 potestatem
2301 3638 2578 3708 quidquid
2634 3637 2714 3688 eis
2764 3637 3042 3704 placuerit
3095 3636 3341 3688 faciendi
3372 3637 3441 3688 ad
3475 3635 3626 3687 utili-

1928 3735 2103 3783 tatem
2154 3727 2558 3780 tantummodo
2610 3725 2847 3777 fratrum
2882 3730 2939 3776 et
2978 3725 3235 3776 Ecclesia:
3271 3725 3486 3776 ibidem
3525 3724 3629 3776 sub

1931 3818 2131 3887 regula
2155 3816 2333 3868 sancti
2367 3814 2654 3867 Benedicti
2689 3815 2800 3865 Deo
2862 3812 3256 3865 servientium.
3299 3813 3364 3864 Et
3417 3817 3478 3864 ut
3509 3812 3631 3864 hinc

1930 3913 2141 3961 nostra»
2191 3903 2573 3957 concessionis
2605 3920 2667 3954 ac
2699 3901 3027 3955 donationis
3056 3899 3364 3952 auctoritas
3412 3899 3631 3952 stabilis

1930 4005 1986 4050 et
2018 3995 2348 4048 inconvulsa
2379 3993 2536 4045 omni
2567 3997 2900 4060 permaneat
2931 4006 3073 4054 a'vo,
3123 3990 3230 4041 hoc
3280 3993 3629 4058 prazceptum

1930 4085 2064 4137 inde
2087 4082 2471 4152 conscriptum
2501 4081 2674 4150 sigilli
2707 4078 2883 4132 nostri
2933 4079 3312 4148 impressione
3355 4077 3632 4146 jussimus

1930 4171 2216 4240 insigniri.

2001 4264 2229 4326 Signum
2280 4260 2464 4312 damni
2523 4260 2763 4312 Ilcinrici
2837 4259 3188 4310 invictissimi
3264 4259 3633 4310 Romanorum

1928 4351 2274 4418 imperatoris
2305 4355 2353 4401 et
2383 4350 2640 4412 Augusti.

2004 4437 2354 4492 Guntlierius
2385 4434 2755 4488 cancellarius
2782 4433 2852 4486 ad
2905 4433 3083 4484 vicem
3142 4430 3486 4485 Erkenbaldi
3542 4446 3632 4484 ar-

1930 4525 2304 4595 chicapellani
2338 4523 2687 4593 recognovit.

2003 4617 2138 4669 Data
2169 4615 2286 4667 Kal.
2322 4614 2458 4676 Jul.,
2497 4628 2648 4665 anno
2681 4608 2990 4664 Dominica:
3023 4607 3435 4660 incarnationis
3473 4609 3622 4670 1014,

1931 4720 2085 4757 anno
2116 4719 2248 4755 vero
2279 4700 2475 4755 domui
2506 4699 2750 4753 Hcinrici
2795 4699 3186 4751 Romanorum
3221 4696 3426 4766 imper.
3485 4699 3625 4764 Aug.

1931 4790 2226 4861 regnantis
2255 4805 2387 4842 xvni
2421 4787 2650 4856 imperii
2685 4801 2814 4837 vero
2846 4801 2916 4836 v1.

2000 4885 2202 4935 Actum
2232 4877 2484 4935 Colonia:
2516 4876 2782 4929 feliciter.
2823 4878 3027 4927 Amen.

2692 4965 2868 5018 CXIII.

1927 5059 1983 5114 S.
2045 5059 2326 5112 Heinricus
2389 5054 2638 5108 Ecclesize
2695 5052 3123 5105 Parlcrbomcnsi
3199 5054 3401 5103 curtem
3473 5050 3630 5101 Ham-

2535 5124 2801 5176 monstcdi
2835 5123 3017 5174 donat.

2574 5199 2759 5256 (Anno
2816 5193 2994 5254 lO'ZO.)

2218 5267 2370 5340 [Cod.
2403 5267 2626 5335 diplom.
2664 5268 2804 5319 Hist.
2846 5263 3113 5330 Westph.,
3151 5278 3206 5330 p.
3229 5257 3347 5327 ’79.]

2000 5359 2058 5413 C.
2126 5359 2188 5411 In
2241 5356 2475 5410 nomine
2539 5361 2751 5407 sancta:
2817 5357 2876 5406 et
2947 5349 3259 5403 individuze
3314 5343 3626 5399 Trinitatis.

1928 5450 2244 5509 ﬂammeus,
2296 5445 2490 5498 divina
2559 5444 2780 5496 favente
2840 5437 3168 5500 clementia,
3238 5435 3632 5488 Romanorum

1927 5535 2239 5605 imperator
2269 5536 2582 5601 Augustus.

1996 5621 2400 5677 Saluberrimis
2452 5620 2596 5672 sacri
2655 5615 2871 5685 eloquii
2921 5610 3383 5667 institutionibus
3447 5607 3635 5664 erudi-
