3980 6408
314 383 409 437 351

320 523 472 574 mur,
557 506 949 577 exemplisque
1031 506 1429 579 religiosorum

315 598 699 651 admonemur
736 600 821 663 ut,
853 598 1189 667 temporalia
1222 604 1277 650 et
1299 602 1527 651 terrena
1550 614 1655 667 pro
1689 598 1790 651 Dei
1815 614 2010 652 amore

315 684 590 739 donantes
646 684 970 749 commoda,
1022 689 1237 737 aeterna
1289 689 1345 738 et
1393 685 1513 739 sine
1552 685 1667 738 ﬁne
1723 686 2015 739 manentia

315 772 647 825 studeamus
675 771 914 841 adipisci
946 772 1113 825 bona.
1146 772 1506 843 QuaprOpter
1526 756 1788 826 noverint
1815 789 2015 826 omnes

318 858 525 914 Christi
553 859 750 913 ﬁdeles
780 864 1088 928 praesentes
1138 860 1353 913 scilicet
1403 865 1575 931 atque
1634 861 1813 915 futuri
1871 878 2013 932 qua-

314 948 448 1002 liter
515 964 642 1012 nos,
701 964 803 1017 per
840 948 1224 1002 interventum
1275 948 1545 1017 spiritalis
1604 950 1782 1018 patris
1835 949 2015 1003 nostri

319 1036 518 1091 domui
579 1037 841 1091 videlicet
907 1053 1070 1107 papae
1137 1037 1445 1103 Benedicti,
1514 1037 2014 1108 dilectissimaaque

321 1124 584 1194 conjugis
631 1130 842 1179 nostra:
899 1125 1315 1196 Chunigundm,
1363 1142 1470 1180 nec
1521 1142 1636 1179 non
1668 1126 2011 1180 venerabilis

319 1213 764 1283 Mogontinensis
844 1214 1096 1267 ecclesiae
1140 1214 1549 1285 archiepiscopi
1616 1214 2012 1281 Ercbanbaldi,

320 1302 673 1356 dilectissimi
728 1302 911 1355 nostri
988 1301 1477 1372 Babenbergensis
1538 1302 1791 1373 episcopi
1848 1303 2016 1356 Eber-

315 1389 501 1455 hardi,
566 1389 944 1460 Frisingensis
1038 1406 1267 1460 quoque
1368 1390 1621 1461 episcopi
1721 1390 2011 1460 Egilberti,

316 1476 680 1546 maximeque
711 1478 784 1531 ob
806 1477 945 1547 juge
972 1483 1029 1530 et
1065 1477 1415 1531 indefessum
1482 1477 1783 1531 servicium
1842 1494 2014 1533 vene-

316 1565 480 1619 randi
528 1565 921 1636 Meginwerchi
974 1565 1250 1635 episcopi,
1302 1570 1365 1619 ut
1414 1565 1512 1619 ille
1565 1566 1778 1619 nullius
1820 1566 2017 1620 aemuli

317 1651 646 1723 obprobriis
698 1653 1007 1723 subjaceat,
1043 1654 1180 1723 quin
1214 1655 1345 1724 plus
1396 1654 1665 1708 omnibus
1697 1654 1859 1708 nobis
1905 1671 2018 1708 ser-

314 1740 493 1807 viens,
526 1740 765 1810 praemia
803 1741 1168 1813 honoresque
1212 1742 1406 1812 plures
1446 1757 1479 1794 a
1534 1741 1701 1795 nobis
1753 1742 2014 1810 accipiat,

1611 386 1666 441 S.
1709 385 2004 443 HENRICI
2043 385 2521 442 IMPERATOBIS

1528 510 2091 566 excellentissimisA
2128 512 2246 565 Deo
2287 510 2510 565 donasti
2566 510 2801 565 ditando
2864 508 3210 577 extollimus,
3267 525 3385 564 non
3442 511 3628 566 solum
3692 512 3834 566 vitae

3721 390 3834 441 352

2125 604 2335 653 nostras
2410 599 2932 669 longanimitatem,
3017 615 3213 652 verum
3277 598 3449 651 etiam
3492 599 3655 670 regni
3722 616 3836 654 nos

2124 688 2561 759 prosperitatem
2590 705 2800 760 augere
2834 704 3152 760 speramus.
3187 688 3548 758 Quapropter
3603 688 3837 741 noverit

2122 778 2381 831 omnium
2412 783 2621 830 sanctte
2646 777 2746 831 Dei
2772 776 3022 831 ecclesiie
3062 775 3321 829 ﬁdelium
3372 780 3833 847 nostrorumque

2125 865 2462 920 universitas
2493 865 2865 936 praesentium
2915 863 3130 917 scilicet
3176 879 3240 916 ac
3306 863 3634 917 futurorum
3677 879 3830 934 qua-

2124 954 2253 1008 liter
2281 970 2409 1021 nos,
2446 970 2549 1024 pro
2579 953 2787 1006 animae.
2830 957 3039 1006 nostra;
3072 951 3329 1005 remedio
3370 956 3829 1022 nostrorumque

2122 1046 2571 1107 antecessorum,
2606 1057 2709 1095 nec
2749 1057 2861 1095 non
2902 1044 2957 1094 et
2983 1055 3088 1111 pro
3150 1040 3330 1093 salute
3361 1040 3582 1094 dilectae
3614 1041 3825 1109 conju-

2124 1130 2212 1201 gis
2244 1134 2452 1184 nostra;
2502 1129 2858 1199 Cunigundas
2909 1127 3292 1198 imperatricis
3339 1128 3601 1182 videlicet
3640 1144 3831 1199 augu-

2125 1224 2247 1285 δὶα»,
2277 1222 2455 1289 atque
2482 1234 2586 1289 per
2624 1218 3011 1272 interventum
3057 1216 3295 1271 Geronis
3329 1216 3832 1286 Magedeburgen-

2124 1307 2201 1362 sis
2247 1306 2661 1377 archiepiscopi
2726 1304 3177 1375 Dutichonisque
3235 1304 3476 1366 comitis,
3526 1306 3829 1375 quandam

2125 1399 2333 1448 nostrae
2398 1392 2766 1463 proprietatis
2817 1391 3073 1446 forestim
3133 1391 3193 1444 in
3242 1391 3517 1444 comitatu
3566 1392 3833 1460 ejusdem

2126 1482 2459 1537 Dutichonis
2490 1482 2679 1547 sitam,
2707 1496 2835 1551 quae
2868 1480 3105 1533 inicium
3145 1480 3322 1533 sumit
3352 1480 3419 1533 de
3458 1479 3834 1533 Rothalmin-

2124 1571 2388 1640 gahusun
2443 1574 2714 1639 rectoque
2745 1568 2973 1621 tramite
3012 1568 3375 1638 protenditur
3421 1567 3480 1620 in
3526 1566 3836 1620 Vuisaram

2125 1657 2388 1726 ﬂuvium,
2425 1657 2619 1728 sicque
2675 1671 2974 1709 ascensum
3033 1655 3189 1709 ducit
3233 1654 3294 1708 in
3352 1655 3591 1709 ﬂuvium
3648 1654 3842 1708 Fulda

2126 1746 2362 1809 dictum,
2407 1745 2540 1799 inde
2579 1760 2712 1797 vero
2762 1743 3138 1797 continuatim
3178 1749 3364 1796 servat
3414 1742 3503 1797 sui
3542 1758 3825 1796 ascensus

314 1829 709 1901 exemplisque
742 1830 926 1883 nostri
976 1830 1375 1893 emolumenti,
1436 1829 1577 1883 alios
1626 1830 1695 1883 ad
1752 1834 2012 1883 nostrum
2046 1814 2085 1867 Β
2121 1838 2382 1889 tenorem
2404 1833 2571 1903 juxta
2595 1833 2844 1886 eundem
2860 1831 3101 1885 ﬂuvium
3129 1832 3306 1885 Fulde
3327 1847 3509 1902 usque
3543 1831 3603 1884 in
3630 1831 3839 1885 rivum

315 1916 484 1972 ﬁdele
505 1920 774 1987 provocet
793 1916 1117 1983 servicium,
1173 1917 1242 1970 ad
1272 1915 1804 1971 Paderburnensem
1836 1917 2013 1971 eccle-

316 2006 456 2061 siam
485 2004 543 2060 in
575 2005 794 2060 honore
847 2013 1060 2059 sanctae
1101 2004 1200 2058 Dei
1254 2003 1548 2073 genitricis
1589 2004 1779 2059 Mariae
1836 2005 2015 2058 sancti

318 2110 431 2165 que
475 2094 685 2149 Kiliani
734 2093 1020 2163 martyris,
1076 2108 1180 2146 nec
1211 2108 1328 2146 non
1391 2092 1570 2146 sancti
1626 2091 1838 2146 Liborii
1885 2109 2016 2147 con-

314 2181 542 2237 fessoris
644 2185 1006 2247 constructae,
1095 2180 1187 2234 cui
1284 2180 1593 2250 praedictus
1675 2180 2015 2234 venerabilis

317 2270 795 2326 Mecbinwerchus
898 2268 1197 2339 episcopus
1310 2283 1554 2338 praeesse
1676 2268 2010 2324 dinoscitur.

319 2358 610 2430 quandam
637 2357 814 2411 nostri
838 2357 986 2428 juris
1039 2361 1260 2410 curtem
1309 2357 1743 2411 Hammonstedi
1781 2357 2012 2425 dictam,

318 2445 378 2499 in
418 2459 568 2515 pago
598 2444 826 2514 Rittega
855 2449 913 2498 et
937 2443 996 2498 in
1023 2444 1295 2498 comitatu
1327 2443 1526 2497 Utonis
1549 2444 1772 2498 comitis
1825 2444 2014 2514 sitam,

318 2548 435 2588 una
463 2549 595 2587 cum
627 2532 895 2587 omnibus
927 2532 1050 2602 ejus
1079 2532 1442 2602 pertinentiis
1477 2533 1592 2587 sive
1625 2533 2014 2597 adhmrentiis,

320 2622 381 2678 in
422 2635 768 2692 quocunque
798 2636 946 2690 pago
977 2620 1063 2673 vel
1117 2620 1391 2674 comitatu
1426 2620 1534 2673 sita
1591 2619 1722 2687 sint,
1758 2620 2020 2675 videlicet

321 2725 448 2764 cum
483 2708 640 2775 vicis,
697 2708 864 2773 villis,
916 2707 1190 2775 ccclesiis,
1251 2708 1427 2760 servis
1457 2713 1514 2761 et
1556 2708 1798 2773 ancillis,
1846 2709 2015 2774 areis,

322 2796 596 2863 aediﬁciis,
645 2796 812 2849 terris
845 2796 1012 2850 cultis
1041 2801 1100 2850 et
1152 2796 1403 2861 incultis,
1433 2797 1561 2862 viis,
1619 2796 1806 2862 inviis,
1856 2798 2015 2850 exiti-

323 2886 430 2940 bus
461 2890 518 2939 et
548 2884 844 2951 reditibus,
894 2883 1151 2955 quaesitis
1203 2888 1258 2937 et
1306 2882 1687 2953 inquirendis,
1727 2882 1904 2951 silvis,
1940 2883 2021 2937 fo-

320 2974 585 3038 restibus,
634 2973 1053 3039 venationibus,
1104 2972 1287 3043 aquis.
1335 2971 1768 3041 piscationibus,
1824 2972 2016 3037 molis,

2124 1923 2223 1994 qui
2245 1922 2453 1975 dicitur
2482 1920 2889 1985 Grumelbichi,
2926 1935 3028 1973 nec
3071 1935 3189 1973 non
3221 1919 3292 1972 ad
3340 1919 3618 1989 Oppidum
3666 1919 3839 1990 quod

2124 2010 2446 2064 Holihusun
2486 2014 2719 2062 vocatur
2774 2007 2926 2061 viam
2971 2007 3174 2073 tendit,
3227 2006 3397 2060 simul
3445 2007 3707 2077 graditur
3762 2008 3833 2062 in

2121 2097 2488 2153 0thilanham
2545 2102 2602 2150 et
2657 2096 2717 2149 in
2746 2094 3309 2150 Rechinherishusun
3370 2099 3542 2166 atque
3589 2095 3660 2149 ad
3716 2098 3834 2150 Ro-

2126 2185 2549 2252 thiereshusun,
2583 2201 2711 2238 mox
2750 2183 2939 2255 pergit
2968 2185 3037 2237 ad
3078 2183 3485 2238 Rikillahusun
3531 2188 3703 2252 atque
3751 2182 3835 2237 ad

2122 2273 2443 2340 Beverbiki,
2467 2274 2660 2344 sicque
2691 2272 3052 2344 protenditur
3089 2271 3150 2325 in
3181 2272 3332 2325 viam
3366 2287 3495 2342 quae
3535 2270 3722 2325 tendit
3752 2274 3836 2326 ad

2123 2362 2693 2427 Vulfredeskirchun,
2748 2361 3003 2431 itemque
3086 2361 3144 2413 in
3203 2362 3441 2414 alteram
3489 2359 3639 2415 viam
3695 2376 3837 2431 qua:

2125 2451 2450 2506 extenditur
2479 2451 2547 2505 ad
2576 2450 2980 2505 Gunnesburin
3020 2453 3075 2503 et
3103 2449 3172 2503 ad
3224 2448 3835 2510 Vuicmonneshusun,

2126 2541 2322 2610 sicque
2353 2540 2593 2611 girando
2626 2539 2827 2593 circuit
2871 2538 3159 2608 quandam
3210 2537 3361 2590 viam
3389 2553 3517 2607 quas
3569 2535 3842 2605 pervenit

2130 2646 2309 2700 usque
2349 2629 2418 2682 ad
2478 2627 2820 2699 praedictum
2869 2627 3145 2698 Oppidum
3208 2625 3838 2696 Rothalmingahusun,

2128 2723 2335 2772 sancta:
2391 2715 2893 2771 Paderbrunnensi
2973 2714 3223 2768 ecclesize
3300 2715 3391 2767 cui
3479 2713 3841 2767 venerabilis

2127 2808 2406 2879 nobisque
2436 2807 2676 2861 dilectus
2729 2805 2941 2876 prtesul
2979 2803 3386 2858 Meinwerchus
3448 2819 3695 2874 praeesse
3745 2803 3834 2855 vi-

2130 2896 2313 2963 detur,
2350 2895 2419 2949 ad
2450 2895 2627 2948 altare
2657 2898 2714 2947 et
2771 2892 3046 2963 reliquias
3102 2898 3310 2945 sanctae
3364 2891 3467 2946 Dei
3533 2890 3841 2961 genitricis

2130 2984 2316 3039 Mariae
2343 2983 2637 3053 sanctique
2670 2981 2936 3053 martyris
2965 2985 3021 3033 et
3053 2980 3305 3050 episcopi
3336 2979 3545 3033 Kiliani
3602 2995 3663 3031 ac
3693 2995 3802 3032 san
3821 3010 3839 3019 -

326 3061 695 3123 ωοιθηάίηίεν
777 3062 947 3116 “bus
994 3060 1306 3114 mObilibDS
1373 3064 1431 3114 et
1488 3059 1902 3126 immObilibu89
1955 3076 2019 3114 ac
2050 3095 2090 3149 ρ
2129 3075 2204 3128 eti
2245 3072 2454 3128 Liborii
2506 3071 2860 3137 confessoris,
2893 3086 3022 3124 cum
3068 3069 3226 3122 omni
3273 3068 3515 3122 utilitate
3572 3083 3701 3139 qua:
3762 3069 3840 3122 ab

325 3151 547 3204 ceteris
585 3150 849 3203 omnibus
912 3165 1039 3219 qua:
1100 3149 1205 3202 rite
1261 3149 1430 3202 scribi
1507 3148 1595 3202 vel
1647 3148 2023 3218 quoquolibet

325 3237 495 3293 modo
528 3237 640 3292 dici
667 3242 909 3306 possunt
947 3236 1305 3295 utilitatibus,
1369 3236 1473 3289 bac
1521 3242 1738 3289 nostrte
1768 3236 2023 3289 auctori-

323 3325 456 3379 tatis
496 3325 806 3396 imperialis
835 3325 1046 3395 pagina
1081 3324 1365 3377 donamus
1396 3339 1459 3378 ac
1498 3324 1759 3378 omnium
1798 3329 2023 3379 contra-

325 3413 571 3468 dictione
618 3417 836 3467 remota
888 3413 1333 3484 proprietamus,
1398 3412 1794 3482 pracipientes
1852 3417 1915 3466 ut
1964 3412 2025 3466 in

326 3503 443 3555 Deo
466 3501 706 3554 dilectus
738 3501 903 3555 nobis
929 3517 1081 3570 saape
1108 3500 1292 3554 dictus
1328 3500 1396 3554 Μ.
1433 3500 1736 3570 episcopus
1784 3499 2022 3553 liberam

326 3589 531 3643 dehinc
572 3590 779 3643 habeat
834 3588 1417 3659 potestatem,suique
1467 3604 1834 3652 successores,
1886 3603 2022 3641 ean-

327 3678 457 3733 dem
485 3683 705 3732 cnrtem
738 3677 1169 3732 Hammonstedi
1200 3693 1327 3731 cum
1351 3677 1619 3730 omnibus
1668 3677 2024 3747 appendiciis

323 3766 440 3820 suis
511 3766 772 3835 tenendi,
824 3766 1153 3837 possidendi
1221 3782 1319 3819 seu
1379 3764 1657 3836 quicquid
1712 3765 1820 3819 sibi
1886 3764 2022 3819 inde

326 3855 500 3910 libeat
558 3855 620 3909 in
673 3872 843 3909 usum
909 3854 1271 3925 episcopatus
1323 3852 1587 3908 faciendi.
1650 3853 1717 3907 Et
1788 3858 1856 3907 ut
1902 3854 2025 3907 Ι]ωο

323 3942 558 3999 traditio
605 3949 802 3998 nostra
855 3943 924 3998 ab
987 3942 1256 3996 omnibus
1312 3942 1645 4011 incorrupta
1690 3946 2027 4010 permaneat

326 4031 475 4086 hanc
504 4031 761 4085 chartam
791 4031 926 4085 inde
948 4031 1331 4099 conscriptam
1354 4045 1527 4082 manu
1557 4029 1794 4098 propria
1817 4029 2023 4083 conﬁr-

328 4122 574 4182 mantes,
636 4118 812 4189 sigilli
858 4118 1041 4172 nostri
1104 4116 1478 4188 impressione
1529 4116 1796 4185 insigniri
1845 4117 2022 4187 jussi-

328 4222 474 4261 mus.

398 4296 628 4365 Signum
659 4295 844 4349 domni
876 4296 1120 4348 Heinrici
1161 4296 1522 4349 Romanorum
1571 4292 1654 4361 (L.
1711 4293 1806 4361 M.)
1846 4296 2023 4362 impe-

327 4387 531 4441 ratoris
555 4385 811 4453 Augusti.

399 4473 747 4529 Guntherius
814 4471 1184 4526 cancellarius
1252 4471 1322 4526 ad
1382 4470 1562 4525 vicem
1648 4469 2025 4525 Erchanbaldi

326 4560 766 4631 archicapellani
796 4563 1118 4631 recognovi.

400 4651 542 4705 Data
580 4666 652 4704 1x.
702 4650 823 4704 Kal.
884 4650 1034 4709 Maii.
1084 4649 1143 4703 in
1203 4648 1511 4703 festivitate
1565 4647 1747 4702 sancti
1795 4647 2026 4718 Georgii

334 4738 619 4807 martyris,
653 4738 962 4792 indictione
991 4755 1070 4802 ιιι,
1133 4754 1285 4792 anno
1337 4737 1643 4792 Dominicae
1689 4736 2028 4791 incarnatio-

329 4827 420 4881 nis
445 4827 600 4890 1020,
632 4842 785 4879 anno
805 4842 940 4880 vero
975 4827 1174 4880 domui
1220 4826 1471 4880 Heinrici
1501 4825 1739 4879 secundi
1774 4838 2026 4896 regnan-

328 4914 403 4968 tis
430 4929 546 4980 χιχ,
575 4913 808 4984 imperii
847 4918 1038 4968 autem
1056 4931 1155 4968 vn.
1194 4917 1398 4968 Actum
1433 4913 1775 4969 Babenberc.

1088 5003 1261 5057 CXIV.

400 5091 532 5145 Item
569 5111 589 5139 α
624 5090 919 5160 quamdam
949 5096 1145 5145 nostrae
1171 5092 1526 5161 proprietatis
1554 5091 1822 5157 forestim.
1861 5110 1882 5136 ι

938 5178 1126 5250 (Anno
1182 5180 1426 5250 eodem.)

975 5266 1165 5337 [Ibid.,
1194 5283 1250 5338 p.
1277 5267 1389 5336 80.]

400 5354 461 5409 C.
520 5355 587 5408 In
649 5354 885 5409 nomine
943 5362 1151 5410 sanctae
1223 5360 1279 5409 et
1326 5355 1642 5409 individua:
1713 5352 2029 5418 Trinitatis,

333 5426 628 5497 Hammcus
703 5444 894 5497 divina
965 5444 1189 5498 favente
1267 5444 1572 5497 clementia
1636 5443 2028 5496 Romanorum

334 5527 650 5597 imperator
672 5532 982 5599 Augustus.

406 5615 466 5670 Si
495 5621 817 5670 sanctarum
853 5619 950 5671 Dei
982 5617 1345 5671 ecclesiarum
1392 5617 1516 5670 loca
1555 5617 1728 5671 bonis
1794 5615 1962 5669 nobis
2001 5632 2034 5669 a

2136 3162 2334 3216 eadem
2365 3161 2651 3214 ullatenus
2694 3158 2997 3230 provenire
3052 3158 3253 3228 possit,
3309 3157 3553 3210 ﬁrmiter
3608 3160 3663 3209 et
3694 3172 3840 3227 per-

2136 3255 2309 3323 petuo
2341 3249 2665 3304 habendam
2695 3247 2976 3302 tradimus
3002 3251 3174 3318 atque
3204 3246 3590 3311 concedimus,
3642 3261 3707 3298 ac
3763 3245 3841 3299 de

2136 3344 2328 3393 nostro
2353 3339 2483 3409 jure
2539 3341 2595 3391 et
2645 3336 2905 3391 dominio
2953 3336 3014 3390 in
3044 3336 3302 3405 ejusdem
3352 3341 3559 3389 sanctae
3618 3334 3840 3388 Pader-

2137 3426 2480 3481 brunnensis
2511 3425 2875 3495 ecclesiaajus
2916 3429 2972 3479 et
2996 3423 3317 3478 dominium
3376 3422 3843 3477 transfundimus

2135 3520 2192 3569 et
2221 3515 2584 3585 delegamus;
2626 3530 2693 3568 eo
2745 3513 3007 3567 videlicet
3038 3513 3235 3566 ordine
3273 3516 3338 3565 ut
3390 3513 3588 3565 nullus
3621 3512 3845 3581 episco-

2133 3619 2273 3673 pum
2293 3603 2415 3672 jam
2448 3602 2613 3656 dictae
2643 3601 2891 3655 ecclesiae
2913 3602 3153 3671 ejusque
3185 3616 3536 3654 successores
3565 3599 3633 3653 de
3674 3614 3840 3668 prae-

2131 3691 2280 3745 dicta
2309 3691 2503 3745 foresti
2556 3690 2854 3743 disvestire
2890 3690 2972 3743 vel
3007 3689 3329 3759 inquietare
3376 3691 3706 3759 praesumat.
3774 3690 3846 3742 Et

2132 3785 2195 3835 ut
2223 3780 2343 3834 haec
2375 3784 2587 3834 nostras
2619 3778 2972 3835 auctoritatis
3002 3778 3213 3848 pagina
3255 3777 3475 3832 stabilis
3504 3781 3560 3830 et
3621 3776 3797 3830 incon
3817 3808 3839 3817 -

2134 3869 2293 3922 vulsa
2338 3872 2695 3937 permaneat,
2748 3882 2880 3931 eam
2943 3883 3120 3920 manu
3186 3866 3423 3938 propria
3476 3865 3839 3931 roborantes,

2135 3957 2311 4028 sigilli
2331 3956 2513 4010 nostri
2544 3955 2922 4026 impressione
2960 3954 3225 4025 insigniri
3250 3954 3544 4024 jussimus.

2205 4047 2431 4113 Signum
2490 4044 2675 4099 damni
2746 4045 2965 4099 Henrici
3019 4046 3351 4097 serenissimi
3395 4048 3445 4096 et
3484 4043 3844 4097 invictissimi

2134 4137 2495 4190 Romanorum
2514 4135 2857 4202 imperatoris
2891 4133 3128 4200 Augusti
3151 4132 3234 4198 (L.
3271 4130 3383 4201 M.).

2208 4221 2518 4277 Guntarius
2563 4219 2937 4275 cancellarius
2986 4220 3107 4273 vice
3173 4217 3536 4273 Ercumbaldi
3616 4215 3839 4271 archie-

2138 4311 2360 4383 piscopi
2394 4316 2448 4364 et
2487 4308 2970 4364 archicancellarii
2998 4308 3347 4379 recognovit.

2053 4369 2096 4422 Β
2207 4402 2373 4455 Anno
2406 4399 2716 4453 Dominicae
2736 4397 3149 4451 incarnationis
3196 4399 3349 4461 l020,
3390 4393 3704 4450 indictione
3746 4410 3846 4463 ιιι,

2138 4504 2289 4543 anno
2326 4503 2458 4541 vero
2514 4486 2710 4541 domni
2758 4485 2984 4541 Henrici
3023 4482 3387 4555 imperatoris
3438 4482 3681 4553 Augusti
3741 4497 3840 4535 se-

2137 4576 2309 4632 cundi
2329 4574 2627 4645 regnantis
2656 4590 2830 4640 xvuu,
2865 4573 3093 4644 imperii
3125 4577 3317 4625 autem
3342 4587 3439 4626 vn.

2207 4667 2411 4720 Actum
2442 4680 2517 4717 x1.
2550 4661 2673 4717 Kal.
2700 4662 2856 4716 Junii
2887 4661 3227 4730 Chuofunga
3246 4658 3516 4715 feliciter.
3557 4659 3760 4714 Amen.

2913 4767 3058 4823 CXV.

2323 4858 2628 4928 Paceptum
2657 4858 2890 4939 Henrici
2908 4857 3253 4939 imperatoris
3281 4869 3382 4923 pro
3439 4852 3662 4907 abbatia

2849 4928 3124 4981 Pratalix.

2462 5000 2831 5070 (Ann01020,
2868 5014 2926 5051 III
2981 4998 3103 5050 Kal.
3144 4994 3517 5063 Decembris.)

2646 5082 2868 5154 [AnnaL
2920 5082 3224 5139 Camaldul.
3270 5081 3337 5151 1.]

2212 5174 2276 5227 In
2328 5172 2562 5227 nomine
2610 5177 2819 5226 sanctae
2847 5175 2905 5224 et
2959 5170 3272 5224 individua:
3328 5167 3640 5234 Trinitatis,
3700 5168 3847 5223 Han-

2143 5278 2316 5327 mcus,
2346 5262 2537 5316 divina
2558 5260 2783 5315 favente
2817 5260 3140 5325 clementia,
3202 5260 3594 5314 Romanorum
3649 5256 3846 5326 impe-

2142 5355 2302 5406 rator
2316 5353 2628 5420 Augustus.

2212 5439 2271 5494 Si
2345 5439 2483 5492 locis
2554 5437 2792 5491 Domino
2851 5435 3176 5507 sanctisque
3230 5435 3353 5505 ejus
3428 5432 3629 5488 dicatis
3690 5433 3847 5487 bona

2143 5531 2340 5581 nostra
2395 5527 2615 5588 damus,
2682 5530 2739 5580 et
2793 5526 2862 5580 ab
2927 5524 3382 5578 antecessoribus
3448 5521 3659 5575 nostris
3712 5522 3848 5575 data

2145 5616 2575 5682 conﬁrmamus,
2608 5614 2668 5668 in
2692 5618 2977 5667 aeternum
3007 5613 3215 5666 anima:
3244 5616 3451 5665 nostrae
3475 5609 3846 5680 profuturum
