3980 6404
134 378 210 427 353
1376 376 1772 432 DIPLOMATA
1808 378 2360 435 ECCLESIASTICA.
3522 390 3626 441 354

134 512 225 549 non
266 495 615 551 dubitamus.
682 497 1050 567 Quapropter
1120 501 1324 551 notum
1372 514 1492 553 esse
1538 499 1806 554 volumus
1833 504 1879 555 A
1984 501 2257 581 praedium
2330 500 2634 556 Butenhart
2715 502 3015 556 Hitderado
3047 504 3237 557 abbati
3287 506 3624 561 Prumiensis

135 585 362 638 omnibus
412 585 687 640 ﬁdelibus
735 587 971 651 nostris,
1021 587 1403 655 praesentibus
1462 588 1674 642 scilicet
1719 592 1808 642 at-

135 689 219 743 que
252 674 471 741 futuris,
510 674 779 745 qualiter,
815 674 1147 728 interventu
1176 674 1499 728 Theuzonis
1545 676 1811 730 monachi

135 762 281 814 nostri
306 761 514 827 fidelis,
548 779 656 832 pro
706 763 965 817 remedio
1019 762 1227 816 animm
1290 767 1500 816 nostra:
1533 764 1813 833 largimur

136 855 271 919 atque
299 852 698 917 concedimus,
730 850 1082 921 proutjuste
1114 850 1565 921 atquelegaliter
1608 867 1810 920 possu-

140 953 257 1003 mus,
310 939 669 992 monasterio
699 940 924 993 Sanctae
974 939 1160 993 Mariae
1209 943 1267 993 et
1306 938 1498 993 Sancti
1560 938 1808 992 Benedi-

139 1026 210 1089 cti,
232 1027 370 1095 quod
392 1034 457 1079 ut
475 1025 602 1097 [est]
632 1028 809 1081 situm
830 1027 1088 1097 Alpibus,
1107 1026 1209 1097 qui
1239 1027 1510 1080 dicuntur
1540 1026 1807 1092 Pratalia,

133 1112 261 1181 juxta
286 1115 471 1167 rivum
506 1115 744 1169 nomine
807 1116 1130 1180 Bidentem,
1177 1114 1247 1168 ad
1280 1116 1531 1169 radicem
1574 1115 1808 1181 montis,

140 1204 331 1256 nomine
360 1204 554 1268 Acuti,
594 1203 696 1273 qui
728 1204 934 1257 dividit
986 1203 1291 1257 Thusciam
1354 1210 1411 1258 et
1446 1204 1808 1268 Romaniam,

140 1291 373 1361 quosdam
417 1308 655 1345 mansos
707 1293 776 1345 de
802 1293 933 1362 jure
974 1292 1156 1345 nostri
1190 1292 1378 1362 regni,
1423 1309 1689 1345 mansum
1727 1292 1807 1344 vi-

141 1380 541 1445 delicetunum,
595 1381 696 1451 qui
741 1382 916 1450 vulgo
966 1380 1174 1434 dicitur
1230 1381 1381 1434 Nibli
1435 1381 1505 1435 de
1550 1380 1694 1445 Soci,
1757 1386 1813 1434 et

140 1467 277 1521 aliam
306 1486 475 1540 quem
510 1475 667 1522 tenet
697 1470 851 1522 ﬁlius
893 1468 1211 1540 presbyteri
1241 1470 1516 1538 Alprandi
1550 1469 1618 1523 de
1659 1468 1807 1534 Soci,

139 1562 181 1607 et
206 1556 298 1610 Leo
326 1558 391 1611 de
439 1557 594 1623 Soci,
648 1563 702 1611 et
744 1558 1048 1629 piscariam
1100 1563 1155 1611 et
1212 1559 1502 1612 Barricule
1549 1559 1618 1611 de
1659 1557 1806 1622 Soci,

143 1659 285 1712 quem
313 1648 469 1717 Hngo
501 1646 761 1701 marchio
797 1662 901 1717 per
932 1647 1195 1701 libellum
1243 1647 1481 1701 dederat
1535 1646 1811 1717 praedicto

142 1736 476 1800 monasterio;
567 1735 816 1787 alterum
894 1750 1026 1788 vero
1096 1750 1383 1794 mansum,
1434 1734 1534 1804 qui
1600 1734 1810 1788 dicitur

139 1820 417 1875 Theuzonis
464 1822 746 1885 Brussati,
808 1838 979 1893 quem
1037 1822 1193 1875 idem
1252 1822 1509 1875 marchio
1550 1821 1815 1876 similiter

138 1908 291 1976 dedit;
327 1926 594 1965 mansum
630 1926 865 1981 quoque
896 1911 965 1965 de
995 1916 1173 1976 sexta,
1230 1910 1383 1964 unde
1430 1911 1690 1964 marchio
1739 1911 1810 1964 li-

138 1995 321 2050 bellum
347 2000 482 2053 fecit
518 1998 807 2052 Winizoni
864 1999 1156 2053 Castaldo:
1219 1998 1358 2052 item
1415 2015 1681 2052 mansum
1741 1999 1810 2053 de

139 2084 397 2153 Ventrina,
426 2104 603 2157 quem
636 2087 813 2141 Leoni
845 2087 1098 2141 marchio
1146 2102 1249 2157 per
1278 2088 1534 2141 libellum
1579 2087 1817 2141 dederat

138 2188 244 2225 cum
274 2175 445 2227 tribus
496 2174 715 2229 mansis
760 2175 831 2228 de
886 2176 1163 2245 Caprena,
1226 2190 1495 2228 mansum
1528 2174 1702 2228 etiam
1747 2174 1816 2227 de

140 2257 333 2323 Linaro,
396 2279 579 2316 unum
651 2263 915 2316 libellum
984 2262 1186 2315 habuit
1235 2262 1481 2327 Bonizo;
1547 2278 1815 2315 mansum

140 2362 334 2418 quoque
356 2350 424 2403 de
456 2352 696 2421 Tejano,
732 2366 908 2421 quem
930 2350 1145 2404 Winizo
1181 2351 1374 2415 habet,
1394 2366 1499 2419 per
1532 2350 1814 2417 libellum,

140 2452 244 2489 cum
270 2444 424 2508 parte
456 2440 611 2492 illius
638 2439 826 2493 vineas
889 2439 958 2492 de
1018 2438 1183 2507 regni
1214 2439 1397 2492 nostri
1423 2439 1554 2508 jure
1598 2455 1663 2492 ac
1712 2439 1814 2492 do-

141 2526 289 2579 minio
318 2528 601 2581 donamus
650 2533 829 2598 atque
886 2528 1347 2581 transfundimus
1392 2527 1451 2579 in
1494 2528 1591 2595 jus
1642 2532 1815 2596 atque

144 2611 429 2668 dominium
479 2616 740 2685 praedicti
785 2616 1121 2669 monasterii
1188 2616 1257 2669 de
1314 2616 1561 2669 Pratalia
1606 2620 1814 2669 sanctae

144 2701 295 2755 Maria:
316 2706 563 2757 etsancti
592 2703 906 2769 Benedicti,
931 2720 994 2756 ac
1010 2704 1331 2768 Bidentem,
1360 2704 1420 2756 in
1442 2709 1813 2772 perpetuum,

144 2804 244 2842 cum
303 2794 574 2845 omnibus
636 2808 843 2845 eorum
894 2792 1278 2861 pertinentiis,
1341 2809 1468 2861 qum
1550 2793 1641 2845 vel
1709 2809 1815 2845 no-

146 2880 312 2931 minari
361 2886 626 2949 possunt,
678 2896 812 2933 cum
864 2880 1050 2941 terris,
1093 2879 1333 2949 campis,
1405 2880 1567 2946 casis,
1603 2880 1804 2946 vineis,

144 2967 309 3032 pratis,
348 2970 598 3037 pascuis,
658 2968 839 3032 silvis,
894 2968 1056 3038 aquis
1113 2983 1512 3038 aquarumque
1562 2968 1814 3022 decursie

1993 592 2310 645 monasterii
2346 590 2607 644 concedit.

2565 678 2750 749 (Anno
2807 677 2987 747 l0'20.)

2312 768 2577 835 Ampliss.
2640 767 2852 821 Cottect.
2908 767 2949 831 Ι,
3006 768 3131 834 380,
3182 782 3250 820 ex

2589 854 2948 921 Prumiensi.]

1993 942 2059 995 In
2116 943 2347 996 nomine
2379 948 2590 996 sanctas
2631 951 2687 996 et
2750 942 3063 996 individuae
3136 942 3431 997 Trinitatis
3471 945 3616 998 HEN-

1924 1046 2097 1096 RICUS,
2166 1030 2359 1085 divina
2422 1032 2646 1084 favente
2722 1031 3047 1097 clementia,
3098 1032 3417 1101 imperator
3490 1036 3599 1087 Au-

1923 1124 2145 1187 gustus.
2613 1184 2627 1195 _

1992 1206 2048 1260 Si
2088 1210 2297 1261 nostra:
2352 1207 2711 1261 liberalitatis
2775 1225 3013 1264 munere
3078 1209 3214 1262 locis
3258 1210 3371 1262 Deo
3423 1209 3625 1263 dicatis

1924 1294 2201 1357 quiddam
2234 1295 2498 1349 beneficii
2548 1297 2916 1358 conferimus,
2954 1302 3010 1350 et
3041 1298 3405 1350 necessitates
3455 1298 3627 1350 eccle-

1923 1382 2171 1435 siasticas
2212 1388 2405 1436 nostro
2433 1383 2750 1452 juvamine,
2786 1385 3130 1453 relevemus,
3168 1386 3224 1437 id
3256 1385 3420 1437 nobis
3452 1392 3505 1438 et
3555 1386 3627 1438 ad

1925 1472 2228 1524 mortalem
2278 1471 2451 1524 vitam
2509 1473 2901 1538 temporaliter
2947 1474 3377 1543 transigendam
3437 1479 3492 1525 et
3557 1473 3627 1527 ad

1924 1563 2201 1611 aeternam
2263 1558 2437 1611 vitam
2503 1559 2747 1612 feliciter
2820 1559 3196 1613 obtinendam
3257 1561 3625 1630 profuturum

1925 1646 2146 1715 liquido
2176 1646 2483 1700 credimus.
2512 1648 2670 1701 Unde
2687 1652 2881 1717 pateat
2896 1648 3110 1700 notitia:
3135 1650 3396 1702 omnium
3418 1648 3629 1703 Christi

1925 1733 2205 1795 fidelium,
2242 1734 2613 1803 prtesentium
2654 1734 2868 1788 scilicet
2895 1740 3065 1805 atque
3085 1736 3435 1805 futurorum,
3480 1752 3626 1807 qua-

1927 1822 2055 1874 liter
2086 1838 2213 1890 nos,
2233 1838 2337 1892 pro
2369 1822 2627 1875 remedio
2660 1823 2871 1876 animas
2899 1831 3107 1877 nostrte
3142 1841 3206 1877 ac
3242 1825 3465 1878 dilectae
3494 1840 3629 1877 cou-

1925 767 2206 833 [Marten.,
2312 768 2577 833 Ampliss.
2640 767 2852 821 Cottect.
2908 767 2949 831 Ι,
3006 768 3131 833 380,
3182 782 3250 820 ex
3339 769 3623 823 chartario

1918 1910 2077 1979 jugis
2111 1915 2320 1963 nostrre
2353 1911 2745 1980 Cunegundae,
2772 1917 2827 1964 et
2872 1927 2976 1980 per
3006 1912 3396 1966 interventum
3439 1912 3628 1966 Hilde-

1925 1998 2050 2050 radi
2109 1998 2259 2067 (177)
2318 1999 2538 2052 abbatis
2569 1999 2752 2052 nostri
2782 1999 2996 2068 dilecti,
3053 2000 3336 2069 praedium
3395 2000 3629 2053 nomine

1924 2086 2255 2152 Buten/tari,
2307 2086 2369 2139 in
2437 2104 2587 2157 pago
2652 2087 2893 2158 Hulpiae,
2942 2088 3002 2141 in
3056 2089 3331 2142 comitatu
3381 2089 3630 2142 Hezelinl

1925 2175 2151 2227 comitis
2180 2175 2375 2241 situm,
2420 2175 2576 2244 quod
2629 2180 2757 2244 post
2805 2176 3029 2229 obitum
3090 2177 3339 2246 Epponis
3393 2176 3518 2242 viri,
3573 2182 3630 2230 et

1923 2260 2068 2329 legis
2112 2262 2244 2330 jure
2277 2267 2333 2314 et
2367 2262 2511 2331 lege,
2567 2263 2636 2316 ad
2685 2268 2910 2316 nostras
2940 2265 3161 2333 regales
3208 2270 3265 2317 et
3297 2264 3627 2333 imperiales

1924 2364 2129 2401 manus
2162 2350 2409 2416 devenit,
2469 2366 2600 2403 cum
2665 2352 2963 2421 utriusque
3012 2369 3176 2405 sexus
3224 2353 3525 2423 mancipiis
3575 2357 3631 2406 et

1925 2436 2193 2489 omnibus
2247 2438 2608 2505 utensilibus,
2644 2440 2829 2506 terris,
2871 2440 3037 2492 cultis
3069 2447 3123 2493 et
3149 2440 3399 2507 incultis,
3454 2441 3626 2510 agris.

1923 2525 2124 2595 pratis,
2184 2527 2426 2595 campis,
2490 2528 2739 2596 pascuis,
2805 2528 2981 2592 silvis,
3043 2530 3207 2598 aquis
3278 2544 3631 2599 aquarumve

1924 2613 2280 2674 decursibus,
2325 2615 2773 2683 piscatiouibus,
2806 2617 3175 2683 molendinis,
3214 2618 3317 2670 viis
3350 2623 3404 2670 et
3438 2617 3628 2683 inviis,

1926 2701 2171 2754 exitibus
2222 2708 2278 2755 et
2343 2704 2640 2767 reditibus,
2731 2711 2787 2756 et
2831 2704 3100 2757 omnibus
3164 2706 3626 2773 appertinentiis,

1926 2788 2182 2858 quaesitis
2214 2796 2268 2841 et
2297 2789 2675 2859 inquirendis,
2711 2808 2837 2859 qua:
2863 2791 2973 2843 dici
3005 2797 3273 2860 poterunt
3303 2798 3401 2844 aut
3435 2794 3632 2845 nomi-

1926 2876 2151 2941 nari,ad
2180 2878 2596 2931 monasterium
2628 2878 2681 2932 S.
2741 2879 3053 2932 Salvatoris
3106 2880 3328 2946 mundi,
3363 2880 3539 2933 situm
3571 2880 3631 2933 in

1927 2965 2049 3017 loco
2081 2966 2181 3035 qui
2213 2966 2419 3019 dicitur
2451 2968 2719 3033 Prumea,
2750 2966 2810 3019 in
2848 2984 3013 3020 usum
3048 2967 3289 3021 fratrum
3341 2970 3456 3021 Deo
3489 2968 3633 3021 inibi

143 3050 242 3113 bus,
273 3060 324 3106 et
347 3056 620 3109 omnibus
648 3056 823 3109 rebus
847 3055 1159 3108 mobilibus
1182 3059 1237 3108 et
1262 3054 1684 3121 immobilibus;
1719 3055 1818 3108 tali
1852 3061 1892 3114 Ο
1931 3053 2036 3107 sub
2095 3056 2292 3123 regula
2323 3054 2373 3107 S.
2448 3055 2735 3108 Benedicti
2790 3055 3187 3119 servientium,
3240 3057 3632 3109 concessimus

143 3144 304 3193 tenore
336 3150 395 3196 ut
452 3129 771 3213 praedictus
814 3145 1001 3197 Teuzo
1036 3148 1225 3197 rector
1263 3142 1443 3212 ipsius
1484 3144 1818 3196 monasterii

141 3228 307 3298 suique
338 3249 693 3284 successores
745 3233 984 3285 abbates
1030 3232 1164 3285 inde
1197 3235 1537 3301 potestatem
1570 3232 1819 3285 habeant

142 3316 196 3367 ad
223 3319 511 3373 utilitatem
546 3321 730 3389 ipsius
774 3320 1107 3373 monasterii
1138 3320 1386 3373 faciendi
1418 3320 1699 3390 quidquid
1733 3320 1817 3372 lex

140 3406 415 3477 prazcipiat.
478 3409 892 3479 Praecipientes
950 3408 1143 3479 itaque
1192 3408 1466 3479 jubemus
1506 3414 1570 3463 ut
1624 3409 1817 3461 nullus

143 3492 249 3557 dux,
293 3497 567 3562 marchio,
603 3513 821 3565 comes,
854 3497 1187 3562 vicecomes,
1245 3498 1564 3568 episcopus,
1615 3498 1816 3551 castal-

142 3579 242 3649 dus,
264 3586 341 3638 vel
371 3586 572 3656 aliqua
596 3586 781 3639 nostri
802 3586 965 3654 regni
986 3602 1197 3655 magna
1224 3588 1309 3639 vel
1335 3602 1511 3656 parva
1541 3602 1813 3655 persona,

142 3672 359 3736 praedicti
417 3675 758 3727 monasterii
804 3679 1087 3728 rectorem
1148 3676 1238 3728 vel
1280 3691 1414 3728 suos
1470 3690 1818 3727 successores

143 3758 353 3827 abbates,
416 3762 485 3815 de
521 3763 800 3816 omnibus
852 3779 983 3833 quae
1016 3779 1188 3832 supra
1222 3762 1433 3833 scripta
1468 3768 1603 3816 sunt
1640 3762 1819 3816 diver-

143 3846 226 3898 tire
252 3866 341 3903 seu
375 3850 707 3921 inquietare
762 3851 886 3905 sine
939 3852 1109 3921 legali
1145 3852 1360 3921 judicio
1390 3856 1721 3921 praesumat.
1759 3850 1816 3904 Si

141 3936 243 4004 quis
270 3938 435 4008 igitur
493 3942 675 4010 hujus
712 3940 897 3994 nostri
926 3941 1196 4011 praecepti
1228 3942 1471 3995 violator
1514 3940 1815 4009 exstiterit,

143 4025 255 4078 sciat
281 4046 333 4081 se
379 4030 851 4098 compositurum
906 4029 1031 4083 auri
1097 4029 1301 4100 optimi
1350 4030 1526 4083 libras
1558 4035 1813 4093 centum,

144 4114 468 4172 medietatem
503 4135 753 4172 camera:
787 4124 1017 4187 nostrae,
1066 4123 1123 4171 et
1154 4118 1521 4171 medietatem
1577 4118 1813 4188 praefato

142 4206 465 4259 monasterio.
531 4206 703 4270 Quod
749 4212 809 4259 ut
872 4206 1054 4259 verius
1122 4206 1408 4271 credatur,
1458 4211 1516 4258 et
1568 4206 1813 4275 diligen-

141 4288 229 4340 tias
256 4291 315 4344 ab
343 4293 617 4347 omnibus
640 4294 701 4345 in
733 4299 1013 4347 aeternum
1048 4294 1403 4360 observetur,
1435 4294 1580 4347 hanc
1600 4299 1812 4347 nostrae

141 4375 421 4434 donationis
448 4383 733 4452 paginam
768 4398 944 4435 manu
1002 4382 1237 4453 propria
1289 4383 1693 4436 contirmantes
1735 4382 1811 4435 si-

141 4464 238 4531 gilli
266 4472 432 4523 nostri
464 4471 861 4541 impressione
884 4471 1160 4540 jussimus
1187 4470 1472 4541 insigniri.

196 4556 397 4621 Signum
462 4560 662 4613 damni
732 4560 972 4613 IIem-icti
1040 4562 1399 4615 Romanorum
1466 4557 1820 4614 invictissimi

142 4644 443 4711 imperatoris
476 4652 754 4715 Augusti.

195 4733 479 4803 Piligrinus
519 4736 908 4790 cancellarius
938 4735 1058 4790 vice
1114 4736 1389 4807 Egerardi
1444 4736 1703 4808 episc0pi
1762 4741 1819 4790 et

139 4822 589 4878 archicancellarii
634 4824 995 4892 recognovit.

195 4908 313 4963 Data
338 4914 501 4965 tertio
534 4912 668 4966 Kal.
708 4909 1045 4965 Novembris
1076 4910 1393 4964 indictione
1444 4912 1631 4978 tertia,
1664 4927 1816 4965 anno

141 4993 409 5054 Durninicas
450 4999 882 5055 incarnationis
934 5003 1086 5067 l0‘2l,
1159 5017 1310 5054 anno
1368 5004 1562 5054 autem
1616 5000 1815 5055 domui

139 5081 328 5142 Henrici
353 5092 595 5144 secundi
633 5089 936 5159 regnantis
974 5105 1129 5155 xvru,
1160 5089 1391 5160 imperii
1422 5090 1547 5160 ejus
1577 5106 1673 5144 vu.

193 5180 371 5233 Actum
397 5184 732 5233 Amersten.

869 5284 1041 5340 CXVI.

142 5384 425 5461 Przvxptum
483 5395 683 5449 domm‘
723 5392 954 5445 Ilenrici
980 5392 1325 5459 imperatoris
1394 5391 1656 5457 Augusti,
1710 5404 1814 5459 quo

196 5570 317 5631 H77)
340 5570 721 5624 Hilderadum
752 5582 819 5620 ex
842 5566 1184 5634 Burgundios
1200 5565 1507 5620 comitibus
1530 5565 1814 5635 originem

141 5640 332 5693 traxisse
381 5644 622 5696 tradunt
688 5637 1059 5694 Prumienses
1110 5643 1301 5709 atque,
1349 5638 1593 5692 Henrico
1623 5638 1813 5705 impe-

1930 3146 1987 3193 et
2020 3142 2078 3194 in
2110 3142 2526 3212 proprietatem
2559 3142 2922 3209 donavimus,
2960 3148 3023 3197 ut
3057 3161 3159 3214 per
3189 3144 3385 3198 omnia
3437 3162 3631 3198 succe-

1930 3229 2188 3284 dentium
2262 3237 2590 3301 temporum
2675 3233 2959 3286 curricula
3030 3234 3213 3286 eidem
3275 3235 3627 3288 monasterio

1931 3319 2147 3388 absque
2179 3321 2439 3373 omnium
2509 3322 2839 3375 mortalium
2899 3323 3351 3375 contradictione
3396 3323 3631 3376 ﬁrmum

1930 3415 2101 3476 atque
2153 3409 2354 3463 stabile
2386 3410 2444 3462 in
2511 3414 2793 3463 aeternum
2848 3418 3202 3481 permaneat.
3265 3413 3325 3464 Et
3396 3417 3458 3465 ut
3510 3412 3630 3464 haec

1934 3500 2143 3553 nostra:
2176 3498 2561 3550 concessionis
2620 3498 2853 3551 traditio
2875 3500 3033 3552 omni
3102 3505 3360 3569 tempore
3410 3500 3629 3553 stabilis

1930 3590 1984 3638 et
2024 3586 2357 3640 inconvulsa
2387 3593 2740 3657 permaneat,
2788 3582 2935 3641 lianc
2992 3590 3309 3659 imperialis
3352 3589 3631 3658 praecepti

1930 3674 2201 3743 paginam
2252 3675 2389 3728 inde
2420 3676 2722 3739 conscribi,
2756 3682 2833 3740 et,
2892 3693 3065 3730 manu
3127 3676 3362 3746 propria
3418 3676 3630 3729 confir-

1929 3768 2173 3831 mantes,
2210 3765 2440 3833 propria
2483 3764 2657 3834 sigilli
2689 3765 2874 3817 nostri
2922 3764 3304 3835 impressione
3355 3765 3632 3833 jussimus

1931 3850 2218 3919 insigniri.

2000 3939 2238 4008 Signum
2294 3937 2491 3992 domui
2542 3939 2773 3994 lleurici
2823 3941 3218 3995 Romanorum
3274 3940 3633 3995 invictissimi

1927 4027 2290 4096 imperatoris
2330 4030 2588 4097 Augusti.

2001 4116 2306 4168 Witharins
2365 4117 2740 4171 cancellarius
2811 4119 2932 4173 vice
3006 4120 3382 4173 Erchanbaldi
3439 4119 3631 4173 archi-

1927 4204 2180 4274 episcopi
2210 4206 2536 4274 recognovi.

1997 4293 2138 4345 Data
2168 4308 2197 4344 v
2229 4293 2512 4347 Kalendas
2542 4293 2823 4359 Octobris,
2861 4294 3173 4348 indictione
3207 4312 3285 4360 ιιι,
3344 4312 3494 4348 anno
3530 4296 3634 4349 Do-

1927 4379 2153 4433 minicze
2200 4381 2612 4434 incarnationis
2646 4384 2971 4449 tO‘20,anno
3008 4388 3200 4435 autem
3244 4384 3441 4436 domui
3474 4384 3633 4438 Hen-

1932 4468 2031 4522 rici
2064 4469 2299 4521 secundi
2330 4470 2622 4538 regnantis
2662 4486 2821 4534 xvur,
2857 4470 3087 4539 imperii
3122 4486 3254 4524 vero
3284 4471 3409 4540 ejus
3461 4488 3556 4525 v11.

2000 4560 2206 4611 Actum
2245 4557 2604 4611 Hamerstein
2636 4557 2899 4612 feliciter.
2927 4556 3128 4611 Amen.

2440 4648 2444 4653 ’
2681 4663 2880 4717 cxvu.

2238 4751 2561 4805 Immunitas
2602 4753 2847 4805 Heinrici
2875 4754 2929 4806 II
2948 4754 3313 4821 imperatoris.

2464 4842 2645 4907 (Anno
2682 4842 2837 4907 l020,
2863 4843 2893 4894 3
2924 4840 3093 4908 Maii.)

2212 4924 2485 4995 [Dronke,
2510 4928 2637 4984 Cod.
2670 4928 2894 4997 diplom.
2920 4931 3075 4985 Fuld.
3102 4947 3159 4984 n.
3196 4932 3340 5000 347.]

1998 5034 2060 5087 In
2092 5032 2326 5086 nomine
2358 5040 2566 5088 sanctas
2609 5040 2661 5089 et
2720 5035 3033 5091 individuce
3091 5038 3407 5107 Trinitatis,
3463 5039 3629 5093 Hem-

1926 5136 2079 5175 RICUS
2110 5121 2301 5174 divina
2364 5122 2589 5177 favente
2651 5124 2956 5178 clementia
3006 5126 3402 5180 Romanorum
3450 5126 3630 5196 impe-

1929 5215 2083 5263 rator
2113 5214 2424 5281 Augustus.

1996 5298 2230 5351 Constat
2290 5316 2414 5367 nos,
2476 5300 2672 5355 divina
2704 5302 3074 5372 dispensante
3128 5302 3329 5371 gratia,

1926 5387 2361 5455 supereminere
2419 5390 2761 5444 mortalibus
2804 5408 2816 5444 ε

3408 5303 3630 5357 czeteris

2886 5392 3034 5445 unde
3074 5395 3297 5459 oportet
3346 5395 3427 5455 ut,
3468 5390 3631 5460 cujus

1925 5567 2184 5640 ratoriiu
2215 5568 2419 5637 primis
2457 5570 2715 5638 charum,
2754 5570 2963 5625 abiisse
3004 5574 3133 5640 post
3179 5584 3359 5623 annos
3390 5568 3627 5640 regimi-

1926 5638 2016 5691 nis
2037 5642 2182 5698 octo,
2216 5655 2368 5693 anno
2388 5642 2541 5693 1026.
