4166 6408
82 410 168 462 357
1320 411 1708 468 DlPLOMATA
1746 415 2301 470 ECCLESIASTICA.

829 527 1001 580 CXIX.

79 620 130 670 S.
159 617 419 669 Henricus
467 614 758 683 conﬁrmat
813 617 1133 668 monasterio
1189 617 1377 670 Sancti
1429 619 1754 670 Emmerami

139 688 315 738 omnia
342 686 480 738 bona
512 688 827 750 generatim,
865 686 1049 737 ablata
1080 689 1322 754 episc0po
1356 689 1592 755 aliisque
1628 691 1755 742 alie-

139 756 308 809 nandi
327 756 613 821 facultate.

599 826 963 892 (Anno1021,
986 827 1015 878 3
1037 825 1226 895 Julii.)

315 911 506 983 [Ried,
537 912 719 965 Codea:
758 913 980 980 diplom.
1019 914 1256 978 Ratisb.,
1283 914 1326 981 Ι,
1364 913 1506 984 13Ξί.]

141 1003 196 1052 1η
223 1000 463 1051 nomine
520 1007 727 1052 sanctae
759 1005 812 1052 et
851 1000 1160 1052 individuaz
1218 1001 1528 1068 Trinitatis,
1581 1003 1754 1054 llam-

82 1104 214 1142 iuces
234 1086 428 1140 divina
444 1088 668 1140 favente
709 1087 1011 1140 clementia
1045 1089 1206 1140 Rom.
1229 1087 1365 1158 imp.
1395 1092 1539 1157 Aug.

143 1175 499 1244 lmperialem
549 1174 728 1226 nostri
761 1174 1009 1227 nominis
1039 1176 1431 1228 excellentiam
1491 1177 1598 1228 hoc
1649 1176 1750 1228 sci-

79 1281 192 1316 mus
248 1262 475 1332 exigere
528 1262 646 1315 imo
702 1265 769 1315 ad
815 1267 1026 1316 statum
1086 1263 1250 1332 regni
1298 1267 1354 1316 et
1398 1263 1466 1316 ad
1513 1264 1753 1316 salutem

77 1352 268 1404 animae
331 1355 543 1403 nostra:
594 1351 838 1403 multum
899 1351 1196 1420 proﬁcere,
1251 1368 1507 1421 quosque
1578 1352 1753 1404 divini

77 1437 276 1490 servitii
306 1443 613 1502 amatores,
649 1442 709 1490 ut
757 1439 877 1491 sine
910 1439 1142 1508 querela
1200 1439 1259 1490 in
1309 1439 1408 1491 Dei
1446 1439 1756 1508 persistant

76 1527 252 1593 laude,
302 1524 664 1578 liberalitatis
718 1531 923 1578 nostra}
974 1526 1354 1578 sustentaculo
1411 1525 1753 1594 confortare,

74 1614 308 1666 maxime
340 1618 532 1666 autem
578 1629 672 1665 eos
730 1629 974 1683 quorum
1025 1613 1229 1666 laboris
1281 1614 1503 1666 devotio
1561 1614 1750 1666 divino

72 1717 182 1772 prae
213 1701 434 1754 caeteris
457 1701 717 1770 invigilat.
755 1701 1050 1770 obsequio.
1105 1701 1349 1754 Proinde
1380 1701 1598 1754 noverit
1625 1717 1751 1753 om-

74 1789 224 1841 nium
255 1788 466 1842 Christi
504 1788 800 1859 nostrique
840 1788 1099 1841 fidelium
1137 1788 1472 1841 universitas
1511 1789 1754 1858 qualiter
1786 1800 1825 1852 Β

78 1893 173 1928 nos
204 1876 410 1928 divinm
462 1875 943 1928 remunerationis
999 1893 1095 1945 spe
1142 1875 1378 1940 incitati,
1431 1875 1755 1927 interventu

73 1965 234 2016 etiam
257 1964 482 2016 dilectae
536 1963 798 2032 conjugis
837 1969 1046 2015 nostrm
1107 1963 1461 2032 Cunigundae
1506 1963 1749 2031 impera-

70 2051 216 2103 tricis
259 2055 530 2120 Augusta:
579 2057 636 2104 et
666 2051 975 2103 venerandi
1029 2051 1269 2104 lticholﬁ
1325 2050 1542 2103 abbatis
1596 2067 1748 2103 com-

0 2147 1 2152 ‘
68 2139 266 2191 moniti
323 2138 551 2191 cuidam
601 2138 861 2192 Ecclesim
921 2138 1015 2191 Dei
1063 2138 1211 2191 infra
1261 2138 1543 2191 civitatem
1590 2139 1750 2192 Rate-

70 2243 402 2296 sponensem
433 2227 492 2279 in
543 2227 745 2279 hOliUi't
770 2245 818 2277 ill
857 2227 1088 2295 pretiosi
1124 2226 1221 2280 Dei
1251 2227 1516 2294 martyris
1569 2226 1751 2278 Heim-

66 2315 301 2368 merami
331 2318 689 2381 constructae,
715 2314 812 2367 ubi
841 2313 1161 2367 venerabile
1192 2331 1396 2383 corpus
1420 2316 1539 2383 ejus
1575 2315 1745 2366 mira-

66 2403 196 2454 culis
231 2402 654 2455 declarantibus
680 2401 1034 2472 requiescere
1074 2403 1497 2470 comprobatur,
1531 2401 1744 2465 omnia,

64 2506 182 2558 quai
212 2490 282 2542 ab
315 2489 767 2542 antecessoribus
811 2490 1035 2555 nostris,
1084 2490 1312 2558 regibus
1358 2490 1446 2542 vel
1494 2490 1745 2557 impera-

65 2578 293 2643 toribus,
329 2577 714 2647 omnibusque
741 2578 949 2632 Christi
984 2577 1244 2631 ﬁdelibus
1274 2577 1361 2630 vel
1394 2577 1543 2630 infra
1565 2577 1746 2647 ipsam

64 2665 552 2734 Ratesponensem
584 2665 871 2718 civitatem
907 2666 988 2718 vel
1037 2665 1097 2718 in
1156 2665 1425 2718 suburbio
1460 2665 1605 2734 ejus,
1657 2665 1746 2716 vel

63 2752 385 2823 ubicunque
417 2754 677 2806 locorum
709 2753 982 2806 hactenus
1005 2753 1210 2806 tradita
1241 2758 1373 2805 sunt
1417 2756 1471 2805 et
1521 2753 1742 2818 collata,

61 2854 155 2907 per
173 2840 319 2894 hanc
366 2840 727 2910 imperialem
753 2841 1025 2909 paginam
1067 2842 1124 2893 in
1174 2845 1514 2910 perpetuum
1547 2841 1746 2893 contir-

62 2943 295 2993 mamus,
325 2935 384 2982 et
415 2930 630 2998 absque
659 2929 916 2982 omnium
946 2929 1245 2981 hominum
1297 2928 1742 2981 contradictione

59 3013 113 3066 in
143 3017 443 3085 proprium
493 3016 770 3086 largimus
804 3032 816 3069 :
853 3033 919 3069 ea
962 3016 1222 3069 videlicet
1261 3016 1478 3068 ratione
1528 3021 1590 3069 ut
1645 3031 1746 3068 nec

59 3104 352 3173 episcopus
403 3105 659 3175 ejusdsm
715 3104 845 3168 loci,
906 3105 1179 3175 nullaque
1209 3103 1512 3174 judiciaria
1537 3105 1622 3156 vel
1654 3121 1741 3156 ec-

57 3191 363 3246 clesiastica
395 3209 640 3263 persona
665 3193 914 3262 aliquam
949 3193 1153 3245 habeat
1200 3197 1539 3262 potestatem
1597 3208 1741 3260 prce-

55 3282 340 3334 nominata
369 3281 522 3334 bona
549 3281 804 3350 praefatae
834 3281 1085 3333 ecclesiae
1135 3283 1380 3346 auferre,
1411 3281 1500 3333 vel
1549 3279 1744 3332 usibus

55 3367 286 3422 fratrum
313 3369 534 3422 ibidem
568 3369 666 3421 sub
695 3369 1031 3422 monachica
1075 3367 1434 3421 institutione
1467 3369 1580 3420 Deo
1628 3383 1744 3420 ser-

54 3455 320 3509 vientium
354 3456 704 3522 abalienare,
748 3458 843 3510 sed
888 3455 1190 3527 praedictus
1252 3457 1543 3510 Bicholfus
1601 3455 1744 3524 ejus-

55 3540 172 3594 dem
205 3544 316 3597 loci
367 3545 547 3598 abbas
604 3544 833 3614 suisque
887 3560 1234 3597 successores
1277 3545 1513 3596 liberam
1547 3543 1744 3595 exinde

53 3629 290 3685 habeant
319 3636 672 3701 potestatem
703 3633 974 3702 quicquid
1033 3633 1114 3685 eis
1171 3632 1445 3701 placuerit
1475 3630 1740 3696 faciendi,

53 3718 112 3770 ad
143 3720 454 3773 utilitatem
478 3722 875 3774 tantummodo
905 3721 1146 3773 fratrum
1178 3719 1388 3772 ibidem
1431 3719 1534 3772 sub
1572 3734 1743 3786 regu—

52 3804 97 3856 la
121 3808 295 3860 sancti
343 3809 636 3861 Benedicti
688 3810 801 3861 Deo
853 3811 1158 3878 sanctoque
1192 3807 1610 3860 lleimmeramo
1659 3807 1741 3858 fa-

51 3895 413 3949 mulantium.
459 3897 528 3949 Et
553 3901 619 3949 ut
648 3897 769 3949 haec
801 3901 1009 3949 nostra:
1038 3895 1491 3948 conﬁrmationis
1522 3899 1576 3947 et
1624 3893 1740 3946 lar-

48 3981 269 4049 gitionis
303 3984 620 4037 auctoritas
667 3983 883 4036 stabilis
938 3990 993 4036 et
1038 3983 1371 4036 inconvulsa
1402 3982 1558 4035 omni
1610 3998 1739 4051 per-

48 4077 267 4123 maneat
290 4089 438 4138 aevo,
472 4073 582 4124 hoc
609 4076 957 4141 przeceptum
1003 4071 1136 4124 inde
1195 4070 1579 4140 conscriptum
1617 4085 1741 4137 pro-

47 4158 162 4226 pria
191 4175 368 4213 manu
395 4161 855 4225 corroborantes,
915 4159 1088 4229 sigilli
1134 4158 1312 4212 nostri
1366 4157 1739 4228 impressione

41 4244 304 4312 jussimus
335 4247 632 4317 insigniri.

108 4335 328 4401 Signum

44 4423 378 4489 imperatoris
402 4425 668 4490 Augusti.
699 4425 1164 4488 (Monog-ramma.)

107 4511 460 4566 Guntherius
495 4511 868 4564 cancellarius
899 4512 969 4564 ad
1001 4510 1183 4564 vicem
1241 4508 1587 4563 Erkenbaldi
1647 4524 1734 4562 ar-

42 4597 408 4668 chicapellani
441 4599 774 4668 recognovi.

108 4685 237 4741 Data
259 4705 290 4741 v
324 4690 526 4743 Nonas
557 4687 710 4753 Julii,
754 4685 1065 4739 indictione
1097 4703 1178 4752 Ill,
1221 4701 1370 4739 anno
1428 4683 1736 4737 Dominicae

41 4773 446 4831 incarnationis
485 4778 643 4841 1021,
670 4791 820 4828 anno
853 4791 984 4827 vero
1025 4774 1232 4828 Domni
1259 4772 1484 4828 Henrici
1527 4788 1734 4826 secun-

43 4861 91 4913 di
119 4866 414 4935 regnantis
438 4881 538 4930 xx,
557 4864 890 4934 imperantis
911 4879 1027 4916 νιιι.

99 4954 298 5006 Actum
327 4951 593 5007 Coloniae
617 4951 872 5003 feliciter.
906 4953 1088 5003 Amen

101 5040 354 5107 Sigillum
377 5041 667 5109 majestat.
700 5040 973 5106 integrum
1005 5041 1202 5091 exstat.

833 5126 979 5180 CXX.

40 5215 93 5266 S.
136 5217 397 5270 Henricus
454 5217 745 5282 confirmat
794 5214 1117 5267 monasterio
1164 5211 1353 5265 Sancti
1411 5211 1737 5262 Emmerami

101 5288 451 5341 traditionem
505 5287 680 5339 curtis
710 5286 892 5338 Ruitae
931 5283 1272 5352 (Vogtareut)
1317 5283 1525 5346 factam
1581 5295 1614 5332 a
1657 5295 1734 5332 co-

99 5360 217 5411 mite
252 5356 628 5413 Warmundo.

579 5445 942 5511 (Ann01021,
975 5444 1004 5495 3
1025 5439 1205 5508 Julii.)

459 5531 641 5605 [Ried
685 5531 781 5584 ubi
820 5545 1009 5598 supra,
1062 5545 1123 5597 p.
1167 5527 1308 5596 136.]

101 5619 159 5674 In
188 5622 426 5678 nomine
449 5622 672 5675 sanctae
693 5621 750 5672 et
795 5606 1110 5671 individua:
1158 5611 1469 5679 Trinitatis,
1525 5609 1734 5664 HENRI-

428 4336 619 4389 domni
694 4337 914 4388 llenrici
981 4336 1325 4388 invictissimi
1367 4335 1736 4387 Romanorum
1767 4339 1808 4391 D

3445 426 3546 478 358

1793 532 1839 584 A
1865 547 1956 584 cus
1981 530 2173 583 divina
2200 531 2422 584 favente
2461 532 2765 585 clementia
2823 534 2984 587 Rom.
3046 535 3185 604 imp.
3234 537 3544 605 Augustus.

1935 619 2294 687 lmperialem
2323 619 2501 671 nostri
2529 620 2776 672 nominis
2795 622 3181 675 excellentiam
3207 623 3312 675 hoc
3343 625 3549 678 scimus

1865 707 2110 774 exigere,
2145 707 2260 758 imo
2294 707 2362 759 ad
2405 713 2616 760 statum
2664 709 2825 775 regni
2860 716 2913 761 et
2963 711 3026 762 ad
3076 713 3315 763 salutem
3341 713 3547 765 anim’ai

1862 799 2069 846 nostra:
2125 795 2367 846 multum
2426 796 2721 863 prolicere,
2779 812 3034 865 quosque
3089 797 3265 850 divini
3338 800 3549 852 servitii

1864 888 2164 947 amatores,
2194 887 2255 934 ut
2284 882 2405 934 sine
2451 884 2683 951 querela
2731 883 2789 934 in
2844 884 2942 935 Dei
2994 884 3301 949 persistaut
3360 887 3545 951 laude,

1861 969 2219 1021 liberalitatis
2253 976 2458 1022 nostrae.
2489 971 2869 1023 sustentaculo
2919 973 3262 1037 eonfortare,
3308 975 3547 1027 maxime

1863 1062 2052 1108 autem
2085 1073 2177 1108 eos
2202 1073 2444 1126 quorum
2477 1057 2685 1110 laboris
2717 1057 2942 1111 devotio
2977 1059 3164 1111 divino
3209 1076 3328 1128 prae
3379 1068 3548 1114 caete-

1862 1143 1938 1195 ris
1968 1143 2226 1212 invigilat
2257 1145 2552 1214 obsequio.
2576 1145 2819 1198 Proinde
2845 1147 3067 1199 noverit
3096 1149 3353 1200 omnium
3386 1149 3546 1202 Chri-

1865 1231 1934 1282 sti
1958 1231 2251 1299 nostrique
2280 1232 2535 1284 fidelium
2558 1233 2898 1286 universitas
2933 1235 3176 1302 qualiter
3199 1252 3320 1299 nos,
3344 1236 3546 1289 divinae

1862 1320 2342 1371 remunerationis
2386 1337 2482 1389 spe
2514 1320 2752 1385 incitati,
2795 1321 3118 1374 interventu
3169 1305 3342 1376 etiam
3400 1325 3547 1377 dile-

1863 1412 1964 1458 ctie,
1995 1407 2252 1476 conjugis
2284 1414 2492 1460 nostrae
2549 1409 2939 1476 Chunigundae
2997 1410 3371 1477 imperatricis
3428 1413 3544 1465 Au-

1864 1499 2044 1561 gustae
2132 1503 2187 1546 et
2247 1495 2552 1547 \enerandi
2613 1495 2854 1548 Hichulﬁ
2913 1496 3128 1548 abbatis
3191 1499 3543 1562 commoniti,

1863 1581 2085 1633 cuidam
2123 1582 2377 1634 Ecclesiae
2406 1583 2503 1634 Dei
2534 1582 2678 1634 infra
2721 1583 3004 1640 civitatem
3065 1584 3431 1653 liatisponen.
3484 1587 3546 1639 in

1861 1668 2135 1722 honorem
2167 1670 2396 1738 pretiosi
2417 1671 2514 1722 Dei
2545 1671 2804 1739 martyris
2827 1671 3228 1724 Heimmerami
3283 1678 3540 1726 constru-

1863 1757 2106 1820 ctae,ubi
2138 1758 2457 1810 venerabile
2492 1774 2692 1826 corpus
2733 1759 2854 1826 ejus
2898 1759 3183 1811 miraculis
3250 1760 3542 1814 declaran-

1868 1844 2015 1896 tibus
2082 1845 2434 1912 requiescere
2515 1846 2919 1914 comprobatur
2975 1847 3283 1914 quamdam
3357 1848 3540 1900 nostri

1855 1931 2001 2000 juris
2053 1937 2268 1984 curtem
2325 1932 2489 1985 ltiute
2519 1933 2748 1995 dictam,
2791 1935 2849 1985 in
2895 1950 3039 2002 pago
3099 1936 3537 2004 bemengowc,

1861 2019 1919 2071 in
1951 2019 2223 2071 comitatu
2274 2020 2516 2072 Pabonis
2569 2020 2790 2072 comitis
2845 2022 3031 2085 sitam,
3089 2033 3259 2090 quam
3307 2024 3540 2092 quidam

1861 2107 2070 2159 nobilis
2099 2108 2269 2160 homo
2303 2109 2680 2160 Warmuudus
2703 2125 2890 2160 comes
2911 2108 3096 2161 eidem
3119 2111 3374 2163 C(enobio
3405 2127 3536 2164 con-

1860 2195 2009 2258 tulit,
2045 2211 2172 2247 cum
2197 2195 2460 2247 omnibus
2495 2195 2867 2263 appendiciis,
2901 2196 3045 2247 villis
3077 2197 3306 2262 scilicet,
3369 2198 3534 2265 areis,

1861 2284 2029 2351 agris,
2062 2283 2256 2351 pratis,
2291 2283 2531 2351 pascuis,
2563 2283 2723 2351 aquis
2781 2299 3127 2352 aquarumve
3182 2285 3536 2352 decursibus,

1858 2371 2009 2423 vadis
2053 2371 2410 2432 molendinis,
2464 2370 2890 2439 piscationibus,
2951 2371 3193 2423 exitibus
3249 2377 3306 2424 et
3350 2373 3540 2426 rediti-

1856 2457 1981 2521 bus,
2035 2458 2137 2509 viis
2191 2464 2246 2510 et
2304 2458 2488 2522 inviis,
2543 2458 2768 2527 quaestis
2814 2462 2867 2510 et
2922 2458 3299 2527 inquirendis,
3360 2460 3535 2526 silvis,

1857 2545 2273 2612 venationibus,
2307 2546 2536 2598 familiis
2576 2547 2746 2598 etiam
2781 2546 3074 2614 utriusque
3129 2563 3313 2612 sexus,
3365 2553 3534 2600 caete-

1855 2632 2066 2700 risque,
2101 2650 2227 2702 quae
2259 2633 2515 2702 quolibet
2568 2634 2733 2685 modo
2765 2633 2874 2685 dici
2906 2639 3004 2686 aut
3052 2634 3220 2685 scribi
3276 2640 3535 2702 possunt,

1858 2720 2196 2772 utilitatibus
2229 2721 2295 2772 nd
2321 2721 2578 2772 eamdem
2608 2721 2967 2789 curlemjure
2994 2725 3048 2772 et
3079 2721 3334 2785 legaliter
3355 2722 3537 2789 perti-

1856 2807 2139 2873 nentibus,
2173 2823 2273 2875 per
2303 2808 2446 2859 hanc
2476 2808 2832 2875 imperialem
2859 2808 3122 2876 paginam
3154 2808 3213 2859 in
3241 2809 3536 2876 proprium

1854 2895 2151 2962 largimur.
2188 2902 2242 2946 et
2264 2895 2537 2963 ejusdem,
2565 2896 2895 2946 Warmundi
2919 2895 3140 2946 comitis
3168 2895 3536 2948 traditionem

1855 2983 2286 3050 perpetuojure
2342 2983 2627 3050 praedicta:
2672 2982 2918 3034 ecclesia}
2980 2983 3413 3045 confirmamus;
3471 2999 3537 3034 ea

1779 3066 1819 3120 C
1857 3071 2115 3122 videlicet
2168 3071 2385 3123 ratione
2438 3077 2498 3122 ut
2569 3086 2672 3122 nec
2732 3071 3033 3139 episcopus
3083 3071 3335 3137 ejusdem
3410 3069 3536 3134 loci,

1851 3159 2123 3228 nullaque
2150 3157 2525 3210 ecclesiastica
2559 3159 2640 3210 vel
2669 3157 2972 3226 judiciaria
3009 3174 3253 3226 persona
3284 3158 3534 3226 aliquam

1851 3247 2055 3298 habent
2105 3251 2465 3316 potestatem,
2527 3246 3008 3314 I‘pt‘amominatum
3067 3252 3282 3297 curtem
3317 3261 3536 3313 praeno-

1852 3335 2082 3386 minatae.
2119 3334 2374 3386 Ecclesia:
2434 3335 2657 3386 auferre
2706 3334 2791 3385 vel
2823 3333 3014 3386 usibus
3047 3334 3285 3385 fratrum
3325 3333 3536 3386 ibidem

1852 3423 1956 3474 sub
1982 3422 2315 3474 monachica
2344 3421 2706 3474 institutione
2744 3423 2855 3473 Deo
2894 3421 3260 3473 servientium
3327 3422 3534 3474 abalie-

1851 3525 2006 3574 nare,
2042 3512 2136 3561 sed
2180 3509 2486 3577 praedictus
2548 3509 2834 3561 Richoll’us
2892 3508 3147 3574 ejusdem
3206 3509 3313 3561 loci
3369 3509 3536 3561 abbas

1851 3596 2053 3665 suique
2105 3613 2447 3648 successores
2469 3596 2707 3648 liberam
2768 3595 2972 3647 exinde
3004 3596 3254 3648 habeant
3279 3602 3532 3664 potesta-

1849 3689 1962 3737 tem
2001 3685 2268 3754 quicquid
2333 3686 2411 3736 eis
2469 3684 2745 3752 placuerit
2803 3683 3068 3748 faciendi,
3113 3685 3178 3736 ad
3227 3684 3532 3736 utilitatem

1849 3774 2243 3825 tantummodo
2276 3773 2510 3823 fratrum
2545 3771 2774 3823 ibidem.
2808 3771 2908 3822 sub
2970 3772 3166 3837 regula
3210 3771 3386 3824 sancti
3433 3772 3531 3823 Be-

1851 3859 2056 3913 nedicti
2109 3861 2222 3912 Deo
2272 3865 2576 3928 sanctoque
2647 3859 3063 3912 lleimmeramo
3112 3859 3528 3924 famulantium,

1851 3947 2108 4000 omnium
2151 3948 2446 3999 hominum
2477 3948 2918 3999 contradictione
2951 3953 3185 3998 remota.
3212 3948 3274 3998 Et
3306 3951 3364 3998 ut
3410 3947 3532 3999 haec

1849 4039 2057 4087 nostra:
2093 4034 2407 4103 largitionis
2465 4040 2519 4085 et
2574 4034 3022 4086 confirmationis
3070 4033 3376 4086 auctoritas
3413 4038 3529 4084 sta-

1848 4123 1976 4176 bilis
2009 4128 2063 4174 et
2095 4123 2417 4174 inconvulse
2451 4122 2604 4174 omni
2655 4127 2983 4191 permaneat
3030 4138 3169 4187 aevo,
3227 4121 3333 4173 hoc
3382 4138 3528 4190 prie-

1849 4215 2075 4278 ceptum
2097 4211 2228 4262 inde
2253 4210 2635 4278 conscriptum
2667 4226 2838 4261 manu
2876 4209 3108 4278 propria
3159 4209 3530 4261 corroboran-

1848 4305 1953 4363 tes,
1980 4298 2152 4366 sigilli
2177 4297 2350 4350 nostri
2382 4297 2756 4366 impressione
2775 4297 3048 4366 jussimus
3081 4296 3362 4363 insigniri.

1916 4388 2140 4451 Signum
2179 4386 2362 4438 domui
2396 4389 2613 4439 Henrici
2670 4387 3014 4438 invictissimi
3063 4386 3211 4437 Rom.
3246 4386 3376 4450 imp.
3421 4384 3532 4437 Au-

1845 4457 1992 4541 gusti
2027 4476 2491 4537 (Monogramma.)

1917 4562 2260 4615 Guntherius
2317 4559 2685 4613 cancellarius
2735 4559 2804 4612 ad
2846 4559 3020 4612 vicem
3054 4557 3394 4611 Erkenbaldi
3440 4574 3528 4610 ar-

1846 4649 2255 4718 chicappellani
2282 4647 2604 4716 recognovi.

1915 4737 2055 4788 Data
2079 4753 2107 4787 v
2141 4737 2337 4788 Nonas
2369 4735 2524 4799 Julii,
2565 4733 2763 4786 indict.
2799 4749 2878 4795 ιιι,
2934 4748 3083 4784 anno
3125 4731 3536 4786 Dominiczein-

1844 4829 2054 4877 carnat.
2086 4825 2237 4887 1021,
2271 4839 2420 4876 anno
2455 4839 2584 4875 vero
2631 4822 2828 4874 domui
2869 4821 3096 4875 llenrici
3142 4837 3177 4872 ιι
3235 4818 3530 4888 regnantis

1843 4927 1935 4976 xx,
1971 4911 2306 4980 imperantis
2339 4927 2450 4978 vui,
2486 4915 2687 4963 Actum
2717 4910 2966 4962 Colonia:
3016 4909 3273 4961 feliciter.
3317 4911 3518 4960 Amen.

1914 4998 2167 5064 Sigillum
2193 5000 2443 5052 nonnihil
2473 5000 2654 5052 laesum
2681 5004 2875 5051 easint.

2601 5087 2772 5140 CXXI.

1842 5175 1897 5229 S.
1938 5175 2200 5228 Henricus
2254 5177 2533 5241 conﬁrmat
2589 5174 2913 5225 monasterio
2973 5173 3148 5224 sancti
3205 5173 3532 5224 Emmerami

2385 5263 2584 5312 curtem
2639 5262 2977 5312 Eite-rhouen.

2358 5351 2540 5413 (Anno
2578 5349 2730 5413 1021,
2766 5349 2794 5398 3
2834 5345 3016 5412 Julii.)

2269 5433 2454 5504 [Ried,
2494 5435 2589 5486 ubi
2638 5449 2826 5501 supra,
2867 5449 2922 5500 p.
2965 5429 3102 5496 137.]

1914 5522 1975 5574 In
2005 5521 2237 5575 nomine
2277 5527 2486 5574 sancta:
2535 5526 2590 5573 et
2614 5520 2922 5573 individuae
2961 5515 3271 5581 Trinitatis,
3333 5516 3528 5569 HENRI-

1845 5624 1968 5676 cos,
1996 5616 2127 5674 ctc.,
2184 5614 2243 5662 ut
2280 5624 2428 5661 num.
2472 5622 2630 5674 prec.
2683 5633 2750 5645 -
2797 5603 3103 5673 quamdam
3161 5602 3340 5656 nostri
3381 5602 3526 5671 juris
