  <div class='ocr_page' id='page_1' title='image "/cluster/home/n/w/nwhite01/storage/ocr_20150623/140-141/uc1.31175018559917/187.png"; bbox 0 0 3980 6444; ppageno 0'>
   <div class='ocr_carea' id='block_1_1' title="bbox 338 399 439 449">
    <p class='ocr_par' dir='ltr' id='par_1_1' title="bbox 338 399 439 449">
     <span class='ocr_line' id='line_1_1' title="bbox 338 399 439 449; baseline -0.01 0"><span class='ocrx_word' id='word_1_1' title='bbox 338 399 439 449; x_wconf 85' lang='lat'>359</span> 
     </span>
    </p>
   </div>
   <div class='ocr_carea' id='block_1_2' title="bbox 1643 389 2543 446">
    <p class='ocr_par' dir='ltr' id='par_1_2' title="bbox 1643 389 2543 446">
     <span class='ocr_line' id='line_1_2' title="bbox 1643 389 2543 446; baseline 0 -1"><span class='ocrx_word' id='word_1_2' title='bbox 1643 392 1697 445; x_wconf 93' lang='lat' dir='ltr'>S.</span> <span class='ocrx_word' id='word_1_3' title='bbox 1744 392 2030 446; x_wconf 81' lang='lat' dir='ltr'>llENRICI</span> <span class='ocrx_word' id='word_1_4' title='bbox 2071 389 2543 446; x_wconf 81' lang='lat' dir='ltr'>IMPERATORIS</span> 
     </span>
    </p>
   </div>
   <div class='ocr_carea' id='block_1_3' title="bbox 3752 391 3874 442">
    <p class='ocr_par' dir='ltr' id='par_1_3' title="bbox 3752 391 3874 442">
     <span class='ocr_line' id='line_1_3' title="bbox 3752 391 3874 442; baseline -0.025 0"><span class='ocrx_word' id='word_1_5' title='bbox 3752 391 3874 442; x_wconf 80' lang='lat'>360</span> 
     </span>
    </p>
   </div>
   <div class='ocr_carea' id='block_1_4' title="bbox 335 508 3874 584">
    <p class='ocr_par' dir='ltr' id='par_1_4' title="bbox 335 508 3874 584">
     <span class='ocr_line' id='line_1_4' title="bbox 335 508 3874 584; baseline -0.003 -12"><span class='ocrx_word' id='word_1_6' title='bbox 335 523 576 582; x_wconf 82' lang='lat' dir='ltr'>cortem,</span> <span class='ocrx_word' id='word_1_7' title='bbox 632 516 998 570; x_wconf 88' lang='lat' dir='ltr'>Eitterhoven</span> <span class='ocrx_word' id='word_1_8' title='bbox 1029 515 1240 568; x_wconf 82' lang='lat' dir='ltr'>dictam</span> <span class='ocrx_word' id='word_1_9' title='bbox 1294 515 1355 568; x_wconf 90' lang='lat' dir='ltr'>in</span> <span class='ocrx_word' id='word_1_10' title='bbox 1386 529 1533 582; x_wconf 86' lang='lat' dir='ltr'>pago</span> <span class='ocrx_word' id='word_1_11' title='bbox 1580 515 1918 584; x_wconf 79' lang='lat' dir='ltr'>Tunegowe,</span> <span class='ocrx_word' id='word_1_12' title='bbox 1979 514 2036 566; x_wconf 93' lang='lat' dir='ltr'>in</span> <span class='ocrx_word' id='word_1_13' title='bbox 2077 518 2122 566; x_wconf 83' lang='lat' dir='ltr'><strong>A</strong></span> <span class='ocrx_word' id='word_1_14' title='bbox 2153 513 2330 566; x_wconf 83' lang='lat' dir='ltr'>sancti</span> <span class='ocrx_word' id='word_1_15' title='bbox 2383 510 2770 568; x_wconf 87' lang='lat' dir='ltr'>Hemmerami</span> <span class='ocrx_word' id='word_1_16' title='bbox 2800 510 2954 564; x_wconf 84' lang='lat' dir='ltr'>ducit</span> <span class='ocrx_word' id='word_1_17' title='bbox 2980 509 3050 564; x_wconf 92' lang='lat' dir='ltr'>ad</span> <span class='ocrx_word' id='word_1_18' title='bbox 3099 508 3419 578; x_wconf 85' lang='lat' dir='ltr'>ecclesiam,</span> <span class='ocrx_word' id='word_1_19' title='bbox 3441 525 3572 580; x_wconf 70' lang='lat' dir='ltr'>quae</span> <span class='ocrx_word' id='word_1_20' title='bbox 3600 509 3874 580; x_wconf 85' lang='lat' dir='ltr'>vulgari-</span> 
     </span>
    </p>
   </div>
   <div class='ocr_carea' id='block_1_5' title="bbox 333 602 2031 670">
    <p class='ocr_par' dir='ltr' id='par_1_5' title="bbox 333 602 2031 670">
     <span class='ocr_line' id='line_1_5' title="bbox 333 602 2031 670; baseline -0.005 -10"><span class='ocrx_word' id='word_1_21' title='bbox 333 607 605 660; x_wconf 88' lang='lat' dir='ltr'>comitatu</span> <span class='ocrx_word' id='word_1_22' title='bbox 652 603 945 659; x_wconf 78' lang='lat' dir='ltr'>Adalberti</span> <span class='ocrx_word' id='word_1_23' title='bbox 1001 602 1348 656; x_wconf 88' lang='lat' dir='ltr'>marcbionis</span> <span class='ocrx_word' id='word_1_24' title='bbox 1398 603 1588 667; x_wconf 90' lang='lat' dir='ltr'>sitam,</span> <span class='ocrx_word' id='word_1_25' title='bbox 1649 617 1819 670; x_wconf 90' lang='lat' dir='ltr'>quam</span> <span class='ocrx_word' id='word_1_26' title='bbox 1893 617 2031 654; x_wconf 84' lang='lat' dir='ltr'>avus</span> 
     </span>
    </p>
   </div>
   <div class='ocr_carea' id='block_1_6' title="bbox 334 689 2031 763">
    <p class='ocr_par' dir='ltr' id='par_1_6' title="bbox 334 689 2031 763">
     <span class='ocr_line' id='line_1_6' title="bbox 334 689 2031 763; baseline -0.004 -16"><span class='ocrx_word' id='word_1_27' title='bbox 334 700 528 748; x_wconf 91' lang='lat' dir='ltr'>noster</span> <span class='ocrx_word' id='word_1_28' title='bbox 557 693 669 763; x_wconf 78' lang='lat' dir='ltr'>piae</span> <span class='ocrx_word' id='word_1_29' title='bbox 701 692 1115 745; x_wconf 82' lang='lat' dir='ltr'>recordationis</span> <span class='ocrx_word' id='word_1_30' title='bbox 1145 691 1254 744; x_wconf 81' lang='lat' dir='ltr'>dux</span> <span class='ocrx_word' id='word_1_31' title='bbox 1302 691 1572 743; x_wconf 82' lang='lat' dir='ltr'>Henricus</span> <span class='ocrx_word' id='word_1_32' title='bbox 1625 689 1810 742; x_wconf 90' lang='lat' dir='ltr'>eidem</span> <span class='ocrx_word' id='word_1_33' title='bbox 1846 705 2031 742; x_wconf 67' lang='lat' dir='ltr'>caeno-</span> 
     </span>
    </p>
   </div>
   <div class='ocr_carea' id='block_1_7' title="bbox 332 777 2030 847">
    <p class='ocr_par' dir='ltr' id='par_1_7' title="bbox 332 777 2030 847">
     <span class='ocr_line' id='line_1_7' title="bbox 332 777 2030 847; baseline -0.004 -12"><span class='ocrx_word' id='word_1_34' title='bbox 332 781 426 836; x_wconf 90' lang='lat' dir='ltr'>bio</span> <span class='ocrx_word' id='word_1_35' title='bbox 449 785 618 835; x_wconf 82' lang='lat' dir='ltr'>antea</span> <span class='ocrx_word' id='word_1_36' title='bbox 657 780 919 847; x_wconf 90' lang='lat' dir='ltr'>contulit,</span> <span class='ocrx_word' id='word_1_37' title='bbox 968 795 1096 832; x_wconf 91' lang='lat' dir='ltr'>cum</span> <span class='ocrx_word' id='word_1_38' title='bbox 1132 778 1398 832; x_wconf 91' lang='lat' dir='ltr'>omnibus</span> <span class='ocrx_word' id='word_1_39' title='bbox 1447 777 1819 846; x_wconf 89' lang='lat' dir='ltr'>appendiciis,</span> <span class='ocrx_word' id='word_1_40' title='bbox 1885 777 2030 829; x_wconf 89' lang='lat' dir='ltr'>villis</span> 
     </span>
    </p>
   </div>
   <div class='ocr_carea' id='block_1_8' title="bbox 333 865 2030 937">
    <p class='ocr_par' dir='ltr' id='par_1_8' title="bbox 333 865 2030 937">
     <span class='ocr_line' id='line_1_8' title="bbox 333 865 2030 937; baseline -0.005 -14"><span class='ocrx_word' id='word_1_41' title='bbox 333 870 566 936; x_wconf 83' lang='lat' dir='ltr'>scilicet,</span> <span class='ocrx_word' id='word_1_42' title='bbox 627 869 794 933; x_wconf 86' lang='lat' dir='ltr'>areis,</span> <span class='ocrx_word' id='word_1_43' title='bbox 838 868 1006 937; x_wconf 81' lang='lat' dir='ltr'>agris,</span> <span class='ocrx_word' id='word_1_44' title='bbox 1068 867 1263 936; x_wconf 87' lang='lat' dir='ltr'>pratis,</span> <span class='ocrx_word' id='word_1_45' title='bbox 1324 865 1566 935; x_wconf 86' lang='lat' dir='ltr'>pascuis,</span> <span class='ocrx_word' id='word_1_46' title='bbox 1621 865 1803 933; x_wconf 88' lang='lat' dir='ltr'>aquis,</span> <span class='ocrx_word' id='word_1_47' title='bbox 1854 881 2030 934; x_wconf 89' lang='lat' dir='ltr'>aqua-</span> 
     </span>
    </p>
   </div>
   <div class='ocr_carea' id='block_1_9' title="bbox 332 951 2026 1021">
    <p class='ocr_par' dir='ltr' id='par_1_9' title="bbox 332 951 2026 1021">
     <span class='ocr_line' id='line_1_9' title="bbox 332 951 2026 1021; baseline -0.004 -11"><span class='ocrx_word' id='word_1_48' title='bbox 332 973 530 1010; x_wconf 89' lang='lat' dir='ltr'>rumve</span> <span class='ocrx_word' id='word_1_49' title='bbox 561 957 916 1020; x_wconf 83' lang='lat' dir='ltr'>decursibus,</span> <span class='ocrx_word' id='word_1_50' title='bbox 961 953 1328 1016; x_wconf 90' lang='lat' dir='ltr'>molendinis,</span> <span class='ocrx_word' id='word_1_51' title='bbox 1389 951 1820 1021; x_wconf 88' lang='lat' dir='ltr'>piscationibus,</span> <span class='ocrx_word' id='word_1_52' title='bbox 1867 952 2026 1004; x_wconf 79' lang='lat' dir='ltr'>exiti-</span> 
     </span>
    </p>
   </div>
   <div class='ocr_carea' id='block_1_10' title="bbox 333 1039 2030 1112">
    <p class='ocr_par' dir='ltr' id='par_1_10' title="bbox 333 1039 2030 1112">
     <span class='ocr_line' id='line_1_10' title="bbox 333 1039 2030 1112; baseline -0.005 -13"><span class='ocrx_word' id='word_1_53' title='bbox 333 1045 441 1099; x_wconf 87' lang='lat' dir='ltr'>bus</span> <span class='ocrx_word' id='word_1_54' title='bbox 471 1049 527 1097; x_wconf 91' lang='lat' dir='ltr'>et</span> <span class='ocrx_word' id='word_1_55' title='bbox 557 1043 854 1107; x_wconf 83' lang='lat' dir='ltr'>reditibus,</span> <span class='ocrx_word' id='word_1_56' title='bbox 890 1041 1144 1112; x_wconf 66' lang='lat' dir='ltr'>quaesitis</span> <span class='ocrx_word' id='word_1_57' title='bbox 1176 1047 1231 1093; x_wconf 90' lang='lat' dir='ltr'>et</span> <span class='ocrx_word' id='word_1_58' title='bbox 1261 1039 1644 1110; x_wconf 84' lang='lat' dir='ltr'>inquirendis,</span> <span class='ocrx_word' id='word_1_59' title='bbox 1700 1039 1876 1103; x_wconf 81' lang='lat' dir='ltr'>silvis,</span> <span class='ocrx_word' id='word_1_60' title='bbox 1932 1055 2030 1092; x_wconf 87' lang='lat' dir='ltr'>ve-</span> 
     </span>
    </p>
   </div>
   <div class='ocr_carea' id='block_1_11' title="bbox 333 1127 2022 1199">
    <p class='ocr_par' dir='ltr' id='par_1_11' title="bbox 333 1127 2022 1199">
     <span class='ocr_line' id='line_1_11' title="bbox 333 1127 2022 1199; baseline -0.005 -13"><span class='ocrx_word' id='word_1_61' title='bbox 333 1131 684 1199; x_wconf 86' lang='lat' dir='ltr'>nationibus,</span> <span class='ocrx_word' id='word_1_62' title='bbox 713 1129 945 1184; x_wconf 89' lang='lat' dir='ltr'>familiis</span> <span class='ocrx_word' id='word_1_63' title='bbox 977 1129 1147 1182; x_wconf 88' lang='lat' dir='ltr'>etiam</span> <span class='ocrx_word' id='word_1_64' title='bbox 1206 1127 1509 1197; x_wconf 90' lang='lat' dir='ltr'>utriusque</span> <span class='ocrx_word' id='word_1_65' title='bbox 1531 1143 1718 1193; x_wconf 81' lang='lat' dir='ltr'>sexus,</span> <span class='ocrx_word' id='word_1_66' title='bbox 1771 1127 2022 1180; x_wconf 64' lang='lat' dir='ltr'>caeteris-</span> 
     </span>
    </p>
   </div>
   <div class='ocr_carea' id='block_1_12' title="bbox 335 1215 2027 1290">
    <p class='ocr_par' dir='ltr' id='par_1_12' title="bbox 335 1215 2027 1290">
     <span class='ocr_line' id='line_1_12' title="bbox 335 1215 2027 1290; baseline -0.004 -18"><span class='ocrx_word' id='word_1_67' title='bbox 335 1235 470 1290; x_wconf 88' lang='lat' dir='ltr'>que,</span> <span class='ocrx_word' id='word_1_68' title='bbox 526 1235 654 1288; x_wconf 68' lang='lat' dir='ltr'>quae</span> <span class='ocrx_word' id='word_1_69' title='bbox 703 1217 956 1286; x_wconf 90' lang='lat' dir='ltr'>quolibet</span> <span class='ocrx_word' id='word_1_70' title='bbox 1017 1216 1188 1268; x_wconf 91' lang='lat' dir='ltr'>modo</span> <span class='ocrx_word' id='word_1_71' title='bbox 1237 1215 1348 1268; x_wconf 91' lang='lat' dir='ltr'>dici</span> <span class='ocrx_word' id='word_1_72' title='bbox 1396 1219 1495 1267; x_wconf 89' lang='lat' dir='ltr'>aut</span> <span class='ocrx_word' id='word_1_73' title='bbox 1551 1215 1722 1267; x_wconf 86' lang='lat' dir='ltr'>scribi</span> <span class='ocrx_word' id='word_1_74' title='bbox 1767 1221 2027 1284; x_wconf 88' lang='lat' dir='ltr'>possunt,</span> 
     </span>
    </p>
   </div>
   <div class='ocr_carea' id='block_1_13' title="bbox 336 1303 2028 1372">
    <p class='ocr_par' dir='ltr' id='par_1_13' title="bbox 336 1303 2028 1372">
     <span class='ocr_line' id='line_1_13' title="bbox 336 1303 2028 1372; baseline -0.002 -13"><span class='ocrx_word' id='word_1_75' title='bbox 336 1306 674 1360; x_wconf 87' lang='lat' dir='ltr'>utilitatibus</span> <span class='ocrx_word' id='word_1_76' title='bbox 713 1305 779 1357; x_wconf 90' lang='lat' dir='ltr'>ad</span> <span class='ocrx_word' id='word_1_77' title='bbox 814 1303 1075 1356; x_wconf 91' lang='lat' dir='ltr'>eamdem</span> <span class='ocrx_word' id='word_1_78' title='bbox 1107 1309 1327 1356; x_wconf 89' lang='lat' dir='ltr'>curtem</span> <span class='ocrx_word' id='word_1_79' title='bbox 1353 1303 1485 1372; x_wconf 85' lang='lat' dir='ltr'>jure</span> <span class='ocrx_word' id='word_1_80' title='bbox 1517 1309 1572 1354; x_wconf 90' lang='lat' dir='ltr'>et</span> <span class='ocrx_word' id='word_1_81' title='bbox 1603 1303 1864 1372; x_wconf 89' lang='lat' dir='ltr'>legaliter</span> <span class='ocrx_word' id='word_1_82' title='bbox 1907 1319 2028 1372; x_wconf 86' lang='lat' dir='ltr'>per-</span> 
     </span>
    </p>
   </div>
   <div class='ocr_carea' id='block_1_14' title="bbox 333 1390 2029 1462">
    <p class='ocr_par' dir='ltr' id='par_1_14' title="bbox 333 1390 2029 1462">
     <span class='ocr_line' id='line_1_14' title="bbox 333 1390 2029 1462; baseline -0.003 -15"><span class='ocrx_word' id='word_1_83' title='bbox 333 1393 664 1455; x_wconf 86' lang='lat' dir='ltr'>tinentibus,</span> <span class='ocrx_word' id='word_1_84' title='bbox 696 1409 796 1462; x_wconf 90' lang='lat' dir='ltr'>per</span> <span class='ocrx_word' id='word_1_85' title='bbox 815 1393 959 1444; x_wconf 89' lang='lat' dir='ltr'>hanc</span> <span class='ocrx_word' id='word_1_86' title='bbox 981 1391 1334 1461; x_wconf 89' lang='lat' dir='ltr'>imperialem</span> <span class='ocrx_word' id='word_1_87' title='bbox 1357 1390 1629 1460; x_wconf 78' lang='lat' dir='ltr'>paginam</span> <span class='ocrx_word' id='word_1_88' title='bbox 1655 1391 1710 1442; x_wconf 90' lang='lat' dir='ltr'>in</span> <span class='ocrx_word' id='word_1_89' title='bbox 1731 1391 2029 1460; x_wconf 91' lang='lat' dir='ltr'>proprium</span> 
     </span>
    </p>
   </div>
   <div class='ocr_carea' id='block_1_15' title="bbox 330 1479 2028 1551">
    <p class='ocr_par' dir='ltr' id='par_1_15' title="bbox 330 1479 2028 1551">
     <span class='ocr_line' id='line_1_15' title="bbox 330 1479 2028 1551; baseline -0.002 -17"><span class='ocrx_word' id='word_1_90' title='bbox 330 1481 625 1551; x_wconf 86' lang='lat' dir='ltr'>largimus,</span> <span class='ocrx_word' id='word_1_91' title='bbox 660 1480 1021 1533; x_wconf 87' lang='lat' dir='ltr'>concedimus</span> <span class='ocrx_word' id='word_1_92' title='bbox 1058 1485 1111 1532; x_wconf 89' lang='lat' dir='ltr'>et</span> <span class='ocrx_word' id='word_1_93' title='bbox 1135 1479 1547 1549; x_wconf 88' lang='lat' dir='ltr'>perpetualiter</span> <span class='ocrx_word' id='word_1_94' title='bbox 1590 1479 2028 1544; x_wconf 87' lang='lat' dir='ltr'>confirmamus;</span> 
     </span>
    </p>
   </div>
   <div class='ocr_carea' id='block_1_16' title="bbox 332 1567 2011 1636">
    <p class='ocr_par' dir='ltr' id='par_1_16' title="bbox 332 1567 2011 1636">
     <span class='ocr_line' id='line_1_16' title="bbox 332 1567 2011 1636; baseline -0.002 -14"><span class='ocrx_word' id='word_1_95' title='bbox 332 1585 398 1622; x_wconf 89' lang='lat' dir='ltr'>ea</span> <span class='ocrx_word' id='word_1_96' title='bbox 428 1569 689 1622; x_wconf 84' lang='lat' dir='ltr'>videlicet</span> <span class='ocrx_word' id='word_1_97' title='bbox 720 1569 936 1620; x_wconf 80' lang='lat' dir='ltr'>ratione</span> <span class='ocrx_word' id='word_1_98' title='bbox 984 1573 1045 1620; x_wconf 91' lang='lat' dir='ltr'>ut</span> <span class='ocrx_word' id='word_1_99' title='bbox 1100 1583 1203 1620; x_wconf 92' lang='lat' dir='ltr'>nec</span> <span class='ocrx_word' id='word_1_100' title='bbox 1238 1567 1542 1636; x_wconf 83' lang='lat' dir='ltr'>Episcopus</span> <span class='ocrx_word' id='word_1_101' title='bbox 1595 1567 1848 1636; x_wconf 80' lang='lat' dir='ltr'>ejusdem</span> <span class='ocrx_word' id='word_1_102' title='bbox 1882 1567 2011 1630; x_wconf 85' lang='lat' dir='ltr'>loci,</span> 
     </span>
    </p>
   </div>
   <div class='ocr_carea' id='block_1_17' title="bbox 331 1654 2027 1727">
    <p class='ocr_par' dir='ltr' id='par_1_17' title="bbox 331 1654 2027 1727">
     <span class='ocr_line' id='line_1_17' title="bbox 331 1654 2027 1727; baseline -0.002 -17"><span class='ocrx_word' id='word_1_103' title='bbox 331 1657 604 1727; x_wconf 89' lang='lat' dir='ltr'>nullaque</span> <span class='ocrx_word' id='word_1_104' title='bbox 668 1656 910 1710; x_wconf 86' lang='lat' dir='ltr'>Ecclesia</span> <span class='ocrx_word' id='word_1_105' title='bbox 962 1656 1052 1708; x_wconf 91' lang='lat' dir='ltr'>vel</span> <span class='ocrx_word' id='word_1_106' title='bbox 1108 1655 1413 1724; x_wconf 87' lang='lat' dir='ltr'>judiciaria</span> <span class='ocrx_word' id='word_1_107' title='bbox 1467 1670 1711 1724; x_wconf 86' lang='lat' dir='ltr'>persona</span> <span class='ocrx_word' id='word_1_108' title='bbox 1773 1654 2027 1724; x_wconf 85' lang='lat' dir='ltr'>aliquam</span> 
     </span>
    </p>
   </div>
   <div class='ocr_carea' id='block_1_18' title="bbox 330 1742 2026 1813">
    <p class='ocr_par' dir='ltr' id='par_1_18' title="bbox 330 1742 2026 1813">
     <span class='ocr_line' id='line_1_18' title="bbox 330 1742 2026 1813; baseline -0.002 -16"><span class='ocrx_word' id='word_1_109' title='bbox 330 1743 540 1798; x_wconf 83' lang='lat' dir='ltr'>habeat</span> <span class='ocrx_word' id='word_1_110' title='bbox 572 1747 932 1813; x_wconf 87' lang='lat' dir='ltr'>potestatem,</span> <span class='ocrx_word' id='word_1_111' title='bbox 975 1743 1453 1812; x_wconf 73' lang='lat' dir='ltr'>praeuominatam</span> <span class='ocrx_word' id='word_1_112' title='bbox 1485 1749 1705 1794; x_wconf 90' lang='lat' dir='ltr'>curtem</span> <span class='ocrx_word' id='word_1_113' title='bbox 1767 1742 2026 1794; x_wconf 71' lang='lat' dir='ltr'>Ecclesiae</span> 
     </span>
    </p>
   </div>
   <div class='ocr_carea' id='block_1_19' title="bbox 330 1829 2029 1902">
    <p class='ocr_par' dir='ltr' id='par_1_19' title="bbox 330 1829 2029 1902">
     <span class='ocr_line' id='line_1_19' title="bbox 330 1829 2029 1902; baseline -0.002 -18"><span class='ocrx_word' id='word_1_114' title='bbox 330 1831 584 1902; x_wconf 67' lang='lat' dir='ltr'>praefatae</span> <span class='ocrx_word' id='word_1_115' title='bbox 615 1831 862 1897; x_wconf 86' lang='lat' dir='ltr'>auferre,</span> <span class='ocrx_word' id='word_1_116' title='bbox 896 1831 985 1884; x_wconf 90' lang='lat' dir='ltr'>vel</span> <span class='ocrx_word' id='word_1_117' title='bbox 1019 1830 1214 1883; x_wconf 89' lang='lat' dir='ltr'>usibus</span> <span class='ocrx_word' id='word_1_118' title='bbox 1242 1830 1484 1883; x_wconf 87' lang='lat' dir='ltr'>fratrum</span> <span class='ocrx_word' id='word_1_119' title='bbox 1525 1829 1738 1882; x_wconf 87' lang='lat' dir='ltr'>ibidem</span> <span class='ocrx_word' id='word_1_120' title='bbox 1768 1829 1870 1882; x_wconf 88' lang='lat' dir='ltr'>sub</span> <span class='ocrx_word' id='word_1_121' title='bbox 1912 1845 2029 1881; x_wconf 91' lang='lat' dir='ltr'>mo-</span> 
     </span>
    </p>
   </div>
   <div class='ocr_carea' id='block_1_20' title="bbox 329 1916 2029 1972">
    <p class='ocr_par' dir='ltr' id='par_1_20' title="bbox 329 1916 2029 1972">
     <span class='ocr_line' id='line_1_20' title="bbox 329 1916 2029 1972; baseline -0.002 0"><span class='ocrx_word' id='word_1_122' title='bbox 329 1919 566 1972; x_wconf 89' lang='lat' dir='ltr'>nachica</span> <span class='ocrx_word' id='word_1_123' title='bbox 595 1917 950 1971; x_wconf 83' lang='lat' dir='ltr'>institutione</span> <span class='ocrx_word' id='word_1_124' title='bbox 985 1919 1098 1970; x_wconf 74' lang='lat' dir='ltr'>Deo</span> <span class='ocrx_word' id='word_1_125' title='bbox 1135 1916 1504 1970; x_wconf 85' lang='lat' dir='ltr'>servientium</span> <span class='ocrx_word' id='word_1_126' title='bbox 1555 1916 1877 1968; x_wconf 88' lang='lat' dir='ltr'>abalienare</span> <span class='ocrx_word' id='word_1_127' title='bbox 1935 1916 2029 1968; x_wconf 88' lang='lat' dir='ltr'>sed</span> 
     </span>
    </p>
   </div>
   <div class='ocr_carea' id='block_1_21' title="bbox 331 2004 2030 2077">
    <p class='ocr_par' dir='ltr' id='par_1_21' title="bbox 331 2004 2030 2077">
     <span class='ocr_line' id='line_1_21' title="bbox 331 2004 2030 2077; baseline -0.002 -17"><span class='ocrx_word' id='word_1_128' title='bbox 331 2006 640 2077; x_wconf 89' lang='lat' dir='ltr'>praedictus</span> <span class='ocrx_word' id='word_1_129' title='bbox 672 2005 965 2060; x_wconf 86' lang='lat' dir='ltr'>Richolfus</span> <span class='ocrx_word' id='word_1_130' title='bbox 989 2005 1247 2074; x_wconf 82' lang='lat' dir='ltr'>ejusdem</span> <span class='ocrx_word' id='word_1_131' title='bbox 1283 2004 1388 2056; x_wconf 91' lang='lat' dir='ltr'>loci</span> <span class='ocrx_word' id='word_1_132' title='bbox 1447 2004 1620 2056; x_wconf 90' lang='lat' dir='ltr'>abbas</span> <span class='ocrx_word' id='word_1_133' title='bbox 1671 2004 1874 2073; x_wconf 87' lang='lat' dir='ltr'>suique</span> <span class='ocrx_word' id='word_1_134' title='bbox 1914 2020 2030 2056; x_wconf 90' lang='lat' dir='ltr'>suc-</span> 
     </span>
    </p>
   </div>
   <div class='ocr_carea' id='block_1_22' title="bbox 332 2092 2029 2161">
    <p class='ocr_par' dir='ltr' id='par_1_22' title="bbox 332 2092 2029 2161">
     <span class='ocr_line' id='line_1_22' title="bbox 332 2092 2029 2161; baseline -0.003 -13"><span class='ocrx_word' id='word_1_135' title='bbox 332 2094 849 2148; x_wconf 89' lang='lat' dir='ltr'>cessoresliberam</span> <span class='ocrx_word' id='word_1_136' title='bbox 905 2093 1108 2146; x_wconf 86' lang='lat' dir='ltr'>exinde</span> <span class='ocrx_word' id='word_1_137' title='bbox 1167 2092 1418 2146; x_wconf 89' lang='lat' dir='ltr'>habeant</span> <span class='ocrx_word' id='word_1_138' title='bbox 1464 2097 1803 2160; x_wconf 90' lang='lat' dir='ltr'>potestatem</span> <span class='ocrx_word' id='word_1_139' title='bbox 1863 2093 2029 2161; x_wconf 89' lang='lat' dir='ltr'>quid—</span> 
     </span>
    </p>
   </div>
   <div class='ocr_carea' id='block_1_23' title="bbox 332 2179 2030 2252">
    <p class='ocr_par' dir='ltr' id='par_1_23' title="bbox 332 2179 2030 2252">
     <span class='ocr_line' id='line_1_23' title="bbox 332 2179 2030 2252; baseline -0.002 -17"><span class='ocrx_word' id='word_1_140' title='bbox 332 2181 470 2252; x_wconf 86' lang='lat' dir='ltr'>quid</span> <span class='ocrx_word' id='word_1_141' title='bbox 490 2181 570 2235; x_wconf 91' lang='lat' dir='ltr'>eis</span> <span class='ocrx_word' id='word_1_142' title='bbox 603 2181 881 2252; x_wconf 81' lang='lat' dir='ltr'>placuerit</span> <span class='ocrx_word' id='word_1_143' title='bbox 913 2181 1175 2247; x_wconf 86' lang='lat' dir='ltr'>faciendi,</span> <span class='ocrx_word' id='word_1_144' title='bbox 1203 2181 1273 2234; x_wconf 89' lang='lat' dir='ltr'>ad</span> <span class='ocrx_word' id='word_1_145' title='bbox 1299 2179 1606 2234; x_wconf 89' lang='lat' dir='ltr'>utilitatem</span> <span class='ocrx_word' id='word_1_146' title='bbox 1628 2181 2030 2232; x_wconf 88' lang='lat' dir='ltr'>tantummodo</span> 
     </span>
    </p>
   </div>
   <div class='ocr_carea' id='block_1_24' title="bbox 332 2267 2031 2336">
    <p class='ocr_par' dir='ltr' id='par_1_24' title="bbox 332 2267 2031 2336">
     <span class='ocr_line' id='line_1_24' title="bbox 332 2267 2031 2336; baseline -0.002 -14"><span class='ocrx_word' id='word_1_147' title='bbox 332 2270 577 2322; x_wconf 86' lang='lat' dir='ltr'>fratrum</span> <span class='ocrx_word' id='word_1_148' title='bbox 629 2269 844 2322; x_wconf 88' lang='lat' dir='ltr'>ibidem</span> <span class='ocrx_word' id='word_1_149' title='bbox 903 2268 1008 2322; x_wconf 91' lang='lat' dir='ltr'>sub</span> <span class='ocrx_word' id='word_1_150' title='bbox 1082 2269 1280 2336; x_wconf 89' lang='lat' dir='ltr'>regula</span> <span class='ocrx_word' id='word_1_151' title='bbox 1343 2267 1520 2320; x_wconf 86' lang='lat' dir='ltr'>sancti</span> <span class='ocrx_word' id='word_1_152' title='bbox 1568 2267 1852 2320; x_wconf 88' lang='lat' dir='ltr'>Benedicti</span> <span class='ocrx_word' id='word_1_153' title='bbox 1916 2269 2031 2320; x_wconf 87' lang='lat' dir='ltr'>Deo</span> 
     </span>
    </p>
   </div>
   <div class='ocr_carea' id='block_1_25' title="bbox 333 2355 2034 2427">
    <p class='ocr_par' dir='ltr' id='par_1_25' title="bbox 333 2355 2034 2427">
     <span class='ocr_line' id='line_1_25' title="bbox 333 2355 2034 2427; baseline -0.002 -17"><span class='ocrx_word' id='word_1_154' title='bbox 333 2362 646 2427; x_wconf 89' lang='lat' dir='ltr'>sanctoque</span> <span class='ocrx_word' id='word_1_155' title='bbox 671 2357 1098 2411; x_wconf 86' lang='lat' dir='ltr'>Heimmeramo</span> <span class='ocrx_word' id='word_1_156' title='bbox 1121 2356 1549 2420; x_wconf 88' lang='lat' dir='ltr'>famulantium,</span> <span class='ocrx_word' id='word_1_157' title='bbox 1574 2356 1830 2408; x_wconf 91' lang='lat' dir='ltr'>omnium</span> <span class='ocrx_word' id='word_1_158' title='bbox 1852 2355 2034 2408; x_wconf 88' lang='lat' dir='ltr'>homi-</span> 
     </span>
    </p>
   </div>
   <div class='ocr_carea' id='block_1_26' title="bbox 329 2443 2029 2512">
    <p class='ocr_par' dir='ltr' id='par_1_26' title="bbox 329 2443 2029 2512">
     <span class='ocr_line' id='line_1_26' title="bbox 329 2443 2029 2512; baseline -0.001 -15"><span class='ocrx_word' id='word_1_159' title='bbox 329 2461 470 2498; x_wconf 92' lang='lat' dir='ltr'>num</span> <span class='ocrx_word' id='word_1_160' title='bbox 502 2445 948 2498; x_wconf 87' lang='lat' dir='ltr'>contradictione</span> <span class='ocrx_word' id='word_1_161' title='bbox 974 2449 1213 2498; x_wconf 87' lang='lat' dir='ltr'>remota.</span> <span class='ocrx_word' id='word_1_162' title='bbox 1250 2445 1314 2497; x_wconf 89' lang='lat' dir='ltr'>Et</span> <span class='ocrx_word' id='word_1_163' title='bbox 1345 2449 1409 2497; x_wconf 92' lang='lat' dir='ltr'>ut</span> <span class='ocrx_word' id='word_1_164' title='bbox 1443 2444 1563 2496; x_wconf 63' lang='lat' dir='ltr'>haec</span> <span class='ocrx_word' id='word_1_165' title='bbox 1605 2450 1817 2497; x_wconf 59' lang='lat' dir='ltr'>nostra;</span> <span class='ocrx_word' id='word_1_166' title='bbox 1856 2443 2029 2512; x_wconf 84' lang='lat' dir='ltr'>largi-</span> 
     </span>
    </p>
   </div>
   <div class='ocr_carea' id='block_1_27' title="bbox 331 2532 2027 2597">
    <p class='ocr_par' dir='ltr' id='par_1_27' title="bbox 331 2532 2027 2597">
     <span class='ocr_line' id='line_1_27' title="bbox 331 2532 2027 2597; baseline -0.002 -11"><span class='ocrx_word' id='word_1_167' title='bbox 331 2532 524 2597; x_wconf 89' lang='lat' dir='ltr'>tionis,</span> <span class='ocrx_word' id='word_1_168' title='bbox 611 2533 990 2585; x_wconf 79' lang='lat' dir='ltr'>conCessionis</span> <span class='ocrx_word' id='word_1_169' title='bbox 1063 2537 1120 2586; x_wconf 91' lang='lat' dir='ltr'>et</span> <span class='ocrx_word' id='word_1_170' title='bbox 1213 2532 1666 2585; x_wconf 86' lang='lat' dir='ltr'>confirmationis</span> <span class='ocrx_word' id='word_1_171' title='bbox 1719 2533 2027 2584; x_wconf 80' lang='lat' dir='ltr'>auctoritas</span> 
     </span>
    </p>
   </div>
   <div class='ocr_carea' id='block_1_28' title="bbox 333 2620 2030 2689">
    <p class='ocr_par' dir='ltr' id='par_1_28' title="bbox 333 2620 2030 2689">
     <span class='ocr_line' id='line_1_28' title="bbox 333 2620 2030 2689; baseline -0.002 -16"><span class='ocrx_word' id='word_1_172' title='bbox 333 2621 552 2674; x_wconf 89' lang='lat' dir='ltr'>stabilis</span> <span class='ocrx_word' id='word_1_173' title='bbox 611 2625 666 2673; x_wconf 89' lang='lat' dir='ltr'>et</span> <span class='ocrx_word' id='word_1_174' title='bbox 717 2621 1050 2673; x_wconf 88' lang='lat' dir='ltr'>inconvulsa</span> <span class='ocrx_word' id='word_1_175' title='bbox 1127 2620 1285 2673; x_wconf 90' lang='lat' dir='ltr'>omni</span> <span class='ocrx_word' id='word_1_176' title='bbox 1338 2625 1672 2689; x_wconf 86' lang='lat' dir='ltr'>permaneat</span> <span class='ocrx_word' id='word_1_177' title='bbox 1724 2636 1864 2686; x_wconf 75' lang='lat' dir='ltr'>aevo,</span> <span class='ocrx_word' id='word_1_178' title='bbox 1924 2620 2030 2672; x_wconf 87' lang='lat' dir='ltr'>hoc</span> 
     </span>
    </p>
   </div>
   <div class='ocr_carea' id='block_1_29' title="bbox 330 2708 2031 2778">
    <p class='ocr_par' dir='ltr' id='par_1_29' title="bbox 330 2708 2031 2778">
     <span class='ocr_line' id='line_1_29' title="bbox 330 2708 2031 2778; baseline 0.001 -19"><span class='ocrx_word' id='word_1_179' title='bbox 330 2715 680 2777; x_wconf 63' lang='lat' dir='ltr'>prmceptum</span> <span class='ocrx_word' id='word_1_180' title='bbox 729 2708 862 2761; x_wconf 89' lang='lat' dir='ltr'>inde</span> <span class='ocrx_word' id='word_1_181' title='bbox 917 2709 1301 2778; x_wconf 91' lang='lat' dir='ltr'>conscriptum</span> <span class='ocrx_word' id='word_1_182' title='bbox 1358 2708 1592 2778; x_wconf 90' lang='lat' dir='ltr'>propria</span> <span class='ocrx_word' id='word_1_183' title='bbox 1637 2724 1812 2760; x_wconf 90' lang='lat' dir='ltr'>manu</span> <span class='ocrx_word' id='word_1_184' title='bbox 1845 2724 2031 2761; x_wconf 89' lang='lat' dir='ltr'>corro-</span> 
     </span>
    </p>
   </div>
   <div class='ocr_carea' id='block_1_30' title="bbox 328 2795 2027 2866">
    <p class='ocr_par' dir='ltr' id='par_1_30' title="bbox 328 2795 2027 2866">
     <span class='ocr_line' id='line_1_30' title="bbox 328 2795 2027 2866; baseline -0.001 -18"><span class='ocrx_word' id='word_1_185' title='bbox 328 2795 596 2848; x_wconf 87' lang='lat' dir='ltr'>borantes</span> <span class='ocrx_word' id='word_1_186' title='bbox 640 2795 813 2865; x_wconf 84' lang='lat' dir='ltr'>sigilli</span> <span class='ocrx_word' id='word_1_187' title='bbox 890 2796 1071 2849; x_wconf 87' lang='lat' dir='ltr'>nostri</span> <span class='ocrx_word' id='word_1_188' title='bbox 1121 2795 1499 2866; x_wconf 87' lang='lat' dir='ltr'>impressione</span> <span class='ocrx_word' id='word_1_189' title='bbox 1543 2797 1823 2865; x_wconf 89' lang='lat' dir='ltr'>jussimus</span> <span class='ocrx_word' id='word_1_190' title='bbox 1885 2796 2027 2848; x_wconf 89' lang='lat' dir='ltr'>insi-</span> 
     </span>
    </p>
   </div>
   <div class='ocr_carea' id='block_1_31' title="bbox 332 2883 505 2954">
    <p class='ocr_par' dir='ltr' id='par_1_31' title="bbox 332 2883 505 2954">
     <span class='ocr_line' id='line_1_31' title="bbox 332 2883 505 2954; baseline 0.006 -19"><span class='ocrx_word' id='word_1_191' title='bbox 332 2883 505 2954; x_wconf 90' lang='lat' dir='ltr'>gniri.</span> 
     </span>
    </p>
   </div>
   <div class='ocr_carea' id='block_1_32' title="bbox 400 2972 2028 3038">
    <p class='ocr_par' dir='ltr' id='par_1_32' title="bbox 400 2972 2028 3038">
     <span class='ocr_line' id='line_1_32' title="bbox 400 2972 2028 3038; baseline 0 -12"><span class='ocrx_word' id='word_1_192' title='bbox 400 2973 626 3038; x_wconf 84' lang='lat' dir='ltr'>Signum</span> <span class='ocrx_word' id='word_1_193' title='bbox 708 2972 894 3026; x_wconf 83' lang='lat' dir='ltr'>domui</span> <span class='ocrx_word' id='word_1_194' title='bbox 962 2975 1185 3027; x_wconf 82' lang='lat' dir='ltr'>Henrici</span> <span class='ocrx_word' id='word_1_195' title='bbox 1238 2975 1589 3028; x_wconf 74' lang='lat' dir='ltr'>invictissimi</span> <span class='ocrx_word' id='word_1_196' title='bbox 1663 2975 2028 3028; x_wconf 84' lang='lat' dir='ltr'>Romanorum</span> 
     </span>
    </p>
   </div>
   <div class='ocr_carea' id='block_1_33' title="bbox 330 3061 1264 3131">
    <p class='ocr_par' dir='ltr' id='par_1_33' title="bbox 330 3061 1264 3131">
     <span class='ocr_line' id='line_1_33' title="bbox 330 3061 1264 3131; baseline 0.002 -19"><span class='ocrx_word' id='word_1_197' title='bbox 330 3061 462 3128; x_wconf 86' lang='lat' dir='ltr'>imp.</span> <span class='ocrx_word' id='word_1_198' title='bbox 498 3062 538 3113; x_wconf 86' lang='lat' dir='ltr'><strong><em>A</em></strong></span> <span class='ocrx_word' id='word_1_199' title='bbox 552 3063 754 3126; x_wconf 85' lang='lat' dir='ltr'>ugusti.</span> <span class='ocrx_word' id='word_1_200' title='bbox 793 3063 1264 3131; x_wconf 76' lang='lat' dir='ltr'>(Monogramma.)</span> 
     </span>
    </p>
   </div>
   <div class='ocr_carea' id='block_1_34' title="bbox 397 3148 2025 3203">
    <p class='ocr_par' dir='ltr' id='par_1_34' title="bbox 397 3148 2025 3203">
     <span class='ocr_line' id='line_1_34' title="bbox 397 3148 2025 3203; baseline 0.001 -3"><span class='ocrx_word' id='word_1_201' title='bbox 397 3148 742 3201; x_wconf 73' lang='lat' dir='ltr'>Gunther-ius</span> <span class='ocrx_word' id='word_1_202' title='bbox 767 3149 1140 3203; x_wconf 87' lang='lat' dir='ltr'>cancellarius</span> <span class='ocrx_word' id='word_1_203' title='bbox 1167 3150 1239 3203; x_wconf 92' lang='lat' dir='ltr'>ad</span> <span class='ocrx_word' id='word_1_204' title='bbox 1282 3149 1465 3202; x_wconf 90' lang='lat' dir='ltr'>vicem</span> <span class='ocrx_word' id='word_1_205' title='bbox 1513 3148 1862 3203; x_wconf 84' lang='lat' dir='ltr'>Erkenbaldi</span> <span class='ocrx_word' id='word_1_206' title='bbox 1917 3151 2025 3202; x_wconf 84' lang='lat' dir='ltr'>Ar-</span> 
     </span>
    </p>
   </div>
   <div class='ocr_carea' id='block_1_35' title="bbox 331 3234 1058 3304">
    <p class='ocr_par' dir='ltr' id='par_1_35' title="bbox 331 3234 1058 3304">
     <span class='ocr_line' id='line_1_35' title="bbox 331 3234 1058 3304; baseline 0.001 -17"><span class='ocrx_word' id='word_1_207' title='bbox 331 3234 700 3304; x_wconf 88' lang='lat' dir='ltr'>chicapellani</span> <span class='ocrx_word' id='word_1_208' title='bbox 732 3237 1058 3303; x_wconf 84' lang='lat' dir='ltr'>recognovi.</span> 
     </span>
    </p>
   </div>
   <div class='ocr_carea' id='block_1_36' title="bbox 405 3323 2028 3389">
    <p class='ocr_par' dir='ltr' id='par_1_36' title="bbox 405 3323 2028 3389">
     <span class='ocr_line' id='line_1_36' title="bbox 405 3323 2028 3389; baseline 0.002 -15"><span class='ocrx_word' id='word_1_209' title='bbox 405 3323 543 3375; x_wconf 89' lang='lat' dir='ltr'>Data</span> <span class='ocrx_word' id='word_1_210' title='bbox 583 3339 610 3374; x_wconf 89' lang='lat' dir='ltr'>v</span> <span class='ocrx_word' id='word_1_211' title='bbox 639 3325 826 3376; x_wconf 76' lang='lat' dir='ltr'>Nonas</span> <span class='ocrx_word' id='word_1_212' title='bbox 855 3324 1012 3389; x_wconf 83' lang='lat' dir='ltr'>Julii,</span> <span class='ocrx_word' id='word_1_213' title='bbox 1038 3323 1234 3378; x_wconf 90' lang='lat' dir='ltr'>indict.</span> <span class='ocrx_word' id='word_1_214' title='bbox 1266 3340 1347 3389; x_wconf 79' lang='grc' dir='ltr'><strong>ιιι,</strong></span> <span class='ocrx_word' id='word_1_215' title='bbox 1392 3341 1540 3377; x_wconf 88' lang='lat' dir='ltr'>anno</span> <span class='ocrx_word' id='word_1_216' title='bbox 1582 3324 1889 3378; x_wconf 73' lang='lat' dir='ltr'>Dominicas</span> <span class='ocrx_word' id='word_1_217' title='bbox 1939 3324 2028 3378; x_wconf 92' lang='lat' dir='ltr'>in-</span> 
     </span>
    </p>
   </div>
   <div class='ocr_carea' id='block_1_37' title="bbox 328 3411 2028 3479">
    <p class='ocr_par' dir='ltr' id='par_1_37' title="bbox 328 3411 2028 3479">
     <span class='ocr_line' id='line_1_37' title="bbox 328 3411 2028 3479; baseline 0.002 -17"><span class='ocrx_word' id='word_1_218' title='bbox 328 3411 673 3463; x_wconf 88' lang='lat' dir='ltr'>carnationis</span> <span class='ocrx_word' id='word_1_219' title='bbox 735 3414 890 3479; x_wconf 82' lang='grc'>1021,</span> <span class='ocrx_word' id='word_1_220' title='bbox 947 3428 1095 3465; x_wconf 90' lang='lat' dir='ltr'>anno</span> <span class='ocrx_word' id='word_1_221' title='bbox 1156 3428 1288 3464; x_wconf 87' lang='lat' dir='ltr'>vero</span> <span class='ocrx_word' id='word_1_222' title='bbox 1321 3412 1518 3466; x_wconf 86' lang='lat' dir='ltr'>domui</span> <span class='ocrx_word' id='word_1_223' title='bbox 1571 3413 1795 3466; x_wconf 88' lang='lat' dir='ltr'>Henrici</span> <span class='ocrx_word' id='word_1_224' title='bbox 1845 3415 1890 3466; x_wconf 92' lang='lat' dir='ltr'>ll</span> <span class='ocrx_word' id='word_1_225' title='bbox 1937 3429 2028 3466; x_wconf 87' lang='lat' dir='ltr'>re-</span> 
     </span>
    </p>
   </div>
   <div class='ocr_carea' id='block_1_38' title="bbox 327 3497 2023 3568">
    <p class='ocr_par' dir='ltr' id='par_1_38' title="bbox 327 3497 2023 3568">
     <span class='ocr_line' id='line_1_38' title="bbox 327 3497 2023 3568; baseline 0.002 -19"><span class='ocrx_word' id='word_1_226' title='bbox 327 3497 557 3565; x_wconf 87' lang='lat' dir='ltr'>gnantis</span> <span class='ocrx_word' id='word_1_227' title='bbox 588 3514 678 3562; x_wconf 81' lang='lat' dir='ltr'>xx,</span> <span class='ocrx_word' id='word_1_228' title='bbox 735 3499 1069 3568; x_wconf 88' lang='lat' dir='ltr'>imperantis</span> <span class='ocrx_word' id='word_1_229' title='bbox 1118 3504 1312 3552; x_wconf 86' lang='lat' dir='ltr'>autem</span> <span class='ocrx_word' id='word_1_230' title='bbox 1372 3516 1487 3552; x_wconf 86' lang='lat' dir='ltr'>vm.</span> <span class='ocrx_word' id='word_1_231' title='bbox 1522 3503 1726 3553; x_wconf 81' lang='lat' dir='ltr'>Actum</span> <span class='ocrx_word' id='word_1_232' title='bbox 1775 3500 2023 3555; x_wconf 68' lang='lat' dir='ltr'>Coloniae</span> 
     </span>
    </p>
   </div>
   <div class='ocr_carea' id='block_1_39' title="bbox 326 3586 837 3641">
    <p class='ocr_par' dir='ltr' id='par_1_39' title="bbox 326 3586 837 3641">
     <span class='ocr_line' id='line_1_39' title="bbox 326 3586 837 3641; baseline 0.004 -3"><span class='ocrx_word' id='word_1_233' title='bbox 326 3586 586 3639; x_wconf 84' lang='lat' dir='ltr'>feliciter.</span> <span class='ocrx_word' id='word_1_234' title='bbox 638 3591 837 3641; x_wconf 84' lang='lat' dir='ltr'>Amen.</span> 
     </span>
    </p>
   </div>
   <div class='ocr_carea' id='block_1_40' title="bbox 397 3676 1430 3744">
    <p class='ocr_par' dir='ltr' id='par_1_40' title="bbox 397 3676 1430 3744">
     <span class='ocr_line' id='line_1_40' title="bbox 397 3676 1430 3744; baseline 0 -14"><span class='ocrx_word' id='word_1_235' title='bbox 397 3676 652 3741; x_wconf 82' lang='lat' dir='ltr'>Sigillum</span> <span class='ocrx_word' id='word_1_236' title='bbox 681 3676 895 3744; x_wconf 79' lang='lat' dir='ltr'>majest.</span> <span class='ocrx_word' id='word_1_237' title='bbox 933 3677 1203 3743; x_wconf 82' lang='lat' dir='ltr'>integrum</span> <span class='ocrx_word' id='word_1_238' title='bbox 1234 3681 1430 3730; x_wconf 66' lang='lat' dir='ltr'>exstat.</span> 
     </span>
    </p>
   </div>
   <div class='ocr_carea' id='block_1_41' title="bbox 1076 3783 1277 3835">
    <p class='ocr_par' dir='ltr' id='par_1_41' title="bbox 1076 3783 1277 3835">
     <span class='ocr_line' id='line_1_41' title="bbox 1076 3783 1277 3835; baseline -0.01 0"><span class='ocrx_word' id='word_1_239' title='bbox 1076 3783 1277 3835; x_wconf 80' lang='lat' dir='ltr'>CXXII.</span> 
     </span>
    </p>
   </div>
   <div class='ocr_carea' id='block_1_42' title="bbox 329 3868 2025 3937">
    <p class='ocr_par' dir='ltr' id='par_1_42' title="bbox 329 3868 2025 3937">
     <span class='ocr_line' id='line_1_42' title="bbox 329 3868 2025 3937; baseline 0.001 -15"><span class='ocrx_word' id='word_1_240' title='bbox 329 3868 386 3922; x_wconf 93' lang='lat' dir='ltr'>S.</span> <span class='ocrx_word' id='word_1_241' title='bbox 435 3870 702 3922; x_wconf 82' lang='lat' dir='ltr'>Henricus</span> <span class='ocrx_word' id='word_1_242' title='bbox 761 3869 928 3922; x_wconf 86' lang='lat' dir='ltr'>donat</span> <span class='ocrx_word' id='word_1_243' title='bbox 979 3872 1304 3922; x_wconf 83' lang='lat' dir='ltr'>monasterio</span> <span class='ocrx_word' id='word_1_244' title='bbox 1362 3872 1632 3937; x_wconf 74' lang='lat' dir='ltr'>superiori</span> <span class='ocrx_word' id='word_1_245' title='bbox 1667 3871 1804 3924; x_wconf 88' lang='lat' dir='ltr'>duas</span> <span class='ocrx_word' id='word_1_246' title='bbox 1853 3877 2025 3925; x_wconf 77' lang='lat' dir='ltr'>terras</span> 
     </span>
    </p>
   </div>
   <div class='ocr_carea' id='block_1_43' title="bbox 399 3938 2022 4006">
    <p class='ocr_par' dir='ltr' id='par_1_43' title="bbox 399 3938 2022 4006">
     <span class='ocr_line' id='line_1_43' title="bbox 399 3938 2022 4006; baseline 0.003 -16"><span class='ocrx_word' id='word_1_247' title='bbox 399 3938 653 4006; x_wconf 78' lang='lat' dir='ltr'>(plaetze)</span> <span class='ocrx_word' id='word_1_248' title='bbox 676 3943 821 3992; x_wconf 81' lang='lat' dir='ltr'>intra</span> <span class='ocrx_word' id='word_1_249' title='bbox 855 3946 904 3992; x_wconf 83' lang='lat' dir='ltr'>et</span> <span class='ocrx_word' id='word_1_250' title='bbox 951 3945 1110 3992; x_wconf 74' lang='lat' dir='ltr'>earlra</span> <span class='ocrx_word' id='word_1_251' title='bbox 1141 3943 1336 3994; x_wconf 67' lang='lat' dir='ltr'>muenia</span> <span class='ocrx_word' id='word_1_252' title='bbox 1385 3944 1626 3995; x_wconf 78' lang='lat' dir='ltr'>civitatis</span> <span class='ocrx_word' id='word_1_253' title='bbox 1659 3943 2022 3995; x_wconf 77' lang='lat' dir='ltr'>Ratisboncn-</span> 
     </span>
    </p>
   </div>
   <div class='ocr_carea' id='block_1_44' title="bbox 395 4011 1012 4063">
    <p class='ocr_par' dir='ltr' id='par_1_44' title="bbox 395 4011 1012 4063">
     <span class='ocr_line' id='line_1_44' title="bbox 395 4011 1012 4063; baseline 0 -1"><span class='ocrx_word' id='word_1_254' title='bbox 395 4011 471 4062; x_wconf 84' lang='lat' dir='ltr'>sis</span> <span class='ocrx_word' id='word_1_255' title='bbox 501 4025 685 4063; x_wconf 87' lang='lat' dir='ltr'>versus</span> <span class='ocrx_word' id='word_1_256' title='bbox 713 4011 1012 4063; x_wconf 78' lang='lat' dir='ltr'>meridiem.</span> 
     </span>
    </p>
   </div>
   <div class='ocr_carea' id='block_1_45' title="bbox 824 4099 1525 4166">
    <p class='ocr_par' dir='ltr' id='par_1_45' title="bbox 824 4099 1525 4166">
     <span class='ocr_line' id='line_1_45' title="bbox 824 4099 1525 4166; baseline 0 -16"><span class='ocrx_word' id='word_1_257' title='bbox 824 4101 1008 4163; x_wconf 85' lang='lat' dir='ltr'>(Anno</span> <span class='ocrx_word' id='word_1_258' title='bbox 1045 4101 1198 4163; x_wconf 85' lang='grc'>1021,</span> <span class='ocrx_word' id='word_1_259' title='bbox 1238 4102 1319 4152; x_wconf 88' lang='grc'>12.</span> <span class='ocrx_word' id='word_1_260' title='bbox 1365 4099 1525 4166; x_wconf 91' lang='lat' dir='ltr'>Nov.)</span> 
     </span>
    </p>
   </div>
   <div class='ocr_carea' id='block_1_46' title="bbox 757 4183 1593 4258">
    <p class='ocr_par' dir='ltr' id='par_1_46' title="bbox 757 4183 1593 4258">
     <span class='ocr_line' id='line_1_46' title="bbox 757 4183 1593 4258; baseline 0.005 -21"><span class='ocrx_word' id='word_1_261' title='bbox 757 4183 944 4255; x_wconf 76' lang='lat' dir='ltr'>[ltied,</span> <span class='ocrx_word' id='word_1_262' title='bbox 977 4186 1072 4238; x_wconf 84' lang='lat' dir='ltr'>ubi</span> <span class='ocrx_word' id='word_1_263' title='bbox 1117 4201 1307 4254; x_wconf 86' lang='lat' dir='ltr'>supra,</span> <span class='ocrx_word' id='word_1_264' title='bbox 1351 4203 1410 4257; x_wconf 90' lang='lat' dir='ltr'>p.</span> <span class='ocrx_word' id='word_1_265' title='bbox 1447 4185 1593 4258; x_wconf 74' lang='lat'>138.]</span> 
     </span>
    </p>
   </div>
   <div class='ocr_carea' id='block_1_47' title="bbox 395 4290 2018 4361">
    <p class='ocr_par' dir='ltr' id='par_1_47' title="bbox 395 4290 2018 4361">
     <span class='ocr_line' id='line_1_47' title="bbox 395 4290 2018 4361; baseline 0.004 -18"><span class='ocrx_word' id='word_1_266' title='bbox 395 4291 457 4344; x_wconf 88' lang='lat' dir='ltr'>In</span> <span class='ocrx_word' id='word_1_267' title='bbox 491 4290 726 4344; x_wconf 89' lang='lat' dir='ltr'>nomine</span> <span class='ocrx_word' id='word_1_268' title='bbox 769 4296 976 4346; x_wconf 67' lang='lat' dir='ltr'>sanctae</span> <span class='ocrx_word' id='word_1_269' title='bbox 1009 4301 1064 4346; x_wconf 90' lang='lat' dir='ltr'>et</span> <span class='ocrx_word' id='word_1_270' title='bbox 1096 4293 1410 4347; x_wconf 60' lang='lat' dir='ltr'>individua;</span> <span class='ocrx_word' id='word_1_271' title='bbox 1467 4293 1778 4361; x_wconf 85' lang='lat' dir='ltr'>Trinitatis,</span> <span class='ocrx_word' id='word_1_272' title='bbox 1815 4295 2018 4349; x_wconf 75' lang='lat' dir='ltr'>HENRI-</span> 
     </span>
    </p>
   </div>
   <div class='ocr_carea' id='block_1_48' title="bbox 327 4377 1537 4451">
    <p class='ocr_par' dir='ltr' id='par_1_48' title="bbox 327 4377 1537 4451">
     <span class='ocr_line' id='line_1_48' title="bbox 327 4377 1537 4451; baseline 0.003 -21"><span class='ocrx_word' id='word_1_273' title='bbox 327 4393 442 4442; x_wconf 78' lang='lat' dir='ltr'>cus,</span> <span class='ocrx_word' id='word_1_274' title='bbox 472 4377 862 4432; x_wconf 86' lang='lat' dir='ltr'>Romanorum</span> <span class='ocrx_word' id='word_1_275' title='bbox 889 4379 1200 4450; x_wconf 90' lang='lat' dir='ltr'>imperator</span> <span class='ocrx_word' id='word_1_276' title='bbox 1231 4384 1537 4451; x_wconf 78' lang='lat' dir='ltr'>Augustus.</span> 
     </span>
    </p>
   </div>
   <div class='ocr_carea' id='block_1_49' title="bbox 394 4465 2021 4539">
    <p class='ocr_par' dir='ltr' id='par_1_49' title="bbox 394 4465 2021 4539">
     <span class='ocr_line' id='line_1_49' title="bbox 394 4465 2021 4539; baseline 0.004 -21"><span class='ocrx_word' id='word_1_277' title='bbox 394 4465 449 4518; x_wconf 90' lang='lat' dir='ltr'>Si</span> <span class='ocrx_word' id='word_1_278' title='bbox 483 4466 817 4521; x_wconf 83' lang='lat' dir='ltr'>Christianae</span> <span class='ocrx_word' id='word_1_279' title='bbox 851 4469 1148 4538; x_wconf 78' lang='lat' dir='ltr'>religionis</span> <span class='ocrx_word' id='word_1_280' title='bbox 1178 4475 1234 4522; x_wconf 87' lang='lat' dir='ltr'>et</span> <span class='ocrx_word' id='word_1_281' title='bbox 1261 4471 1534 4539; x_wconf 63' lang='lat' dir='ltr'>angelica:</span> <span class='ocrx_word' id='word_1_282' title='bbox 1573 4471 2021 4524; x_wconf 85' lang='lat' dir='ltr'>conversationis</span> 
     </span>
    </p>
   </div>
   <div class='ocr_carea' id='block_1_50' title="bbox 327 4556 2023 4627">
    <p class='ocr_par' dir='ltr' id='par_1_50' title="bbox 327 4556 2023 4627">
     <span class='ocr_line' id='line_1_50' title="bbox 327 4556 2023 4627; baseline 0.005 -23"><span class='ocrx_word' id='word_1_283' title='bbox 327 4557 610 4607; x_wconf 85' lang='lat' dir='ltr'>amatores</span> <span class='ocrx_word' id='word_1_284' title='bbox 641 4562 847 4608; x_wconf 66' lang='lat' dir='ltr'>nostra:</span> <span class='ocrx_word' id='word_1_285' title='bbox 878 4556 1232 4610; x_wconf 85' lang='lat' dir='ltr'>liberalitatis</span> <span class='ocrx_word' id='word_1_286' title='bbox 1260 4558 1562 4623; x_wconf 89' lang='lat' dir='ltr'>beneficio,</span> <span class='ocrx_word' id='word_1_287' title='bbox 1608 4573 1724 4627; x_wconf 90' lang='lat' dir='ltr'>quo</span> <span class='ocrx_word' id='word_1_288' title='bbox 1767 4560 2023 4612; x_wconf 89' lang='lat' dir='ltr'>securius</span> 
     </span>
    </p>
   </div>
   <div class='ocr_carea' id='block_1_51' title="bbox 327 4641 2023 4712">
    <p class='ocr_par' dir='ltr' id='par_1_51' title="bbox 327 4641 2023 4712">
     <span class='ocr_line' id='line_1_51' title="bbox 327 4641 2023 4712; baseline 0.004 -19"><span class='ocrx_word' id='word_1_289' title='bbox 327 4641 441 4694; x_wconf 88' lang='lat' dir='ltr'>Deo</span> <span class='ocrx_word' id='word_1_290' title='bbox 475 4643 684 4696; x_wconf 86' lang='lat' dir='ltr'>servire</span> <span class='ocrx_word' id='word_1_291' title='bbox 715 4644 955 4712; x_wconf 84' lang='lat' dir='ltr'>possint,</span> <span class='ocrx_word' id='word_1_292' title='bbox 999 4646 1280 4699; x_wconf 86' lang='lat' dir='ltr'>consolari</span> <span class='ocrx_word' id='word_1_293' title='bbox 1312 4647 1720 4709; x_wconf 85' lang='lat' dir='ltr'>studuerimus,</span> <span class='ocrx_word' id='word_1_294' title='bbox 1760 4653 1816 4700; x_wconf 92' lang='lat' dir='ltr'>et</span> <span class='ocrx_word' id='word_1_295' title='bbox 1863 4653 2023 4700; x_wconf 73' lang='lat' dir='ltr'>teter-</span> 
     </span>
    </p>
   </div>
   <div class='ocr_carea' id='block_1_52' title="bbox 320 4732 2022 4805">
    <p class='ocr_par' dir='ltr' id='par_1_52' title="bbox 320 4732 2022 4805">
     <span class='ocr_line' id='line_1_52' title="bbox 320 4732 2022 4805; baseline 0.005 -25"><span class='ocrx_word' id='word_1_296' title='bbox 320 4743 526 4781; x_wconf 89' lang='lat' dir='ltr'>norum</span> <span class='ocrx_word' id='word_1_297' title='bbox 545 4732 915 4799; x_wconf 60' lang='lat' dir='ltr'>praemiorum</span> <span class='ocrx_word' id='word_1_298' title='bbox 933 4749 1045 4786; x_wconf 90' lang='lat' dir='ltr'>una</span> <span class='ocrx_word' id='word_1_299' title='bbox 1067 4750 1194 4786; x_wconf 92' lang='lat' dir='ltr'>cum</span> <span class='ocrx_word' id='word_1_300' title='bbox 1211 4733 1320 4786; x_wconf 90' lang='lat' dir='ltr'>illis</span> <span class='ocrx_word' id='word_1_301' title='bbox 1335 4751 1437 4786; x_wconf 90' lang='lat' dir='ltr'>nos</span> <span class='ocrx_word' id='word_1_302' title='bbox 1452 4733 1757 4804; x_wconf 71' lang='lat' dir='ltr'>participes</span> <span class='ocrx_word' id='word_1_303' title='bbox 1775 4735 1896 4788; x_wconf 85' lang='lat' dir='ltr'>fieri</span> <span class='ocrx_word' id='word_1_304' title='bbox 1924 4752 2022 4805; x_wconf 85' lang='lat' dir='ltr'>spe</span> 
     </span>
    </p>
   </div>
   <div class='ocr_carea' id='block_1_53' title="bbox 321 4817 2022 4892">
    <p class='ocr_par' dir='ltr' id='par_1_53' title="bbox 321 4817 2022 4892">
     <span class='ocr_line' id='line_1_53' title="bbox 321 4817 2022 4892; baseline 0.004 -24"><span class='ocrx_word' id='word_1_305' title='bbox 321 4820 477 4868; x_wconf 88' lang='lat' dir='ltr'>certa</span> <span class='ocrx_word' id='word_1_306' title='bbox 511 4817 875 4882; x_wconf 89' lang='lat' dir='ltr'>confidimus,</span> <span class='ocrx_word' id='word_1_307' title='bbox 900 4818 1148 4887; x_wconf 89' lang='lat' dir='ltr'>proinde</span> <span class='ocrx_word' id='word_1_308' title='bbox 1181 4821 1448 4873; x_wconf 88' lang='lat' dir='ltr'>omnibus</span> <span class='ocrx_word' id='word_1_309' title='bbox 1479 4821 1686 4874; x_wconf 87' lang='lat' dir='ltr'>Christi</span> <span class='ocrx_word' id='word_1_310' title='bbox 1726 4822 2022 4892; x_wconf 89' lang='lat' dir='ltr'>nostrique</span> 
     </span>
    </p>
   </div>
   <div class='ocr_carea' id='block_1_54' title="bbox 321 4901 2025 4978">
    <p class='ocr_par' dir='ltr' id='par_1_54' title="bbox 321 4901 2025 4978">
     <span class='ocr_line' id='line_1_54' title="bbox 321 4901 2025 4978; baseline 0.005 -25"><span class='ocrx_word' id='word_1_311' title='bbox 321 4901 586 4955; x_wconf 86' lang='lat' dir='ltr'>fidelibus</span> <span class='ocrx_word' id='word_1_312' title='bbox 610 4902 1180 4975; x_wconf 87' lang='lat' dir='ltr'>innotescatqualiter</span> <span class='ocrx_word' id='word_1_313' title='bbox 1198 4923 1321 4974; x_wconf 90' lang='lat' dir='ltr'>nos,</span> <span class='ocrx_word' id='word_1_314' title='bbox 1347 4924 1448 4978; x_wconf 91' lang='lat' dir='ltr'>per</span> <span class='ocrx_word' id='word_1_315' title='bbox 1468 4907 1854 4962; x_wconf 90' lang='lat' dir='ltr'>interventum</span> <span class='ocrx_word' id='word_1_316' title='bbox 1880 4912 2025 4964; x_wconf 88' lang='lat' dir='ltr'>Hen-</span> 
     </span>
    </p>
   </div>
   <div class='ocr_carea' id='block_1_55' title="bbox 321 4989 2022 5051">
    <p class='ocr_par' dir='ltr' id='par_1_55' title="bbox 321 4989 2022 5051">
     <span class='ocr_line' id='line_1_55' title="bbox 321 4989 2022 5051; baseline 0.005 -10"><span class='ocrx_word' id='word_1_317' title='bbox 321 4989 426 5042; x_wconf 88' lang='lat' dir='ltr'>rici</span> <span class='ocrx_word' id='word_1_318' title='bbox 456 4989 613 5043; x_wconf 89' lang='lat' dir='ltr'>ducis</span> <span class='ocrx_word' id='word_1_319' title='bbox 647 4992 908 5046; x_wconf 67' lang='lat' dir='ltr'>Bawariae</span> <span class='ocrx_word' id='word_1_320' title='bbox 934 4993 1160 5048; x_wconf 85' lang='lat' dir='ltr'>cuidam</span> <span class='ocrx_word' id='word_1_321' title='bbox 1195 4996 1447 5049; x_wconf 70' lang='lat' dir='ltr'>ecclesiae</span> <span class='ocrx_word' id='word_1_322' title='bbox 1477 4995 1535 5049; x_wconf 91' lang='lat' dir='ltr'>in</span> <span class='ocrx_word' id='word_1_323' title='bbox 1571 4997 1853 5050; x_wconf 85' lang='lat' dir='ltr'>honorem</span> <span class='ocrx_word' id='word_1_324' title='bbox 1900 5014 2022 5051; x_wconf 88' lang='lat' dir='ltr'>san-</span> 
     </span>
    </p>
   </div>
   <div class='ocr_carea' id='block_1_56' title="bbox 319 5079 2028 5153">
    <p class='ocr_par' dir='ltr' id='par_1_56' title="bbox 319 5079 2028 5153">
     <span class='ocr_line' id='line_1_56' title="bbox 319 5079 2028 5153; baseline 0.006 -23"><span class='ocrx_word' id='word_1_325' title='bbox 319 5083 423 5131; x_wconf 67' lang='lat' dir='ltr'>ctae</span> <span class='ocrx_word' id='word_1_326' title='bbox 456 5079 553 5131; x_wconf 89' lang='lat' dir='ltr'>Dei</span> <span class='ocrx_word' id='word_1_327' title='bbox 576 5080 872 5148; x_wconf 87' lang='lat' dir='ltr'>genitricis</span> <span class='ocrx_word' id='word_1_328' title='bbox 897 5099 1238 5152; x_wconf 84' lang='lat' dir='ltr'>semperque</span> <span class='ocrx_word' id='word_1_329' title='bbox 1275 5083 1513 5153; x_wconf 86' lang='lat' dir='ltr'>virginis</span> <span class='ocrx_word' id='word_1_330' title='bbox 1537 5085 1723 5137; x_wconf 72' lang='lat' dir='ltr'>Maria:</span> <span class='ocrx_word' id='word_1_331' title='bbox 1745 5085 1894 5138; x_wconf 89' lang='lat' dir='ltr'>infra</span> <span class='ocrx_word' id='word_1_332' title='bbox 1920 5088 2028 5140; x_wconf 77' lang='lat' dir='ltr'>Ra-</span> 
     </span>
    </p>
   </div>
   <div class='ocr_carea' id='block_1_57' title="bbox 321 5166 2019 5241">
    <p class='ocr_par' dir='ltr' id='par_1_57' title="bbox 321 5166 2019 5241">
     <span class='ocr_line' id='line_1_57' title="bbox 321 5166 2019 5241; baseline 0.005 -22"><span class='ocrx_word' id='word_1_333' title='bbox 321 5166 714 5236; x_wconf 87' lang='lat' dir='ltr'>tisponensem</span> <span class='ocrx_word' id='word_1_334' title='bbox 751 5169 1038 5224; x_wconf 88' lang='lat' dir='ltr'>civitatem</span> <span class='ocrx_word' id='word_1_335' title='bbox 1081 5176 1442 5232; x_wconf 85' lang='lat' dir='ltr'>constructae,</span> <span class='ocrx_word' id='word_1_336' title='bbox 1505 5187 1633 5240; x_wconf 64' lang='lat' dir='ltr'>quae</span> <span class='ocrx_word' id='word_1_337' title='bbox 1683 5175 1851 5241; x_wconf 84' lang='lat' dir='ltr'>vulgo</span> <span class='ocrx_word' id='word_1_338' title='bbox 1911 5173 2019 5227; x_wconf 86' lang='lat' dir='ltr'>Ub-</span> 
     </span>
    </p>
   </div>
   <div class='ocr_carea' id='block_1_58' title="bbox 321 5257 2024 5323">
    <p class='ocr_par' dir='ltr' id='par_1_58' title="bbox 321 5257 2024 5323">
     <span class='ocr_line' id='line_1_58' title="bbox 321 5257 2024 5323; baseline 0.003 -16"><span class='ocrx_word' id='word_1_339' title='bbox 321 5261 726 5310; x_wconf 86' lang='lat' dir='ltr'>renmunsture</span> <span class='ocrx_word' id='word_1_340' title='bbox 807 5257 1044 5323; x_wconf 91' lang='lat' dir='ltr'>dicitur,</span> <span class='ocrx_word' id='word_1_341' title='bbox 1137 5257 1238 5310; x_wconf 90' lang='lat' dir='ltr'>ubi</span> <span class='ocrx_word' id='word_1_342' title='bbox 1318 5258 1658 5310; x_wconf 84' lang='lat' dir='ltr'>venerabilis</span> <span class='ocrx_word' id='word_1_343' title='bbox 1737 5260 2024 5312; x_wconf 82' lang='lat' dir='ltr'>abbatissa</span> 
     </span>
    </p>
   </div>
   <div class='ocr_carea' id='block_1_59' title="bbox 317 5343 2021 5412">
    <p class='ocr_par' dir='ltr' id='par_1_59' title="bbox 317 5343 2021 5412">
     <span class='ocr_line' id='line_1_59' title="bbox 317 5343 2021 5412; baseline 0.004 -18"><span class='ocrx_word' id='word_1_344' title='bbox 317 5343 626 5412; x_wconf 86' lang='lat' dir='ltr'>Wichpurg</span> <span class='ocrx_word' id='word_1_345' title='bbox 709 5344 1032 5412; x_wconf 87' lang='lat' dir='ltr'>virginibus</span> <span class='ocrx_word' id='word_1_346' title='bbox 1105 5345 1209 5397; x_wconf 89' lang='lat' dir='ltr'>sub</span> <span class='ocrx_word' id='word_1_347' title='bbox 1257 5345 1457 5411; x_wconf 88' lang='lat' dir='ltr'>regula</span> <span class='ocrx_word' id='word_1_348' title='bbox 1523 5347 1855 5400; x_wconf 79' lang='lat' dir='ltr'>monachica</span> <span class='ocrx_word' id='word_1_349' title='bbox 1908 5349 2021 5400; x_wconf 88' lang='lat' dir='ltr'>Deo</span> 
     </span>
    </p>
   </div>
   <div class='ocr_carea' id='block_1_60' title="bbox 317 5431 2022 5505">
    <p class='ocr_par' dir='ltr' id='par_1_60' title="bbox 317 5431 2022 5505">
     <span class='ocr_line' id='line_1_60' title="bbox 317 5431 2022 5505; baseline 0.005 -25"><span class='ocrx_word' id='word_1_350' title='bbox 317 5431 699 5483; x_wconf 85' lang='lat' dir='ltr'>servientibus</span> <span class='ocrx_word' id='word_1_351' title='bbox 729 5447 974 5499; x_wconf 81' lang='lat' dir='ltr'>praeesse</span> <span class='ocrx_word' id='word_1_352' title='bbox 1007 5431 1252 5495; x_wconf 90' lang='lat' dir='ltr'>videtur,</span> <span class='ocrx_word' id='word_1_353' title='bbox 1311 5431 1619 5498; x_wconf 88' lang='lat' dir='ltr'>quamdam</span> <span class='ocrx_word' id='word_1_354' title='bbox 1679 5434 1827 5487; x_wconf 87' lang='lat' dir='ltr'>infra</span> <span class='ocrx_word' id='word_1_355' title='bbox 1877 5451 2022 5505; x_wconf 65' lang='lat' dir='ltr'>prte-</span> 
     </span>
    </p>
   </div>
   <div class='ocr_carea' id='block_1_61' title="bbox 319 5515 2020 5592">
    <p class='ocr_par' dir='ltr' id='par_1_61' title="bbox 319 5515 2020 5592">
     <span class='ocr_line' id='line_1_61' title="bbox 319 5515 2020 5592; baseline 0.004 -24"><span class='ocrx_word' id='word_1_356' title='bbox 319 5515 534 5568; x_wconf 86' lang='lat' dir='ltr'>dictum</span> <span class='ocrx_word' id='word_1_357' title='bbox 569 5518 980 5570; x_wconf 87' lang='lat' dir='ltr'>monasterium</span> <span class='ocrx_word' id='word_1_358' title='bbox 1009 5524 1243 5580; x_wconf 89' lang='lat' dir='ltr'>terram,</span> <span class='ocrx_word' id='word_1_359' title='bbox 1281 5519 1620 5572; x_wconf 86' lang='lat' dir='ltr'>contiualem</span> <span class='ocrx_word' id='word_1_360' title='bbox 1673 5522 1817 5574; x_wconf 87' lang='lat' dir='ltr'>atrio</span> <span class='ocrx_word' id='word_1_361' title='bbox 1876 5524 2020 5592; x_wconf 83' lang='lat' dir='ltr'>ejus,</span> 
     </span>
    </p>
   </div>
   <div class='ocr_carea' id='block_1_62' title="bbox 318 5603 2026 5680">
    <p class='ocr_par' dir='ltr' id='par_1_62' title="bbox 318 5603 2026 5680">
     <span class='ocr_line' id='line_1_62' title="bbox 318 5603 2026 5680; baseline 0.005 -25"><span class='ocrx_word' id='word_1_362' title='bbox 318 5607 376 5656; x_wconf 86' lang='lat' dir='ltr'>et</span> <span class='ocrx_word' id='word_1_363' title='bbox 406 5603 555 5656; x_wconf 88' lang='lat' dir='ltr'>infra</span> <span class='ocrx_word' id='word_1_364' title='bbox 578 5603 866 5673; x_wconf 89' lang='lat' dir='ltr'>publicam</span> <span class='ocrx_word' id='word_1_365' title='bbox 897 5606 1148 5673; x_wconf 82' lang='lat' dir='ltr'>plateam</span> <span class='ocrx_word' id='word_1_366' title='bbox 1194 5605 1504 5674; x_wconf 84' lang='lat' dir='ltr'>jacentem,</span> <span class='ocrx_word' id='word_1_367' title='bbox 1548 5624 1677 5678; x_wconf 56' lang='lat' dir='ltr'>qua</span> <span class='ocrx_word' id='word_1_368' title='bbox 1735 5610 1803 5664; x_wconf 90' lang='lat' dir='ltr'>de</span> <span class='ocrx_word' id='word_1_369' title='bbox 1859 5615 2026 5680; x_wconf 86' lang='lat' dir='ltr'>porta</span> 
     </span>
    </p>
   </div>
   <div class='ocr_carea' id='block_1_63' title="bbox 2051 4355 2094 4408">
    <p class='ocr_par' dir='ltr' id='par_1_63' title="bbox 2051 4355 2094 4408">
     <span class='ocr_line' id='line_1_63' title="bbox 2051 4355 2094 4408; baseline 0 0"><span class='ocrx_word' id='word_1_370' title='bbox 2051 4355 2094 4408; x_wconf 94' lang='lat' dir='ltr'><strong>D</strong></span> 
     </span>
    </p>
   </div>
   <div class='ocr_carea' id='block_1_64' title="bbox 2060 3067 2100 3120">
    <p class='ocr_par' dir='ltr' id='par_1_64' title="bbox 2060 3067 2100 3120">
     <span class='ocr_line' id='line_1_64' title="bbox 2060 3067 2100 3120; baseline 0 0"><span class='ocrx_word' id='word_1_371' title='bbox 2060 3067 2100 3120; x_wconf 86' lang='lat' dir='ltr'>C</span> 
     </span>
    </p>
   </div>
   <div class='ocr_carea' id='block_1_65' title="bbox 2143 598 3873 668">
    <p class='ocr_par' dir='ltr' id='par_1_65' title="bbox 2143 598 3873 668">
     <span class='ocr_line' id='line_1_65' title="bbox 2143 598 3873 668; baseline -0.002 -14"><span class='ocrx_word' id='word_1_372' title='bbox 2143 605 2227 654; x_wconf 90' lang='lat' dir='ltr'>ter</span> <span class='ocrx_word' id='word_1_373' title='bbox 2257 600 2630 654; x_wconf 84' lang='lat' dir='ltr'>Abachiricha</span> <span class='ocrx_word' id='word_1_374' title='bbox 2685 599 2911 664; x_wconf 89' lang='lat' dir='ltr'>dicitur,</span> <span class='ocrx_word' id='word_1_375' title='bbox 2962 599 3112 652; x_wconf 89' lang='lat' dir='ltr'>intra</span> <span class='ocrx_word' id='word_1_376' title='bbox 3141 599 3432 651; x_wconf 89' lang='lat' dir='ltr'>civitatem</span> <span class='ocrx_word' id='word_1_377' title='bbox 3483 598 3544 652; x_wconf 87' lang='lat' dir='ltr'>in</span> <span class='ocrx_word' id='word_1_378' title='bbox 3595 598 3873 668; x_wconf 84' lang='lat' dir='ltr'>longitu-</span> 
     </span>
    </p>
   </div>
   <div class='ocr_carea' id='block_1_66' title="bbox 2142 685 3873 757">
    <p class='ocr_par' dir='ltr' id='par_1_66' title="bbox 2142 685 3873 757">
     <span class='ocr_line' id='line_1_66' title="bbox 2142 685 3873 757; baseline -0.002 -15"><span class='ocrx_word' id='word_1_379' title='bbox 2142 689 2275 742; x_wconf 89' lang='lat' dir='ltr'>dine</span> <span class='ocrx_word' id='word_1_380' title='bbox 2301 689 2610 742; x_wconf 87' lang='lat' dir='ltr'>habentem</span> <span class='ocrx_word' id='word_1_381' title='bbox 2641 687 2888 757; x_wconf 84' lang='lat' dir='ltr'>perticas</span> <span class='ocrx_word' id='word_1_382' title='bbox 2919 702 3012 751; x_wconf 83' lang='lat' dir='ltr'>xx,</span> <span class='ocrx_word' id='word_1_383' title='bbox 3074 691 3129 739; x_wconf 87' lang='lat' dir='ltr'>et</span> <span class='ocrx_word' id='word_1_384' title='bbox 3188 685 3248 738; x_wconf 89' lang='lat' dir='ltr'>in</span> <span class='ocrx_word' id='word_1_385' title='bbox 3292 685 3621 752; x_wconf 88' lang='lat' dir='ltr'>latitudine,</span> <span class='ocrx_word' id='word_1_386' title='bbox 3677 686 3873 739; x_wconf 85' lang='lat' dir='ltr'>aliam</span> 
     </span>
    </p>
   </div>
   <div class='ocr_carea' id='block_1_67' title="bbox 2140 773 3872 844">
    <p class='ocr_par' dir='ltr' id='par_1_67' title="bbox 2140 773 3872 844">
     <span class='ocr_line' id='line_1_67' title="bbox 2140 773 3872 844; baseline -0.001 -16"><span class='ocrx_word' id='word_1_387' title='bbox 2140 793 2293 843; x_wconf 87' lang='lat' dir='ltr'>vero,</span> <span class='ocrx_word' id='word_1_388' title='bbox 2326 777 2474 830; x_wconf 89' lang='lat' dir='ltr'>foras</span> <span class='ocrx_word' id='word_1_389' title='bbox 2507 791 2736 828; x_wconf 89' lang='lat' dir='ltr'>murum</span> <span class='ocrx_word' id='word_1_390' title='bbox 2763 775 3022 844; x_wconf 84' lang='lat' dir='ltr'>proxime</span> <span class='ocrx_word' id='word_1_391' title='bbox 3046 773 3427 843; x_wconf 85' lang='lat' dir='ltr'>adjacentem,</span> <span class='ocrx_word' id='word_1_392' title='bbox 3461 773 3535 826; x_wconf 91' lang='lat' dir='ltr'>in</span> <span class='ocrx_word' id='word_1_393' title='bbox 3593 773 3872 843; x_wconf 87' lang='lat' dir='ltr'>longitu-</span> 
     </span>
    </p>
   </div>
   <div class='ocr_carea' id='block_1_68' title="bbox 2142 862 3872 932">
    <p class='ocr_par' dir='ltr' id='par_1_68' title="bbox 2142 862 3872 932">
     <span class='ocr_line' id='line_1_68' title="bbox 2142 862 3872 932; baseline -0.002 -14"><span class='ocrx_word' id='word_1_394' title='bbox 2142 865 2273 918; x_wconf 90' lang='lat' dir='ltr'>dine</span> <span class='ocrx_word' id='word_1_395' title='bbox 2304 864 2569 918; x_wconf 91' lang='lat' dir='ltr'>similiter</span> <span class='ocrx_word' id='word_1_396' title='bbox 2596 863 2900 917; x_wconf 87' lang='lat' dir='ltr'>habentem</span> <span class='ocrx_word' id='word_1_397' title='bbox 2934 862 3178 932; x_wconf 89' lang='lat' dir='ltr'>perticas</span> <span class='ocrx_word' id='word_1_398' title='bbox 3209 878 3300 928; x_wconf 83' lang='lat' dir='ltr'>xx,</span> <span class='ocrx_word' id='word_1_399' title='bbox 3334 866 3389 915; x_wconf 90' lang='lat' dir='ltr'>et</span> <span class='ocrx_word' id='word_1_400' title='bbox 3427 862 3486 914; x_wconf 90' lang='lat' dir='ltr'>in</span> <span class='ocrx_word' id='word_1_401' title='bbox 3541 862 3872 916; x_wconf 88' lang='lat' dir='ltr'>latitudine</span> 
     </span>
    </p>
   </div>
   <div class='ocr_carea' id='block_1_69' title="bbox 2143 950 3871 1020">
    <p class='ocr_par' dir='ltr' id='par_1_69' title="bbox 2143 950 3871 1020">
     <span class='ocr_line' id='line_1_69' title="bbox 2143 950 3871 1020; baseline -0.001 -15"><span class='ocrx_word' id='word_1_402' title='bbox 2143 970 2256 1019; x_wconf 81' lang='lat' dir='ltr'>\‘Ill,</span> <span class='ocrx_word' id='word_1_403' title='bbox 2281 952 2339 1005; x_wconf 91' lang='lat' dir='ltr'>in</span> <span class='ocrx_word' id='word_1_404' title='bbox 2371 953 2648 1005; x_wconf 91' lang='lat' dir='ltr'>comitatu</span> <span class='ocrx_word' id='word_1_405' title='bbox 2680 951 2996 1020; x_wconf 82' lang='lat' dir='ltr'>Ruodperti</span> <span class='ocrx_word' id='word_1_406' title='bbox 3033 950 3280 1012; x_wconf 79' lang='lat' dir='ltr'>comitis,</span> <span class='ocrx_word' id='word_1_407' title='bbox 3315 966 3418 1020; x_wconf 91' lang='lat' dir='ltr'>per</span> <span class='ocrx_word' id='word_1_408' title='bbox 3454 951 3600 1003; x_wconf 91' lang='lat' dir='ltr'>hanc</span> <span class='ocrx_word' id='word_1_409' title='bbox 3658 950 3871 1019; x_wconf 80' lang='lat' dir='ltr'>impc—</span> 
     </span>
    </p>
   </div>
   <div class='ocr_carea' id='block_1_70' title="bbox 2140 1038 3869 1111">
    <p class='ocr_par' dir='ltr' id='par_1_70' title="bbox 2140 1038 3869 1111">
     <span class='ocr_line' id='line_1_70' title="bbox 2140 1038 3869 1111; baseline -0.002 -18"><span class='ocrx_word' id='word_1_410' title='bbox 2140 1041 2339 1094; x_wconf 90' lang='lat' dir='ltr'>rialem</span> <span class='ocrx_word' id='word_1_411' title='bbox 2389 1041 2660 1111; x_wconf 89' lang='lat' dir='ltr'>paginam</span> <span class='ocrx_word' id='word_1_412' title='bbox 2695 1055 2826 1092; x_wconf 92' lang='lat' dir='ltr'>cum</span> <span class='ocrx_word' id='word_1_413' title='bbox 2881 1039 3040 1092; x_wconf 90' lang='lat' dir='ltr'>omni</span> <span class='ocrx_word' id='word_1_414' title='bbox 3094 1039 3384 1107; x_wconf 87' lang='lat' dir='ltr'>legalitate</span> <span class='ocrx_word' id='word_1_415' title='bbox 3429 1038 3489 1091; x_wconf 89' lang='lat' dir='ltr'>in</span> <span class='ocrx_word' id='word_1_416' title='bbox 3539 1038 3869 1108; x_wconf 88' lang='lat' dir='ltr'>proprium</span> 
     </span>
    </p>
   </div>
   <div class='ocr_carea' id='block_1_71' title="bbox 2139 1126 3872 1198">
    <p class='ocr_par' dir='ltr' id='par_1_71' title="bbox 2139 1126 3872 1198">
     <span class='ocr_line' id='line_1_71' title="bbox 2139 1126 3872 1198; baseline -0.001 -16"><span class='ocrx_word' id='word_1_417' title='bbox 2139 1130 2416 1198; x_wconf 88' lang='lat' dir='ltr'>largimus</span> <span class='ocrx_word' id='word_1_418' title='bbox 2451 1134 2621 1198; x_wconf 86' lang='lat' dir='ltr'>atque</span> <span class='ocrx_word' id='word_1_419' title='bbox 2663 1127 3058 1192; x_wconf 90' lang='lat' dir='ltr'>concedimus;</span> <span class='ocrx_word' id='word_1_420' title='bbox 3118 1144 3184 1180; x_wconf 88' lang='lat' dir='ltr'>ea</span> <span class='ocrx_word' id='word_1_421' title='bbox 3241 1126 3457 1180; x_wconf 88' lang='lat' dir='ltr'>scilicet</span> <span class='ocrx_word' id='word_1_422' title='bbox 3506 1127 3739 1180; x_wconf 87' lang='lat' dir='ltr'>ratione</span> <span class='ocrx_word' id='word_1_423' title='bbox 3796 1133 3872 1180; x_wconf 88' lang='lat' dir='ltr'>ut</span> 
     </span>
    </p>
   </div>
   <div class='ocr_carea' id='block_1_72' title="bbox 2140 1213 3867 1288">
    <p class='ocr_par' dir='ltr' id='par_1_72' title="bbox 2140 1213 3867 1288">
     <span class='ocr_line' id='line_1_72' title="bbox 2140 1213 3867 1288; baseline -0.002 -17"><span class='ocrx_word' id='word_1_424' title='bbox 2140 1218 2414 1288; x_wconf 70' lang='lat' dir='ltr'>praedicta</span> <span class='ocrx_word' id='word_1_425' title='bbox 2445 1216 2729 1270; x_wconf 90' lang='lat' dir='ltr'>abbatissa</span> <span class='ocrx_word' id='word_1_426' title='bbox 2759 1221 2815 1268; x_wconf 88' lang='lat' dir='ltr'>et</span> <span class='ocrx_word' id='word_1_427' title='bbox 2842 1231 3043 1268; x_wconf 88' lang='lat' dir='ltr'>omnes</span> <span class='ocrx_word' id='word_1_428' title='bbox 3073 1231 3201 1285; x_wconf 64' lang='lat' dir='ltr'>quae</span> <span class='ocrx_word' id='word_1_429' title='bbox 3252 1215 3362 1268; x_wconf 89' lang='lat' dir='ltr'>sibi</span> <span class='ocrx_word' id='word_1_430' title='bbox 3397 1213 3456 1267; x_wconf 92' lang='lat' dir='ltr'>in</span> <span class='ocrx_word' id='word_1_431' title='bbox 3482 1215 3606 1268; x_wconf 88' lang='lat' dir='ltr'>loco</span> <span class='ocrx_word' id='word_1_432' title='bbox 3640 1215 3867 1268; x_wconf 87' lang='lat' dir='ltr'>eodem</span> 
     </span>
    </p>
   </div>
   <div class='ocr_carea' id='block_1_73' title="bbox 2143 1302 3867 1373">
    <p class='ocr_par' dir='ltr' id='par_1_73' title="bbox 2143 1302 3867 1373">
     <span class='ocr_line' id='line_1_73' title="bbox 2143 1302 3867 1373; baseline -0.001 -15"><span class='ocrx_word' id='word_1_433' title='bbox 2143 1305 2342 1358; x_wconf 90' lang='lat' dir='ltr'>ordine</span> <span class='ocrx_word' id='word_1_434' title='bbox 2364 1311 2420 1358; x_wconf 91' lang='lat' dir='ltr'>et</span> <span class='ocrx_word' id='word_1_435' title='bbox 2459 1303 2736 1373; x_wconf 90' lang='lat' dir='ltr'>dignitate</span> <span class='ocrx_word' id='word_1_436' title='bbox 2795 1302 3130 1370; x_wconf 88' lang='lat' dir='ltr'>succedunt,</span> <span class='ocrx_word' id='word_1_437' title='bbox 3181 1303 3421 1356; x_wconf 87' lang='lat' dir='ltr'>liberam</span> <span class='ocrx_word' id='word_1_438' title='bbox 3482 1303 3689 1356; x_wconf 83' lang='lat' dir='ltr'>exinde</span> <span class='ocrx_word' id='word_1_439' title='bbox 3742 1304 3867 1356; x_wconf 82' lang='lat' dir='ltr'>ha-</span> 
     </span>
    </p>
   </div>
   <div class='ocr_carea' id='block_1_74' title="bbox 2141 1390 3869 1462">
    <p class='ocr_par' dir='ltr' id='par_1_74' title="bbox 2141 1390 3869 1462">
     <span class='ocr_line' id='line_1_74' title="bbox 2141 1390 3869 1462; baseline -0.001 -16"><span class='ocrx_word' id='word_1_440' title='bbox 2141 1393 2312 1447; x_wconf 91' lang='lat' dir='ltr'>beant</span> <span class='ocrx_word' id='word_1_441' title='bbox 2340 1398 2679 1462; x_wconf 89' lang='lat' dir='ltr'>potestatem</span> <span class='ocrx_word' id='word_1_442' title='bbox 2730 1391 3007 1462; x_wconf 89' lang='lat' dir='ltr'>quidquid</span> <span class='ocrx_word' id='word_1_443' title='bbox 3066 1391 3146 1444; x_wconf 90' lang='lat' dir='ltr'>eis</span> <span class='ocrx_word' id='word_1_444' title='bbox 3200 1390 3430 1444; x_wconf 91' lang='lat' dir='ltr'>libuerit</span> <span class='ocrx_word' id='word_1_445' title='bbox 3475 1391 3728 1445; x_wconf 86' lang='lat' dir='ltr'>faciendi</span> <span class='ocrx_word' id='word_1_446' title='bbox 3786 1393 3869 1444; x_wconf 87' lang='lat' dir='ltr'>ad</span> 
     </span>
    </p>
   </div>
   <div class='ocr_carea' id='block_1_75' title="bbox 2139 1477 3865 1549">
    <p class='ocr_par' dir='ltr' id='par_1_75' title="bbox 2139 1477 3865 1549">
     <span class='ocr_line' id='line_1_75' title="bbox 2139 1477 3865 1549; baseline -0.001 -17"><span class='ocrx_word' id='word_1_447' title='bbox 2139 1480 2445 1533; x_wconf 88' lang='lat' dir='ltr'>utilitatem</span> <span class='ocrx_word' id='word_1_448' title='bbox 2478 1478 2884 1549; x_wconf 84' lang='lat' dir='ltr'>praenominati</span> <span class='ocrx_word' id='word_1_449' title='bbox 2915 1477 3249 1532; x_wconf 91' lang='lat' dir='ltr'>monasterii</span> <span class='ocrx_word' id='word_1_450' title='bbox 3302 1494 3366 1530; x_wconf 92' lang='lat' dir='ltr'>ac</span> <span class='ocrx_word' id='word_1_451' title='bbox 3406 1495 3668 1531; x_wconf 89' lang='lat' dir='ltr'>sororum</span> <span class='ocrx_word' id='word_1_452' title='bbox 3734 1478 3865 1531; x_wconf 87' lang='lat' dir='ltr'>ibi-</span> 
     </span>
    </p>
   </div>
   <div class='ocr_carea' id='block_1_76' title="bbox 2141 1566 3871 1633">
    <p class='ocr_par' dir='ltr' id='par_1_76' title="bbox 2141 1566 3871 1633">
     <span class='ocr_line' id='line_1_76' title="bbox 2141 1566 3871 1633; baseline -0.001 -12"><span class='ocrx_word' id='word_1_453' title='bbox 2141 1569 2268 1621; x_wconf 90' lang='lat' dir='ltr'>dem</span> <span class='ocrx_word' id='word_1_454' title='bbox 2303 1567 2612 1621; x_wconf 83' lang='lat' dir='ltr'>monastice</span> <span class='ocrx_word' id='word_1_455' title='bbox 2664 1567 3147 1620; x_wconf 88' lang='lat' dir='ltr'>conversantium.</span> <span class='ocrx_word' id='word_1_456' title='bbox 3208 1567 3294 1633; x_wconf 92' lang='lat' dir='ltr'>Et,</span> <span class='ocrx_word' id='word_1_457' title='bbox 3365 1571 3429 1618; x_wconf 90' lang='lat' dir='ltr'>ut</span> <span class='ocrx_word' id='word_1_458' title='bbox 3478 1566 3598 1619; x_wconf 67' lang='lat' dir='ltr'>haec</span> <span class='ocrx_word' id='word_1_459' title='bbox 3631 1572 3871 1620; x_wconf 69' lang='lat' dir='ltr'>nostra:</span> 
     </span>
    </p>
   </div>
   <div class='ocr_carea' id='block_1_77' title="bbox 2140 1653 3869 1723">
    <p class='ocr_par' dir='ltr' id='par_1_77' title="bbox 2140 1653 3869 1723">
     <span class='ocr_line' id='line_1_77' title="bbox 2140 1653 3869 1723; baseline 0 -16"><span class='ocrx_word' id='word_1_460' title='bbox 2140 1654 2493 1708; x_wconf 87' lang='lat' dir='ltr'>auctoritatis</span> <span class='ocrx_word' id='word_1_461' title='bbox 2524 1655 2719 1707; x_wconf 82' lang='lat' dir='ltr'>charta</span> <span class='ocrx_word' id='word_1_462' title='bbox 2740 1653 2959 1707; x_wconf 91' lang='lat' dir='ltr'>stabilis</span> <span class='ocrx_word' id='word_1_463' title='bbox 2989 1659 3045 1707; x_wconf 90' lang='lat' dir='ltr'>et</span> <span class='ocrx_word' id='word_1_464' title='bbox 3100 1653 3431 1706; x_wconf 90' lang='lat' dir='ltr'>inconvulsa</span> <span class='ocrx_word' id='word_1_465' title='bbox 3488 1653 3648 1706; x_wconf 90' lang='lat' dir='ltr'>omni</span> <span class='ocrx_word' id='word_1_466' title='bbox 3709 1671 3869 1723; x_wconf 85' lang='lat' dir='ltr'>per—</span> 
     </span>
    </p>
   </div>
   <div class='ocr_carea' id='block_1_78' title="bbox 2140 1740 3868 1813">
    <p class='ocr_par' dir='ltr' id='par_1_78' title="bbox 2140 1740 3868 1813">
     <span class='ocr_line' id='line_1_78' title="bbox 2140 1740 3868 1813; baseline 0 -18"><span class='ocrx_word' id='word_1_467' title='bbox 2140 1747 2365 1796; x_wconf 89' lang='lat' dir='ltr'>maneat</span> <span class='ocrx_word' id='word_1_468' title='bbox 2395 1759 2534 1807; x_wconf 68' lang='lat' dir='ltr'>asvo,</span> <span class='ocrx_word' id='word_1_469' title='bbox 2561 1743 2668 1795; x_wconf 83' lang='lat' dir='ltr'>hoc</span> <span class='ocrx_word' id='word_1_470' title='bbox 2700 1748 3048 1813; x_wconf 61' lang='lat' dir='ltr'>praceptum</span> <span class='ocrx_word' id='word_1_471' title='bbox 3098 1740 3231 1794; x_wconf 90' lang='lat' dir='ltr'>inde</span> <span class='ocrx_word' id='word_1_472' title='bbox 3271 1741 3657 1810; x_wconf 89' lang='lat' dir='ltr'>conscriptum</span> <span class='ocrx_word' id='word_1_473' title='bbox 3710 1757 3868 1811; x_wconf 90' lang='lat' dir='ltr'>pro-</span> 
     </span>
    </p>
   </div>
   <div class='ocr_carea' id='block_1_79' title="bbox 2139 1829 3869 1902">
    <p class='ocr_par' dir='ltr' id='par_1_79' title="bbox 2139 1829 3869 1902">
     <span class='ocr_line' id='line_1_79' title="bbox 2139 1829 3869 1902; baseline -0.001 -19"><span class='ocrx_word' id='word_1_474' title='bbox 2139 1831 2263 1902; x_wconf 89' lang='lat' dir='ltr'>pria</span> <span class='ocrx_word' id='word_1_475' title='bbox 2303 1847 2477 1883; x_wconf 87' lang='lat' dir='ltr'>manu</span> <span class='ocrx_word' id='word_1_476' title='bbox 2505 1830 2932 1895; x_wconf 89' lang='lat' dir='ltr'>confirmantes,</span> <span class='ocrx_word' id='word_1_477' title='bbox 2974 1829 3146 1900; x_wconf 90' lang='lat' dir='ltr'>sigilli</span> <span class='ocrx_word' id='word_1_478' title='bbox 3200 1829 3381 1882; x_wconf 88' lang='lat' dir='ltr'>nostri</span> <span class='ocrx_word' id='word_1_479' title='bbox 3437 1829 3869 1899; x_wconf 86' lang='lat' dir='ltr'>impresssione</span> 
     </span>
    </p>
   </div>
   <div class='ocr_carea' id='block_1_80' title="bbox 2131 1918 2722 1989">
    <p class='ocr_par' dir='ltr' id='par_1_80' title="bbox 2131 1918 2722 1989">
     <span class='ocr_line' id='line_1_80' title="bbox 2131 1918 2722 1989; baseline -0.002 -18"><span class='ocrx_word' id='word_1_480' title='bbox 2131 1918 2408 1989; x_wconf 87' lang='lat' dir='ltr'>jussimus</span> <span class='ocrx_word' id='word_1_481' title='bbox 2439 1918 2722 1988; x_wconf 89' lang='lat' dir='ltr'>insigniri.</span> 
     </span>
    </p>
   </div>
   <div class='ocr_carea' id='block_1_81' title="bbox 2211 2007 3868 2072">
    <p class='ocr_par' dir='ltr' id='par_1_81' title="bbox 2211 2007 3868 2072">
     <span class='ocr_line' id='line_1_81' title="bbox 2211 2007 3868 2072; baseline -0.001 -11"><span class='ocrx_word' id='word_1_482' title='bbox 2211 2009 2442 2072; x_wconf 81' lang='lat' dir='ltr'>Signum</span> <span class='ocrx_word' id='word_1_483' title='bbox 2502 2009 2688 2060; x_wconf 80' lang='lat' dir='ltr'>domui</span> <span class='ocrx_word' id='word_1_484' title='bbox 2740 2008 2960 2060; x_wconf 87' lang='lat' dir='ltr'>Henrici</span> <span class='ocrx_word' id='word_1_485' title='bbox 3006 2007 3356 2061; x_wconf 80' lang='lat' dir='ltr'>invictissimi</span> <span class='ocrx_word' id='word_1_486' title='bbox 3408 2009 3868 2062; x_wconf 84' lang='lat' dir='ltr'>Romananorum</span> 
     </span>
    </p>
   </div>
   <div class='ocr_carea' id='block_1_82' title="bbox 2141 2077 2942 2147">
    <p class='ocr_par' dir='ltr' id='par_1_82' title="bbox 2141 2077 2942 2147">
     <span class='ocr_line' id='line_1_82' title="bbox 2141 2077 2942 2147; baseline -0.002 -17"><span class='ocrx_word' id='word_1_487' title='bbox 2141 2080 2268 2146; x_wconf 84' lang='lat' dir='ltr'>imp.</span> <span class='ocrx_word' id='word_1_488' title='bbox 2292 2079 2434 2143; x_wconf 87' lang='lat' dir='ltr'>Aug.</span> <span class='ocrx_word' id='word_1_489' title='bbox 2463 2077 2942 2147; x_wconf 80' lang='lat' dir='ltr'>(Monogramma.)</span> 
     </span>
    </p>
   </div>
   <div class='ocr_carea' id='block_1_83' title="bbox 2213 2164 3864 2219">
    <p class='ocr_par' dir='ltr' id='par_1_83' title="bbox 2213 2164 3864 2219">
     <span class='ocr_line' id='line_1_83' title="bbox 2213 2164 3864 2219; baseline 0 -1"><span class='ocrx_word' id='word_1_490' title='bbox 2213 2166 2562 2219; x_wconf 83' lang='lat' dir='ltr'>Guntherius</span> <span class='ocrx_word' id='word_1_491' title='bbox 2606 2165 2976 2219; x_wconf 87' lang='lat' dir='ltr'>cancellarius</span> <span class='ocrx_word' id='word_1_492' title='bbox 3007 2164 3080 2219; x_wconf 90' lang='lat' dir='ltr'>ad</span> <span class='ocrx_word' id='word_1_493' title='bbox 3121 2164 3301 2218; x_wconf 88' lang='lat' dir='ltr'>vicem</span> <span class='ocrx_word' id='word_1_494' title='bbox 3343 2164 3610 2218; x_wconf 85' lang='lat' dir='ltr'>Aribonis</span> <span class='ocrx_word' id='word_1_495' title='bbox 3655 2164 3864 2218; x_wconf 88' lang='lat' dir='ltr'>archi-</span> 
     </span>
    </p>
   </div>
   <div class='ocr_carea' id='block_1_84' title="bbox 2139 2253 2767 2324">
    <p class='ocr_par' dir='ltr' id='par_1_84' title="bbox 2139 2253 2767 2324">
     <span class='ocr_line' id='line_1_84' title="bbox 2139 2253 2767 2324; baseline 0.003 -18"><span class='ocrx_word' id='word_1_496' title='bbox 2139 2254 2418 2324; x_wconf 91' lang='lat' dir='ltr'>capellani</span> <span class='ocrx_word' id='word_1_497' title='bbox 2449 2253 2767 2322; x_wconf 90' lang='lat' dir='ltr'>recognovi.</span> 
     </span>
    </p>
   </div>
   <div class='ocr_carea' id='block_1_85' title="bbox 2215 2339 3869 2395">
    <p class='ocr_par' dir='ltr' id='par_1_85' title="bbox 2215 2339 3869 2395">
     <span class='ocr_line' id='line_1_85' title="bbox 2215 2339 3869 2395; baseline 0 -1"><span class='ocrx_word' id='word_1_498' title='bbox 2215 2343 2352 2395; x_wconf 91' lang='lat' dir='ltr'>Data</span> <span class='ocrx_word' id='word_1_499' title='bbox 2392 2359 2427 2395; x_wconf 87' lang='grc' dir='ltr'>ιι</span> <span class='ocrx_word' id='word_1_500' title='bbox 2462 2342 2590 2395; x_wconf 85' lang='lat' dir='ltr'>Idus</span> <span class='ocrx_word' id='word_1_501' title='bbox 2632 2340 2966 2394; x_wconf 83' lang='lat' dir='ltr'>Novembris</span> <span class='ocrx_word' id='word_1_502' title='bbox 3019 2357 3170 2394; x_wconf 90' lang='lat' dir='ltr'>anno</span> <span class='ocrx_word' id='word_1_503' title='bbox 3227 2340 3534 2394; x_wconf 68' lang='lat' dir='ltr'>Dominicaa</span> <span class='ocrx_word' id='word_1_504' title='bbox 3587 2339 3869 2394; x_wconf 87' lang='lat' dir='ltr'>incarna-</span> 
     </span>
    </p>
   </div>
   <div class='ocr_carea' id='block_1_86' title="bbox 2139 2429 3866 2499">
    <p class='ocr_par' dir='ltr' id='par_1_86' title="bbox 2139 2429 3866 2499">
     <span class='ocr_line' id='line_1_86' title="bbox 2139 2429 3866 2499; baseline 0 -17"><span class='ocrx_word' id='word_1_505' title='bbox 2139 2429 2311 2483; x_wconf 91' lang='lat' dir='ltr'>tionis</span> <span class='ocrx_word' id='word_1_506' title='bbox 2347 2432 2502 2496; x_wconf 83' lang='grc'>1021,</span> <span class='ocrx_word' id='word_1_507' title='bbox 2554 2445 2706 2482; x_wconf 90' lang='lat' dir='ltr'>anno</span> <span class='ocrx_word' id='word_1_508' title='bbox 2745 2445 2877 2482; x_wconf 89' lang='lat' dir='ltr'>vero</span> <span class='ocrx_word' id='word_1_509' title='bbox 2939 2429 3146 2481; x_wconf 90' lang='lat' dir='ltr'>Domni</span> <span class='ocrx_word' id='word_1_510' title='bbox 3194 2429 3422 2483; x_wconf 87' lang='lat' dir='ltr'>Ilenrici</span> <span class='ocrx_word' id='word_1_511' title='bbox 3474 2429 3866 2499; x_wconf 88' lang='lat' dir='ltr'>imperatoris</span> 
     </span>
    </p>
   </div>
   <div class='ocr_carea' id='block_1_87' title="bbox 2139 2517 3228 2588">
    <p class='ocr_par' dir='ltr' id='par_1_87' title="bbox 2139 2517 3228 2588">
     <span class='ocr_line' id='line_1_87' title="bbox 2139 2517 3228 2588; baseline -0.002 -18"><span class='ocrx_word' id='word_1_512' title='bbox 2139 2518 2433 2588; x_wconf 88' lang='lat' dir='ltr'>regnantis</span> <span class='ocrx_word' id='word_1_513' title='bbox 2465 2534 2596 2584; x_wconf 80' lang='lat' dir='ltr'>xxu,</span> <span class='ocrx_word' id='word_1_514' title='bbox 2624 2517 2855 2586; x_wconf 90' lang='lat' dir='ltr'>imperii</span> <span class='ocrx_word' id='word_1_515' title='bbox 2887 2523 3081 2570; x_wconf 89' lang='lat' dir='ltr'>autem</span> <span class='ocrx_word' id='word_1_516' title='bbox 3115 2534 3228 2570; x_wconf 78' lang='lat' dir='ltr'>vui.</span> 
     </span>
    </p>
   </div>
   <div class='ocr_carea' id='block_1_88' title="bbox 2221 2606 3256 2674">
    <p class='ocr_par' dir='ltr' id='par_1_88' title="bbox 2221 2606 3256 2674">
     <span class='ocr_line' id='line_1_88' title="bbox 2221 2606 3256 2674; baseline -0.002 -14"><span class='ocrx_word' id='word_1_517' title='bbox 2221 2612 2424 2660; x_wconf 85' lang='lat' dir='ltr'>Actum</span> <span class='ocrx_word' id='word_1_518' title='bbox 2456 2612 2726 2674; x_wconf 64' lang='lat' dir='ltr'>Augustae</span> <span class='ocrx_word' id='word_1_519' title='bbox 2757 2606 3016 2660; x_wconf 89' lang='lat' dir='ltr'>feliciter.</span> <span class='ocrx_word' id='word_1_520' title='bbox 3047 2610 3256 2659; x_wconf 80' lang='lat' dir='ltr'>Amen.</span> 
     </span>
    </p>
   </div>
   <div class='ocr_carea' id='block_1_89' title="bbox 2211 2694 3658 2764">
    <p class='ocr_par' dir='ltr' id='par_1_89' title="bbox 2211 2694 3658 2764">
     <span class='ocr_line' id='line_1_89' title="bbox 2211 2694 3658 2764; baseline 0.001 -16"><span class='ocrx_word' id='word_1_521' title='bbox 2211 2695 2473 2763; x_wconf 81' lang='lat' dir='ltr'>Sigillum</span> <span class='ocrx_word' id='word_1_522' title='bbox 2495 2696 2774 2762; x_wconf 77' lang='lat' dir='ltr'>majcslat.</span> <span class='ocrx_word' id='word_1_523' title='bbox 2805 2695 2984 2748; x_wconf 88' lang='lat' dir='ltr'>media</span> <span class='ocrx_word' id='word_1_524' title='bbox 3014 2700 3170 2762; x_wconf 80' lang='lat' dir='ltr'>parte</span> <span class='ocrx_word' id='word_1_525' title='bbox 3191 2700 3269 2748; x_wconf 82' lang='lat' dir='ltr'>cst</span> <span class='ocrx_word' id='word_1_526' title='bbox 3296 2694 3658 2764; x_wconf 81' lang='lat' dir='ltr'>deperditum.</span> 
     </span>
    </p>
   </div>
   <div class='ocr_carea' id='block_1_90' title="bbox 2880 2783 3107 2836">
    <p class='ocr_par' dir='ltr' id='par_1_90' title="bbox 2880 2783 3107 2836">
     <span class='ocr_line' id='line_1_90' title="bbox 2880 2783 3107 2836; baseline 0 -1"><span class='ocrx_word' id='word_1_527' title='bbox 2880 2783 3107 2836; x_wconf 79' lang='lat' dir='ltr'>CXXIII.</span> 
     </span>
    </p>
   </div>
   <div class='ocr_carea' id='block_1_91' title="bbox 2139 2854 3862 2922">
    <p class='ocr_par' dir='ltr' id='par_1_91' title="bbox 2139 2854 3862 2922">
     <span class='ocr_line' id='line_1_91' title="bbox 2139 2854 3862 2922; baseline -0.001 -13"><span class='ocrx_word' id='word_1_528' title='bbox 2139 2855 2195 2909; x_wconf 94' lang='lat' dir='ltr'>S.</span> <span class='ocrx_word' id='word_1_529' title='bbox 2249 2856 2470 2908; x_wconf 83' lang='lat' dir='ltr'>IIenrici</span> <span class='ocrx_word' id='word_1_530' title='bbox 2515 2854 2762 2921; x_wconf 83' lang='lat' dir='ltr'>diploma</span> <span class='ocrx_word' id='word_1_531' title='bbox 2835 2869 3137 2907; x_wconf 86' lang='lat' dir='ltr'>concessum</span> <span class='ocrx_word' id='word_1_532' title='bbox 3197 2855 3395 2907; x_wconf 83' lang='lat' dir='ltr'>Amato</span> <span class='ocrx_word' id='word_1_533' title='bbox 3450 2855 3499 2907; x_wconf 84' lang='lat' dir='ltr'>Il</span> <span class='ocrx_word' id='word_1_534' title='bbox 3562 2855 3862 2922; x_wconf 83' lang='lat' dir='ltr'>archiepi-</span> 
     </span>
    </p>
   </div>
   <div class='ocr_carea' id='block_1_92' title="bbox 2207 2924 3866 2994">
    <p class='ocr_par' dir='ltr' id='par_1_92' title="bbox 2207 2924 3866 2994">
     <span class='ocr_line' id='line_1_92' title="bbox 2207 2924 3866 2994; baseline 0.001 -16"><span class='ocrx_word' id='word_1_535' title='bbox 2207 2940 2392 2993; x_wconf 86' lang='lat' dir='ltr'>scoopo</span> <span class='ocrx_word' id='word_1_536' title='bbox 2446 2924 2820 2990; x_wconf 75' lang='lat' dir='ltr'>Salernitano,</span> <span class='ocrx_word' id='word_1_537' title='bbox 2872 2940 2974 2993; x_wconf 79' lang='lat' dir='ltr'>per</span> <span class='ocrx_word' id='word_1_538' title='bbox 3012 2925 3158 2993; x_wconf 85' lang='lat' dir='ltr'>quod</span> <span class='ocrx_word' id='word_1_539' title='bbox 3209 2927 3258 2977; x_wconf 84' lang='lat' dir='ltr'>ei</span> <span class='ocrx_word' id='word_1_540' title='bbox 3317 2926 3603 2994; x_wconf 76' lang='lat' dir='ltr'>conﬁrmat</span> <span class='ocrx_word' id='word_1_541' title='bbox 3658 2930 3866 2979; x_wconf 82' lang='lat' dir='ltr'>omnia</span> 
     </span>
    </p>
   </div>
   <div class='ocr_carea' id='block_1_93' title="bbox 2201 2997 2355 3064">
    <p class='ocr_par' dir='ltr' id='par_1_93' title="bbox 2201 2997 2355 3064">
     <span class='ocr_line' id='line_1_93' title="bbox 2201 2997 2355 3064; baseline 0 -16"><span class='ocrx_word' id='word_1_542' title='bbox 2201 2997 2355 3064; x_wconf 85' lang='lat' dir='ltr'>jura.</span> 
     </span>
    </p>
   </div>
   <div class='ocr_carea' id='block_1_94' title="bbox 2779 3064 3194 3134">
    <p class='ocr_par' dir='ltr' id='par_1_94' title="bbox 2779 3064 3194 3134">
     <span class='ocr_line' id='line_1_94' title="bbox 2779 3064 3194 3134; baseline -0.005 -15"><span class='ocrx_word' id='word_1_543' title='bbox 2779 3068 2962 3132; x_wconf 81' lang='lat' dir='ltr'>(Anno</span> <span class='ocrx_word' id='word_1_544' title='bbox 3015 3064 3194 3134; x_wconf 91' lang='grc'>1022.)</span> 
     </span>
    </p>
   </div>
   <div class='ocr_carea' id='block_1_95' title="bbox 2465 3151 3481 3226">
    <p class='ocr_par' dir='ltr' id='par_1_95' title="bbox 2465 3151 3481 3226">
     <span class='ocr_line' id='line_1_95' title="bbox 2465 3151 3481 3226; baseline -0.002 -18"><span class='ocrx_word' id='word_1_545' title='bbox 2465 3151 2781 3226; x_wconf 87' lang='lat' dir='ltr'>[Muratori,</span> <span class='ocrx_word' id='word_1_546' title='bbox 2834 3155 3029 3221; x_wconf 85' lang='lat' dir='ltr'>Antiq.</span> <span class='ocrx_word' id='word_1_547' title='bbox 3064 3155 3215 3215; x_wconf 86' lang='lat' dir='ltr'>Ital.,</span> <span class='ocrx_word' id='word_1_548' title='bbox 3258 3154 3301 3218; x_wconf 85' lang='grc' dir='ltr'>Ι,</span> <span class='ocrx_word' id='word_1_549' title='bbox 3338 3154 3481 3223; x_wconf 78' lang='grc'>193.]</span> 
     </span>
    </p>
   </div>
   <div class='ocr_carea' id='block_1_96' title="bbox 2213 3241 3860 3310">
    <p class='ocr_par' dir='ltr' id='par_1_96' title="bbox 2213 3241 3860 3310">
     <span class='ocr_line' id='line_1_96' title="bbox 2213 3241 3860 3310; baseline 0.002 -16"><span class='ocrx_word' id='word_1_550' title='bbox 2213 3242 2274 3294; x_wconf 84' lang='lat' dir='ltr'>In</span> <span class='ocrx_word' id='word_1_551' title='bbox 2303 3241 2536 3295; x_wconf 90' lang='lat' dir='ltr'>nomine</span> <span class='ocrx_word' id='word_1_552' title='bbox 2585 3247 2795 3295; x_wconf 64' lang='lat' dir='ltr'>sancta:</span> <span class='ocrx_word' id='word_1_553' title='bbox 2850 3247 2906 3295; x_wconf 89' lang='lat' dir='ltr'>et</span> <span class='ocrx_word' id='word_1_554' title='bbox 2955 3241 3266 3295; x_wconf 68' lang='lat' dir='ltr'>individua:</span> <span class='ocrx_word' id='word_1_555' title='bbox 3326 3242 3644 3310; x_wconf 89' lang='lat' dir='ltr'>Trinitatis,</span> <span class='ocrx_word' id='word_1_556' title='bbox 3693 3244 3860 3298; x_wconf 71' lang='lat' dir='ltr'>Hau-</span> 
     </span>
    </p>
   </div>
   <div class='ocr_carea' id='block_1_97' title="bbox 2141 3329 3861 3401">
    <p class='ocr_par' dir='ltr' id='par_1_97' title="bbox 2141 3329 3861 3401">
     <span class='ocr_line' id='line_1_97' title="bbox 2141 3329 3861 3401; baseline 0.002 -18"><span class='ocrx_word' id='word_1_557' title='bbox 2141 3345 2311 3396; x_wconf 74' lang='lat' dir='ltr'>mcus,</span> <span class='ocrx_word' id='word_1_558' title='bbox 2341 3329 2534 3384; x_wconf 88' lang='lat' dir='ltr'>divina</span> <span class='ocrx_word' id='word_1_559' title='bbox 2561 3329 2784 3383; x_wconf 88' lang='lat' dir='ltr'>favente</span> <span class='ocrx_word' id='word_1_560' title='bbox 2828 3329 3154 3396; x_wconf 90' lang='lat' dir='ltr'>clementia,</span> <span class='ocrx_word' id='word_1_561' title='bbox 3211 3329 3602 3384; x_wconf 83' lang='lat' dir='ltr'>Romanorum</span> <span class='ocrx_word' id='word_1_562' title='bbox 3645 3329 3861 3401; x_wconf 88' lang='lat' dir='ltr'>impe-</span> 
     </span>
    </p>
   </div>
   <div class='ocr_carea' id='block_1_98' title="bbox 2141 3422 2632 3486">
    <p class='ocr_par' dir='ltr' id='par_1_98' title="bbox 2141 3422 2632 3486">
     <span class='ocr_line' id='line_1_98' title="bbox 2141 3422 2632 3486; baseline 0.002 -16"><span class='ocrx_word' id='word_1_563' title='bbox 2141 3423 2296 3471; x_wconf 87' lang='lat' dir='ltr'>rator</span> <span class='ocrx_word' id='word_1_564' title='bbox 2326 3422 2632 3486; x_wconf 87' lang='lat' dir='ltr'>Augustus.</span> 
     </span>
    </p>
   </div>
   <div class='ocr_carea' id='block_1_99' title="bbox 2210 3505 3860 3576">
    <p class='ocr_par' dir='ltr' id='par_1_99' title="bbox 2210 3505 3860 3576">
     <span class='ocr_line' id='line_1_99' title="bbox 2210 3505 3860 3576; baseline 0.001 -16"><span class='ocrx_word' id='word_1_565' title='bbox 2210 3506 2266 3560; x_wconf 93' lang='lat' dir='ltr'>Si</span> <span class='ocrx_word' id='word_1_566' title='bbox 2339 3507 2509 3576; x_wconf 90' lang='lat' dir='ltr'>justis</span> <span class='ocrx_word' id='word_1_567' title='bbox 2580 3508 2812 3576; x_wconf 89' lang='lat' dir='ltr'>Deoque</span> <span class='ocrx_word' id='word_1_568' title='bbox 2896 3505 3103 3560; x_wconf 90' lang='lat' dir='ltr'>divinis</span> <span class='ocrx_word' id='word_1_569' title='bbox 3194 3505 3331 3560; x_wconf 90' lang='lat' dir='ltr'>locis</span> <span class='ocrx_word' id='word_1_570' title='bbox 3430 3522 3548 3559; x_wconf 90' lang='lat' dir='ltr'>non</span> <span class='ocrx_word' id='word_1_571' title='bbox 3649 3507 3860 3562; x_wconf 89' lang='lat' dir='ltr'>solum</span> 
     </span>
    </p>
   </div>
   <div class='ocr_carea' id='block_1_100' title="bbox 2141 3593 3861 3664">
    <p class='ocr_par' dir='ltr' id='par_1_100' title="bbox 2141 3593 3861 3664">
     <span class='ocr_line' id='line_1_100' title="bbox 2141 3593 3861 3664; baseline 0.002 -17"><span class='ocrx_word' id='word_1_572' title='bbox 2141 3611 2384 3664; x_wconf 65' lang='lat' dir='ltr'>praeesse</span> <span class='ocrx_word' id='word_1_573' title='bbox 2461 3595 2556 3648; x_wconf 92' lang='lat' dir='ltr'>sed</span> <span class='ocrx_word' id='word_1_574' title='bbox 2623 3595 2794 3648; x_wconf 87' lang='lat' dir='ltr'>etiam</span> <span class='ocrx_word' id='word_1_575' title='bbox 2873 3595 3147 3664; x_wconf 88' lang='lat' dir='ltr'>prodesse</span> <span class='ocrx_word' id='word_1_576' title='bbox 3209 3593 3618 3660; x_wconf 88' lang='lat' dir='ltr'>studuerimus,</span> <span class='ocrx_word' id='word_1_577' title='bbox 3681 3611 3861 3664; x_wconf 67' lang='lat' dir='ltr'>pra:-</span> 
     </span>
    </p>
   </div>
   <div class='ocr_carea' id='block_1_101' title="bbox 2138 3683 3862 3752">
    <p class='ocr_par' dir='ltr' id='par_1_101' title="bbox 2138 3683 3862 3752">
     <span class='ocr_line' id='line_1_101' title="bbox 2138 3683 3862 3752; baseline 0.003 -18"><span class='ocrx_word' id='word_1_578' title='bbox 2138 3685 2315 3736; x_wconf 91' lang='lat' dir='ltr'>sentis</span> <span class='ocrx_word' id='word_1_579' title='bbox 2384 3685 2514 3736; x_wconf 67' lang='lat' dir='ltr'>vitae</span> <span class='ocrx_word' id='word_1_580' title='bbox 2572 3683 2911 3752; x_wconf 84' lang='lat' dir='ltr'>suffragium</span> <span class='ocrx_word' id='word_1_581' title='bbox 2969 3687 3027 3735; x_wconf 90' lang='lat' dir='ltr'>et</span> <span class='ocrx_word' id='word_1_582' title='bbox 3083 3688 3313 3735; x_wconf 61' lang='lat' dir='ltr'>aeternas</span> <span class='ocrx_word' id='word_1_583' title='bbox 3370 3683 3692 3736; x_wconf 88' lang='lat' dir='ltr'>remedium</span> <span class='ocrx_word' id='word_1_584' title='bbox 3756 3685 3862 3739; x_wconf 85' lang='lat' dir='ltr'>in—</span> 
     </span>
    </p>
   </div>
   <div class='ocr_carea' id='block_1_102' title="bbox 2139 3769 3859 3840">
    <p class='ocr_par' dir='ltr' id='par_1_102' title="bbox 2139 3769 3859 3840">
     <span class='ocr_line' id='line_1_102' title="bbox 2139 3769 3859 3840; baseline 0.005 -20"><span class='ocrx_word' id='word_1_585' title='bbox 2139 3769 2333 3822; x_wconf 91' lang='lat' dir='ltr'>venire</span> <span class='ocrx_word' id='word_1_586' title='bbox 2391 3786 2507 3823; x_wconf 90' lang='lat' dir='ltr'>non</span> <span class='ocrx_word' id='word_1_587' title='bbox 2557 3770 2900 3834; x_wconf 89' lang='lat' dir='ltr'>titubamus;</span> <span class='ocrx_word' id='word_1_588' title='bbox 2951 3772 3006 3822; x_wconf 89' lang='lat' dir='ltr'>et</span> <span class='ocrx_word' id='word_1_589' title='bbox 3036 3769 3081 3821; x_wconf 92' lang='lat' dir='ltr'>si</span> <span class='ocrx_word' id='word_1_590' title='bbox 3113 3769 3172 3822; x_wconf 91' lang='lat' dir='ltr'>in</span> <span class='ocrx_word' id='word_1_591' title='bbox 3224 3770 3534 3838; x_wconf 89' lang='lat' dir='ltr'>pristinum</span> <span class='ocrx_word' id='word_1_592' title='bbox 3591 3772 3859 3840; x_wconf 89' lang='lat' dir='ltr'>gradum</span> 
     </span>
    </p>
   </div>
   <div class='ocr_carea' id='block_1_103' title="bbox 2136 3857 3857 3927">
    <p class='ocr_par' dir='ltr' id='par_1_103' title="bbox 2136 3857 3857 3927">
     <span class='ocr_line' id='line_1_103' title="bbox 2136 3857 3857 3927; baseline 0.003 -17"><span class='ocrx_word' id='word_1_593' title='bbox 2136 3858 2357 3927; x_wconf 87' lang='lat' dir='ltr'>erigere</span> <span class='ocrx_word' id='word_1_594' title='bbox 2390 3874 2686 3921; x_wconf 89' lang='lat' dir='ltr'>conamur,</span> <span class='ocrx_word' id='word_1_595' title='bbox 2723 3859 2904 3910; x_wconf 90' lang='lat' dir='ltr'>nostri</span> <span class='ocrx_word' id='word_1_596' title='bbox 2959 3857 3190 3927; x_wconf 87' lang='lat' dir='ltr'>imperii</span> <span class='ocrx_word' id='word_1_597' title='bbox 3237 3858 3466 3911; x_wconf 90' lang='lat' dir='ltr'>culmen</span> <span class='ocrx_word' id='word_1_598' title='bbox 3521 3858 3857 3916; x_wconf 89' lang='lat' dir='ltr'>sublimare</span> 
     </span>
    </p>
   </div>
   <div class='ocr_carea' id='block_1_104' title="bbox 2136 3943 3858 4014">
    <p class='ocr_par' dir='ltr' id='par_1_104' title="bbox 2136 3943 3858 4014">
     <span class='ocr_line' id='line_1_104' title="bbox 2136 3943 3858 4014; baseline 0.001 -18"><span class='ocrx_word' id='word_1_599' title='bbox 2136 3947 2335 4014; x_wconf 84' lang='lat' dir='ltr'>procul</span> <span class='ocrx_word' id='word_1_600' title='bbox 2387 3945 2558 3998; x_wconf 90' lang='lat' dir='ltr'>dubio</span> <span class='ocrx_word' id='word_1_601' title='bbox 2613 3944 2918 3997; x_wconf 90' lang='lat' dir='ltr'>credimus.</span> <span class='ocrx_word' id='word_1_602' title='bbox 2962 3943 3322 4013; x_wconf 87' lang='lat' dir='ltr'>Quapropter</span> <span class='ocrx_word' id='word_1_603' title='bbox 3375 3943 3638 3996; x_wconf 90' lang='lat' dir='ltr'>omnium</span> <span class='ocrx_word' id='word_1_604' title='bbox 3702 3944 3858 3998; x_wconf 88' lang='lat' dir='ltr'>fide-</span> 
     </span>
    </p>
   </div>
   <div class='ocr_carea' id='block_1_105' title="bbox 2135 4032 3854 4102">
    <p class='ocr_par' dir='ltr' id='par_1_105' title="bbox 2135 4032 3854 4102">
     <span class='ocr_line' id='line_1_105' title="bbox 2135 4032 3854 4102; baseline 0 -16"><span class='ocrx_word' id='word_1_605' title='bbox 2135 4033 2274 4086; x_wconf 91' lang='lat' dir='ltr'>lium</span> <span class='ocrx_word' id='word_1_606' title='bbox 2309 4050 2479 4086; x_wconf 86' lang='lat' dir='ltr'>sacrae</span> <span class='ocrx_word' id='word_1_607' title='bbox 2522 4033 2619 4086; x_wconf 88' lang='lat' dir='ltr'>Dei</span> <span class='ocrx_word' id='word_1_608' title='bbox 2655 4032 2934 4098; x_wconf 70' lang='lat' dir='ltr'>Ecclesiae,</span> <span class='ocrx_word' id='word_1_609' title='bbox 2965 4038 3426 4102; x_wconf 89' lang='lat' dir='ltr'>nostrorumque,</span> <span class='ocrx_word' id='word_1_610' title='bbox 3457 4032 3854 4101; x_wconf 61' lang='lat' dir='ltr'>praesentium</span> 
     </span>
    </p>
   </div>
   <div class='ocr_carea' id='block_1_106' title="bbox 2136 4119 3854 4188">
    <p class='ocr_par' dir='ltr' id='par_1_106' title="bbox 2136 4119 3854 4188">
     <span class='ocr_line' id='line_1_106' title="bbox 2136 4119 3854 4188; baseline -0.001 -14"><span class='ocrx_word' id='word_1_611' title='bbox 2136 4138 2200 4174; x_wconf 93' lang='lat' dir='ltr'>ac</span> <span class='ocrx_word' id='word_1_612' title='bbox 2269 4121 2616 4186; x_wconf 90' lang='lat' dir='ltr'>futurorum,</span> <span class='ocrx_word' id='word_1_613' title='bbox 2666 4119 3117 4188; x_wconf 83' lang='lat' dir='ltr'>comprehendat</span> <span class='ocrx_word' id='word_1_614' title='bbox 3167 4119 3508 4172; x_wconf 89' lang='lat' dir='ltr'>universitas</span> <span class='ocrx_word' id='word_1_615' title='bbox 3562 4120 3854 4188; x_wconf 88' lang='lat' dir='ltr'>qualiter,</span> 
     </span>
    </p>
   </div>
   <div class='ocr_carea' id='block_1_107' title="bbox 2135 4205 3855 4278">
    <p class='ocr_par' dir='ltr' id='par_1_107' title="bbox 2135 4205 3855 4278">
     <span class='ocr_line' id='line_1_107' title="bbox 2135 4205 3855 4278; baseline 0.001 -17"><span class='ocrx_word' id='word_1_616' title='bbox 2135 4207 2459 4261; x_wconf 84' lang='lat' dir='ltr'>interventu</span> <span class='ocrx_word' id='word_1_617' title='bbox 2498 4225 2560 4261; x_wconf 91' lang='lat' dir='ltr'>ac</span> <span class='ocrx_word' id='word_1_618' title='bbox 2593 4208 2867 4278; x_wconf 90' lang='lat' dir='ltr'>petitione</span> <span class='ocrx_word' id='word_1_619' title='bbox 2901 4207 3236 4262; x_wconf 89' lang='lat' dir='ltr'>Theoderici</span> <span class='ocrx_word' id='word_1_620' title='bbox 3268 4206 3447 4260; x_wconf 91' lang='lat' dir='ltr'>nostri</span> <span class='ocrx_word' id='word_1_621' title='bbox 3480 4205 3668 4259; x_wconf 89' lang='lat' dir='ltr'>dilecti</span> <span class='ocrx_word' id='word_1_622' title='bbox 3702 4223 3855 4262; x_wconf 88' lang='lat' dir='ltr'>can-</span> 
     </span>
    </p>
   </div>
   <div class='ocr_carea' id='block_1_108' title="bbox 2135 4296 3857 4366">
    <p class='ocr_par' dir='ltr' id='par_1_108' title="bbox 2135 4296 3857 4366">
     <span class='ocr_line' id='line_1_108' title="bbox 2135 4296 3857 4366; baseline 0 -17"><span class='ocrx_word' id='word_1_623' title='bbox 2135 4296 2372 4360; x_wconf 85' lang='lat' dir='ltr'>cellarii,</span> <span class='ocrx_word' id='word_1_624' title='bbox 2403 4313 2505 4366; x_wconf 90' lang='lat' dir='ltr'>per</span> <span class='ocrx_word' id='word_1_625' title='bbox 2535 4297 2682 4350; x_wconf 89' lang='lat' dir='ltr'>hanc</span> <span class='ocrx_word' id='word_1_626' title='bbox 2711 4296 2888 4349; x_wconf 90' lang='lat' dir='ltr'>nostri</span> <span class='ocrx_word' id='word_1_627' title='bbox 2945 4296 3218 4364; x_wconf 79' lang='lat' dir='ltr'>praecepti</span> <span class='ocrx_word' id='word_1_628' title='bbox 3266 4299 3611 4364; x_wconf 64' lang='lat' dir='ltr'>praesentem</span> <span class='ocrx_word' id='word_1_629' title='bbox 3663 4297 3857 4365; x_wconf 81' lang='lat' dir='ltr'>pagi-</span> 
     </span>
    </p>
   </div>
   <div class='ocr_carea' id='block_1_109' title="bbox 2134 4383 3855 4454">
    <p class='ocr_par' dir='ltr' id='par_1_109' title="bbox 2134 4383 3855 4454">
     <span class='ocr_line' id='line_1_109' title="bbox 2134 4383 3855 4454; baseline 0 -16"><span class='ocrx_word' id='word_1_630' title='bbox 2134 4401 2286 4450; x_wconf 88' lang='lat' dir='ltr'>nam,</span> <span class='ocrx_word' id='word_1_631' title='bbox 2347 4389 2516 4454; x_wconf 90' lang='lat' dir='ltr'>prout</span> <span class='ocrx_word' id='word_1_632' title='bbox 2578 4385 2732 4454; x_wconf 83' lang='lat' dir='ltr'>juste</span> <span class='ocrx_word' id='word_1_633' title='bbox 2787 4390 2843 4438; x_wconf 88' lang='lat' dir='ltr'>et</span> <span class='ocrx_word' id='word_1_634' title='bbox 2906 4383 3167 4453; x_wconf 88' lang='lat' dir='ltr'>legaliter</span> <span class='ocrx_word' id='word_1_635' title='bbox 3224 4399 3544 4453; x_wconf 90' lang='lat' dir='ltr'>possumus,</span> <span class='ocrx_word' id='word_1_636' title='bbox 3623 4390 3855 4438; x_wconf 70' lang='lat' dir='ltr'>sanctae</span> 
     </span>
    </p>
   </div>
   <div class='ocr_carea' id='block_1_110' title="bbox 2134 4471 3856 4542">
    <p class='ocr_par' dir='ltr' id='par_1_110' title="bbox 2134 4471 3856 4542">
     <span class='ocr_line' id='line_1_110' title="bbox 2134 4471 3856 4542; baseline 0.001 -17"><span class='ocrx_word' id='word_1_637' title='bbox 2134 4474 2283 4527; x_wconf 89' lang='lat' dir='ltr'>sedis</span> <span class='ocrx_word' id='word_1_638' title='bbox 2325 4473 2578 4526; x_wconf 67' lang='lat' dir='ltr'>ecclesiae</span> <span class='ocrx_word' id='word_1_639' title='bbox 2602 4474 2660 4526; x_wconf 88' lang='lat' dir='ltr'>in</span> <span class='ocrx_word' id='word_1_640' title='bbox 2702 4473 2855 4526; x_wconf 89' lang='lat' dir='ltr'>beati</span> <span class='ocrx_word' id='word_1_641' title='bbox 2888 4473 3131 4542; x_wconf 90' lang='lat' dir='ltr'>apostoli</span> <span class='ocrx_word' id='word_1_642' title='bbox 3160 4471 3409 4525; x_wconf 83' lang='lat' dir='ltr'>Mattbaei</span> <span class='ocrx_word' id='word_1_643' title='bbox 3442 4471 3563 4524; x_wconf 71' lang='lat' dir='ltr'>sitae</span> <span class='ocrx_word' id='word_1_644' title='bbox 3615 4471 3856 4526; x_wconf 86' lang='lat' dir='ltr'>honoro</span> 
     </span>
    </p>
   </div>
   <div class='ocr_carea' id='block_1_111' title="bbox 2133 4559 3854 4630">
    <p class='ocr_par' dir='ltr' id='par_1_111' title="bbox 2133 4559 3854 4630">
     <span class='ocr_line' id='line_1_111' title="bbox 2133 4559 3854 4630; baseline 0.002 -17"><span class='ocrx_word' id='word_1_645' title='bbox 2133 4561 2515 4630; x_wconf 89' lang='lat' dir='ltr'>ubiquotidie</span> <span class='ocrx_word' id='word_1_646' title='bbox 2543 4577 2784 4614; x_wconf 87' lang='lat' dir='ltr'>summae</span> <span class='ocrx_word' id='word_1_647' title='bbox 2839 4559 3098 4614; x_wconf 89' lang='lat' dir='ltr'>Trinitati</span> <span class='ocrx_word' id='word_1_648' title='bbox 3153 4560 3360 4614; x_wconf 71' lang='lat' dir='ltr'>debitae</span> <span class='ocrx_word' id='word_1_649' title='bbox 3387 4565 3672 4612; x_wconf 88' lang='lat' dir='ltr'>canuntur</span> <span class='ocrx_word' id='word_1_650' title='bbox 3713 4561 3854 4616; x_wconf 86' lang='lat' dir='ltr'>lau-</span> 
     </span>
    </p>
   </div>
   <div class='ocr_carea' id='block_1_112' title="bbox 2129 4648 3854 4720">
    <p class='ocr_par' dir='ltr' id='par_1_112' title="bbox 2129 4648 3854 4720">
     <span class='ocr_line' id='line_1_112' title="bbox 2129 4648 3854 4720; baseline 0 -18"><span class='ocrx_word' id='word_1_651' title='bbox 2129 4649 2248 4715; x_wconf 89' lang='lat' dir='ltr'>des,</span> <span class='ocrx_word' id='word_1_652' title='bbox 2281 4655 2450 4719; x_wconf 91' lang='lat' dir='ltr'>atque</span> <span class='ocrx_word' id='word_1_653' title='bbox 2481 4649 2892 4702; x_wconf 88' lang='lat' dir='ltr'>inviolabiliter</span> <span class='ocrx_word' id='word_1_654' title='bbox 2923 4653 2978 4702; x_wconf 93' lang='lat' dir='ltr'>et</span> <span class='ocrx_word' id='word_1_655' title='bbox 3031 4648 3443 4717; x_wconf 89' lang='lat' dir='ltr'>perpetualiter</span> <span class='ocrx_word' id='word_1_656' title='bbox 3473 4651 3680 4700; x_wconf 83' lang='lat' dir='ltr'>Amata</span> <span class='ocrx_word' id='word_1_657' title='bbox 3751 4649 3854 4720; x_wconf 88' lang='lat' dir='ltr'>ip-</span> 
     </span>
    </p>
   </div>
   <div class='ocr_carea' id='block_1_113' title="bbox 2129 4735 3856 4807">
    <p class='ocr_par' dir='ltr' id='par_1_113' title="bbox 2129 4735 3856 4807">
     <span class='ocr_line' id='line_1_113' title="bbox 2129 4735 3856 4807; baseline 0.002 -18"><span class='ocrx_word' id='word_1_658' title='bbox 2129 4737 2245 4790; x_wconf 91' lang='lat' dir='ltr'>sius</span> <span class='ocrx_word' id='word_1_659' title='bbox 2319 4737 2570 4807; x_wconf 70' lang='lat' dir='ltr'>praefatae</span> <span class='ocrx_word' id='word_1_660' title='bbox 2651 4737 2912 4790; x_wconf 76' lang='lat' dir='ltr'>Ecclesiae</span> <span class='ocrx_word' id='word_1_661' title='bbox 2983 4735 3437 4805; x_wconf 87' lang='lat' dir='ltr'>archiepiscopo,</span> <span class='ocrx_word' id='word_1_662' title='bbox 3516 4741 3856 4807; x_wconf 87' lang='lat' dir='ltr'>nostroque</span> 
     </span>
    </p>
   </div>
   <div class='ocr_carea' id='block_1_114' title="bbox 2127 4824 3856 4888">
    <p class='ocr_par' dir='ltr' id='par_1_114' title="bbox 2127 4824 3856 4888">
     <span class='ocr_line' id='line_1_114' title="bbox 2127 4824 3856 4888; baseline 0.001 -10"><span class='ocrx_word' id='word_1_663' title='bbox 2127 4825 2298 4888; x_wconf 84' lang='lat' dir='ltr'>ﬁdeli,</span> <span class='ocrx_word' id='word_1_664' title='bbox 2335 4826 2404 4879; x_wconf 87' lang='lat' dir='ltr'>de</span> <span class='ocrx_word' id='word_1_665' title='bbox 2460 4841 2608 4878; x_wconf 89' lang='lat' dir='ltr'>novo</span> <span class='ocrx_word' id='word_1_666' title='bbox 2657 4824 3023 4879; x_wconf 86' lang='lat' dir='ltr'>concedimus</span> <span class='ocrx_word' id='word_1_667' title='bbox 3073 4829 3128 4878; x_wconf 89' lang='lat' dir='ltr'>et</span> <span class='ocrx_word' id='word_1_668' title='bbox 3187 4825 3597 4877; x_wconf 85' lang='lat' dir='ltr'>confirmamus</span> <span class='ocrx_word' id='word_1_669' title='bbox 3631 4840 3856 4881; x_wconf 88' lang='lat' dir='ltr'>omnes</span> 
     </span>
    </p>
   </div>
   <div class='ocr_carea' id='block_1_115' title="bbox 2132 4911 3860 4982">
    <p class='ocr_par' dir='ltr' id='par_1_115' title="bbox 2132 4911 3860 4982">
     <span class='ocr_line' id='line_1_115' title="bbox 2132 4911 3860 4982; baseline 0.003 -17"><span class='ocrx_word' id='word_1_670' title='bbox 2132 4929 2222 4965; x_wconf 90' lang='lat' dir='ltr'>res</span> <span class='ocrx_word' id='word_1_671' title='bbox 2256 4917 2314 4966; x_wconf 89' lang='lat' dir='ltr'>et</span> <span class='ocrx_word' id='word_1_672' title='bbox 2379 4912 2764 4981; x_wconf 87' lang='lat' dir='ltr'>proprietates</span> <span class='ocrx_word' id='word_1_673' title='bbox 2814 4911 2882 4964; x_wconf 90' lang='lat' dir='ltr'>ab</span> <span class='ocrx_word' id='word_1_674' title='bbox 2927 4911 3180 4981; x_wconf 89' lang='lat' dir='ltr'>antiquis</span> <span class='ocrx_word' id='word_1_675' title='bbox 3240 4912 3597 4982; x_wconf 88' lang='lat' dir='ltr'>principibus</span> <span class='ocrx_word' id='word_1_676' title='bbox 3651 4912 3860 4982; x_wconf 88' lang='lat' dir='ltr'>ipsius</span> 
     </span>
    </p>
   </div>
   <div class='ocr_carea' id='block_1_116' title="bbox 2129 4998 3860 5068">
    <p class='ocr_par' dir='ltr' id='par_1_116' title="bbox 2129 4998 3860 5068">
     <span class='ocr_line' id='line_1_116' title="bbox 2129 4998 3860 5068; baseline -0.001 -16"><span class='ocrx_word' id='word_1_677' title='bbox 2129 4998 2370 5052; x_wconf 86' lang='lat' dir='ltr'>civitatis</span> <span class='ocrx_word' id='word_1_678' title='bbox 2427 4999 2718 5068; x_wconf 67' lang='lat' dir='ltr'>prmdictae</span> <span class='ocrx_word' id='word_1_679' title='bbox 2787 4998 2922 5051; x_wconf 88' lang='lat' dir='ltr'>huic</span> <span class='ocrx_word' id='word_1_680' title='bbox 2982 5015 3278 5051; x_wconf 87' lang='lat' dir='ltr'>concessas</span> <span class='ocrx_word' id='word_1_681' title='bbox 3310 4998 3574 5058; x_wconf 67' lang='lat' dir='ltr'>ecclesiae,</span> <span class='ocrx_word' id='word_1_682' title='bbox 3615 5014 3715 5051; x_wconf 90' lang='lat' dir='ltr'>seu</span> <span class='ocrx_word' id='word_1_683' title='bbox 3787 5021 3860 5057; x_wconf 83' lang='lat' dir='ltr'>ea</span> 
     </span>
    </p>
   </div>
   <div class='ocr_carea' id='block_1_117' title="bbox 2130 5086 3861 5158">
    <p class='ocr_par' dir='ltr' id='par_1_117' title="bbox 2130 5086 3861 5158">
     <span class='ocr_line' id='line_1_117' title="bbox 2130 5086 3861 5158; baseline 0.003 -19"><span class='ocrx_word' id='word_1_684' title='bbox 2130 5104 2259 5158; x_wconf 69' lang='lat' dir='ltr'>quas</span> <span class='ocrx_word' id='word_1_685' title='bbox 2289 5086 2536 5140; x_wconf 90' lang='lat' dir='ltr'>Gisulfus</span> <span class='ocrx_word' id='word_1_686' title='bbox 2585 5086 2859 5156; x_wconf 86' lang='lat' dir='ltr'>Princeps</span> <span class='ocrx_word' id='word_1_687' title='bbox 2917 5103 3044 5139; x_wconf 91' lang='lat' dir='ltr'>cum</span> <span class='ocrx_word' id='word_1_688' title='bbox 3104 5103 3275 5139; x_wconf 76' lang='lat' dir='ltr'>uxore</span> <span class='ocrx_word' id='word_1_689' title='bbox 3330 5103 3433 5139; x_wconf 91' lang='lat' dir='ltr'>sua</span> <span class='ocrx_word' id='word_1_690' title='bbox 3480 5088 3722 5141; x_wconf 85' lang='lat' dir='ltr'>Gemma.</span> <span class='ocrx_word' id='word_1_691' title='bbox 3768 5091 3861 5145; x_wconf 88' lang='lat' dir='ltr'>ibi</span> 
     </span>
    </p>
   </div>
   <div class='ocr_carea' id='block_1_118' title="bbox 2133 5174 3858 5247">
    <p class='ocr_par' dir='ltr' id='par_1_118' title="bbox 2133 5174 3858 5247">
     <span class='ocr_line' id='line_1_118' title="bbox 2133 5174 3858 5247; baseline 0.002 -19"><span class='ocrx_word' id='word_1_692' title='bbox 2133 5175 2340 5228; x_wconf 91' lang='lat' dir='ltr'>obtulit</span> <span class='ocrx_word' id='word_1_693' title='bbox 2370 5191 2474 5244; x_wconf 91' lang='lat' dir='ltr'>pro</span> <span class='ocrx_word' id='word_1_694' title='bbox 2506 5191 2741 5227; x_wconf 90' lang='lat' dir='ltr'>suarum</span> <span class='ocrx_word' id='word_1_695' title='bbox 2773 5174 3032 5228; x_wconf 90' lang='lat' dir='ltr'>remedio</span> <span class='ocrx_word' id='word_1_696' title='bbox 3071 5175 3421 5241; x_wconf 90' lang='lat' dir='ltr'>animarum,</span> <span class='ocrx_word' id='word_1_697' title='bbox 3457 5180 3574 5227; x_wconf 89' lang='lat' dir='ltr'>tam</span> <span class='ocrx_word' id='word_1_698' title='bbox 3611 5190 3680 5227; x_wconf 88' lang='lat' dir='ltr'>ea</span> <span class='ocrx_word' id='word_1_699' title='bbox 3712 5192 3858 5247; x_wconf 75' lang='lat' dir='ltr'>quae</span> 
     </span>
    </p>
   </div>
   <div class='ocr_carea' id='block_1_119' title="bbox 2132 5263 3859 5332">
    <p class='ocr_par' dir='ltr' id='par_1_119' title="bbox 2132 5263 3859 5332">
     <span class='ocr_line' id='line_1_119' title="bbox 2132 5263 3859 5332; baseline 0.002 -16"><span class='ocrx_word' id='word_1_700' title='bbox 2132 5263 2282 5316; x_wconf 91' lang='lat' dir='ltr'>intra</span> <span class='ocrx_word' id='word_1_701' title='bbox 2311 5263 2573 5316; x_wconf 88' lang='lat' dir='ltr'>eamdem</span> <span class='ocrx_word' id='word_1_702' title='bbox 2606 5263 2890 5316; x_wconf 87' lang='lat' dir='ltr'>civitatem</span> <span class='ocrx_word' id='word_1_703' title='bbox 2940 5263 3152 5316; x_wconf 88' lang='lat' dir='ltr'>habere</span> <span class='ocrx_word' id='word_1_704' title='bbox 3203 5263 3469 5316; x_wconf 91' lang='lat' dir='ltr'>videntur</span> <span class='ocrx_word' id='word_1_705' title='bbox 3525 5278 3700 5332; x_wconf 89' lang='lat' dir='ltr'>quam</span> <span class='ocrx_word' id='word_1_706' title='bbox 3759 5284 3859 5320; x_wconf 76' lang='lat' dir='ltr'>ex-</span> 
     </span>
    </p>
   </div>
   <div class='ocr_carea' id='block_1_120' title="bbox 2129 5351 3856 5420">
    <p class='ocr_par' dir='ltr' id='par_1_120' title="bbox 2129 5351 3856 5420">
     <span class='ocr_line' id='line_1_120' title="bbox 2129 5351 3856 5420; baseline 0.003 -16"><span class='ocrx_word' id='word_1_707' title='bbox 2129 5356 2236 5416; x_wconf 89' lang='lat' dir='ltr'>tra,</span> <span class='ocrx_word' id='word_1_708' title='bbox 2266 5367 2397 5404; x_wconf 90' lang='lat' dir='ltr'>cum</span> <span class='ocrx_word' id='word_1_709' title='bbox 2446 5351 2613 5406; x_wconf 87' lang='lat' dir='ltr'>terris</span> <span class='ocrx_word' id='word_1_710' title='bbox 2680 5351 2792 5404; x_wconf 87' lang='lat' dir='ltr'>illis</span> <span class='ocrx_word' id='word_1_711' title='bbox 2828 5369 2956 5420; x_wconf 67' lang='lat' dir='ltr'>qua:</span> <span class='ocrx_word' id='word_1_712' title='bbox 2997 5353 3146 5404; x_wconf 89' lang='lat' dir='ltr'>ultra</span> <span class='ocrx_word' id='word_1_713' title='bbox 3197 5351 3436 5404; x_wconf 90' lang='lat' dir='ltr'>fluvium</span> <span class='ocrx_word' id='word_1_714' title='bbox 3488 5351 3856 5410; x_wconf 87' lang='lat' dir='ltr'>Tuscianum</span> 
     </span>
    </p>
   </div>
   <div class='ocr_carea' id='block_1_121' title="bbox 2131 5438 3855 5509">
    <p class='ocr_par' dir='ltr' id='par_1_121' title="bbox 2131 5438 3855 5509">
     <span class='ocr_line' id='line_1_121' title="bbox 2131 5438 3855 5509; baseline 0.005 -19"><span class='ocrx_word' id='word_1_715' title='bbox 2131 5438 2385 5508; x_wconf 67' lang='lat' dir='ltr'>praefata:</span> <span class='ocrx_word' id='word_1_716' title='bbox 2413 5438 2663 5492; x_wconf 70' lang='lat' dir='ltr'>ecclesite</span> <span class='ocrx_word' id='word_1_717' title='bbox 2694 5440 2984 5507; x_wconf 87' lang='lat' dir='ltr'>pertinere</span> <span class='ocrx_word' id='word_1_718' title='bbox 3032 5439 3305 5492; x_wconf 87' lang='lat' dir='ltr'>videntur</span> <span class='ocrx_word' id='word_1_719' title='bbox 3363 5455 3544 5509; x_wconf 88' lang='lat' dir='ltr'>usque</span> <span class='ocrx_word' id='word_1_720' title='bbox 3603 5438 3674 5492; x_wconf 92' lang='lat' dir='ltr'>ad</span> <span class='ocrx_word' id='word_1_721' title='bbox 3729 5442 3855 5498; x_wconf 78' lang='lat' dir='ltr'>flu-</span> 
     </span>
    </p>
   </div>
   <div class='ocr_carea' id='block_1_122' title="bbox 2131 5525 3858 5596">
    <p class='ocr_par' dir='ltr' id='par_1_122' title="bbox 2131 5525 3858 5596">
     <span class='ocr_line' id='line_1_122' title="bbox 2131 5525 3858 5596; baseline 0.006 -20"><span class='ocrx_word' id='word_1_722' title='bbox 2131 5525 2286 5578; x_wconf 91' lang='lat' dir='ltr'>vium</span> <span class='ocrx_word' id='word_1_723' title='bbox 2318 5526 2416 5596; x_wconf 88' lang='lat' dir='ltr'>qui</span> <span class='ocrx_word' id='word_1_724' title='bbox 2444 5525 2650 5579; x_wconf 88' lang='lat' dir='ltr'>dicitur</span> <span class='ocrx_word' id='word_1_725' title='bbox 2683 5527 2850 5592; x_wconf 89' lang='lat' dir='ltr'>Siler,</span> <span class='ocrx_word' id='word_1_726' title='bbox 2899 5542 3000 5580; x_wconf 90' lang='lat' dir='ltr'>seu</span> <span class='ocrx_word' id='word_1_727' title='bbox 3049 5527 3107 5578; x_wconf 92' lang='lat' dir='ltr'>in</span> <span class='ocrx_word' id='word_1_728' title='bbox 3147 5526 3424 5580; x_wconf 89' lang='lat' dir='ltr'>comitatu</span> <span class='ocrx_word' id='word_1_729' title='bbox 3475 5527 3724 5595; x_wconf 89' lang='lat' dir='ltr'>Capuaci</span> <span class='ocrx_word' id='word_1_730' title='bbox 3800 5537 3858 5586; x_wconf 91' lang='lat' dir='ltr'>et</span> 
     </span>
    </p>
   </div>
   <div class='ocr_carea' id='block_1_123' title="bbox 2135 5612 3854 5687">
    <p class='ocr_par' dir='ltr' id='par_1_123' title="bbox 2135 5612 3854 5687">
     <span class='ocr_line' id='line_1_123' title="bbox 2135 5612 3854 5687; baseline 0.005 -22"><span class='ocrx_word' id='word_1_731' title='bbox 2135 5612 2420 5666; x_wconf 86' lang='lat' dir='ltr'>Dulicaria</span> <span class='ocrx_word' id='word_1_732' title='bbox 2478 5617 2534 5667; x_wconf 89' lang='lat' dir='ltr'>et</span> <span class='ocrx_word' id='word_1_733' title='bbox 2559 5612 2620 5667; x_wconf 91' lang='lat' dir='ltr'>in</span> <span class='ocrx_word' id='word_1_734' title='bbox 2648 5613 2868 5668; x_wconf 67' lang='lat' dir='ltr'>caeteris</span> <span class='ocrx_word' id='word_1_735' title='bbox 2902 5613 3040 5667; x_wconf 88' lang='lat' dir='ltr'>locis</span> <span class='ocrx_word' id='word_1_736' title='bbox 3063 5613 3186 5684; x_wconf 89' lang='lat' dir='ltr'>jam</span> <span class='ocrx_word' id='word_1_737' title='bbox 3209 5614 3378 5668; x_wconf 70' lang='lat' dir='ltr'>dictae</span> <span class='ocrx_word' id='word_1_738' title='bbox 3417 5614 3670 5668; x_wconf 78' lang='lat' dir='ltr'>ecclesiae</span> <span class='ocrx_word' id='word_1_739' title='bbox 3704 5633 3854 5687; x_wconf 83' lang='lat' dir='ltr'>per-</span> 
     </span>
    </p>
   </div>
  </div>
