4166 6404
26 423 135 471 3ϋ1

1316 423 1708 480 DIPLOMATA
1749 424 2294 479 ECCLESIASTICA.

3450 433 3554 484 362

24 540 398 609 tinentibus,
435 558 567 612 quae
610 542 721 596 dici
774 544 860 597 vel
889 543 1176 597 nominari
1217 550 1472 613 possunt.
1518 548 1753 614 Insuper
1790 551 1835 602 Α
1865 545 2137 614 episcopii
2178 546 2524 616 regentibus.
2559 546 2717 609 Quod
2764 552 2826 600 ut
2857 548 3041 600 verius
3087 550 3365 615 credatur,
3417 551 3551 602 dili-

19 630 228 681 etiam
298 630 673 684 concedimus
739 637 985 685 castrum
1053 632 1249 685 Libani
1311 650 1439 686 cum
1487 636 1753 687 omnibus

18 717 453 785 adjacentibus
512 719 643 784 sibi,
703 720 1189 789 quemadmodum
1243 721 1384 775 illud
1436 722 1752 791 antiquitus

16 805 169 873 ipsa.
203 806 450 859 ecclesia
488 807 675 860 tenuit
706 813 764 859 et
807 807 1099 860 dominata
1131 812 1213 861 est
1256 825 1359 878 per
1386 816 1669 879 praecepta
1700 814 1755 861 et

16 910 432 964 quascunque
486 894 843 964 scriptiones,
903 900 1151 949 castrum
1208 895 1473 950 videlicet
1533 896 1750 957 Libani,

15 981 200 1051 quod
250 998 283 1034 a
316 982 646 1035 Grimoaldo
690 986 745 1035 et
770 981 973 1035 Alfano
1007 982 1295 1052 germanis
1324 984 1533 1053 injuste
1591 984 1751 1037 inva-

14 1085 169 1122 sum
220 1075 331 1122 est.
379 1068 756 1123 Concedimus
806 1068 1053 1139 denique
1102 1076 1157 1124 et
1208 1072 1614 1125 conﬁrmamus
1663 1072 1751 1125 ei-

12 1157 182 1210 dem
238 1157 495 1211 ecclesiaa
540 1172 741 1210 omnes
801 1160 1158 1211 mortuorum
1208 1174 1297 1212 res
1347 1176 1475 1228 quas
1522 1160 1577 1212 in
1629 1160 1752 1229 ipso

11 1246 350 1314 episcopio
381 1246 467 1298 vel
518 1244 577 1297 in
618 1245 786 1299 rebus
816 1245 931 1298 suis
973 1250 1105 1299 sunt
1151 1252 1248 1300 aut
1287 1253 1455 1300 erunt
1492 1247 1561 1300 ad
1594 1248 1753 1301 futu-

11 1350 203 1398 rum,
244 1348 564 1402 omnesque
597 1348 685 1386 res
719 1332 957 1386 mobiles
1006 1333 1120 1387 sive
1153 1333 1480 1389 immobiles
1527 1351 1654 1405 quae
1687 1334 1753 1388 ab

13 1420 381 1490 antiquitus
434 1421 614 1472 Deum
662 1420 999 1473 timentibus
1051 1420 1382 1475 hominibus
1444 1422 1651 1475 oblata:
1676 1422 1754 1475 ibi

14 1514 205 1575 sunt,
266 1524 335 1561 ac
374 1523 576 1561 omnes
614 1508 1005 1561 concessiones
1045 1508 1302 1578 ejusdem
1342 1514 1545 1562 sanctae
1577 1511 1753 1563 eccle-

12 1598 133 1649 siae
184 1611 498 1649 concessas
546 1612 577 1647 a
618 1594 975 1665 principibus
1006 1601 1062 1649 et
1100 1597 1337 1650 ducibus
1368 1613 1466 1650 seu
1504 1598 1752 1666 regibus.

10 1685 313 1738 Censiles
368 1700 619 1754 namque
667 1699 870 1737 omnes
920 1684 1175 1754 ejusdem
1216 1686 1492 1751 Ecclesiaz,
1533 1690 1589 1738 ut
1625 1701 1755 1756 pars

8 1772 280 1841 praefati
311 1771 587 1842 episcopii
616 1771 962 1837 dominetur,
1009 1772 1294 1840 jubemus,
1344 1774 1494 1825 nullo
1533 1779 1753 1826 contra-

10 1862 304 1925 dicente,
385 1860 532 1913 sicut
587 1858 906 1929 antiquitus
963 1859 1190 1913 fecerat.
1255 1860 1455 1913 Nostra
1506 1876 1755 1930 namque

8 1947 350 2017 imperiali
395 1946 727 2000 auctoritate
767 1946 820 1999 ei
861 1946 1228 2000 concedimus
1274 1948 1754 2012 conﬁrmationes,

10 2043 86 2091 ut
123 2052 283 2105 pars
341 2034 602 2103 ejusdem
646 2033 899 2103 episcopi
945 2033 1150 2087 habeat
1194 2040 1530 2104 potestatem
1576 2036 1642 2089 ad
1674 2052 1758 2088 ec-

12 2125 200 2179 lesias
272 2122 539 2193 ejusdem
583 2122 678 2192 jus
729 2122 995 2175 ordinare
1046 2122 1193 2176 infra
1244 2123 1505 2177 eamdem
1556 2123 1757 2176 civita-

10 2219 150 2266 tem
210 2209 484 2280 quinque
528 2208 944 2274 macellatores,
990 2208 1091 2262 ubi
1133 2209 1399 2275 voluerit,
1453 2210 1520 2263 ad
1561 2226 1757 2263 carnes

12 2299 409 2353 vendendas.
466 2298 793 2351 Statuentes
835 2297 1117 2367 siquidem
1164 2297 1249 2350 illi
1301 2300 1660 2352 concedimus
1704 2302 1760 2352 et

12 2388 477 2443 confirmamus
523 2401 720 2439 omnes
760 2385 885 2438 illas
924 2401 1012 2438 res
1043 2401 1171 2455 qua:
1217 2386 1285 2439 ab
1337 2386 1591 2455 ejusdem
1632 2387 1759 2455 epi-

13 2477 201 2545 scopi
233 2477 376 2545 jure
408 2474 529 2527 sine
561 2474 783 2527 ratione
815 2472 1128 2542 etjustitia,
1162 2478 1289 2542 post
1310 2474 1527 2526 obitum
1555 2480 1759 2527 sancta:

10 2563 476 2620 recordationis
529 2560 699 2628 Petri,
774 2560 1031 2629 ejusdem
1105 2561 1353 2613 ecclesiae
1423 2559 1760 2612 venerabilis

13 2652 315 2723 episcopi
369 2650 574 2703 ablatae
629 2653 762 2702 sunt
811 2664 913 2717 per
938 2650 1215 2701 Joannem
1267 2650 1617 2717 episcopum,
1662 2647 1759 2716 qui

11 2741 390 2795 inordinate
444 2737 703 2790 eamdem
753 2736 939 2789 tenuit
985 2736 1196 2788 sedem.
1251 2737 1317 2789 Ut
1365 2736 1409 2787 si
1462 2752 1575 2805 qua
1627 2742 1757 2787 ante

14 2828 290 2898 scriptio
326 2842 434 2894 per
486 2841 689 2877 manus
737 2824 993 2892 ejusdem
1044 2822 1277 2875 Joannis
1324 2823 1487 2889 facta,
1533 2828 1758 2876 ostensa

14 2918 243 2981 fuerit,
291 2914 683 2983 dijudicamus
709 2927 834 2965 eam
866 2927 967 2980 pro
1008 2927 1244 2963 munere
1276 2911 1495 2963 irritam
1540 2916 1595 2964 et
1635 2911 1756 2963 ina-

15 3022 197 3067 nem,
246 3020 321 3056 eo
377 3001 529 3071 quod
578 3006 777 3053 contra
804 2998 1133 3051 canonicam
1165 2999 1557 3051 auctoritatem
1598 3015 1756 3051 suam

12 3089 309 3145 deseruit
353 3087 569 3147 sedem,
602 3090 654 3137 et
694 3084 764 3137 ad
812 3084 982 3137 aliam
1026 3084 1257 3136 accessit
1290 3101 1301 3137 :
1340 3084 1488 3153 quod
1519 3084 1752 3136 omnino

11 3179 157 3234 ﬁeri
214 3192 349 3231 non
398 3173 589 3243 potuit
619 3171 930 3225 secundum
964 3171 1313 3224 auctoritatis
1355 3186 1634 3223 canonum
1668 3169 1760 3223 in-

13 3270 269 3321 stituta.
319 3260 639 3316 Statuimus
690 3264 755 3312 ut
793 3275 923 3329 pars
972 3258 1194 3327 prmfati
1242 3257 1493 3327 episcopi
1526 3258 1757 3311 distrin-

15 3364 125 3425 gat
170 3367 399 3406 omnes
453 3350 705 3401 forenses
748 3347 1108 3416 presbyteros
1151 3345 1258 3398 sibi
1304 3346 1649 3414 pertinentes
1696 3362 1760 3398 ac

15 3443 311 3501 clericos,
375 3451 689 3505 omnesque
735 3436 1068 3488 eorumdem
1126 3435 1389 3495 familias,
1439 3435 1649 3486 scilicet
1698 3434 1759 3487 il-

16 3536 108 3587 los
174 3530 293 3600 qui
358 3526 419 3579 in
479 3523 706 3578 dioecesi
773 3523 1030 3593 ejusdem
1088 3522 1361 3592 episcopii
1427 3523 1685 3574 habitant
1742 3537 1755 3574 :

17 3620 338 3672 Volumus
393 3619 459 3665 ut
505 3611 729 3681 judicet
776 3616 833 3664 et
884 3610 1189 3678 distringat
1244 3610 1364 3662 siue
1417 3610 1530 3662 ulla
1582 3609 1760 3677 partis

14 3706 298 3779 publica:
334 3699 766 3764 contrarietate,
819 3704 874 3751 et
916 3699 973 3751 in
1028 3714 1129 3751 suo
1161 3698 1385 3750 servitio
1435 3698 1656 3762 habeat,
1698 3701 1760 3749 ut

12 3808 299 3847 canones
342 3789 573 3858 jubent.
618 3787 828 3840 Omnes
875 3785 1087 3855 quippe
1144 3786 1492 3854 supradictas
1542 3801 1629 3837 res
1677 3783 1760 3837 illi

11 3883 474 3937 conﬁrmamus
507 3892 621 3929 una
656 3891 784 3927 cum
820 3873 1007 3941 terris,
1039 3872 1239 3937 vineis,
1273 3872 1507 3941 campis,
1558 3872 1755 3940 pratis,

11 3969 216 4033 silvis,
312 3963 571 4035 pascuis,
647 3960 957 4024 montibus,
1045 3961 1303 4021 vallibus,
1390 3960 1755 4029 planitiebus,

11 4058 203 4129 aquis
271 4066 689 4123 aquarumque
744 4049 1097 4114 decursibus,
1170 4049 1330 4117 ripis,
1394 4048 1755 4116 molendiuis,

10 4141 499 4218 piscationibus,
534 4138 783 4203 forestis,
818 4137 1234 4203 venationibus,
1271 4137 1468 4203 servis,
1511 4136 1751 4202 ancillis,

12 4235 231 4294 aldiis,
314 4227 609 4293 aldiabus,
688 4226 951 4290 ancariis,
1012 4225 1290 4290 censibus,
1366 4225 1757 4293 pensionibus,

11 4321 305 4393 capellis,
366 4315 637 4379 castellis,
689 4314 856 4375 villis,
910 4330 972 4366 ac
1014 4313 1281 4365 omnibus
1327 4328 1454 4381 quae
1508 4313 1616 4365 dici
1664 4319 1759 4367 aut

12 4406 347 4466 nominari
382 4405 646 4473 possunt,
677 4402 932 4471 prmfataa
976 4400 1225 4453 ecclesias
1264 4401 1416 4469 juste
1461 4406 1517 4453 et
1562 4400 1758 4469 legali-

14 4510 109 4554 ter
138 4492 622 4568 pertinentibus,
679 4490 738 4543 in
780 4491 1088 4559 integrum.
1140 4487 1539 4558 Praecipientes
1584 4488 1761 4558 igitur

13 4586 286 4640 omnino
329 4580 616 4651 jubemus
649 4582 711 4630 ut
739 4578 932 4630 nullus
966 4575 1254 4642 dominus,
1288 4576 1571 4646 princeps,
1621 4581 1760 4628 stra-

16 4676 211 4737 ticbo,
253 4666 556 4731 marchio,
591 4666 912 4735 episcopus,
946 4680 1154 4729 comes,
1197 4663 1529 4725 vicecomes,
1579 4665 1761 4716 nulla-

15 4781 132 4834 que
168 4756 382 4814 nostri
414 4756 581 4824 regni
624 4770 835 4822 magna
881 4753 967 4805 vel
1012 4768 1184 4822 parva
1229 4767 1473 4821 persona
1512 4752 1763 4820 prrefatw

18 4847 297 4903 ecclesiae
336 4859 458 4907 res,
514 4842 605 4894 vel
654 4840 991 4910 episcopum
1040 4838 1382 4908 inquietare,
1437 4840 1758 4897 molestare,

17 4945 115 4991 aut
177 4937 247 4989 in
300 4932 511 5000 aliquo
566 4929 687 4982 sine
737 4927 904 4997 legali
946 4926 1163 4996 judicio
1211 4925 1499 4979 disvestire
1550 4938 1761 4995 praesu—

17 5032 161 5081 mat.
225 5023 349 5077 Sed
406 5018 575 5071 liceat
622 5016 810 5070 eidem
844 5018 1044 5068 Amato
1075 5014 1499 5083 archiepiscopo
1542 5013 1761 5082 praefati

19 5111 323 5186 apiscopii
383 5124 477 5160 res
520 5111 738 5169 tenere,
794 5103 1103 5173 possidere,
1149 5107 1320 5172 atque
1372 5118 1472 5171 per
1511 5100 1618 5153 hoc
1662 5115 1762 5151 no-

19 5213 211 5257 strum
252 5199 632 5269 praeceptum
684 5190 986 5262 praedictas
1038 5205 1128 5243 res
1179 5190 1245 5242 ad
1295 5188 1597 5242 utilitatem
1646 5201 1763 5237 suae

22 5289 296 5345 2cclesiae
374 5281 703 5351 acquirere,
774 5278 1036 5332 omnium
1096 5276 1395 5329 hominum
1472 5272 1759 5329 contradi~

22 5381 219 5433 :tione
260 5376 524 5428 remota.
560 5369 617 5421 Si
658 5366 787 5437 quis
817 5370 1031 5431 autem,
1064 5364 1215 5434 quod
1246 5361 1425 5417 absit!
1464 5362 1632 5431 hujus
1663 5376 1761 5411 no-

24 5474 149 5521 stra:
217 5455 607 5517 auctoritatis
667 5457 1163 5524 praesumptuosus
1215 5452 1455 5504 violator
1499 5447 1762 5509 extiterit,

24 5556 163 5609 .ciat
212 5569 280 5605 se
342 5543 817 5614 compositurum
861 5540 987 5593 auri
1034 5538 1324 5609 purissimi
1373 5538 1541 5591 libras
1589 5535 1763 5596 mille,

24 5642 427 5698 medietatem
474 5646 723 5685 camerae
752 5632 981 5693 nostrae,
1021 5631 1077 5681 et
1104 5626 1470 5681 medietatem
1512 5623 1763 5693 ejusdem

367 5740 661 5806 PATROL.
716 5731 887 5799 CXL.

1862 639 2173 703 genterquo
2236 635 2305 687 ab
2373 635 2638 687 omnibus
2692 636 3041 700 observetur,
3094 653 3264 688 manu
3318 638 3553 705 propria

1863 722 2198 775 roborautes
2254 723 2400 775 hanc
2461 723 2733 792 paginam
2805 728 2998 776 nostro
3050 724 3234 793 sigillo
3291 723 3553 793 insigniri

1856 808 2157 877 jussimus.

1931 898 2155 963 Signum
2219 897 2402 950 εἰογηηὶ

1860 984 2126 1050 Augusti.

1930 1072 2312 1125 Theodoricus
2360 1072 2729 1125 cancellarius
2784 1072 2904 1125 vice
2963 1074 3233 1128 Eberardi
3300 1075 3550 1144 episcopi

1861 1164 1915 1213 et
1940 1159 2435 1212 archicaucellarii.
2472 1200 2485 1213 .
2522 1199 2534 1211 .
2572 1198 2584 1211 .
2620 1203 2631 1213 .
2670 1201 2681 1213 .
2722 1199 2733 1211 .

1934 1249 2072 1301 Data
2125 1247 2307 1316 pridie
2376 1248 2657 1301 Kalendas
2710 1249 2883 1309 Junii,
2939 1265 3088 1302 anno
3145 1250 3550 1303 incarnationis

1862 1336 2091 1388 Domini
2121 1336 2186 1388 M.
2227 1378 2237 1389 .
2271 1374 2284 1388 .
2326 1374 2338 1389 .
2376 1376 2387 1388 .
2429 1376 2439 1387 .
2478 1376 2491 1389 .
2549 1336 2859 1390 indictione
2894 1354 2942 1400 v,
2992 1353 3140 1390 anno
3174 1355 3304 1391 vero
3348 1338 3551 1391 Domni

1863 1422 2089 1477 Henrici
2118 1424 2162 1475 ΙΙ
2187 1424 2497 1491 regnantis.
2535 1463 2547 1475 .
2588 1463 2599 1475 .
2639 1468 2649 1477 .
2691 1467 2699 1476 .
2740 1465 2751 1477 .
2791 1465 2803 1478 .
2832 1424 3060 1494 imperii
3088 1441 3218 1478 vero
3258 1429 3307 1478 9.

1930 1513 2131 1563 Actum
2160 1511 2341 1579 Trojaa
2371 1510 2626 1564 feliciter.
2661 1515 2860 1565 Amen.

2595 1618 2811 1671 CXXIV.

1864 1720 1924 1773 S.
1978 1720 2237 1772 Henricus
2307 1721 2378 1772 D.
2453 1722 2769 1787 Romualdo,
2843 1722 3193 1776 eremitarum
3258 1724 3548 1777 Camaldu-

1936 1790 2159 1842 lensium
2260 1790 2543 1854 conditori,
2635 1792 2909 1843 abbatiam
2988 1794 3042 1846 S.
3139 1794 3411 1846 Benedicti
3492 1798 3551 1847 in

1937 1858 2175 1927 Alpibus
2202 1860 2275 1912 ad
2297 1860 2581 1928 Bi/urcum
2605 1864 2770 1914 sitam
2795 1866 3091 1929 conﬁrmat.

2514 1951 2693 2017 (Anno
2730 1952 2906 2015 1022.)

2234 2034 2505 2106 [Ugbelli,
2536 2038 2701 2089 Italia
2730 2051 2908 2103 sacra,
2934 2038 3000 2102 Il,
3034 2036 3187 2107 493.]

1935 2121 2000 2174 In
2073 2122 2304 2175 nomine
2359 2123 2555 2185 Patris,
2614 2128 2670 2177 et
2738 2124 2883 2189 Filii,
2937 2130 2994 2177 et
3048 2125 3291 2194 Spiritus
3349 2125 3548 2190 sancti,

1868 2211 2151 2264 ﬂammeus
2183 2210 2571 2263 Romanorum
2598 2210 2915 2279 imperator
2944 2215 3250 2280 Augustus.

1937 2296 2186 2365 Dignum
2232 2297 2458 2349 videtur
2502 2304 2707 2351 nostra:
2756 2298 3042 2367 imperiali
3072 2299 3385 2351 clementiae
3416 2300 3550 2351 reli-

1866 2383 2156 2452 giosorum
2230 2384 2482 2437 virorum
2548 2386 2811 2454 congruis
2868 2387 3232 2454 petitionibus
3284 2388 3433 2456 juste
3492 2404 3554 2439 ac

1864 2471 2276 2523 rationabiliter
2323 2473 2708 2541 acquiescere.
2761 2474 3117 2542 QuaprOpter
3162 2474 3381 2525 noverit
3426 2490 3555 2526 om-

1866 2559 2024 2611 nium
2078 2560 2334 2611 Ecclesiae
2385 2566 2592 2612 sancta:
2644 2560 2738 2612 Dei
2796 2569 3234 2630 nostrorumque
3275 2562 3549 2623 fidelium,

1866 2646 2234 2716 praesentium
2288 2647 2548 2699 videlicet
2603 2654 2657 2699 et
2714 2648 3056 2706 futurorum,
3107 2648 3381 2700 industria
3421 2666 3555 2716 qua—

1866 2733 1997 2785 liter
2027 2749 2149 2795 nos,
2185 2749 2287 2801 pro
2328 2734 2583 2786 remedio
2634 2734 2838 2787 animos
2879 2742 3085 2787 nostra
3119 2752 3215 2786 seu
3252 2742 3552 2803 parentum

1866 2827 2214 2883 nostrorum,
2266 2828 2575 2891 nostraque
2629 2824 2807 2875 salute
2860 2840 2923 2874 ac
2973 2823 3357 2875 dilectissimus
3416 2840 3548 2875 con-

1859 2908 2014 2977 jugis
2083 2914 2283 2961 nostrae
2359 2909 2725 2977 Cunegundis
2812 2910 3185 2977 imperatricis
3258 2914 3550 2978 Augustae,

1867 3002 2034 3064 atque
2066 3012 2166 3065 pro
2198 2995 2519 3048 interventu
2561 2997 2810 3064 religiosi
2852 2997 2956 3049 viri
2992 2999 3051 3049 Ι).
3088 2998 3389 3051 Romualdi
3436 3014 3555 3051 mo-

1794 3080 1833 3133 C
1868 3084 2032 3136 nachi
2065 3090 2119 3136 et
2168 3084 2439 3146 eremitm,
2475 3085 2780 3153 quamdam
2831 3085 3113 3137 abbatiam
3161 3086 3227 3137 ad
3276 3086 3549 3138 honorem

1866 3171 1919 3225 S.
1965 3172 2246 3224 Benedicti
2294 3187 2462 3239 super
2502 3188 2587 3223 res
2636 3172 2813 3224 nostri
2855 3172 3001 3239 juris
3056 3177 3437 3225 constructam
3490 3174 3549 3225 in

1866 3260 2005 3328 Alpe
2035 3275 2162 3328 quae
2194 3259 2399 3311 dicitur
2443 3260 2682 3321 Bifurco,
2717 3266 2941 3313 tantum
2990 3261 3218 3329 regibus
3252 3262 3336 3313 vel
3372 3260 3554 3328 impe-

1869 3348 2151 3400 ratoribus
2217 3348 2443 3399 solitam
2505 3348 2779 3412 investil‘i,
2849 3349 3265 3411 constituimus,
3315 3365 3554 3417 eamque

1868 3451 2201 3505 permanere
2235 3436 2292 3486 in
2351 3435 2579 3503 provisu
2630 3442 2685 3488 et
2729 3436 3030 3505 disciplina
3080 3437 3335 3503 ejusdem
3385 3453 3551 3489 vene-

1866 3523 2060 3577 rabilis
2092 3522 2194 3575 viri
2227 3524 2287 3575 D.
2326 3523 2627 3575 Romualdi
2670 3540 3018 3594 suorumque
3059 3541 3451 3577 successorum
3493 3525 3553 3576 iu

1866 3612 1987 3679 ipsa
2019 3627 2211 3662 eremo
2245 3610 2691 3678 persistentium,
2745 3612 2912 3663 vitam
2947 3617 2999 3663 et
3042 3612 3378 3676 religionem
3410 3614 3554 3679 ejus-

1867 3700 1993 3753 dem
2026 3698 2411 3762 servantium;
2460 3698 2627 3750 modo
2658 3699 2782 3766 ipsa
2831 3705 3021 3751 tamen
3071 3700 3314 3767 provisio
3361 3704 3415 3750 et
3466 3699 3551 3750 di-

1867 3787 2103 3855 sciplina
2144 3790 2338 3837 contra
2384 3786 2638 3853 regulam
2688 3786 2743 3838 Β.
2784 3786 3066 3838 Benedicti
3097 3802 3212 3837 non
3256 3786 3372 3838 ﬁat.
3405 3789 3549 3839 (lou-

1867 3874 2158 3927 ﬁrmantes
2199 3873 2445 3925 ecclesiae
2478 3875 2532 3925 S.
2589 3874 2871 3927 Benedicti
2922 3874 3173 3943 ejusdem
3220 3871 3553 3925 monasterii

1868 3964 1992 4016 illas
2040 3968 2218 4014 terras
2270 3978 2410 4030 quas
2461 3978 2609 4013 nunc
2648 3967 2822 4025 tenet,
2880 3978 3123 4030 quarum
3156 3962 3391 4013 nomina
3421 3964 3552 4012 sunt

1867 4050 2023 4116 haec;
2057 4049 2347 4101 ecclesiam
2384 4065 2511 4101 cum
2546 4049 2725 4101 tribus
2769 4049 3109 4101 molendiuis
3156 4052 3210 4101 et
3240 4054 3353 4100 tres
3389 4064 3551 4099 mau-

1868 4155 1957 4191 sos
2017 4138 2076 4190 in
2129 4137 2583 4197 Domicuicrolo;
2632 4137 2689 4188 in
2739 4137 2971 4189 Galiano
3018 4153 3245 4188 mansos
3299 4136 3437 4188 duos
3500 4141 3555 4187 et

1869 4222 2162 4276 ecclesiam
2210 4236 2421 4282 unum;
2462 4221 2519 4272 in
2577 4221 2871 4273 Partisidia
2929 4221 3220 4273 ecclesiam
3271 4236 3465 4284 uuam,
3501 4224 3555 4271 et

1870 4326 2097 4362 mansos
2128 4308 2303 4373 duos;
2334 4312 2388 4360 et
2420 4308 2805 4360 molendiuum
2841 4324 3017 4360 unum
3046 4328 3061 4369 ;
3088 4308 3142 4359 in
3176 4310 3365 4360 Casale
3399 4324 3555 4359 man-

1871 4413 1961 4450 sos
1992 4397 2132 4448 duos
2166 4412 2179 4461 ;
2214 4397 2271 4447 in
2305 4395 2595 4447 Mistriano
2630 4410 2889 4446 mansum
2928 4411 3103 4446 unum
3140 4411 3151 4455 ;
3186 4394 3242 4445 in
3284 4393 3553 4445 Drimano

1872 4501 2131 4537 mansum
2154 4500 2361 4545 unum;
2390 4483 2446 4534 in
2472 4483 2746 4550 Dipidano
2772 4498 3031 4534 mansum
3056 4497 3264 4547 unum;
3290 4481 3344 4531 in
3363 4484 3553 4532 monte
3598 4481 3615 4497 ⁸

1870 4571 2108 4623 Martino
2141 4586 2403 4623 mansum
2435 4585 2611 4622 unum
2644 4585 2656 4634 ;
2691 4573 2749 4620 in
2796 4568 2982 4620 Africo
3014 4584 3239 4619 mansos
3279 4567 3418 4618 duos
3452 4582 3464 4626 ;
3495 4565 3555 4617 in

1872 4658 2159 4711 montanis
2214 4658 2267 4711 S.
2322 4657 2624 4711 Gaudentii
2673 4672 2900 4708 mansos
2952 4655 3246 4724 quinque;
3279 4658 3333 4705 et
3364 4653 3555 4705 omnia

1873 4762 2225 4817 quascunque
2276 4745 2428 4813 juste
2485 4750 2539 4796 et
2587 4745 2841 4813 legalitcr
2902 4760 3051 4794 nunc
3102 4742 3288 4809 habet,
3352 4748 3448 4794 aut
3497 4742 3555 4793 in

1873 4838 2039 4887 antea
2066 4832 2360 4885 habiturus
2408 4837 2509 4896 est,
2552 4836 2655 4883 aut
2695 4831 3072 4900 acquisiturus
3099 4836 3203 4893 est,
3237 4836 3335 4882 aut
3364 4830 3556 4899 acqui—

1873 4922 2018 4987 sivit,
2064 4926 2121 4973 ut
2148 4938 2212 4972 ea
2239 4920 2440 4972 habeat
2471 4936 2533 4971 ac
2566 4925 2755 4971 teneat.
2800 4936 2925 4971 cum
2959 4919 3226 4971 omnibus
3266 4919 3381 4970 suis
3430 4935 3555 4987 per-

1873 5009 2125 5062 tinentiis
2157 5009 2214 5061 in
2246 5008 2531 5076 integrum
2558 5024 2569 5073 ;
2596 5008 2971 5076 proprietario
3000 5008 3125 5075 jure
3162 5007 3463 5075 possideat,
3493 5022 3557 5057 eo

1875 5098 2041 5151 modo
2093 5102 2154 5149 ut
2204 5112 2305 5149 nec
2364 5096 2457 5148 isti
2515 5095 2613 5165 qui
2670 5111 2823 5147 nunc
2882 5100 3138 5163 superest
3196 5094 3405 5157 abbati,
3456 5109 3557 5144 nec

1875 5184 1990 5238 suis
2041 5184 2478 5249 successoribus,
2538 5183 2702 5235 liceat
2754 5188 2933 5235 terras
2984 5182 3239 5234 Ecclesiae
3297 5181 3553 5241 vendere,

1875 5278 1973 5325 aut
2018 5273 2284 5335 alienare,
2346 5278 2443 5325 aut
2493 5270 2814 5339 precarium
2865 5270 3046 5321 facere
3099 5269 3311 5335 absque
3368 5270 3555 5317 nostra

1874 5361 2122 5425 licentia,
2168 5360 2263 5412 sed
2307 5363 2529 5411 tantum
2563 5358 2631 5411 ad
2677 5374 2841 5409 usum
2885 5356 3297 5408 monachorum
3344 5353 3552 5405 ibidem

1874 5446 2243 5499 servientium
2271 5447 2429 5515 juxta
2462 5445 2716 5513 regulam
2749 5444 2802 5496 S.
2839 5442 3120 5495 Benedicti
3152 5446 3550 5508 permane-int.

1876 5535 2117 5602 Insuper
2156 5534 2561 5586 conﬁrmamus
2594 5546 2822 5583 omnem
2863 5529 3251 5581 limt‘editatem
3284 5528 3559 5579 bonorum

1881 5621 2060 5691 ipsius
2088 5620 2423 5674 monasterii
2466 5625 2522 5671 et
2556 5617 2981 5680 monachorum,
3036 5620 3097 5667 ut
3125 5614 3224 5667 tali
3261 5616 3429 5668 modo
3470 5616 3563 5666 ha-

3220 5726 3298 5781 12

2496 899 2716 950 Henrici
2796 900 3129 951 serenissimi
3202 900 3549 966 imperatoris

1794 1811 1837 1866 Β
