3980 6412
414 404 516 457 363

1721 413 1776 465 8.
1819 413 2110 470 HENRICI
2147 413 2626 474 IMPERATORIS

3831 425 3962 479 36!.

411 523 543 578 beat
578 540 693 616 quo
737 541 892 580 nunc
949 525 1077 595 ipse
1122 526 1314 584 habet.
1364 531 1776 588 Constituimus
1822 534 2000 606 igitur
2043 542 2110 592 ut
2139 541 2187 591 A
2223 543 2348 597 loco
2387 543 2486 614 qui
2516 542 2852 597 nominatur
2893 545 3145 598 Pentano
3196 561 3328 600 cum
3369 545 3486 599 suis
3533 547 3961 616 pertinentiis,

409 613 803 682 supradictum
867 616 1282 670 monasterium
1347 619 1494 673 nulli
1553 622 1872 676 marchioni
1899 663 1914 690 ,
1965 625 2109 678 nulli

409 700 628 766 comiti,
654 701 800 756 nulli
820 701 1272 775 archiepiscOpo,
1318 707 1463 760 nulli
1506 707 1795 779 episcOpo,
1849 711 2110 782 nullique

409 787 688 859 singulari
718 805 978 858 personae
1011 790 1316 860 subjaceat,
1351 793 1462 847 nisi
1507 794 1580 848 sit
1615 795 1678 849 in
1718 797 2004 866 imperiali
2055 807 2110 855 et

407 877 590 947 regali
636 882 930 947 potestate.
970 879 1243 932 Volumus
1288 879 1485 952 itaque
1535 888 1590 936 et
1638 883 2004 956 disponimus
2044 892 2110 942 ut

408 965 576 1019 liceat
608 967 669 1019 D.
707 966 1024 1020 Romualdo
1059 967 1293 1037 suisque
1333 971 1776 1039 successoribus,
1813 978 1870 1028 et
1915 975 2106 1029 abbati

406 1053 588 1124 ipsius
632 1054 968 1108 monasterii
1033 1055 1268 1125 suisque
1319 1059 1762 1126 successoribus,
1827 1062 2106 1118 advocare

407 1154 810 1210 quemcunque
839 1140 1173 1210 episcopum
1219 1143 1290 1198 ad
1325 1145 1589 1200 ecclesias
1617 1150 2027 1204 consecrandus
2051 1154 2108 1205 et

405 1228 475 1282 ad
551 1245 784 1282 omnem
850 1231 1335 1286 consecrationem
1419 1235 1760 1290 faciendam.
1832 1239 2105 1292 Volumus

406 1316 578 1370 etiam
609 1321 671 1370 ut
697 1333 801 1386 per
829 1316 1133 1372 circuitum
1179 1321 1514 1375 monasterii
1562 1328 1620 1376 et
1663 1325 1840 1378 eremi
1871 1327 2107 1381 ecclesia

404 1404 692 1474 possideat
722 1405 792 1458 ab
831 1406 1052 1459 oriente
1091 1422 1124 1459 a
1169 1407 1290 1460 rivo
1338 1409 1409 1462 de
1456 1410 1604 1476 lacu,
1653 1411 1723 1465 ab
1755 1413 2042 1468 occidente
2073 1432 2106 1468 a

395 1492 538 1563 jugo
581 1493 835 1563 Alpium,
893 1511 925 1547 a
981 1495 1371 1564 septentrione
1400 1513 1433 1550 a
1464 1498 1712 1565 Ceresio,
1762 1516 1796 1552 a
1840 1502 2101 1570 meridie,

402 1581 612 1635 collina
649 1582 718 1636 de
753 1581 1027 1638 Gimellis.
1073 1583 1488 1639 Inviolabiliter
1532 1586 1712 1656 igitur
1745 1587 2012 1658 jubemus
2043 1597 2106 1645 ut

401 1685 519 1723 non
549 1669 683 1734 dux,
716 1685 833 1723 non
878 1669 1154 1736 marchio,
1205 1688 1321 1726 non
1362 1689 1572 1736 comes,
1607 1691 1725 1728 non
1777 1676 2106 1745 qualiscun-

403 1773 514 1827 que
541 1773 749 1828 magna
774 1758 863 1812 vel
884 1775 1061 1828 parva
1087 1775 1329 1828 persona
1363 1761 1472 1815 hoc
1501 1768 1763 1816 nostrum
1801 1764 2101 1834 imperiale

401 1851 752 1916 praeceptum
803 1845 1014 1899 violare
1060 1852 1365 1916 pertentet.
1418 1848 1477 1903 Si
1503 1866 1658 1915 vero,
1707 1852 1863 1920 quod
1907 1851 2094 1904 absit!

399 1933 607 2004 aliquis
635 1932 777 1987 illud
806 1932 1121 2002 infringere
1154 1935 1477 2000 tentaverit,
1523 1937 1666 1990 sciat
1708 1953 1767 1990 se
1818 1938 2100 2007 composi-

399 2027 596 2076 turum
625 2021 898 2074 ducentas
933 2021 1107 2074 libras
1137 2022 1264 2076 auri
1292 2023 1428 2077 cotti
1458 2040 1470 2077 :
1506 2025 1875 2079 medietatem
1911 2025 2097 2094 nobis,

399 2113 458 2162 et
502 2108 869 2162 medietatem
917 2107 1068 2162 dicto
1113 2109 1482 2164 monasterio.
1531 2111 1594 2164 Et
1638 2117 1702 2164 ut
1754 2111 1862 2166 hoc
1913 2113 2098 2167 verius

399 2197 685 2263 credatur,
731 2200 789 2248 et
837 2195 1240 2250 inconvulsum
1293 2204 1577 2265 servetur,
1634 2216 1810 2255 manu
1863 2204 2100 2273 pr0pria

399 2283 838 2348 subscribentes,
889 2289 1084 2338 nostro
1133 2284 1323 2355 sigillo
1373 2287 1616 2342 inferius
1658 2289 1926 2360 insigniri
1958 2308 2099 2361 prie-

399 2371 677 2440 cepimus.

470 2461 624 2527 Sign.
673 2463 729 2514 ι).
785 2461 1006 2514 Henrici
1041 2463 1386 2529 imperatoris
1427 2465 1780 2518 invictissimi
1829 2467 2094 2535 Augusti.

472 2547 857 2602 'l‘beodoricus
887 2549 1260 2602 cancellarius
1285 2552 1613 2620 recognovi.

471 2636 676 2689 Datum
707 2651 858 2690 anno
905 2637 1066 2692 Dom.
1101 2638 1323 2692 lncarn.
1362 2640 1517 2708 l022,
1567 2641 1762 2696 Indict.
1813 2659 1892 2711 x.,
1942 2661 2094 2700 anno

397 2739 532 2778 vero
561 2724 626 2778 D.
660 2723 888 2780 Henrici
922 2726 993 2791 ll,
1025 2727 1320 2796 regnantis
1360 2731 1449 2795 2i,
1489 2728 1828 2799 imperantis
1874 2748 2006 2787 vero
2037 2737 2089 2788 8.

467 2814 670 2869 Actum
698 2812 881 2883 pridie
904 2814 1024 2867 Kal.
1045 2814 1302 2868 Januarii
1325 2817 1572 2872 Ravenaa
1597 2818 1857 2874 feliciter.
1884 2824 2088 2877 Amen.

1138 2919 1329 2974 CXXV.

396 3009 454 3064 S.
511 3009 734 3063 Henrici
791 3009 1144 3084 privilegium
1199 3024 1299 3077 pro
1353 3015 1678 3068 monasterio
1735 3014 1792 3069 S.
1853 3015 2086 3084 Sophia.

1049 3081 1436 3136 Beneventano.

1038 3188 1224 3253 (Anno
1259 3186 1440 3256 1022.)

741 3271 1018 3344 [Ughelli,
1050 3273 1217 3327 Italia
1253 3288 1434 3340 sacra,
1467 3275 1604 3342 VIII,
1640 3278 1752 3347 76.]

467 3376 531 3430 In
579 3375 813 3430 nomine
843 3376 1064 3432 Sanctae
1111 3376 1538 3451 individuaeque
1571 3381 1884 3452 Trinitatis,
1940 3387 2092 3440 HEN-

400 3480 560 3520 RICUS
599 3463 794 3518 divina
848 3465 1070 3520 favente
1129 3466 1432 3521 clementia
1480 3469 1871 3526 Romanorum
1918 3473 2096 3545 impe-

395 3558 552 3607 rator
580 3568 806 3624 semper
823 3556 1132 3624 Augustus.

466 3641 523 3696 Si
551 3645 709 3696 tanto
757 3648 1083 3696 sanctorum
1135 3643 1234 3698 Dei
1277 3644 1527 3698 ecclesiis
1577 3646 1839 3702 omnium
1877 3649 2092 3706 adnixu

393 3729 731 3800 institimus,
764 3731 832 3785 ad
874 3731 1053 3784 nostri
1103 3731 1333 3802 imperii
1364 3734 1687 3802 profectum
1735 3737 1930 3792 venire
1969 3755 2090 3794 non

393 3818 730 3874 difﬁdimus.
783 3817 1059 3883 Quocirca
1101 3819 1360 3874 omnium
1408 3819 1662 3876 ﬁdelium
1724 3829 1930 3879 sanctae
1992 3827 2090 3882 Dei

389 3907 649 3962 Ecclesiae
690 3911 1132 3978 nostrorumque
1181 3909 1359 3962 solers
1406 3914 1679 3979 agnoscet
1741 3913 2088 3969 universitas

390 3995 763 4067 praesentium
813 3999 870 4049 et
914 3994 1262 4062 futurorum,
1319 3997 1624 4052 Henricum
1679 4001 2086 4070 venerabilem,

389 4083 713 4140 Parmensis
759 4083 1016 4137 Ecclesize
1062 4085 1423 4154 episcopum,
1474 4086 1743 4140 culminis
1787 4090 1964 4143 nostri
1997 4107 2088 4146 su-

390 4171 733 4226 blimitatem
762 4170 990 4237 adiisse,
1018 4171 1223 4226 obnixe
1268 4174 1612 4241 postulando
1643 4179 1945 4245 quatenus,
1979 4194 2084 4248 pro

391 4260 490 4315 Dei
536 4275 730 4314 amore
773 4259 1207 4330 faciuorumque
1248 4265 1578 4316 nostrorum
1624 4263 1928 4332 solutione,
1972 4281 2083 4320 coe-

389 4348 566 4404 nobio
613 4347 672 4402 in
705 4348 927 4402 honore
985 4348 1040 4402 S.
1105 4348 1331 4418 Sophize
1388 4350 1639 4404 ecclesiae
1696 4351 1974 4422 dedicato,
2021 4354 2081 4408 in
2116 4374 2158 4428 ι)

386 4436 614 4492 civitate
653 4452 783 4508 quae
832 4435 1039 4490 dicitur
1083 4437 1473 4492 Beneventum
1503 4443 1846 4501 constructo,
1881 4440 1941 4494 in
1971 4458 2087 4512 quo

386 4524 691 4597 Gregorius
720 4523 1060 4578 venerabilis
1089 4523 1266 4578 abbas
1299 4541 1547 4596 praeesse
1604 4526 1849 4593 videtur,
1888 4529 2090 4584 conﬁr-

385 4629 545 4668 mare
600 4629 665 4666 ac
717 4611 955 4667 omnino
1031 4612 1406 4668 corroborare
1465 4613 1840 4684 dignaremur
1895 4616 2089 4672 omnia

388 4717 518 4772 qua
549 4701 620 4755 ab
645 4701 1098 4755 antecessoribus
1146 4701 1355 4756 nostris
1407 4718 1470 4756 ac
1501 4702 1834 4757 hominibus
1865 4705 2088 4759 cmteris

390 4789 699 4844 Dominum
739 4789 1061 4844 colentibus
1105 4789 1292 4843 eidem
1342 4790 1606 4845 coenobio
1648 4807 1915 4846 concessa
1954 4799 2085 4849 sunt

386 4881 557 4948 atque
605 4877 757 4930 idem
805 4877 1217 4931 monasterium
1260 4879 1463 4942 tenuit,
1514 4895 1580 4933 ex
1619 4896 1734 4950 quo
1777 4881 2086 4936 fundatum

386 4969 492 5032 est,
540 4969 656 5018 tam
705 4980 806 5035 per
865 4969 1151 5035 praecepta
1194 4967 1677 5036 praedecessorum
1735 4973 2083 5036 nostrorum,

385 5053 485 5108 sed
530 5052 704 5106 etiam
750 5068 854 5122 per
907 5052 1246 5123 precariam,
1295 5059 1352 5108 et
1387 5055 1797 5122 absolutiones,
1835 5062 1890 5111 et
1919 5059 2084 5112 obla-

383 5142 591 5208 tiones,
625 5145 680 5194 et
715 5157 820 5212 per
861 5139 1279 5208 investituram,
1328 5158 1425 5196 seu
1460 5143 1630 5196 etiam
1660 5160 1766 5214 per
1811 5161 2082 5216 quascun-

384 5245 496 5301 que
566 5229 948 5283 instrumenta
1021 5229 1370 5291 chartarum,
1449 5230 1564 5284 sive
1631 5230 2082 5305 uniuscujusque

383 5317 709 5389 scriptionis
739 5316 992 5371 titulum.
1041 5316 1153 5370 Nos
1203 5331 1435 5386 quoque
1489 5320 1653 5386 grata
1703 5323 1896 5372 mente
1941 5321 2082 5390 peti-

382 5406 603 5460 tionem
633 5405 1055 5460 considerantes
1087 5403 1279 5457 animo
1309 5403 1582 5458 inclinato
1614 5405 1877 5474 precibus
1902 5407 2080 5477 ipsius

382 5508 486 5562 per
514 5493 622 5547 hoc
671 5499 929 5547 nostrum
971 5496 1342 5563 praeceptum,
1386 5496 1559 5562 prout
1592 5492 1743 5562 juste
1787 5499 1887 5548 aut
1921 5495 2082 5566 lega-

383 5579 511 5634 liter
539 5597 861 5652 possumus,
909 5581 1317 5634 conﬁrmamus
1366 5585 1465 5634 aut
1505 5580 1842 5634 roboramus
1879 5599 2079 5638 omnes

384 5680 474 5720 res
529 5671 586 5720 et
643 5667 1018 5738 proprietates
1072 5667 1268 5738 'ipsius
1327 5667 1680 5734 monasterii,
1753 5667 1964 5723 scilicet
2015 5669 2078 5724 in

2133 1810 2173 1864 Β

2127 3094 2168 3149 C

2221 637 2278 686 et
2307 649 2438 686 cum
2459 634 2677 703 capella
2706 633 2766 686 in
2793 633 3008 686 honore
3039 633 3218 687 sancti
3264 634 3552 688 Benedicti
3579 652 3592 702 ;
3635 636 3746 690 alia
3790 653 3959 689 vero

2219 721 2276 776 in
2305 722 2521 776 honore
2564 721 2744 775 sancti
2772 721 2965 774 Vitalis
2995 737 3126 776 cum
3160 723 3428 776 omnibus
3476 724 3593 777 suis
3631 725 3961 795 pertinen-

2219 810 2315 864 tiis
2348 830 2362 877 ;
2393 810 2571 864 altera
2601 825 2735 863 vero
2779 809 2840 863 in
2878 809 3100 863 honore
3147 811 3327 865 sancti
3364 812 3652 866 Michaelis
3683 814 3958 866 archan—

2217 899 2353 969 geli,
2383 915 2510 968 quze
2541 898 2749 951 dicitur
2779 898 2848 952 ad
2880 899 3144 953 Holibola
3174 915 3305 953 cum
3335 901 3607 954 omnibus
3639 901 3756 955 suis
3791 917 3955 972 per-

2215 986 2494 1053 tinentiis,
2550 991 2607 1039 et
2665 986 2724 1039 in
2773 986 3016 1040 Pallaria
3075 989 3293 1058 capella
3344 1005 3481 1055 una,
3540 1005 3669 1060 quas
3723 999 3820 1044 est
3884 990 3957 1042 in

2213 1073 2433 1128 honore
2461 1079 2672 1128 sanctae
2716 1075 2939 1142 Mariae;
2980 1076 3076 1130 sed
3119 1081 3174 1130 et
3220 1076 3519 1131 ecclesiam
3558 1078 3737 1132 sancti
3787 1080 3956 1132 Bar-

2213 1162 2506 1217 tholomaei
2537 1163 2599 1216 in
2625 1163 2836 1217 collina
2862 1180 2876 1231 ;
2910 1169 2968 1218 et
2995 1168 3214 1219 curtem
3244 1165 3314 1219 de
3358 1166 3612 1220 Nuriano
3653 1167 3713 1220 in
3743 1169 3952 1221 Petra

2213 1251 2468 1304 furmina
2508 1268 2640 1306 cum
2687 1252 2849 1318 casis,
2901 1269 2964 1306 ac
3007 1252 3193 1319 silvis;
3249 1258 3305 1308 et
3349 1260 3571 1308 curtem
3613 1256 3680 1309 de
3714 1255 3955 1326 Lapiso

2212 1339 2648 1407 hereditatem;
2699 1347 2754 1395 et
2785 1341 3080 1395 ecclesiam
3129 1342 3184 1396 S.
3236 1343 3433 1396 Felicis
3475 1343 3544 1397 de
3595 1345 3822 1410 Burto;
3878 1344 3952 1397 in

2214 1427 2478 1481 Cortiano
2525 1429 2800 1499 capellam
2850 1429 2912 1483 in
2949 1430 3171 1484 honore
3225 1430 3406 1484 sancti
3447 1432 3634 1498 Petri;
3680 1432 3741 1486 in
3786 1434 3951 1487 Cer-

2213 1520 2338 1570 reto
2377 1518 2653 1586 capellam
2697 1516 2756 1570 in
2791 1518 3010 1571 honore
3039 1517 3102 1574 S.
3155 1519 3416 1573 Martiaui
3449 1535 3579 1573 cum
3621 1521 3949 1590 pertinen-

2213 1603 2310 1657 tiis
2364 1603 2522 1670 suis;
2582 1607 2860 1676 capellam
2925 1606 2984 1660 iu
3036 1607 3250 1661 honore
3301 1609 3480 1663 sancti
3532 1608 3789 1663 Silvestri
3866 1611 3950 1664 de

2214 1691 2456 1746 Corneto
2502 1693 2564 1746 in
2611 1694 2883 1748 comitatu
2936 1695 3208 1765 Capuano
3252 1697 3312 1750 in
3359 1698 3484 1750 loco
3514 1699 3740 1752 Juliano
3785 1713 3947 1751 cum

2212 1781 2430 1848 capella
2459 1781 2519 1834 in
2552 1782 2768 1836 honore
2815 1789 3026 1837 sanctae
3072 1785 3259 1838 Maria:
3303 1784 3364 1838 in
3411 1785 3607 1839 Bivine
3646 1787 3709 1840 in
3761 1787 3950 1840 Bele-

2211 1874 2300 1922 tro
2345 1869 2621 1936 ﬁumina;
2665 1870 2724 1924 in
2771 1870 2997 1925 civitate
3042 1873 3319 1941 capellam
3370 1873 3430 1929 in
3473 1875 3691 1929 honore
3735 1875 3949 1928 sancti

2213 1956 2489 2023 Martini;
2531 1957 2681 2012 infra
2735 1958 3022 2013 civitatem
3090 1962 3456 2016 Asculensem
3516 1963 3809 2030 ecclesias,
3879 1968 3946 2016 et

2209 2044 2348 2098 foris
2397 2063 2631 2101 omnem
2665 2048 3098 2116 haereditatem;
3149 2049 3208 2103 in
3256 2049 3468 2104 ﬁnibus
3516 2051 3695 2105 Cauni
3729 2051 3941 2105 eccle-

2209 2132 2354 2187 siam
2398 2135 2575 2189 sancti
2630 2136 2887 2202 Juliani;
2931 2135 2992 2190 in
3052 2137 3328 2192 comitatu
3381 2138 3651 2192 Franensi
3696 2143 3943 2192 cortem

2210 2221 2280 2275 de
2303 2224 2520 2277 Pazano
2550 2240 2678 2278 cum
2711 2225 2936 2278 olivetis
2966 2224 3083 2278 suis
3111 2243 3123 2292 ;
3170 2225 3231 2280 in
3281 2227 3554 2282 comitatu
3605 2228 3940 2297 Sipontino

2209 2311 2552 2380 piscariam;
2603 2313 2662 2366 in
2708 2315 2984 2367 comitatu
3035 2315 3328 2370 Lesinensi
3375 2316 3680 2386 piscariam
3727 2337 3741 2384 ;
3784 2334 3936 2370 cur-

2207 2403 2321 2454 tem
2356 2401 2754 2455 Delaniensem
2787 2419 2802 2468 ;
2831 2408 3051 2456 curtem
3085 2403 3155 2457 de
3187 2405 3423 2459 Calaza:
3468 2405 3522 2459 S.
3559 2406 3741 2460 Roseo
3781 2422 3940 2460 cum

2206 2488 2387 2554 Sessa,
2419 2493 2475 2542 et
2503 2489 2806 2543 territoriis
2841 2490 2996 2557 suis;
3036 2492 3098 2546 in
3153 2492 3364 2546 ﬁnibus
3400 2493 3605 2563 Capuae
3657 2495 3727 2547 ad
3776 2511 3939 2548 san-

2205 2583 2361 2632 ctum
2406 2579 2646 2632 Paulum
2695 2583 2750 2632 et
2791 2584 3052 2634 sanctum
3098 2580 3451 2651 Stephanum
3504 2597 3631 2635 cum
3679 2582 3940 2635 territo-

2205 2666 2305 2720 riis
2334 2666 2451 2721 suis
2485 2683 2498 2733 ;
2539 2667 2599 2721 in
2626 2684 2828 2738 campo
2869 2669 3122 2736 Marrini,
3159 2669 3218 2722 in
3259 2669 3473 2724 ﬁnibus
3510 2671 3935 2724 Tremonensi-

2202 2753 2309 2808 hus
2343 2755 2411 2810 ad
2461 2754 2514 2809 S.
2566 2756 2901 2826 Adjutorem
2949 2774 3086 2828 erga
3130 2758 3348 2813 ﬂumen
3400 2759 3746 2813 Vulturnum
3777 2776 3933 2815 cum

2203 2843 2505 2898 territoriis
2535 2845 2670 2898 suis.

2273 2933 2381 2987 Sed
2412 2932 2609 3000 etiam,
2641 2932 2788 2986 sicut
2807 2949 2981 3004 supra
3008 2935 3238 3005 legitur,
3273 2936 3681 2990 conﬁrmamus
3713 2936 3923 2992 eidem

2203 3021 2547 3075 monasterio
2579 3021 2875 3076 ecclesiam
2905 3023 3082 3076 sancti
3115 3025 3301 3094 Magni
3341 3025 3400 3078 in
3431 3026 3661 3079 castello
3702 3026 3931 3097 Magno

2205 3125 2335 3164 cum
2389 3109 2750 3180 pertinentiis
2803 3109 2965 3178 suis;
3015 3112 3313 3166 ecclesiam
3361 3114 3539 3166 sancti
3596 3116 3808 3184 Angeli
3858 3116 3930 3168 in

2205 3198 2483 3252 altissimo
2533 3213 2705 3268 super
2750 3198 2972 3254 ﬂumen
3012 3200 3313 3254 Bisernum
3361 3201 3422 3255 in
3457 3202 3669 3256 ﬁnibus
3715 3206 3925 3273 campi

2204 3287 2426 3340 Morani
2476 3303 2606 3341 cum
2663 3287 2864 3341 eadem
2909 3289 3208 3343 ecclesia:
3265 3306 3370 3344 nec
3427 3307 3543 3344 non
3604 3292 3924 3345 ecclesiam

2205 3374 2263 3429 S.
2289 3374 2524 3428 Joannis
2554 3390 2683 3428 cum
2725 3375 2994 3429 omnibus
3020 3376 3192 3430 rebus
3223 3378 3341 3430 suis
3375 3379 3437 3431 in
3477 3395 3605 3432 casa
3634 3380 3922 3449 Pollucis,

2201 3462 2614 3528 hereditatem,
2651 3478 2780 3532 quae
2837 3467 2922 3517 est
2949 3463 3010 3517 in
3040 3465 3402 3534 longitudine
3455 3467 3568 3520 duo
3610 3467 3919 3534 milliaria,

2200 3551 2499 3605 latitudine
2532 3551 2777 3604 milliare
2818 3566 2998 3605 unum
3032 3571 3047 3618 ;
3099 3558 3156 3606 et
3187 3554 3484 3608 ecclesiam
3536 3555 3714 3607 sancti
3749 3557 3923 3610 Petri

2201 3639 2259 3692 in
2291 3639 2501 3694 ﬁnibus
2535 3641 2602 3694 de
2628 3641 2867 3693 Laureto
2896 3656 3025 3693 cum
3059 3641 3326 3695 omnibus
3358 3642 3721 3712 pertinentiis
3749 3645 3876 3697 suis
3907 3662 3920 3710 ;

2199 3733 2459 3782 sanctum
2481 3729 2765 3798 Angelum
2796 3728 2856 3780 in
2890 3729 3250 3796 Palumbara,
3286 3745 3418 3783 cum
3449 3731 3718 3785 omnibus
3771 3749 3918 3802 per-

2197 3815 2456 3870 tinentiis
2487 3817 2637 3882 suis;
2689 3822 2950 3870 sanctum
2982 3817 3313 3872 Michaelem
3361 3819 3430 3872 de
3469 3820 3712 3884 Sessola,
3772 3838 3914 3875 cum

2198 3905 2465 3959 omnibus
2489 3904 2850 3974 pertinentiis
2886 3905 3004 3958 suis
3036 3921 3049 3971 ;
3087 3911 3339 3959 sanctam
3385 3907 3622 3960 Crucem
3652 3905 3816 3959 intus
3850 3906 3916 3960 in

2196 3992 2423 4047 civitate
2455 3993 2848 4062 Neapolitana,
2885 4008 3017 4046 cum
3049 3993 3317 4047 omnibus
3344 3994 3461 4047 suis
3502 3995 3912 4064 pertinentiis;

2195 4080 2257 4134 in
2286 4097 2487 4151 campo
2516 4081 2838 4135 Sinarcumi
2868 4086 3081 4134 terram
3135 4081 3406 4135 milliaria
3449 4083 3557 4136 tria
3603 4083 3663 4136 in
3709 4083 3911 4153 longi-

2195 4168 2415 4235 tudine,
2450 4173 2507 4222 et
2537 4184 2718 4222 unum
2737 4168 2796 4222 in
2826 4168 3132 4224 latitudine
3160 4186 3173 4236 ;
3200 4170 3500 4224 ecclesiam
3531 4170 3585 4225 8.
3609 4169 3913 4223 Trinitatis

2185 4257 2346 4328 juxta
2376 4257 2616 4311 fluvium
2656 4256 2973 4320 Bisernum,
3007 4273 3138 4310 cum
3181 4258 3445 4311 omnibus
3466 4259 3582 4311 suis
3611 4257 3912 4328 pertinen-

2198 4346 2326 4411 tiis;
2360 4351 2415 4398 et
2445 4344 2741 4399 ecclesiam
2771 4345 2951 4400 sancti
2984 4345 3253 4400 Marciani
3285 4346 3346 4400 in
3382 4347 3611 4400 castello
3647 4347 3906 4412 Mosano,

2199 4449 2328 4487 cum
2359 4434 2624 4488 omnibus
2656 4433 2772 4488 suis
2799 4433 3161 4504 pertinentiis
3195 4450 3208 4499 ;
3242 4438 3296 4488 et
3326 4434 3619 4488 ecclesiam
3641 4433 3695 4488 S.
3728 4435 3905 4489 Joan-

2200 4522 2288 4576 nis
2320 4522 2380 4576 in
2413 4527 2608 4576 monte
2637 4523 2927 4588 Tabenna,
2963 4539 3093 4575 cum
3129 4522 3397 4576 omnibus
3445 4522 3562 4576 suis
3604 4523 3908 4592 pertinen-

2196 4609 2293 4664 tiis
2322 4627 2335 4677 ;
2368 4627 2473 4665 nec
2503 4627 2617 4665 non
2649 4610 2946 4665 ecclesiam
2967 4611 3147 4664 sancti
3177 4611 3603 4684 Bartholomaai,
3637 4627 3767 4682 quae
3818 4617 3906 4666 est

2190 4698 2356 4769 juxta
2409 4699 2705 4753 ecclesiam
2748 4698 2925 4752 sancti
2971 4698 3226 4766 Joannis,
3286 4715 3414 4752 cum
3467 4699 3732 4753 omnibus
3783 4701 3903 4753 suis

2195 4787 2594 4858 pertinentiis;
2647 4792 2704 4841 et
2748 4787 2951 4840 cellam
2987 4785 3167 4842 sancti
3220 4787 3444 4856 Angeli,
3487 4788 3651 4858 juxta
3690 4789 3900 4842 urbem

2194 4877 2584 4943 Trianensem,
2618 4892 2749 4930 cum
2788 4875 3055 4929 omnibus
3093 4875 3458 4946 pertinentiis
3486 4877 3603 4930 suis
3637 4895 3650 4944 ;
3701 4882 3760 4931 et
3786 4878 3901 4931 cel-

2192 4965 2308 5018 lam
2337 4965 2391 5020 S.
2426 4965 2687 5035 Gregorii
2713 4965 2772 5018 in
2810 4965 3084 5018 comitatu
3126 4964 3402 5034 Frigenti,
3447 4981 3578 5018 cum
3627 4967 3898 5020 omnibus

2191 5053 2585 5124 pertinentiis;
2618 5059 2676 5106 et
2703 5053 2999 5107 ecclesiam
3029 5053 3081 5107 S.
3123 5053 3255 5106 Bitti
3304 5053 3364 5107 in
3395 5053 3672 5108 comitatu
3703 5055 3900 5109 Vultu-

2191 5142 2339 5196 rario
2375 5158 2388 5207 ;
2418 5146 2473 5195 et
2503 5141 2798 5195 ecclesiam
2829 5141 2888 5195 S.
2946 5141 3223 5211 Stephani
3267 5141 3699 5212 protomartyris
3739 5143 3896 5197 intus

2189 5231 2251 5285 in
2281 5230 2505 5284 civitate
2535 5229 2756 5298 Cuceri,
2787 5245 2917 5283 cum
2949 5230 3218 5284 omnibus
3243 5230 3606 5300 pertinentiis
3637 5231 3755 5284 suis
3781 5249 3794 5298 ;
3842 5236 3896 5284 et

2190 5318 2496 5372 Ecclesiam
2521 5318 2574 5372 S.
2611 5317 2810 5371 Donati
2841 5317 2900 5370 in
2933 5317 3118 5371 Leone
3161 5318 3490 5384 cubantem,
3541 5335 3669 5372 cum
3718 5317 3893 5373 omni-

2189 5405 2297 5460 bus
2349 5407 2462 5459 suis
2501 5405 2864 5476 pertinentiis
2907 5410 2962 5458 et
2991 5406 3288 5459 ecclesiam
3319 5407 3370 5460 S.
3408 5407 3602 5460 Crucis
3643 5407 3704 5460 in
3753 5406 3891 5462 Nola

2189 5510 2318 5548 cum
2352 5493 2619 5547 omnibus
2650 5493 2766 5547 suis
2796 5493 3178 5564 pertinentiis,
3219 5494 3479 5548 videlicet
3520 5510 3650 5548 cum
3697 5493 3886 5548 omni-

2188 5582 2294 5636 bus
2322 5582 2382 5635 in
2410 5582 2702 5652 integrum
2746 5581 2932 5648 terris,
2983 5581 3239 5636 aediﬁciis
3283 5581 3387 5636 sub
3421 5598 3478 5635 se
3523 5582 3882 5647 habentibus,

2185 5669 2389 5739 vineis,
2437 5668 2634 5740 pratis,
2682 5669 2919 5742 campis,
2957 5670 3142 5743 aquis,
3185 5685 3583 5743 aquarumque
3634 5670 3883 5726 decursi-
3925 5663 3935 5676 ⁸
