4166 6404
33 481 143 531 365

28 595 169 660 bus,
225 596 600 656 molendinis,
648 596 1081 667 piscationibus,
1137 597 1299 664 casis,
1366 598 1747 668 dominicatis,
1786 604 1833 656 A

27 683 315 752 castellis,
349 684 523 752 villis,
588 690 644 738 et
694 686 947 756 capellis,
990 684 1166 739 servis
1218 692 1273 740 et
1302 687 1541 757 ancillis,
1589 706 1749 743 mon-

24 771 221 838 tibus,
282 778 340 826 et
389 772 756 843 planitiebus,
825 773 1058 840 hasulis,
1117 774 1419 841 frascariis,
1482 776 1647 830 cultis
1697 782 1753 831 et

24 859 301 928 incultis,
360 862 530 916 rebus
580 860 891 915 mobilibus
947 866 999 916 et
1038 862 1450 930 immobilibus,
1510 864 1752 918 aldionis

24 953 87 1001 et
150 950 440 1016 aldiebus,
518 950 851 1004 commeatis
899 967 1214 1021 eorumque
1281 952 1750 1022 supellectilibus,

28 1053 178 1090 cum
214 1038 484 1092 omnibus
515 1038 848 1109 adjacentiis
898 1038 967 1092 ad
1000 1039 1144 1093 hanc
1192 1039 1366 1093 etiam
1396 1040 1752 1094 nominatam

27 1126 354 1180 ecclesiam
411 1126 467 1180 S.
519 1126 748 1197 Sophiaa
776 1142 908 1180 vere
938 1132 995 1180 et
1050 1126 1307 1197 legitime
1334 1128 1753 1197 pertinentibus

24 1213 127 1266 vel
197 1213 629 1284 aspicientibus,
686 1213 930 1284 integre,
980 1217 1097 1268 tam
1154 1214 1305 1268 intra
1353 1214 1611 1269 Italicum
1664 1232 1754 1270 re-

26 1316 234 1369 gnum
256 1317 433 1372 quam
463 1301 637 1356 etiam
676 1302 735 1355 in
775 1302 994 1371 Apuliae
1026 1301 1304 1372 partibus.
1355 1303 1755 1373 Praecipientes

24 1391 248 1460 itaque
304 1390 578 1460 jubemus
631 1395 693 1444 ut
731 1391 923 1444 nullus
972 1390 1238 1456 marchio,
1299 1390 1434 1456 dux,
1466 1392 1751 1462 princeps,

28 1478 544 1548 archiepiscopus,
602 1479 921 1549 episcopus,
982 1495 1190 1545 comes,
1250 1495 1349 1532 seu
1401 1480 1554 1533 ullus
1582 1481 1755 1534 homo

25 1582 306 1636 magnus
338 1565 454 1619 sive
506 1582 715 1636 parvus
742 1565 810 1619 de
865 1566 1133 1621 omnibus
1185 1582 1313 1637 quas
1365 1566 1657 1635 pertinent
1686 1565 1755 1618 ad

26 1652 359 1723 praefatum
393 1652 809 1707 monasterium
858 1657 912 1706 et
959 1653 1251 1722 pertinere
1295 1653 1582 1718 videntur,
1640 1658 1753 1705 tam

24 1757 127 1793 res
168 1756 357 1811 quam
410 1740 663 1807 familiae,
716 1757 774 1794 se
821 1739 1229 1809 intromittere,
1262 1741 1609 1794 calumniare
1658 1745 1757 1793 aut

22 1830 369 1883 molestare
409 1834 721 1900 praesumat
741 1830 866 1899 jam
924 1829 1139 1883 dictum
1174 1829 1522 1924 .Gregoriu‘m
1578 1828 1753 1883 abba-
1786 1870 1827 1924 Β

25 1924 161 1971 tem
214 1921 323 1971 aut
382 1933 513 1970 suos
567 1932 937 1971 successores.
990 1916 1046 1971 Si
1090 1915 1217 1986 quis
1255 1932 1388 1969 vero
1446 1915 1553 1969 hoc
1601 1932 1754 1986 prte—

26 2012 291 2075 ceptum
323 2004 387 2057 in
414 2005 607 2075 aliquo
638 2004 952 2071 violaverit,
994 2003 1135 2058 sciat
1189 2020 1246 2057 se
1303 2004 1757 2074 compositurum

29 2094 171 2148 auri
200 2094 389 2148 libras
435 2097 814 2149 centum......
851 2108 920 2147 ex
948 2109 1086 2146 auro
1131 2092 1460 2163 purissimo,
1492 2091 1758 2146 medieta-

28 2190 161 2237 tem
201 2198 455 2237 cameras
497 2186 726 2250 nostrae,
759 2184 814 2234 et
844 2180 1209 2235 medietatem
1264 2180 1537 2249 praedicto
1566 2178 1759 2234 abbati

31 2276 141 2324 aut
164 2268 399 2323 nostris
415 2269 644 2339 suisque
665 2266 1102 2321 successoribus.
1126 2266 1287 2331 Quod
1310 2270 1371 2321 ut
1392 2270 1609 2321 certum
1638 2280 1758 2319 esse

30 2359 349 2422 videatur,
383 2361 441 2410 et
499 2356 567 2409 ab
607 2354 869 2410 omnibus
903 2356 1257 2422 observetur,
1314 2354 1460 2408 hanc
1488 2354 1759 2425 paginam

30 2463 232 2502 manu
265 2445 505 2517 propria
524 2445 957 2499 corroborantes
986 2444 1223 2514 sigillari
1255 2444 1651 2514 praecepimus.

108 2534 527 2590 Theodoricus
557 2532 927 2588 caucellarius
992 2534 1111 2587 vice
1168 2532 1394 2587 Ethardi
1424 2548 1586 2603 papa
1629 2534 1760 2586 Bre-

30 2624 269 2695 giensis
343 2623 605 2676 Ecclesiae
658 2620 907 2691 episcopi
951 2624 1005 2673 et
1064 2618 1499 2689 archicapellani
1546 2618 1757 2672 notavi.

34 2716 263 2767 Datum
291 2728 367 2765 v1.
404 2711 483 2764 Id.
521 2711 703 2775 Mart.,
738 2725 888 2763 anno
940 2710 1096 2774 1022,
1129 2708 1250 2762 Ind.
1292 2724 1383 2777 xv,
1416 2723 1565 2761 anno
1599 2706 1759 2776 regni

36 2800 295 2855 Domini
331 2798 562 2853 Henrici
595 2802 679 2863 12,
716 2797 945 2867 imperii
971 2813 1102 2851 vero
1126 2799 1177 2851 9.

109 2893 344 2944 Actum
381 2886 690 2941 Beneventi
720 2885 981 2939 feliciter.

812 2990 1029 3046 CXXVI.

33 3086 344 3140 Scrittura
374 3080 437 3133 di
493 3081 702 3147 Arrige
745 3084 901 3132 δαηῑο
948 3077 1207 3131 indiritta
1232 3092 1265 3129 a
1292 3092 1441 3145 papa
1481 3075 1765 3131 Benedetto

353 3168 388 3205 a
417 3153 609 3216 favore
629 3150 773 3203 delia
796 3150 959 3202 badia
984 3148 1043 3200 di
1070 3148 1480 3203 Monte-Casino.

728 3241 911 3303 (Anno
938 3235 1116 3305 1022.)

37 3332 261 3404 [Tosti,
321 3329 511 3383 Storia
550 3327 693 3381 delia
749 3326 913 3380 badia
961 3326 1021 3379 di
1047 3324 1475 3388 Monte-Casino,
1528 3324 1571 3389 Ι,
1620 3323 1767 3392 253.]

112 3420 185 3472 In
225 3416 475 3471 nomine
514 3418 724 3468 sanctae
773 3418 828 3467 et
886 3413 1193 3467 individuzc
1232 3410 1541 3478 Trinitatis,
1577 3412 1771 3464 Hamu-

32 3524 135 3561 (.L‘S
191 3505 403 3559 divina
454 3503 681 3556 favente
738 3500 1040 3555 clementia
1090 3500 1405 3569 imperator
1460 3503 1769 3568 Augustus,

31 3597 386 3649 Bexemcro
442 3590 597 3644 urbis
640 3590 838 3643 Romae
876 3588 1235 3642 sanctissimo
1294 3603 1483 3657 papae,
1535 3588 1771 3656 ejusque

30 3678 495 3738 successoribus
552 3676 825 3731 canonice
882 3676 943 3730 in
1001 3674 1376 3747 apostolicam
1418 3674 1611 3729 sedem
1638 3673 1772 3727 sub-

35 3769 381 3826 stituendis
409 3768 470 3820 in
502 3770 867 3837 perpetuum.

106 3859 204 3913 Ad
243 3855 504 3911 Romani
524 3853 755 3923 imperii
784 3867 979 3906 curam
1006 3850 1210 3905 attinet
1231 3867 1333 3921 per
1359 3854 1544 3904 totum
1576 3849 1775 3903 orbem

38 3948 475 4001 Romanorum
516 3940 839 3994 constitutis
882 3938 1130 3993 ecclesiis
1182 3937 1467 4008 imperiali
1499 3941 1776 4007 potestate

34 4030 426 4089 defensionis
458 4029 670 4082 auxilia
719 4026 1065 4093 ministrare,
1095 4030 1158 4079 ut
1209 4026 1332 4095 ejus
1381 4024 1674 4095 juvamine
1708 4024 1777 4078 ab

34 4122 382 4176 hominum
416 4116 739 4170 infidelium
773 4131 870 4169 seu
919 4129 1227 4185 pravorum
1269 4118 1498 4167 tueatur
1536 4112 1775 4182 impetu.

34 4208 321 4266 Proinde
386 4204 685 4260 Casinensi
730 4202 988 4257 Ecclesiae
1041 4200 1419 4272 providentes,
1483 4200 1781 4254 Benedicta

33 4299 203 4352 sedis
243 4292 596 4365 apostolica!
641 4290 920 4361 pontifex,
953 4305 1082 4360 qua:
1107 4288 1411 4358 specialius
1464 4288 1535 4341 ad
1584 4288 1785 4342 Roma-

38 4402 196 4441 num
270 4385 506 4453 spectat
544 4380 874 4450 imperium,
936 4382 992 4431 et
1039 4378 1521 4447 praedecessorum
1551 4381 1779 4430 nostro-
1819 4419 1864 4471 Β

37 4492 185 4529 rum
225 4485 479 4526 camera
519 4468 589 4522 ab
646 4467 770 4537 ipso
803 4482 920 4519 suae
958 4465 1394 4519 constructionis
1421 4464 1656 4518 exordio
1687 4481 1784 4518 ex-

40 4564 223 4629 stitit,
270 4572 535 4630 qumque
570 4556 639 4610 ab
688 4554 951 4608 omnium
980 4552 1314 4607 mortalium
1341 4551 1641 4605 dominatu
1660 4551 1785 4605 im-

41 4651 257 4707 munis
295 4644 631 4718 permansit
661 4648 718 4697 et
765 4642 980 4707 libera;
1017 4641 1279 4695 eamdem
1334 4640 1639 4694 Ecclesiam
1698 4639 1784 4694 di-

42 4742 340 4795 taverant
420 4731 711 4802 imperiali
787 4729 1215 4796 muniﬁcentia;
1282 4727 1613 4798 paternitati
1674 4732 1787 4782 tua:

43 4822 565 4883 commendamus
620 4836 692 4874 ne
752 4835 866 4889 qua
929 4819 984 4871 vi
1038 4818 1448 4887 cujuscumque
1495 4816 1788 4886 potestatis

44 4916 368 4988 quidlibet
396 4910 681 4979 injustum
701 4906 973 4977 patiatur,
1006 4906 1161 4959 salvo
1193 4922 1259 4959 eo
1290 4904 1443 4975 quod
1471 4904 1792 4974 specialiter

43 5010 101 5059 et
133 4997 548 5072 singulariter
600 5010 721 5065 prie
753 4994 973 5048 caeteris
1025 4993 1151 5046 aliis
1184 4992 1443 5046 Ecclesiis
1474 4992 1543 5045 ad
1584 4993 1791 5045 Roma-

43 5108 195 5147 num
253 5085 593 5157 imperium
643 5087 900 5152 spectare
940 5081 1180 5135 videtur.
1240 5081 1383 5134 Nam
1431 5096 1560 5133 cum
1610 5079 1794 5134 omnis

47 5178 324 5237 Ecclesia
380 5173 456 5226 ab
517 5171 679 5225 omni
729 5168 1103 5224 conditionali
1146 5184 1245 5221 seu
1305 5167 1497 5221 servili
1546 5184 1694 5221 nexu
1725 5168 1796 5222 sit

48 5272 265 5329 libera,
307 5260 631 5333 specialius
680 5263 873 5312 autem
904 5263 1032 5328 post
1062 5256 1212 5310 sedis
1238 5257 1509 5309 Romanae
1549 5255 1796 5324 dignita-

49 5376 168 5413 tem
231 5355 441 5409 libera
498 5347 818 5402 Casinensis
894 5344 1159 5409 Ecclesia,
1219 5358 1348 5413 quae
1415 5346 1636 5411 patrem
1693 5339 1796 5391 Be—

50 5446 382 5501 nedictum
463 5435 612 5504 legis
670 5432 997 5487 monasticae
1065 5430 1452 5501 principatum
1522 5430 1692 5491 tenet,
1744 5428 1801 5478 et

50 5532 357 5606 quoniam
423 5538 633 5577 omnes
690 5520 872 5573 nostri
928 5518 1374 5588 przedecessores
1405 5515 1801 5584 imperatores,

50 5600 346 5674 videlicet
408 5608 680 5678 Pipinus,
735 5607 987 5670 Carolus,
1071 5603 1406 5665 Ludovicus,
1481 5600 1798 5666 Lotharius,

53 5710 188 5764 Otto
252 5718 329 5759 ac
389 5694 619 5766 reliqui
667 5694 1039 5764 imperatores
1071 5705 1234 5745 suam
1264 5688 1568 5760 specialem
1608 5701 1801 5740 came-

1798 3146 1837 3199 C

1316 483 1703 541 DIPLOMATA
1742 485 2286 543 ECCLESIASTICA.

3440 504 3541 555 366

1864 620 1986 658 ram
2013 605 2356 674 habuerunt,
2386 606 2666 662 libertatis
2690 609 2858 663 debet
2886 611 3058 680 potiri
3095 612 3336 685 insigne.
3366 618 3547 688 Igitur

1857 691 2158 759 praefatum
2191 693 2515 747 coenobium
2546 696 2877 765 paternitati
2912 702 3023 752 tuae
3054 704 3541 771 commendamus,

1856 781 1922 830 ut
1950 778 2101 832 illius
2132 786 2531 851 cooperatores
2579 783 2880 851 exsistatis,
2939 788 3103 855 etjab
3162 792 3427 846 omnibus
3457 794 3546 847 in-

1857 864 2250 921 festationibus
2282 868 2624 939 defendatis,
2672 886 2787 924 non
2834 878 2894 926 ut
2951 876 3360 944 exterminetis,
3394 882 3547 935 salvo

1858 968 1923 1005 eo
1950 955 2103 1023 quod
2127 956 2196 1009 ad
2226 961 2483 1010 nostrum
2515 957 2822 1027 imperium
2878 967 3109 1031 spectat.
3174 965 3548 1023 Concedimus

1859 1042 2030 1095 etiam
2079 1042 2184 1096 tibi
2210 1043 2435 1115 tuisque
2475 1047 2892 1101 successoribus
2932 1053 3417 1109 consecrationem
3448 1058 3547 1111 ab-

1858 1126 2007 1181 batis
2053 1129 2393 1194 Casinensis,
2444 1137 2500 1186 et
2548 1134 2617 1187 de
2646 1135 2902 1203 ejusdem
2958 1138 3064 1192 loci
3122 1141 3457 1210 redditibus,
3489 1144 3550 1198 in

1860 1217 2049 1270 eundo
2071 1223 2125 1271 et
2157 1219 2445 1273 redeundo
2471 1222 2879 1290 Beneventum,
2932 1230 2990 1278 ut
3028 1243 3207 1281 unum
3242 1232 3548 1300 prandium

1860 1305 2184 1374 apostolicae
2244 1306 2393 1359 sedis
2448 1308 2705 1377 pontifici
2748 1319 3072 1381 praeparent
3128 1318 3546 1387 constituimus,

1861 1392 2193 1463 nullamque
2224 1394 2395 1447 aliam
2445 1400 2786 1466 potestatem
2818 1400 2904 1453 vel
2936 1400 3257 1457 dominium
3289 1406 3358 1461 de
3390 1408 3548 1461 Casi-

1862 1480 2025 1534 nensi
2048 1482 2303 1535 ccenobio
2326 1483 2644 1539 Romanum
2677 1487 3005 1555 pontiﬁcem
3032 1489 3241 1546 habere
3266 1494 3546 1563 volumus,

1862 1568 1962 1621 sed
2010 1569 2151 1622 sicut
2181 1585 2406 1640 semper
2437 1572 2801 1641 singulariter
2831 1579 2885 1629 et
2940 1579 3260 1648 specialiter
3307 1582 3409 1636 sub
3442 1583 3549 1638 im-

1863 1655 2142 1724 peratoris
2168 1657 2297 1725 jura
2329 1674 2359 1709 a
2400 1674 2515 1710 suae
2546 1660 2979 1715 constructionis
3042 1666 3250 1718 mansit
3295 1669 3546 1736 exordio,

1863 1743 1941 1796 ita
1970 1744 2127 1797 illam
2180 1744 2507 1813 perenniter
2556 1763 2787 1802 manere
2827 1750 3103 1805 volumus.
3156 1753 3410 1809 Obeunte
3444 1774 3551 1811 au—

1865 1833 1983 1883 tem
2051 1830 2339 1884 Casinensi
2395 1831 2616 1898 abbate,
2668 1833 2830 1901 juxta
2907 1839 3165 1890 tenorem
3227 1839 3436 1907 regulae
3494 1843 3552 1891 et

1865 1920 2193 1971 sanctorum
2222 1934 2507 1971 canonum
2556 1926 2929 1991 praceptum,
2971 1922 3142 1977 abbas
3185 1925 3313 1977 vita:
3346 1925 3549 1978 merito

1866 2010 1925 2060 et
1952 2006 2208 2060 doctrina
2264 2006 2512 2059 scientiae
2546 2023 2611 2060 ex
2660 2008 2925 2062 omnibus
2956 2010 3217 2079 eligatur,
3264 2017 3319 2066 et
3355 2014 3548 2066 catho-

1865 2094 1991 2157 lice,
2024 2110 2137 2147 non
2178 2093 2483 2148 simoniace
2513 2095 2829 2163 ordinetur,
2894 2113 3138 2167 moxque
3170 2099 3337 2152 nobis
3382 2099 3549 2152 inno-

1866 2184 2060 2247 tescat,
2112 2176 2333 2252 ipsique
2387 2198 2488 2251 per
2544 2184 2905 2251 pragmaticae
2954 2185 3259 2238 sanctionis
3303 2187 3550 2240 edictum

1869 2286 2162 2323 assensum
2192 2270 2502 2340 praebeant,
2538 2270 2729 2340 sicque
2777 2272 3009 2325 demum
3058 2273 3312 2326 Romano
3360 2274 3551 2343 ponti-

1867 2357 1960 2411 ﬁci
1988 2356 2200 2428 absque
2229 2358 2385 2411 omni
2416 2358 2717 2411 venalitate
2748 2360 3166 2413 consecrandus
3198 2362 3549 2415 exhibeatur.

1869 2445 2031 2509 Quod
2054 2445 2101 2497 si
2131 2445 2296 2499 aliter
2355 2451 2539 2498 actum
2608 2446 2799 2511 fuerit,
2864 2447 3206 2516 prohibeant
3251 2466 3555 2518 pravorum

1868 2535 2056 2587 valere
2096 2549 2456 2600 consensum,
2492 2538 2547 2587 et
2574 2533 2634 2587 in
2682 2534 2938 2603 ejusdem
2971 2536 3077 2588 loci
3108 2536 3388 2605 regimine
3444 2538 3557 2589 im—

1868 2626 2117 2691 perator,
2154 2622 2254 2691 qui
2282 2638 2387 2690 pro
2432 2627 2687 2690 tempore
2715 2622 2907 2685 fuerit,
2937 2639 3065 2676 cum
3098 2624 3367 2678 fratribus
3400 2626 3555 2693 ejus-

1868 2711 1999 2764 dem
2064 2709 2306 2763 coenobii
2381 2709 2619 2778 dignum
2672 2710 2944 2779 praeficiat
3013 2710 3274 2764 abbatem
3329 2712 3558 2782 qualem

1869 2799 2166 2852 meliorem
2198 2801 2253 2850 et
2300 2796 2620 2866 digniorem
2650 2797 3017 2868 Romanoque
3058 2798 3300 2867 imperio
3332 2800 3557 2853 fidelem

1870 2885 2170 2950 invenerit,
2211 2885 2427 2955 absque
2472 2885 2774 2954 cujuslibet
2823 2885 3216 2955 inquietudine
3248 2904 3309 2940 ac
3340 2892 3561 2941 contra-

1872 2975 2138 3029 dictione.
2186 2974 2245 3028 Si
2293 2980 2483 3027 autem
2525 2974 2811 3044 quispiam
2861 2974 2993 3027 huic
3030 2980 3239 3027 nostra:
3290 2976 3560 3028 constitu-

1872 3063 2018 3117 tioni
2072 3062 2280 3115 violare
2327 3062 2774 3132 praesumpserit,
2832 3062 2970 3115 sciat
3014 3079 3071 3115 se
3107 3063 3560 3132 compositurum

1876 3150 2001 3205 auri
2056 3149 2347 3220 purissimi
2412 3150 2582 3203 libras
2656 3150 2831 3214 mille,
2892 3150 3259 3204 medietatem
3320 3168 3561 3205 camerae

1877 3243 2105 3304 nostrae,
2131 3242 2187 3291 et
2216 3238 2577 3291 medietatem
2629 3238 2901 3307 praedicto
2946 3239 3308 3307 monasterio,
3342 3244 3398 3294 et
3442 3239 3563 3293 haec

1878 3325 2168 3381 concessio
2203 3327 2370 3379 firma
2405 3332 2739 3396 permaneat
2782 3342 3025 3396 semper.
3060 3327 3217 3390 Quod
3246 3327 3329 3396 [ut
3378 3327 3563 3381 verius

1880 3415 2159 3479 credatur,
2211 3430 2387 3467 manu
2442 3419 2636 3467 nostra
2689 3414 2980 3480 roborare,
3031 3420 3085 3467 et
3139 3415 3340 3469 annuli
3386 3415 3566 3469 nostri

1879 3501 2255 3571 impressione
2287 3502 2482 3554 subter
2512 3501 2670 3554 illam
2705 3500 2981 3570 insignire
3013 3502 3383 3555 decrevimus.

1951 3588 2177 3653 Signum
2220 3586 2404 3638 damni
2455 3588 2677 3639 Henrici
2721 3590 3053 3641 serenissimi
3082 3590 3441 3643 Romanorum
3469 3590 3565 3642 im-

1877 3676 2144 3744 peratoris
2177 3674 2439 3739 Augusti.

1953 3763 2067 3832 Ego
2117 3761 2446 3816 Chonradus
2486 3759 2596 3814 dux
2654 3760 2850 3815 domui
2887 3762 3245 3831 imperatoris
3273 3761 3565 3816 consobri-

1882 3866 1991 3903 nus
2051 3848 2378 3918 subscripsi.
2454 3876 2525 3887 —
2589 3848 2968 3902 Theodoricus
3025 3850 3391 3903 caucellarius
3447 3850 3567 3903 vice

1886 3936 2090 3991 Edonis
2141 3935 2622 4005 Papendegrensis
2679 3936 2927 4006 episcopi
2974 3942 3028 3990 et
3088 3937 3569 3991 archicancellarii

1886 4024 2230 4094 recognovit.
2270 4026 2436 4076 Anno
2476 4023 2544 4076 ab
2592 4024 2985 4077 incarnatione
3038 4024 3267 4079 Domini
3307 4028 3455 4091 1022,
3489 4025 3571 4079 in-

1888 4112 2136 4167 dictione
2184 4112 2404 4182 quinta,
2458 4128 2605 4165 anno
2642 4128 2769 4165 vero
2810 4112 3005 4165 domui
3046 4113 3269 4166 Henrici
3301 4114 3573 4167 excellen-

1888 4198 2095 4253 tissimi
2122 4216 2185 4252 ac
2211 4198 2568 4252 invictissimi
2617 4201 3003 4254 Romanorum
3056 4201 3416 4270 imperatoris
3467 4216 3573 4255 au-

1890 4286 2060 4357 gusti,
2083 4287 2248 4356 regni
2277 4290 2366 4353 22,
2398 4286 2735 4356 imperantis
2757 4294 2945 4341 autem
2977 4305 3147 4342 nono.

1962 4379 2164 4430 Actum
2185 4375 2247 4428 in
2274 4380 2469 4429 monte
2498 4374 2697 4429 Casino
2718 4375 2972 4428 feliciter.
3003 4380 3202 4429 Amen.

2609 4480 2851 4533 CXXVII.

1892 4571 1948 4627 S.
2027 4569 2288 4621 Henricus
2366 4568 2440 4619 ΙΙ
2492 4568 2620 4635 imp.
2682 4568 2931 4620 Ecclesia
3000 4566 3377 4632 Bambergensi
3413 4565 3581 4620 donat

1956 4638 2227 4708 praedium
2302 4637 2604 4708 Hormunze
2680 4639 2735 4689 in
2808 4636 3173 4689 archidia'cesi
3258 4638 3577 4705 Trevirensi,

1964 4707 2109 4777 quod
2140 4724 2173 4761 a
2205 4710 2450 4778 POppone
2480 4707 2887 4775 archiepiscopo
2917 4711 3210 4774 acceperat.

2388 4795 2570 4865 (Anno
2622 4798 2777 4855 l0'22,
2830 4798 2884 4847 ll
2931 4796 3088 4860 Nov.)

2078 4881 2456 4955 [Hontheims,
2495 4885 2638 4938 Hist.
2694 4886 2899 4937 Trevir.
2934 4883 3156 4952 diplom.
3182 4883 3224 4949 Ι,
3257 4881 3407 4955 357.]

1968 4990 2033 5043 In
2064 4988 2294 5041 nomine
2345 4994 2552 5041 sanctae
2584 4993 2640 5041 et
2688 4987 2995 5042 individua:
3038 4986 3346 5051 Trinitatis,
3374 4989 3588 5057 [Hauni-

1900 5094 1995 5132 cus
2030 5076 2125 5131 Dei
2154 5077 2378 5130 favente
2405 5077 2707 5131 clementia
2741 5078 2901 5131 Rom.
2947 5076 3259 5146 imperator
3284 5079 3586 5145 Augustus.

1972 5165 2271 5232 Quoniam,
2344 5164 2743 5235 temporalium
2796 5164 3101 5233 amissione
3143 5162 3590 5227 bonorum,sine

1904 5255 2018 5309 fine
2048 5252 2405 5306 manentium
2459 5252 2731 5306 debemus
2774 5267 3001 5320 sperare
3041 5249 3589 5317 remunerationem,

1905 5347 2105 5395 notum
2138 5340 2212 5393 sit
2255 5339 2520 5393 omnibus
2569 5339 2830 5392 fidelibus
2858 5337 3064 5390 nostris
3112 5336 3354 5405 qualiter
3383 5340 3437 5387 et
3464 5351 3589 5402 nos,

1907 5444 2012 5499 pro
2066 5427 2319 5481 remedio
2376 5424 2581 5479 animas
2630 5430 2836 5478 nostra:
2868 5430 3308 5489 nostrorumque
3339 5427 3592 5475 anteces-

1909 5530 2127 5578 sorum,
2183 5530 2288 5567 nec
2339 5530 2453 5566 non
2510 5529 2613 5583 pro
2666 5513 2845 5565 salute
2910 5508 3289 5562 dilectissimae
3339 5509 3595 5578 conjugis

1910 5607 2117 5655 nostra:
2166 5601 2225 5655 Ο.
2270 5600 2482 5654 scilicet
2526 5597 2901 5669 imperatricis
2952 5599 3242 5664 Augustas,
3297 5596 3406 5648 tale
3444 5612 3594 5664 pree-

1911 5687 2073 5744 dium
2108 5688 2275 5758 quale
2306 5688 2502 5757 Poppo
2547 5683 2890 5742 Trevirensis
2928 5682 3386 5752 archiepiscopus
3432 5682 3597 5735 nobis
