3968 6414
407 434 506 487 367
1714 431 1768 482 8.
1811 428 2095 483 HENRICI
2137 428 2304 483 ΙΜΡΕ
2313 428 2613 485 RATORIS
3820 429 3920 481 368

402 558 577 625 dedit,
613 555 762 627 (178)
782 555 844 608 in
866 556 1190 609 Hormunze
1221 554 1412 619 situm,
1446 554 1508 609 in
1538 570 1828 625 pago......
1851 553 1912 607 in
1933 552 2105 607 comi—
2134 554 2180 606 Α
2219 552 2442 607 abbatis
2511 551 2697 606 adhuc
2747 550 2811 605 in
2876 565 3046 605 carne
3123 549 3364 607 viventis
3416 564 3924 621 successorumque

399 652 663 703 tatu......
716 642 962 705 comitis,
1011 658 1141 696 cum
1172 642 1339 709 areis,
1390 642 1667 707 adificiis,
1740 641 1914 711 agris,
1943 640 2102 694 vine-
2211 641 2387 707 illius,
2421 640 2546 694 sine
2576 638 2949 694 beneﬁciario
2992 654 3099 692 usu
3131 638 3432 705 consistat;
3482 639 3757 710 nullaque
3786 654 3919 708 per-

400 733 494 803 tis,
527 732 722 804 pratis,
756 730 999 801 pascuis,
1046 729 1225 796 silvis,
1284 730 1448 801 aquis
1475 744 1874 800 aquarumque
1903 729 2103 782 decur-

402 822 582 891 sibus,
630 818 1066 891 piscationibus,
1121 818 1230 871 viis
1274 822 1329 871 et
1375 817 1565 884 inviis,
1608 816 1854 870 exitibus
1874 821 1929 870 et
1958 813 2106 870 redi-

400 911 577 977 tibus,
626 906 930 979 mancipiis
986 906 1289 977 utriusque
1319 922 1509 975 sexus,
1542 905 1797 977 quasitis
1826 910 1882 959 et
1911 904 2104 975 inqui-

399 997 618 1065 rendis,
648 1011 894 1067 cumque
937 993 1209 1048 omnibus
1241 993 1605 1060 utensilibus,
1655 1009 1785 1064 qua
1819 994 1905 1046 vel
1935 990 2106 1046 scribi

398 1086 489 1140 vel
518 1084 808 1140 nominari
853 1087 1118 1154 possunt,
1146 1082 1218 1136 ad
1252 1082 1431 1136 altare
1484 1081 1540 1137 S.
1593 1080 1748 1135 Petri
1813 1079 2105 1151 apostolo-

397 1190 533 1230 rum
583 1171 877 1243 principis,
933 1170 995 1224 in
1044 1185 1214 1223 usum
1271 1169 1528 1240 episcopi
1577 1168 1965 1239 episcopalem
2018 1183 2104 1221 se-

399 1261 530 1317 dem
587 1257 1075 1329 Babenbergensis
1136 1256 1401 1311 Ecclesia
1476 1255 1842 1327 possidentis,
1908 1271 2108 1325 perpe-

398 1348 633 1404 tualiter
686 1346 1019 1402 habendum
1078 1344 1380 1414 donamus,
1416 1350 1474 1399 et
1529 1344 1600 1398 de
1638 1350 1837 1398 nostro
1878 1344 2012 1414 jure
2046 1343 2107 1397 in

401 1436 526 1508 ejus
562 1436 657 1506 jus
690 1434 928 1489 omnino
962 1433 1440 1488 transfundimus.
1476 1433 1636 1487 Unde
1666 1432 1866 1486 eadem
1914 1431 2106 1502 impe-

397 1523 530 1579 riali
555 1528 855 1595 potestate,
890 1538 1005 1593 qua
1054 1521 1246 1576 cateri
1277 1525 1410 1575 ante
1467 1537 1572 1574 nos
1617 1536 1780 1591 reges
1809 1521 1897 1574 vel
1929 1520 2109 1590 impe-

398 1617 619 1666 ratores
645 1612 945 1681 hucusque
972 1613 1105 1664 sunt
1136 1608 1242 1672 usi,
1275 1608 1646 1679 pracipimus
1677 1624 1749 1662 ne
1775 1608 1918 1679 .quis
1959 1608 2108 1661 hanc

396 1699 768 1755 traditionem
825 1702 1077 1753 nostram
1134 1697 1343 1752 audeat
1372 1696 1603 1751 violare.
1641 1698 1706 1751 Et
1734 1701 1801 1751 ut
1824 1697 1949 1750 hac
2002 1711 2101 1750 no-

396 1793 513 1843 stra
570 1787 878 1843 auctoritas
930 1785 1152 1841 stabilis
1180 1790 1238 1840 et
1296 1784 1626 1840 inconvulsa
1666 1788 1917 1850 maneat,
1958 1783 2107 1837 hanc
2135 1821 2176 1875 Β

395 1875 670 1948 paginam
698 1874 829 1929 inde
879 1872 1182 1939 conscribi,
1226 1887 1405 1926 manu
1460 1871 1696 1943 propria
1743 1871 2102 1938 roborantes,

395 1962 562 2034 signo
585 1973 784 2017 nostro
806 1960 1097 2032 imperiali
1112 1959 1393 2030 jussimus
1431 1958 1729 2029 insigniri.

467 2052 609 2105 Data
636 2051 738 2106 Ill.
775 2049 903 2103 idus
959 2046 1297 2103 Novembris
1340 2046 1545 2102 indict.
1584 2047 1647 2101 V.
1704 2048 1870 2101 Anno
1917 2044 2105 2100 Domi-

393 2139 540 2195 nica
577 2135 992 2192 incarnationis
1043 2135 1179 2189 1024
1223 2135 1430 2204 (potius
1470 2135 1654 2201 1022).
1713 2136 1874 2187 Ιωηο
1904 2131 2103 2188 domni

395 2228 465 2282 Η.
504 2225 739 2281 secundi
763 2223 1057 2296 regnantis
1095 2237 1213 2289 xxx,
1246 2221 1480 2293 imperii
1500 2237 1633 2277 vero
1656 2237 1786 2293 vui.

463 2316 671 2368 Actum
698 2314 971 2383 Augusta
990 2308 1249 2365 feliciter.
1282 2312 1485 2364 Amen.

466 2402 475 2408 ’
1114 2398 1381 2453 CXXVIII.

392 2489 458 2542 S.
522 2487 801 2542 Henricus
844 2487 899 2541 Il
928 2488 1059 2555 imp.
1093 2487 1417 2540 monasterio
1468 2486 1855 2555 Epternacensi
1904 2485 2103 2556 con/ir-

1000 2562 1114 2611 mat
1132 2559 1228 2625 jus
1255 2561 1494 2610 moneta.

910 2645 1093 2714 (Anno
1132 2646 1262 2699 1023
1300 2647 1363 2700 18
1396 2644 1597 2714 junii.)

579 2732 927 2803 [Hontbeim,
986 2735 1130 2788 Hist.
1168 2736 1375 2787 Trevir.
1428 2733 1654 2802 diplom.
1690 2733 1733 2797 Ι,
1764 2730 1916 2804 858.]

463 2824 531 2877 In
562 2820 799 2876 nomine
856 2826 1064 2875 sancta
1095 2825 1152 2875 et
1179 2820 1493 2875 individua
1545 2820 1859 2885 Trinitatis,
1891 2821 2101 2875 Hamu-

394 2928 490 2967 cus
530 2909 726 2965 divina
771 2909 997 2964 favente
1030 2909 1334 2964 clementia
1362 2910 1759 2965 Romanorum
1787 2908 2103 2980 imperator

396 3003 708 3070 Augustus.

2212 733 2380 783 sonat
2411 743 2619 798 magna
2648 726 2761 781 sive
2782 742 2979 797 parva,
3013 725 3311 793 clericalis,
3343 730 3443 780 aut
3473 726 3716 793 laicalis,
3740 741 3922 796 super

2213 830 2341 871 eam
2370 814 2578 868 dehinc
2622 814 2878 884 aliquam
2931 817 3274 885 potestatem
3325 812 3554 879 habeat,
3604 812 3715 867 nisi
3764 813 3921 882 ejus-

2213 902 2345 958 dem
2377 901 2636 956 Ecclesia
2667 902 2840 956 abbas
2887 901 3093 973 suique
3140 917 3517 970 successores,
3570 908 3628 957 et
3649 900 3921 956 monachi

2212 991 2296 1045 ibi
2338 992 2454 1045 Deo
2503 996 2561 1045 et
2601 994 2796 1044 sancto
2826 989 3192 1044 Willibrordo
3226 990 3512 1059 servituri,
3545 990 3614 1044 ad
3656 988 3923 1044 Ecclesia

2214 1084 2642 1144 ornamentum,
2672 1081 2731 1132 et
2748 1078 3073 1149 prabenda
3095 1094 3215 1132 sua
3241 1083 3648 1149 augmentum;
3678 1093 3746 1133 ea
3770 1077 3926 1131 vide-

2214 1165 2348 1219 licet
2406 1164 2627 1219 ratione
2666 1168 2732 1219 ut
2777 1180 2873 1219 eos
2929 1180 3034 1236 pro
3074 1168 3267 1218 nostra
3311 1164 3494 1219 salute
3553 1168 3613 1219 et
3664 1162 3924 1218 remedio

2215 1254 2539 1308 animarum
2583 1257 2893 1323 parentum
2949 1256 3280 1307 nostrorum
3333 1252 3710 1324 omniumque
3772 1252 3923 1306 tide-

2213 1342 2358 1397 lium
2406 1341 2808 1397 defunctorum
2856 1342 3036 1396 Deum
3067 1341 3317 1413 amplius
3359 1341 3600 1396 delectet
3660 1355 3925 1395 exorare.

2286 1431 2352 1484 Et
2402 1434 2466 1483 ut
2514 1429 2635 1483 hac
2667 1433 2880 1484 nostra
2910 1428 3366 1483 conﬁrmationis
3397 1433 3749 1501 praceptum
3782 1428 3927 1482 inde

2214 1518 2605 1589 conscriptum
2692 1518 2795 1588 (hic
2874 1517 3088 1586 aliquid
3156 1517 3431 1589 omissum)
3497 1517 3675 1589 sigilli
3739 1517 3932 1572 nostri

2214 1607 2595 1677 impressione
2648 1605 2866 1678 signari
2900 1605 3194 1675 jussimus,
3247 1622 3539 1679 manuque
3568 1606 3831 1678 propria,
3866 1608 3933 1659 ut

2213 1695 2364 1749 infra
2383 1695 2628 1763 videtur,
2662 1693 3182 1748 corroboravimus.

2285 1776 2513 1842 Signum
2590 1774 2800 1829 domini
2851 1776 3096 1830 Heinrici
3140 1775 3518 1844 {Romanorum
3573 1777 3935 1831 invictissimi

2215 1846 2560 1915 imperatoris
2591 1847 2832 1912 augusti.

2286 1922 2634 1979 Guntherius
2678 1922 3074 1979 cancellariius
3111 1923 3233 1980 vice
3272 1924 3543 1980 Aribonis
3567 1924 3930 1997 archicapel-

2213 2012 2332 2067 lani
2360 2012 2711 2083 recognovit.

2286 2101 2428 2155 Data
2446 2117 2537 2155 xiv
2552 2099 2793 2155 Kalend.
2815 2100 2970 2168 Julii,
2991 2099 3192 2156 indict.
3215 2117 3289 2165 vi,
3312 2117 3466 2156 anno
3491 2101 3810 2158 Dominica
3834 2101 3930 2158 in-

2212 2187 2561 2244 carnationis
2575 2190 2732 2245 1023.
2745 2190 2910 2243 Anno
2930 2188 3153 2244 domini
3167 2188 3423 2246 Heinrici
3434 2190 3671 2247 secundi
3682 2207 3939 2264 regnan-

2209 2275 2282 2330 tis
2312 2293 2445 2344 xxn,
2468 2275 2699 2347 imperii
2722 2292 2856 2331 vero
2885 2293 2939 2331 κ.

2279 2368 2482 2420 Actum
2515 2365 2679 2419 Nuiss
2709 2363 2966 2419 feliciter.
2997 2367 3202 2420 Amen.

2947 2435 3164 2490 CXXIX.

2211 2504 2275 2561 Β.
2323 2508 2586 2560 Henricus
2614 2507 2696 2562 II.
2732 2509 2866 2575 imp.
2917 2478 3303 2561 ϐξξὸἦίιηεοε
3349 2507 3417 2561 ab
3466 2507 3660 2562 abbate
3705 2510 3770 2565 S.
3811 2511 3939 2565 Ma-

2280 2579 2485 2630 ximini
2542 2579 2602 2630 in
2659 2577 2968 2644 beneﬁcium
3018 2580 3240 2646 accipit,
3296 2593 3429 2646 quos
3478 2581 3683 2633 Ezzoni
3733 2583 3941 2633 comiti

2276 2649 2548 2716 palatino,
2609 2651 2659 2700 et
2686 2649 2936 2701 Heinrico
2986 2647 3132 2715 duci,
3188 2663 3281 2702 nec
3330 2664 3435 2702 non
3467 2649 3692 2703 Otthoni
3736 2654 3939 2705 comiti

2283 2718 2643 2784 bene/ieiunii.

2675 2788 2858 2857 (Anno
2896 2790 3052 2853 1023,
3090 2791 3155 2842 10
3184 2789 3446 2857 Decemb.)

2874 2857 3010 2931 [Ubi
3030 2856 3249 2931 supra]

2284 2928 2350 2981 In
2381 2927 2615 2982 nomine
2661 2927 2959 2983 sancta'et
2998 2927 3309 2983 individua
3350 2928 3666 2998 Trinitatis,
3696 2932 3937 2986 Hamm-

2212 3023 2309 3062 cus
2347 3008 2539 3062 divina
2562 3008 2786 3063 favente
2806 3009 3113 3063 clementia
3159 3008 3553 3064 Romanorum
3596 3010 3933 3083 imperator

461 3086 695 3141 Noverit
738 3085 1001 3140 omnium
1058 3084 1269 3140 Christi
1342 3089 1787 3155 nostrorumque
1839 3083 2098 3139 ﬁdelium
2138 3098 2179 3153 ρ
2210 3090 2521 3157 Augustus.

386 3174 731 3231 universitas
762 3175 1007 3246 qualiter
1032 3190 1157 3237 nos,
1193 3189 1297 3245 pro
1327 3173 1585 3227 remedio
1636 3174 1843 3226 anima
1884 3176 2096 3226 nostra

390 3267 810 3336 parentumque
865 3266 1219 3330 nostrorum,
1292 3277 1399 3317 nec
1471 3276 1587 3315 non
1642 3277 1747 3331 per
1816 3261 2098 3315 interven-

396 3357 521 3407 tum
553 3351 701 3422 (179)
722 3351 949 3406 Henrici
974 3350 1309 3405 Boariorum
1329 3349 1488 3404 ducis
1504 3349 1722 3420 inclyti,
1748 3348 2093 3403 monasterio

396 3440 716 3510 Epternach
754 3440 923 3505 dicto,
975 3443 1265 3492 monetam
1297 3455 1329 3491 a
1355 3438 1580 3492 seniore
1619 3442 1827 3507 nepote
1853 3442 1909 3491 et
1937 3443 2094 3491 ante-

393 3543 614 3583 cessore
683 3533 902 3593 nostro,
950 3527 1118 3580 tertio
1186 3526 1452 3579 videlicet
1499 3525 1703 3580 Ottone
1746 3525 2092 3596 imperatore

389 3616 665 3687 Augusto,
690 3630 1039 3680 concessam,
1074 3615 1134 3668 in
1165 3632 1274 3685 qua
1308 3613 1531 3668 nummi
1563 3613 1911 3684 probabiles,
1947 3615 2093 3671 sicut

389 3703 451 3758 in
488 3704 616 3758 aliis
640 3704 779 3758 locis
807 3704 978 3772 regia
1023 3703 1293 3773 potestati
1348 3701 1611 3767 subditis,
1666 3703 2089 3773 percutiantur,

387 3792 461 3846 ad
511 3808 679 3846 usum
740 3792 1000 3845 Ecclesia
1046 3795 1102 3845 et
1154 3790 1569 3845 monachorum
1631 3791 1745 3844 Deo
1778 3795 2087 3862 sanctoque

385 3880 745 3935 Willibrordo
803 3878 1115 3933 confessori
1173 3878 1265 3933 die
1343 3885 1623 3948 nocteque
1692 3879 2087 3949 servientium,

384 3983 489 4039 per
516 3969 664 4022 hanc
694 3974 949 4022 nostram
992 3967 1350 4036 imperialem
1394 3966 1668 4038 paginam
1701 3968 2085 4034 concedimus,

383 4069 726 4110 renovamus
757 4061 927 4126 atque
956 4056 1393 4121 conﬁrmamus;
1427 4060 1482 4109 et
1526 4060 1591 4109 ut
1619 4054 1820 4108 eadem
1853 4062 2087 4110 moneta

384 4143 654 4214 deinceps
694 4143 797 4197 sub
854 4148 1131 4213 perpetuo
1176 4142 1308 4213 jure
1340 4141 1601 4197 Ecclesia
1630 4143 1993 4213 supradicta,
2028 4150 2081 4199 et

453 4266 601 4336 (l78)
633 4268 696 4321 In
727 4268 1030 4320 Hormunze
1060 4268 1244 4319 situm.
1296 4266 1455 4320 Modo
1516 4266 1718 4332 Urmiz,
1770 4282 1867 4319 seu
1903 4269 2084 4322 Urmiz

379 4336 608 4430 (dicitur,
739 4338 1035 4430 Sinistrum
1066 4337 1250 4391 Rheni
1281 4337 1464 4430 littus,
1519 4339 1708 4430 medi?
1759 4337 1879 4416 fere
1928 4338 2080 4391 inter
2106 4376 2150 4430 Β

376 4408 794 4461 Conﬂuentiam
827 4413 883 4461 et
909 4409 1310 4461 Andernacum
1343 4407 1572 4473 itinere,
1621 4406 1795 4460 situm
1821 4407 1882 4460 in
1929 4424 2077 4477 pago

375 4478 710 4548 Meginensi.
744 4478 925 4533 Hodie
950 4478 1138 4531 adhuc
1178 4478 1422 4531 Ecclesia
1461 4479 1529 4531 de
1562 4479 1751 4532 Urmiz
1790 4493 1920 4531 cum
1982 4480 2077 4532 de-

371 4547 533 4602 cim’is
563 4554 620 4603 et
652 4553 959 4617 personatu
1001 4549 1132 4618 jure
1165 4548 1408 4602 dominii
1434 4548 1636 4602 directi
1676 4549 1746 4601 ad
1796 4549 2077 4618 praposi-

370 4622 558 4673 turam
584 4619 923 4673 cathedralis
940 4618 1189 4671 ecclesia
1213 4618 1645 4687 Bambergensis
1666 4620 1932 4687 pertinet,
1948 4635 2077 4688 qua

370 4688 588 4742 nobiles
615 4689 914 4743 aScheben
948 4690 1017 4742 de
1039 4689 1333 4743 Croufeldt
1360 4705 1493 4741 suos
1515 4690 1594 4743 ibi
1622 4689 1860 4742 vasallos
1882 4689 2071 4743 habet.

437 4761 582 4824 (179)
643 4762 859 4830 Hmrici
909 4761 1228 4813 Boiarorum
1284 4760 1459 4813 ducis.
1517 4759 1786 4830 Sigefridi
1846 4760 2074 4814 comitis

367 4827 884 4899 Luxembu_rgensis
940 4830 1092 4883 filius
1151 4834 1286 4883 natu
1343 4830 1545 4899 major,
1585 4827 1830 4899 'primus
1885 4846 2073 4884 comes

363 4897 699 4952 Arlunensis
747 4915 852 4952 nec
910 4915 1021 4951 non
1074 4915 1269 4967 comes
1346 4897 1648 4967 Ardenna,
1707 4900 2067 4954 abbatiarum

362 4967 416 5040 S‘.
444 4968 733 5040 Maximini
764 4975 818 5021 et
864 4969 1295 5040 Epternacensis
1344 4971 1668 5036 advocatus,
1713 4987 1885 5040 quem
1917 4973 2067 5025 Hen-

2277 3176 2544 3240 Quamvis
2582 3175 2653 3229 ab
2693 3174 3090 3230 ecclesiasticis
3140 3174 3600 3232 institutionibus
3630 3186 3686 3234 et
3727 3196 3761 3233 a
3813 3197 3926 3251 ra-

2203 3263 2383 3317 ternis
2434 3263 2780 3334 prajudiciis
2828 3263 2974 3317 nulli
3015 3263 3091 3317 sit
3148 3263 3370 3319 licitum
3425 3265 3670 3332 deviare,
3722 3269 3927 3323 nostri

2202 3354 2396 3405 tamen
2424 3350 2571 3421 juris
2593 3356 2675 3405 est
2696 3367 2815 3421 pra
2862 3351 3086 3405 cateris
3109 3351 3169 3407 id
3209 3353 3394 3407 solum
3426 3358 3483 3407 et
3520 3354 3790 3424 speciale,
3833 3362 3924 3423 ut,

2200 3439 2356 3493 unde
2386 3439 2583 3493 ﬁdeles
2608 3439 2790 3493 nostri
2815 3439 2962 3493 infra
2990 3456 3235 3510 regnum
3266 3446 3522 3495 nostrum
3550 3443 3929 3515 |gravantur,

2201 3531 2301 3581 aut
2331 3527 2482 3582 unde
2500 3527 2761 3581 Ecclesia
2792 3528 3321 3583 Deidetrimentum
3351 3530 3533 3600 magis
3563 3547 3735 3601 quam
3757 3549 3929 3588 com-

2200 3616 2439 3669 modum
2489 3616 2810 3686 patiuntur,
2844 3616 2905 3670 in
2942 3617 3146 3671 melius
3178 3618 3487 3672 debeamus
3524 3625 3925 3677 commutare.

2198 3703 2412 3758 Idcirco
2435 3704 2695 3758 fidelium
2725 3709 3081 3772 nostrorum,
3138 3710 3256 3760 tam
3308 3707 3681 3777 praesentium
3729 3725 3927 3779 quam

2198 3792 2545 3856 futurorum,
2579 3792 2828 3847 solertia
2851 3799 3050 3848 notum
3072 3794 3199 3848 tieri
3229 3795 3498 3863 cupimus
3519 3794 3777 3865 qualiter
3806 3814 3923 3851 nos

2197 3896 2267 3934 ex
2296 3880 2523 3934 abbatis
2580 3881 2636 3936 S.
2688 3881 2925 3935 Joannis
2981 3881 3350 3952 evangelista
3399 3887 3455 3936 et
3494 3882 3550 3937 S.
3587 3882 3920 3948 Maximini,

2196 3984 2321 4039 qua
2352 3968 2411 4022 in
2445 3969 2718 4022 suburbio
2744 3969 3109 4023 Trevirorum
3133 3970 3242 4023 sita
3272 3974 3376 4037 est,
3406 3969 3502 4023 ubi
3532 3970 3783 4025 Haricho
3810 3973 3921 4027 ab-

2195 4055 2298 4110 bas
2318 4072 2562 4125 praesse
2585 4057 2830 4124 videtur,
2848 4058 3124 4128 quasdam
3146 4058 3292 4129 (180)
3313 4064 3499 4112 curtes
3520 4060 3917 4130 etterritoria,

2192 4144 2354 4198 villas
2381 4151 2438 4198 et
2459 4144 2867 4214 possessiones,
2888 4146 3102 4199 scilicet
3122 4146 3239 4217 (181
3254 4145 3270 4217 )
3285 4162 3386 4200 sex
3400 4146 3579 4200 millia
3604 4155 3919 4205 sexcentos

2192 4283 2381 4337 neque
2423 4267 2563 4321 alibi
2620 4267 2676 4321 in
2704 4268 3147 4323 instructissimo
3206 4269 3263 4324 S.
3319 4269 3610 4325 Maximini
3661 4273 3916 4330 archivo

2190 4338 2391 4413 talium
2452 4339 2880 4413 possessionum
2916 4342 3016 4413 vel
3066 4339 3309 4413 minima
3356 4342 3565 4395 notitia
3609 4346 3915 4413 supersit;

2191 4407 2271 4461 sic
2301 4425 2404 4484 ego
2429 4407 2763 4484 pradialiic
2792 4410 3101 4484 intellecta,
3153 4412 3350 4464 malim
3407 4407 3915 4484 transﬂlfenum,

2190 4484 2247 4551 et
2278 4478 2426 4551 circa
2465 4496 2596 4551 eum
2629 4480 2766 4546 sita;
2822 4480 2893 4535 de
2950 4481 3159 4551 quibus
3200 4497 3386 4534 sermo
3445 4489 3529 4536 est
3576 4481 3636 4535 in
3680 4478 3913 4541 chartis

2189 4548 2409 4603 Ottonis
2444 4551 2512 4604 Μ.
2546 4550 2616 4603 de
2663 4551 2831 4604 annis
2879 4548 3001 4612 945,
3048 4557 3104 4605 et
3150 4554 3273 4610 966,
3307 4553 3530 4605 Ottonis
3560 4553 3609 4606 Il
3638 4553 3711 4608 de
3742 4570 3914 4612 anno

2189 4621 2313 4684 973,
2347 4636 2449 4673 nec
2483 4636 2594 4674 non
2628 4621 2850 4675 Ottonis
2880 4623 2955 4676 Ill
2993 4624 3061 4676 de
3084 4638 3232 4675 anno
3263 4624 3387 4676 992.

2257 4693 2414 4763 (181)
2434 4691 2541 4763 Sea:
2594 4693 2773 4746 millia
2813 4697 3086 4747 sexcentos
3148 4695 3557 4763 quinquaginta
3584 4707 3680 4748 sea:
3725 4712 3907 4754 man-

2183 4773 2293 4815 sos.
2354 4761 2613 4814 Diximus
2668 4778 2842 4834 supra
2901 4763 2973 4834 ad
3041 4761 3312 4834 chartam?
3355 4764 3745 4834 Megingaudi,
3829 4771 3910 4826 de

2184 4845 2336 4883 anno
2363 4834 2488 4895 9'29,
2542 4836 2659 4886 not.
2712 4832 2762 4898 b,
2818 4849 2884 4887 ex
2930 4832 3177 4890 Casario
3222 4832 3567 4899 Prumie’nsi,‘
3615 4832 3907 4896 mansum

2179 4900 2552 4975 ingenualem
2582 4919 2702 4956 esse
2742 4919 2837 4975 (ξιξ
2877 4904 3178 4975 jugerum.
3218 4904 3445 4959 Mansus
3486 4905 3694 4959 deinde
3730 4906 3906 4966 inve-

2181 4970 2341 5025 nitur
2405 4973 2555 5041 apud
2611 4970 2896 5027 eumdem'
2928 4970 3236 5029 Casarium
3285 4975 3504 5029 habens
3553 4975 3906 5038 bunnuaria

2177 5056 2270 5105 xu,
2314 5043 2561 5096 bonniers
2616 5043 2815 5098 dicunt
2852 5044 3013 5099 Galli.
3047 5046 3116 5098 In
3162 5061 3230 5099 eo
3257 5046 3640 5100 communiter
3668 5062 3902 5107 conve-

2176 5112 2347 5191 piunt
2378 5129 2597 5191 omnes,
2631 5129 2833 5168 mansa
2881 5121 3106 5191 tantum
3141 5115 3329 5191 inesse
3364 5121 3554 5191 terra,
3593 5126 3900 5187 quantum

2166 5183 2311 5251 jugo
2339 5192 2451 5258 uno
2476 5183 2875 5258 bouinannuo
2906 5186 3093 5258 spatio,
3128 5188 3309 5258 possit
3356 5183 3546 5258 verti,f
3580 5183 3904 5258 quantum-

2172 5268 2284 5322 que
2340 5253 2441 5306 uni
2498 5254 2735 5308 familia
2781 5253 3008 5309 rustica
3047 5253 3268 5310 alenda
3315 5258 3451 5311 satis
3489 5253 3615 5311 sit.—
3668 5259 3903 5318 Volunt

2171 5328 2362 5377 autem
2390 5323 2472 5405 rei
2502 5325 2803 5403 georgica
2832 5327 3026 5405 periti,
3067 5326 3491 5405 jugum_unum
3513 5328 3689 5382 boum
3714 5334 3899 5389 sufﬁ-

350 5390 571 5472 atiaque
626 5391 701 5471 ad
719 5391 1005 5472 luosetiam
1035 5392 1183 5470 oloca.
1227 5390 1381 5472 ‘Sed,
1404 5405 1535 5443 cum
1585 5391 1729 5472 hac.
1758 5407 2056 5472 nunquam
2168 5407 2296 5446 cere
2336 5390 3255 5472 quotannis'sesagintaquatuor
3274 5397 3579 5472 jugeribns
3609 5405 3895 5472 arandis;

347 5459 524 5542 {uis-Se
554 5460 698 5540 juris
718 5462 771 5515 S.
822 5459 1113 5542 Maximini
1157 5459 1420 5542 vel.in.de
1466 5464 1738 5542 appareat
1787 5459 1939 5542 quod
1995 5461 2057 5517 in
2167 5459 2660 5542 quam-rationem
2693 5467 2754 5542 si_
2786 5459 2847 5542 in
2891 5459 3057 5542 mille
3104 5459 3400 5542 sexcentos
3450 5459 3898 5542 quinquaginta

347 5533 507 5610 tanta
560 5531 988 5610 regiarumwet
1068 5530 1456 5609 imperialium
1527 5530 2050 5610 conﬁrmationum,
2164 5530 2257 5610 sex
2299 5550 2562 5610 mansos,_
2613 5536 3033 5610 Maximiuianis
3083 5539 3402 5610 ademptos,
3460 5530 3888 5610 subducamus,

346 5600 521 5653 etiam
554 5616 592 5682 la
623 5601 790 5680 nobis
821 5600 1123 5682 editurum,
1171 5600 1354 5682 copia,
1378 5600 1439 5653 in
1471 5601 1688 5680 quibus.
1715 5602 2053 5682 notabiliora
2156 5604 2364 5682 jugera
2417 5605 2757 5682 quadragies
2812 5609 2989 5682 octies
3040 5608 3198 5682 mille
3230 5600 3527 5679 nongenta
3576 5600 3891 5682 octoginta

344 5671 675 5752 monasterii
714 5672 934 5752 pradia
970 5670 1508 5752 et‘_.acquisitiones_
1542 5671 1791 5752 maritima
1838 5673 2049 5752 sollici-
2162 5670 2411 5752 quatuor
2433 5670 2747 5749 efﬁcim'us,
2796 5678 2882 5735 vix
2930 5678 3265 5736 credibilem
3316 5670 3608 5735 terrarum
3641 5670 3891 5752 quanti-

342 5738 544 5795 tudine
591 5738 953 5808 enarrantur,
984 5738 1331 5796 altissimum
1361 5740 1431 5795 de
1472 5741 1541 5795 iis
1595 5741 1668 5796 sit
1722 5742 2045 5810 silentium;
2159 5738 2355 5799 tatem.

360 5036 617 5110 ricnsS.
657 5038 795 5110 imp.
847 5036 976 5108 (qui
1030 5040 1154 5107 ejus
1183 5056 1441 5093 sororem
1493 5036 1904 5110 Cuneguhdam
1932 5058 2067 5095 uxo-

358 5123 481 5162 rem
515 5109 772 5178 duxerat)
805 5126 954 5162 anno
988 5112 1121 5164 1002
1152 5114 1354 5164 ducem
1381 5111 1627 5164 Bavaria
1659 5111 1811 5164 fecit.

428 5179 573 5304 $180)
640 5180 825 5236 Curtes
880 5185 929 5233 et
998 5183 1295 5245 territoria,
1351 5182 1511 5234 villas
1572 5186 1622 5233 et
1681 5183 2060 5248 possessiones.

428 5266 649 5304 inerus.
692 5250 791 5304 aui
835 5251 943 5304 hoc
991 5251 1245 5304 diploma
1292 5266 1357 5303 ex
1391 5251 1628 5304 Zvllesio
1684 5251 1882 5304 edidit.
1940 5258 2059 5304 not.

352 5249 649 5316 Tolnerus,
692 5250 791 5321 qui
835 5251 943 5304 hoc
991 5251 1245 5318 diploma
1292 5266 1357 5303 ex
1391 5251 1628 5321 Zyllesio
1684 5251 1882 5312 edidit,
1940 5258 2059 5306 not.

352 5334 407 5373 α.
456 5326 670 5382 censet,
739 5321 830 5373 hic
910 5321 1156 5389 intelligi
1235 5324 1416 5372 castra
1490 5320 1750 5387 Cocheim,
1836 5322 2059 5387 Clotten,
