4166 6408
33 392 156 443 369

26 612 64 648 a
106 597 385 665 prmfato
413 597 619 650 abbate
652 597 711 649 in
734 595 1077 649 beneﬁcium
1097 596 1438 666 accepimus,
1462 604 1517 652 et
1534 600 1621 652 his
1650 602 1781 655 ﬁde-

27 686 211 738 libus
248 686 495 752 nostris,
546 686 747 738 Ezzoni
776 684 1042 737 videlicet
1094 684 1351 738 Palatino
1381 687 1575 740 comiti
1604 688 1775 758 (182),

25 778 89 825 et
121 773 423 826 Heinrico
446 773 576 826 duci
606 773 772 842 (183),
794 787 896 825 nec
916 787 1031 824 non
1051 772 1286 825 Otthoni
1309 773 1500 825 comiti
1521 776 1689 841 (184),
1713 792 1779 829 ea

22 860 409 914 conditione
439 859 868 925 beneﬁciamus,
900 864 983 923 ut,
1018 858 1152 929 quia
1172 862 1442 929 praelatus
1468 862 1638 915 abbas
1662 865 1776 931 jam

23 948 224 1000 senio
259 949 568 1001 confectus
598 948 893 1001 commode
921 946 1086 1000 nobis
1116 947 1272 1001 domi
1304 949 1639 1019 militiaeque
1669 966 1779 1003 ser-

20 1037 168 1088 vire
213 1053 343 1089 non
378 1041 624 1106 poterat,
660 1037 801 1106 ipse,
833 1040 888 1088 et
912 1036 1191 1100 haeredes,
1214 1037 1315 1106 qui
1345 1037 1464 1089 haec
1503 1036 1778 1091 beneﬁcia

16 1124 309 1190 habent,
377 1142 482 1194 pro
539 1125 742 1178 eodem
802 1123 1004 1177 abbate
1068 1124 1299 1194 suisque
1360 1125 1775 1178 successoribus

14 1212 288 1265 curiam
357 1214 612 1282 regalem
673 1217 873 1281 petant
933 1216 990 1265 et
1051 1212 1109 1265 in
1155 1212 1577 1282 expeditionem
1621 1218 1770 1279 eant,

11 1301 233 1353 abbas
294 1317 439 1353 vero
484 1301 690 1370 suique
735 1316 1089 1354 successores
1147 1316 1180 1352 a
1235 1302 1392 1353 curia
1434 1301 1588 1370 regia
1620 1305 1673 1353 et
1704 1302 1773 1356 ab

12 1390 214 1441 omni
253 1389 633 1459 expeditione
679 1388 916 1441 omnino
956 1388 1071 1441 sint
1102 1387 1264 1441 liberi
1311 1387 1419 1441 nisi
1449 1388 1508 1441 in
1540 1390 1771 1455 Mogon-

13 1477 385 1543 tinensem,
421 1477 540 1529 sive
601 1477 928 1537 Metensem,
966 1481 1066 1528 aut
1124 1476 1520 1529 Coloniensem
1569 1476 1770 1530 civita-

12 1571 157 1617 tem
200 1564 286 1617 ad
320 1564 593 1633 generale
627 1563 934 1617 concilium
961 1563 1077 1616 sive
1134 1564 1507 1633 colloquium,
1579 1565 1769 1634 aliqua

11 1652 413 1705 necessitate
471 1656 726 1721 cogente,
794 1651 1011 1704 fuerint
1049 1651 1292 1704 invitati.
1332 1653 1394 1704 Et
1423 1668 1493 1705 ne
1561 1653 1768 1706 anima:

10 1746 277 1794 nostrae
313 1740 733 1793 detrimentum
760 1739 896 1793 inde
915 1739 1222 1808 patiamur,
1256 1739 1302 1792 si
1328 1756 1394 1793 ea
1425 1756 1551 1808 qua:
1570 1756 1602 1792 a
1631 1740 1766 1794 ﬁde-

18 1830 204 1882 libus
248 1828 470 1882 Christi
511 1828 699 1881 eidem
755 1827 1137 1880 sacratissimo
1192 1828 1314 1880 loco
1372 1828 1577 1881 tradita
1634 1833 1767 1882 sunt

10 1924 133 1971 aut
168 1917 430 1981 collata,
464 1931 568 1969 nos
598 1915 807 1984 injuste
848 1915 1072 1968 auferre
1100 1914 1417 1981 videamur,
1473 1915 1764 1969 servitium

11 2010 193 2075 (185)
250 2005 417 2076 quod
450 2003 616 2057 nobis
647 2008 702 2057 et
742 2004 1083 2073 quibusdam
1114 2003 1625 2072 praedecessoribus
1654 2020 1765 2057 no-

13 2096 165 2148 stris
206 2095 279 2147 in
314 2093 573 2147 secundo
598 2106 822 2161 semper
848 2108 995 2145 anno
1044 2092 1112 2144 de
1143 2092 1339 2144 eadem
1397 2092 1627 2145 ahbatia
1654 2096 1765 2144 tra-

11 2186 242 2237 ditum
269 2186 388 2247 est,
417 2198 523 2251 pro
563 2180 769 2234 timore
799 2180 897 2233 Dei
926 2184 983 2233 et
1031 2180 1399 2233 veneratione
1444 2181 1496 2234 S.
1530 2182 1765 2235 Joannis

14 2290 86 2325 ac
121 2272 189 2326 S.
238 2268 567 2334 Maximini,
598 2272 654 2322 et
684 2269 756 2321 ob
801 2267 1185 2321 interventum
1218 2268 1482 2321 Aribonis
1527 2269 1766 2338 Mogun-

17 2359 334 2414 tiacensis
406 2373 472 2411 ac
539 2355 802 2427 Piligrini
890 2355 1264 2422 Coloniensis,
1343 2360 1398 2408 et
1481 2357 1766 2426 Popponis

20 2446 429 2502 Trevirensis
503 2444 917 2498 venerabilium
970 2443 1550 2513 archiepiscoporum,
1619 2444 1765 2496 alio-

17 2552 314 2607 rumque
352 2533 615 2589 ﬁdelium
668 2536 1019 2591 nostrorum,
1071 2533 1183 2584 Deo
1235 2536 1540 2601 sanctoque
1594 2533 1763 2585 Joan-

14 2627 109 2691 ni,
184 2629 255 2676 et
352 2622 521 2675 beato
579 2619 883 2674 Maximino
944 2619 1272 2690 cunctisque
1321 2635 1423 2689 per
1479 2636 1573 2672 eos
1621 2620 1765 2674 inibi

12 2710 374 2767 abbatibus
432 2708 493 2760 in
536 2713 884 2776 perpetuum
939 2707 1293 2775 indulgendo
1346 2706 1671 2776 ignovimus
1711 2712 1767 2761 et

14 2796 423 2872 ignoscendo
503 2795 871 2848 indulsimus.
945 2795 1010 2847 Et
1064 2810 1137 2846 ne
1197 2793 1325 2863 quis
1373 2809 1765 2848 successorum

12 2895 400 2944 nostrorum
437 2898 639 2953 regum
669 2883 757 2935 vel
809 2882 1221 2951 imperatorum
1260 2882 1413 2935 idem
1470 2882 1765 2936 servitium

13 2980 84 3032 in
147 2974 501 3046 periculum
553 2970 759 3023 anima:
808 2975 1018 3023 nostrae.
1078 2985 1141 3022 ac
1179 2986 1297 3022 suae
1348 2970 1479 3023 inde
1530 2970 1766 3024 ulterius

1347 394 1741 452 DlPLOMATA
1781 398 2330 455 ECCLESIASTICA.

34 508 513 580 quinquaginta
547 524 643 562 sex
670 524 915 575 mansos,
954 512 1017 562 ut
1043 508 1191 562 veris
1220 510 1543 578 computari
1574 513 1781 581 potuit,
1810 519 1855 570 Α
1895 516 2097 581 sheim,
2144 517 2537 585 Weldinstein,

3481 407 3582 460 370

2624 518 2898 599 albucha,
2950 521 3394 591 Gosolvesheim,
3446 524 3577 577 Bin-

1887 605 2333 673 gin,Holzhusa,
2393 607 2596 676 Apula,
2660 608 2936 673 Alsontia,
3004 608 3425 680 Sceringesfelt,
3469 614 3578 665 Ha-

1886 693 2230 760 kinesheim,
2294 695 2655 760 Bukinheim,
2704 696 2976 756 Siemera,
3028 698 3384 762 Mannendal,
3442 701 3577 754 Kar-

1886 780 2062 849 heim,
2102 783 2589 847 Folemaresbach,
2643 785 3128 852 Proverstervoth,
3179 786 3412 850 Gracha,
3472 788 3573 839 De-

1886 868 2051 935 cima,
2094 870 2262 921 Vallis
2304 866 2439 922 ‘cum
2494 871 2609 923 suis
2666 871 3102 940 pertinentibus,
3173 874 3570 943 Rateresdorff,

1887 957 2234 1021 Bikendorﬁ',
2300 958 2619 1021 Meisbratb,
2688 960 2901 1025 Ebeno,
2961 960 3377 1024 Arnolfesbere,
3440 962 3569 1015 Lie-

1884 1045 2068 1110 znich,
2126 1045 2439 1110 Okisheim,
2529 1047 2872 1111 Rivenacha,
2962 1048 3183 1115 Loavia,
3252 1049 3571 1120 Windingis

1884 1132 2248 1201 Lukesingis;
2291 1138 2345 1185 et
2378 1134 2435 1185 in
2493 1150 2641 1203 pago
2694 1135 3049 1205 Sallingowe,
3105 1136 3337 1202 Dinche,
3406 1138 3567 1191 Juol-

1880 1220 2035 1285 kurt,
2099 1220 2380 1290 Bisangis;
2442 1227 2498 1274 et
2556 1222 2613 1275 in
2671 1222 2895 1276 civitate
2957 1224 3187 1276 Metensi
3237 1230 3291 1277 et
3354 1225 3565 1279 circum

1880 1307 2048 1373 circa,
2105 1308 2324 1369 domos,
2378 1308 2589 1374 vineas,
2622 1326 2785 1378 agros
2855 1316 2911 1363 et
2966 1312 3214 1376 areolas;
3271 1316 3327 1364 et
3375 1310 3433 1364 in
3480 1312 3568 1365 his

1879 1393 2034 1460 locis,
2120 1394 2520 1455 Diedenhown,
2576 1396 2797 1462 Wilare,
2873 1397 3120 1460 Besiaco,
3182 1399 3565 1453 Luzelenkiri-

1878 1483 1999 1545 cha,
2070 1483 2313 1546 Tavena,
2360 1482 2750 1552 Druhdilingis
2791 1489 2847 1537 et
2903 1486 3312 1556 Murmiringa;
3362 1488 3560 1541 Merul-

1878 1570 2088 1633 divilla,
2151 1570 2665 1637 Wimareskiricha,
2753 1572 2961 1638 Straza,
3024 1574 3231 1640 Curfta,
3288 1575 3560 1642 Seranna,

1876 1657 2197 1725 Markidith,
2231 1658 2487 1727 Krische,
2549 1658 2770 1723 Billich,
2837 1661 3263 1731 Curmiringun,
3296 1664 3561 1717 Brunna-

1878 1747 2000 1812 cba,
2037 1746 2390 1810 Haniwileri;
2450 1746 2686 1815 insuper
2738 1747 2909 1800 etiam
2969 1749 3027 1801 in
3074 1766 3222 1818 pago
3281 1752 3561 1804 Drachere

1877 1834 2019 1904 (l86)
2052 1834 2208 1886 locus
2246 1834 2343 1903 qui
2376 1840 2607 1887 vocatur
2637 1836 3161 1900 Gunthereshusun,
3210 1854 3311 1891 nec
3352 1854 3466 1892 non
3501 1838 3559 1892 in

1872 1937 2021 1991 pago
2052 1921 2309 1974 Einriche
2344 1922 2495 1973 locus
2520 1922 2685 1987 alius,
2745 1924 3019 1976 vocabulo
3084 1924 3367 1989 Prichina,
3427 1941 3555 1978 cum

1874 2009 2139 2062 omnibus
2162 2009 2228 2061 ad
2246 2009 2465 2076 sejuste
2484 2015 2540 2061 et
2569 2009 2831 2077 legaliter
2856 2010 3273 2079 pertinentibus
3298 2012 3383 2065 vel
3417 2012 3560 2081 aspi-

1874 2096 2150 2149 cientibus
2184 2095 2367 2147 rebus.
2399 2097 2506 2149 Has
2536 2096 2676 2148 duas
2704 2101 2889 2148 curtes
2946 2112 3019 2149 an
3067 2097 3320 2165 saginem
3380 2100 3554 2165 (187),

1875 2189 1931 2238 et
1976 2184 2047 2237 ad
2092 2183 2406 2247 femoralia,
2469 2184 2742 2236 mantelas
2773 2184 2963 2248 etiam,
3015 2188 3071 2236 et
3119 2185 3390 2237 mensalia
3442 2187 3557 2239 fra-

1872 2275 2047 2336 trum,
2075 2287 2178 2323 nec
2224 2286 2342 2322 non
2374 2270 2441 2323 ad
2492 2271 2857 2325 inlirmorum
2907 2288 3100 2325 curam
3146 2278 3203 2325 et
3258 2273 3554 2337 debilium,

1873 2364 1929 2412 et
1969 2359 2037 2412 ad
2065 2358 2483 2427 susceptionem
2527 2358 2838 2428 hospitum,
2903 2375 3003 2412 nec
3050 2376 3162 2412 non
3211 2360 3279 2413 ad
3329 2376 3553 2413 recrea-

1871 2446 2087 2499 tionem
2138 2462 2455 2516 pauperum
2497 2451 2551 2499 et
2596 2447 3057 2515 peregrinorum,
3109 2448 3252 2500 sicut
3305 2452 3555 2501 anteces-

1873 2550 2026 2587 sores
2060 2535 2241 2586 nostri
2273 2534 2711 2601 constituerunt,
2732 2535 2809 2586 ita
2857 2540 2912 2587 et
2950 2551 3053 2587 nos
3082 2536 3404 2604 specialiter
3424 2552 3557 2588 con-

1871 2622 2159 2675 stituimus
2194 2626 2361 2690 atque
2412 2621 2846 2686 conﬁrmamus;
2890 2628 2945 2675 et
2972 2628 3033 2675 ut
3078 2639 3139 2675 ex
3196 2623 3283 2675 his
3320 2623 3458 2675 locis
3503 2627 3558 2675 et

1873 2709 2119 2764 ecclesiis
2169 2710 2359 2761 nullus
2408 2709 2597 2774 abbas,
2659 2710 2815 2781 nulla
2854 2709 2963 2762 alia
3012 2726 3274 2779 persona,
3350 2725 3557 2778 magna

1872 2799 1986 2850 sive
2018 2813 2207 2866 parva,
2244 2797 2409 2849 alicui
2443 2797 2636 2856 libero,
2678 2802 2736 2850 et
2782 2797 2966 2850 alieno
3008 2798 3249 2863 homini,
3299 2803 3363 2850 ut
3390 2803 3557 2850 antea

1871 2885 2138 2951 diximus,
2197 2884 2412 2953 aliquid
2453 2884 2813 2949 beneﬁciare,
2866 2885 2954 2938 vel
3007 2901 3038 2937 a
3096 2885 3400 2953 praebenda
3450 2885 3557 2938 fra-

1872 2978 2024 3026 trum
2046 2988 2277 3042 quoquo
2305 2972 2473 3025 modo
2507 2972 2831 3024 abalienare
2869 2977 3196 3040 prwsumat,
3226 2972 3555 3025 firmissime

13 3066 259 3134 exigat,
295 3060 419 3115 nisi
460 3059 658 3112 eadem
706 3058 877 3122 bona,
935 3073 1064 3127 quae
1094 3073 1198 3110 nos
1228 3073 1345 3109 non
1403 3062 1517 3109 tam
1565 3057 1625 3109 in
1678 3072 1773 3112 no-
1803 3071 1842 3125 ς,
1878 3060 2284 3132 praecepimus;
2328 3060 2425 3112 sed
2477 3059 2641 3112 liceat
2669 3059 2800 3112 inde
2829 3060 3019 3113 abbati
3052 3060 3281 3129 suisque
3332 3076 3556 3113 succes-

16 3160 229 3206 strum
278 3164 466 3220 quam
518 3147 576 3200 in
625 3162 824 3199 eorum
855 3145 1169 3210 servitium,
1211 3144 1343 3198 inde
1374 3145 1761 3211 distraximus,

15 3258 91 3296 ex
130 3241 397 3308 integro
425 3235 628 3288 reddat
659 3239 757 3287 aut
785 3234 1069 3299 restituat,
1094 3238 1287 3285 nostra
1354 3233 1621 3301 inperiali
1659 3248 1761 3285 au-

18 3329 328 3383 ctoritate
381 3322 779 3376 constituendo
838 3321 1226 3391 praecipimus,
1281 3325 1336 3374 et
1380 3320 1763 3389 praecipiendo

15 3415 500 3469 conﬁrmamus.
562 3409 837 3463 Jubemus
911 3408 1086 3462 etiam
1151 3413 1320 3478 atque
1374 3408 1766 3462 interdicimus

12 3504 298 3574 praefato
359 3498 558 3551 abbati
590 3497 823 3566 suisque
856 3497 1272 3549 successoribus
1303 3497 1360 3549 in
1400 3502 1764 3565 perpetuum,

16 3609 97 3645 ne
138 3593 221 3645 de
259 3586 516 3656 reliquis
551 3586 827 3650 curtibus,
861 3585 1112 3638 ecclesiis
1162 3601 1226 3638 ac
1292 3585 1764 3653 possessionibus,

16 3697 168 3751 quae
233 3677 316 3730 ad
372 3674 727 3744 peculiarem
776 3673 1144 3743 praebendam
1214 3672 1455 3726 fratrum
1522 3673 1635 3725 Deo
1688 3672 1767 3726 ibi

17 3763 483 3822 famulantinm
553 3778 586 3814 a
652 3761 865 3815 nostris
935 3761 1455 3830 praedecessoribus
1539 3760 1768 3829 regibus

16 3864 75 3911 et
159 3849 665 3923 imperatoribus,
768 3848 1089 3919 Dagoberto
1179 3848 1461 3913 videlicet,
1496 3847 1764 3917 Pippino,

18 3944 287 4008 Carolo,
398 3937 707 4003 Ludovico,
766 3937 1047 4002 Arnolfo;
1095 3936 1232 3989 item
1313 3936 1540 4000 Karolo,
1599 3936 1769 3988 Zien—

14 4030 304 4093 tiboldo,
368 4042 479 4080 nec
550 4041 669 4078 non
719 4042 751 4078 a
808 4024 991 4078 tribus
1062 4024 1385 4088 Ottonibus,
1465 4024 1523 4077 in
1575 4027 1771 4076 nostra

20 4135 240 4190 usque
277 4122 578 4183 tempora,
639 4116 693 4166 et
723 4128 828 4182 per
857 4129 962 4167 nos
1009 4112 1180 4165 etiam
1229 4113 1488 4181 delegata
1535 4116 1668 4163 sunt
1716 4116 1772 4165 et

17 4220 339 4265 concessa
378 4203 553 4255 alicui
582 4202 652 4255 de
683 4200 1017 4270 majoribus,
1052 4200 1166 4253 sive
1196 4200 1389 4253 liberis
1421 4199 1766 4266 hominibus,

20 4303 138 4352 aut
186 4291 454 4347 alterius
486 4288 748 4342 Ecclesia:
780 4288 868 4341 vel
900 4287 1100 4341 alienas
1142 4286 1373 4340 familiae
1421 4285 1772 4356 quibuslibet

1875 3150 2098 3203 soribus
2127 3149 2432 3202 luminaria
2456 3147 2703 3201 ecclesiae.
2734 3152 3069 3212 restaurare,
3123 3148 3362 3201 aediﬁcia
3390 3163 3555 3201 recu-

1874 3254 2096 3308 perare,
2158 3242 2230 3302 et,
2293 3253 2420 3306 quae
2469 3238 2784 3289 necessaria
2838 3236 3236 3288 tantummodo
3289 3235 3556 3289 fratribus

1876 3331 2029 3390 sunt,
2088 3340 2414 3395 procurare.
2469 3324 2545 3376 De
2603 3323 2851 3376 ecclesiis
2896 3339 3026 3375 vero
3081 3328 3137 3375 et
3190 3322 3257 3374 de
3291 3323 3557 3376 omnibus

1874 3430 1979 3485 per
2034 3418 2213 3467 totam
2273 3412 2556 3466 abbatiam
2615 3412 2799 3464 salicis
2856 3411 3352 3477 decimationibus,
3414 3411 3558 3465 nulli

1878 3501 2112 3555 omnino
2172 3500 2510 3553 beneﬁcium
2560 3499 2788 3569 aliquod
2874 3499 3107 3552 concedi
3151 3498 3555 3567 permittimus,

1877 3590 1971 3642 sed
2022 3589 2081 3641 in
2113 3604 2251 3640 usus
2280 3587 2592 3656 hospitum,
2626 3602 2966 3656 pauperum,
3023 3592 3078 3639 et
3122 3586 3557 3654 peregrinorum

1877 3675 2285 3747 perpetualiter
2308 3674 2721 3741 {constituimus
2778 3679 2948 3743 atque
2997 3674 3299 3726 sancimus.
3335 3673 3558 3727 Consti-

1877 3765 2091 3819 tuimus
2118 3768 2393 3832 prmterea
2416 3763 2540 3830 hoc,
2563 3768 2619 3817 et
2649 3763 2752 3815 hac
2784 3767 2977 3814 nostra
3032 3760 3317 3830 imperiali
3364 3766 3559 3814 aucto-

1879 3853 2043 3905 ritate
2074 3852 2388 3913 ﬁrmamus,
2420 3854 2502 3914 ut,
2536 3849 2583 3902 si
2614 3850 2741 3919 quis
2796 3851 3031 3903 fortasse
3060 3851 3290 3902 illorum
3331 3854 3430 3902 aut
3458 3849 3562 3903 ﬁlii

1877 3941 2124 3994 ﬁliorum
2192 3954 2451 4003 suorum,
2502 3938 2709 4007 quibus
2759 3938 2908 3991 bona
2963 3942 3020 3990 et
3070 3938 3453 4006 possessiones
3504 3937 3559 3991 S.

1882 4027 2171 4082 Maximini
2202 4026 2684 4101 beneﬁciavimus,
2720 4025 2840 4078 sine
2871 4025 3093 4078 hmrede
3142 4025 3314 4078 fuerit
3370 4024 3568 4077 defun-

1880 4121 2024 4178 ctus,
2056 4114 2419 4180 beneﬁcium,
2446 4116 2531 4167 vel
2562 4114 2841 4183 quidquid
2870 4114 2939 4166 ab
2972 4113 3174 4166 eodem
3197 4112 3318 4165 loco
3357 4111 3567 4165 habere

1879 4203 2031 4256 visus
2054 4206 2158 4265 est,
2187 4202 2289 4255 sub
2316 4204 2410 4270 jus
2450 4207 2505 4254 et
2535 4201 2857 4254 dominium
2898 4200 3266 4270 prazfatorum
3345 4204 3566 4252 sancto-

1880 4307 2011 4344 rum
2037 4295 2092 4342 et
2123 4289 2339 4343 abbatis
2379 4305 2442 4341 ac
2470 4290 2709 4342 fratrum
2768 4289 2948 4357 ipsius
2988 4288 3320 4341 monasterii
3375 4288 3570 4341 redeat

22 4378 474 4442 servituribus,
558 4377 796 4446 quidam
871 4375 1233 4441 beneficiare,
1309 4376 1398 4427 vel
1449 4374 1518 4425 ab
1576 4389 1777 4427 eorum
1818 4361 1941 4433 Det
1987 4383 2256 4441 transeat,
2314 4382 2370 4430 et
2422 4377 2490 4430 ad
2531 4376 2988 4445 ampliﬁcandam
3046 4374 3566 4444 congregationem,

18 4478 173 4544 jure
215 4464 693 4538 quoquo'modo
742 4463 992 4516 alienare
1021 4466 1374 4533 praesumant
1405 4478 1418 4515 :
1451 4462 1556 4515 hoc
1602 4466 1687 4514 est
1716 4461 1777 4514 in

27 4563 129 4617 his
158 4555 349 4619 locis,
384 4552 720 4616 Suabheim,
743 4550 1151 4615 Hesinesheim,
1214 4549 1579 4615 Brizinheim,
1609 4549 1777 4603 Ever-

110 4660 289 4734 (182)
328 4658 542 4734 Exsoni
612 4656 861 4734 videlicet
902 4657 1174 4734 Palatimc
1226 4658 1452 4734 comiti.‘
1480 4656 1777 4734 _Ez§onem

29 4725 146 4791 seu
181 4725 600 4792 Erenfridum,
633 4726 985 4779 conditorem
1025 4731 1227 4794 postea
1274 4725 1517 4778 cmnobii
1575 4725 1780 4778 Browi-

30 4802 337 4865 lerensis,
408 4797 723 4851 Hermanni
775 4797 998 4849 comitis
1028 4796 1269 4849 Palatini
1324 4796 1503 4848 ﬁlium
1551 4800 1784 4849 censent

31 4896 105 4933 ex
141 4869 471 4930 Mathilde.
507 4870 664 4933 Conf.
705 4867 920 4929 Tolner,
946 4866 1038 4920 cit.
1072 4882 1205 4935 pag.
1238 4868 1327 4927 22,
1364 4870 1480 4918 not.
1520 4881 1565 4917 c.

113 4941 573 5015 (183)“Henrico
622 4937 776 5015 duci.
821 4937 1011 5015 Fuisse
1050 4937 1208 5015 hunc
1264 4936 1528 5015 Boiorum
1558 4935 1783 5015 _du_cem

30 5005 560 5088 Sigifridiucom.
626 5009 693 5088 In
732 5006 1243 5088 Liicemburgensis
1319 5022 1389 5059 ex
1438 5005 1784 5088 _Ha-devvicbe

34 5075 284 5145 filium,
339 5077 726 5146 Kunegundis
781 5080 1050 5146 Augustae
1093 5076 1347 5137 fratrem,
1399 5080 1456 5129 et
1507 5075 1788 5129 Maximia-

37 5170 282 5213 norum
299 5152 650 5205 advocatum
676 5147 811 5199 satis
840 5152 1079 5200 constat.

122 5226 299 5293 (184)
338 5221 553 5293 Οτιῳιί⁵
582 5219 787 5293 co_miti,
824 5218 939 5293 ch
986 5215 1525 5293 nominetl‘olnerus
1592 5215 1641 5293 l._
1689 5214 1782 5293 cit,

42 5284 185 5351 not.
234 5284 587 5356 c'intelligit
622 5286 820 5340 Ezonis
876 5285 930 5340 S.
986 5286 1269 5339 Erenfridi
1315 5286 1494 5339 Rheni
1554 5284 1789 5353 palatini

42 5371 279 5427 tilium,
328 5360 639 5427 patrisque
668 5373 821 5410 anno
857 5359 989 5410 l035
1020 5357 1081 5409 in
1122 5356 1443 5408 Palatinatu
1502 5369 1787 5427 succes_so_-_-

44 5455 212 5493 rem.
251 5423 367 5489 Alii
394 5423 631 5484 malunt
653 5429 922 5481 Ottonem
956 5428 1105 5479 hunc
1155 5442 1296 5492 esse,
1330 5423 1789 5480 Hammersteinii

48 5506 401 5564 Trevericaz
466 5498 620 5551 arcis
681 5498 878 5550 Rheno
960 5495 1244 5564 impositae
1318 5497 1631 5564 dynastam,
1678 5494 1789 5564 qui

46 5563 225 5634 baud
272 5573 465 5628 multo
493 5574 631 5622 ante
654 5582 809 5620 nunc
834 5563 1071 5632 annum,
1097 5563 1466 5634 Irmingardze
1496 5563 1787 5631 cujusdam

47 5646 409 5703 concubina:
448 5637 759 5693 amoribus
787 5636 1056 5705 ﬂagrans,
1103 5651 1233 5688 cum
1270 5636 1328 5687 in
1362 5634 1784 5703 Moguntiacen-

1887 4481 1990 4519 nec
2010 4482 2121 4518 non
2155 4465 2221 4517 ad
2256 4465 2441 4534 regale
2498 4463 2811 4526 servitium,
2870 4466 3147 4531 quantum
3206 4462 3379 4514 abbas
3434 4460 3568 4514 inde

1888 4554 2007 4607 sine
2047 4552 2389 4605 detrimento
2424 4551 2664 4604 aliarum
2699 4565 2891 4602 rerum
2925 4549 3174 4602 ecclesiae
3206 4549 3350 4601 bene
3398 4547 3571 4617 perﬁ-

1891 4673 2007 4710 sem
2042 4655 2529 4725 archiepiscopum
2550 4653 3029 4725 Erckenboldum,
3048 4651 3252 4704 vetitos
3279 4652 3574 4725 amplexus

1892 4673 2007 4710 sem
2042 4667 2529 4725 archiepiscopum
2551 4667 3029 4717 brokennomum,
3048 4667 3252 4704 ventos
3279 4667 3573 4774 amplexus

1892 4728 2094 4780 acriter
2137 4726 2527 4794 castigantem,
2573 4739 2729 4776 arma
2787 4723 3347 4794 intulisset,ﬂmetu_
3406 4722 3573 4794 einde

1893 4795 2114 4852 Henrici
2165 4792 2329 4864 impi,
2377 4801 2433 4846 et
2483 4794 2735 4847 reventia
2788 4792 3053 4864 Aribonirs
3102 4792 3574 4864 Moguntiacensis

1893 4858 2325 4935 archiepiscopi
2362 4865 2513 4918 diras
2571 4864 2953 4935 imprecantis,
3008 4858 3304 4935 fraudibus
3360 4862 3575 4916 illicitis

1894 4933 2145 5003 abjectis,
2216 4933 2405 4989 furere
2481 4935 2662 4987 desiit.
2700 4933 2823 4986 Vid.
2875 4934 3108 4987 Joannis
3148 4935 3269 4988 Iter.
3329 4935 3570 4998 Mogunt.

1894 5006 2245 5075 tom.l,pag.
2281 5006 2402 5058 461.

1966 5072 2133 5143 (185)
2164 5072 2473 5131 servitium.
2510 5075 2672 5128 Certa
2719 5073 2975 5142 pecuniae
3015 5073 3322 5143 quantitas.
3373 5072 3577 5126 Confer

1896 5142 2101 5220 tamen
2115 5147 2330 5220 Spener
2355 5148 2478 5220 Jur:
2504 5145 2656 5220 Publ.
2692 5144 2790 5197 lib.
2812 5161 2879 5220 _l_l.
2903 5142 3201 5220 cap.'_Xl,.§
3233 5146 3282 5208 6,
3306 5148 3419 5220 not.
3448 5158 3500 5220 ¢_z_.
3533 5210 3542 5220 .

1969 5218 2105 5284 (186)
2154 5212 2224 5270 Ίη
2263 5232 2405 5284 pago
2454 5217 2734 5269 Drachere.
2808 5214 2967 5268 Haud
3027 5213 3263 5284 dubium
3318 5218 3401 5264 est
3454 5212 3574 5263 Tri-

1897 5282 2151 5340 chOriam
2194 5282 2352 5339 illam
2399 5302 2517 5339 esse
2556 5290 2803 5338 veterem
2859 5299 3058 5352 agrum
3117 5282 3312 5335 Rheno
3351 5285 3575 5333 conter-

1899 5373 2142 5411 minum.

1970 5428 2115 5495 (187)
2180 5425 2271 5478 Ad
2306 5494 2309 5495 ν
2342 5426 2603 5495 sagimen.
2651 5422 2934 5495 saginam,
3007 5419 3285 5487 sagimen,
3361 5422 3579 5495 veteres

1901 5492 2163 5550 dicebant
2187 5494 2558 5556 moderatam,
2591 5492 2879 5549 lautitiam,
2923 5506 3033 5557 qua
3058 5494 3274 5551 ascctae,
3301 5492 3579 5556 perpetuo

1901 5567 1986 5619 rei
2027 5564 2232 5618 divinae
2285 5564 2439 5615 cultu
2533 5562 2745 5613 viribus
2800 5558 3095 5622 attenuati,
3144 5559 3286 5609 fessa
3340 5557 3581 5611 subinde

1905 5650 2144 5703 corpora
2176 5636 2513 5685 recrearent.
