3968 6402
367 348 463 401 371

1671 346 1728 401 S.
1777 346 2062 402 HENRICI
2099 343 2570 403 IMPERATOBIS

3779 345 3894 399 37'2

367 483 494 524 cere
524 467 726 540 possit,
752 467 968 540 absque
1024 469 1185 524 omni
1213 469 1668 524 contradictione
1697 474 2055 540 permaneat.
2088 471 2135 524 A
2173 486 2291 538 cus,
2321 468 2516 524 divina
2539 467 2767 523 favente
2818 465 3145 533 clementia,
3181 466 3580 523 Romanorum
3617 466 3896 538 impera-

370 560 615 627 Insuper
655 556 826 611 etiam
879 557 1249 613 concedimus
1315 562 1487 630 atque
1558 559 1942 629 praecepimus
2004 563 2070 612 ut

367 647 522 702 idem
554 645 726 700 abbas
754 646 958 717 suique
1016 663 1365 700 successores
1424 650 1772 717 potestatem
1821 646 2072 700 habeant

371 734 690 790 advocatias
723 751 924 789 omnes
954 735 1290 790 monasterii
1326 735 1433 802 sui,
1493 735 1585 788 cui
1618 734 1812 801 velint,
1870 734 2064 802 dandi,

363 822 758 894 justojudicio
791 823 1047 878 tollendi.
1119 825 1184 878 Et
1225 828 1287 877 ut
1329 823 1585 877 advocati
1643 822 1797 892 (188)
1842 823 2067 876 nullum

369 915 502 982 post
530 927 587 964 se
616 926 828 982 ponere
863 911 1133 977 audeant,
1183 911 1284 982 qui
1342 914 1573 965 vocetur
1625 912 2066 980 proadvocatus,

370 1000 714 1071 nullumque
745 1000 1018 1070 placitum
1049 1004 1258 1071 prater
1287 999 1397 1053 tria
1419 999 1552 1069 jure
1581 999 1774 1054 dedita
1802 999 1864 1054 in
1894 1000 2070 1054 abba-

371 1089 453 1143 tia
480 1093 674 1143 tenere
737 1093 1110 1159 prasumant,
1146 1104 1249 1142 uec
1295 1088 1564 1159 cuiquam
1617 1088 1848 1142 illorum
1904 1087 2075 1142 liceat

372 1177 565 1248 aliqua
592 1177 861 1231 violentia
891 1177 1188 1232 hominem
1222 1192 1479 1247 gravare,
1513 1181 1612 1230 aut
1639 1177 1695 1230 vi
1722 1175 1870 1248 (189)
1901 1191 2063 1248 para-

370 1266 607 1320 veredos
661 1281 881 1333 eorum,
943 1271 1041 1320 aut
1093 1281 1303 1336 pecora
1341 1265 1563 1333 tollere,
1615 1267 1706 1319 vel
1753 1265 2072 1336 quidquam

373 1369 546 1424 super
607 1353 876 1408 ofﬁciales
924 1359 1023 1407 aut
1087 1353 1384 1408 ministros
1468 1353 1586 1407 sive
1652 1353 2072 1408 mansionarios

374 1459 472 1496 seu
500 1443 697 1496 omnia
713 1443 849 1512 jura
876 1442 1097 1496 abbatis
1133 1443 1495 1496 constituere.
1533 1443 1599 1496 Et
1634 1448 1695 1496 ut
1741 1443 1852 1497 hoc
1883 1449 2075 1497 aucto-

374 1531 558 1584 ritatis
585 1537 794 1584 nostra
844 1536 1198 1602 praceptum
1230 1531 1364 1585 inde
1413 1529 1804 1601 conscriptum
1834 1531 2070 1586 ﬁrmum

377 1624 433 1673 et
460 1619 661 1673 stabile
692 1635 920 1690 semper
947 1625 1302 1690 permaneat,
1345 1635 1459 1674 non
1511 1621 1696 1674 solum
1729 1620 1840 1674 hoc
1896 1635 2072 1673 mauu

376 1709 612 1778 propria
641 1707 1020 1775 ﬁrmavimus,
1051 1713 1108 1763 et
1133 1708 1306 1780 sigilli
1335 1708 1514 1764 nostri
1553 1708 1928 1778 impressione
1982 1708 2072 1761 in-

377 1797 898 1868 signirijussimus,
957 1814 1158 1851 verum
1202 1798 1394 1862 etiam,
1453 1802 1514 1852 ut
1570 1797 1813 1852 ﬁrmiori
1881 1801 2073 1852 aucto-

377 1886 546 1939 ritate
577 1887 836 1955 polleret,
871 1886 1185 1940 beatissimi
1219 1885 1402 1940 Patris
1432 1886 1616 1940 nostri
1675 1885 1876 1940 domui
1916 1885 2073 1939 vide-

377 1975 506 2028 licet
537 1973 846 2040 Benedicti,
879 1973 1029 2029 sedis
1060 1974 1390 2044 apostolica
1418 1973 1680 2044 prasulis
1710 1973 2075 2044 privilegium

376 2063 508 2116 inde
534 2063 943 2133 conscriptum,
976 2067 1034 2115 et
1061 2063 1374 2131 apostolica
1437 2064 1779 2116 auctoritate
1836 2062 2074 2115 robora-

380 2155 521 2214 tum,
552 2151 790 2221 prafato
845 2150 1101 2205 canobio
1149 2150 1411 2204 obtinere
1459 2149 1826 2205 meruimus:
1880 2154 1962 2217 ut,
2007 2149 2075 2216 si,

379 2239 534 2309 quod
579 2238 750 2292 absit!
794 2239 1002 2309 aliquis
1059 2253 1448 2292 successorum
1503 2242 1836 2293 nostrorum
1873 2254 2078 2308 regum

378 2327 470 2380 vel
495 2327 932 2396 imperatorum,
963 2326 1247 2380 diabolica
1277 2326 1542 2380 aviditate
1561 2332 1884 2397 corruptus,
1917 2327 2081 2397 quid-

380 2430 556 2485 quam
577 2415 646 2468 de
667 2415 757 2469 his
797 2431 924 2485 qua
953 2414 1178 2484 praefati
1208 2430 1360 2485 sape
1408 2415 1743 2469 monasterii
1807 2414 2080 2469 fratribus

379 2503 450 2557 ad
480 2503 737 2573 quietem
757 2503 988 2557 illorum
1019 2502 1445 2568 constituimus,
1505 2503 1849 2557 imminuere
1890 2507 2078 2557 tenta-

379 2591 546 2657 verit,
591 2591 764 2645 abbas
794 2592 892 2662 qui
923 2596 1059 2646 tunc
1098 2591 1180 2646 ibi
1218 2607 1467 2663 praesse
1497 2591 1803 2658 videbitur,
1857 2609 1922 2646 ac
1971 2592 2080 2646 fra-

381 2684 496 2732 tres
527 2679 706 2733 libere
735 2679 1104 2750 apostolicam
1145 2680 1361 2746 sedem,
1398 2679 1490 2733 cui
1516 2679 1670 2734 idem
1697 2681 1855 2733 locus
1885 2696 2081 2733 sacra-

381 2767 634 2821 tissimus
672 2769 776 2822 sub
806 2768 1056 2839 antiquis
1087 2768 1442 2838 temporibus
1496 2768 1854 2822 Constantini
1897 2768 2080 2838 impe-

380 2855 589 2909 ratoris
615 2859 670 2910 et
709 2857 937 2910 Helena
970 2857 1169 2910 matris
1199 2856 1359 2910 illius
1403 2856 1659 2910 addictus
1697 2873 1819 2910 esse
1869 2857 2082 2928 digno-

380 2944 573 3009 scitur,
604 2943 947 2998 ﬁducialiter
974 2945 1285 3015 appellent,
1322 2949 1380 2998 et
1407 2943 1478 2998 ad
1512 2960 1638 2997 eam
1669 2943 1834 3015 quasi
1874 2944 1980 2998 ﬁlii
2011 2943 2082 2997 ad

2174 562 2266 612 tor
2294 560 2610 627 Augustus.

2248 645 2479 716 Regalis
2512 642 2868 699 excellentia
2889 646 2944 697 et
2971 641 3287 714 imperialis
3307 642 3680 698 sublimitatis
3707 643 3900 698 bene-

2175 735 2485 789 volentiam
2533 734 2692 788 decet
2768 737 2830 786 ut
2881 732 3146 786 ecclesias
3200 748 3306 802 per
3361 731 3558 786 orbem
3597 736 3896 787 terrarum

2175 825 2350 894 longe
2377 824 2602 893 lateque
2626 822 2728 876 Dei
2756 821 2976 876 honore
3022 823 3376 875 constructas
3431 820 3597 875 donis
3629 821 3902 891 iugenti-

2175 912 2282 967 bus
2340 911 2669 980 ampliﬁcet,
2723 910 2972 964 maxime
3015 909 3066 964 S.
3127 908 3422 964 Benedicti
3477 925 3682 964 norma
3743 908 3901 962 insi-

2178 1001 2364 1072 gnitas
2379 1016 2483 1070 per
2506 999 2700 1053 omnia
2731 999 2984 1069 adjuvet,
3016 1013 3081 1051 ac
3113 997 3310 1068 vigore
3368 997 3576 1068 regalis
3605 997 3901 1069 potentia

2180 1107 2210 1144 a
2229 1087 2836 1160 pervasoribusimpiis
2859 1087 3172 1141 secundum
3187 1103 3357 1140 suum
3386 1103 3550 1158 posse
3585 1087 3901 1141 defendat.

2179 1183 2235 1232 et
2264 1178 2391 1232 ideo
2423 1177 2566 1230 scire
2605 1177 2735 1230 volo
2757 1181 2873 1230 tam
2902 1181 3218 1246 prasentes
3249 1192 3424 1246 quam
3449 1176 3670 1230 futuros
3700 1175 3905 1229 Eccle-

2179 1266 2278 1320 sia
2325 1265 2522 1319 ﬁdeles
2561 1265 2716 1336 quod
2758 1263 2995 1335 quidam
3025 1264 3371 1318 venerabilis
3436 1264 3904 1334 Mosomagensis

2178 1354 2431 1410 ecclesia
2459 1354 2653 1422 abbas,
2714 1356 3079 1423 nuncupatus
3113 1354 3279 1418 Boso,
3331 1351 3473 1406 adiit
3517 1352 3901 1423 praseutiam

2179 1449 2388 1499 nostra
2411 1442 2750 1510 serenitatis,
2799 1442 3100 1497 humiliter
3136 1458 3346 1512 rogans
3403 1446 3458 1495 et
3486 1449 3689 1512 petens
3748 1457 3903 1513 qua-

2133 1585 2135 1588 .
2179 1539 2348 1587 tenus
2391 1533 2608 1603 pradia
2638 1548 2767 1603 qua
2799 1531 2857 1585 iu
2891 1548 3092 1602 regno,
3153 1531 3254 1585 Dei
3313 1531 3645 1597 clementia,
3679 1536 3904 1584 nostra

2179 1621 2479 1692 potestatis
2509 1620 2615 1674 sita
2663 1620 2967 1687 habentur,
2999 1623 3057 1672 et
3107 1636 3138 1672 a
3165 1618 3432 1672 ﬁdelibus
3454 1617 3554 1672 Dei
3595 1618 3716 1671 loco
3749 1633 3894 1671 san-

2183 1715 2288 1765 cta
2312 1709 2500 1764 Maria
2531 1707 2978 1778 Mosomagensis
3008 1706 3256 1762 ecclesia
3287 1707 3526 1778 prafato
3583 1705 3742 1760 ﬁdeli
3794 1706 3901 1759 de-

2183 1799 2413 1853 votione
2459 1797 2670 1850 tradita
2729 1800 3064 1862 noscuntur,
3133 1795 3473 1850 auctoritate
3495 1794 3678 1850 nostri
3738 1811 3902 1865 pra-

2184 1887 2332 1959 cepti
2389 1885 2824 1957 prohiberemus
2900 1900 2972 1938 ne
3031 1883 3101 1938 ab
3151 1882 3483 1937 inﬁdelibus
3543 1882 3664 1948 Dei,
3735 1883 3902 1952 quod

2186 1975 2357 2030 absitl
2393 1973 2870 2036 distraherentur,
2899 1971 2988 2025 vel
3019 1971 3231 2040 injuste
3250 1971 3743 2041 opprimerentur.
3781 1972 3905 2024 Nos

2182 2079 2316 2117 vero
2346 2061 2831 2131 pradecessorum
2890 2063 3219 2113 nostrorum
3270 2057 3537 2112 videlicet
3592 2059 3904 2112 Romano-

2185 2167 2315 2205 rum
2373 2149 2788 2220 imperatorum
2829 2148 3223 2217 Augustorum
3282 2162 3505 2200 morem
3557 2151 3898 2216 sequentes,

2187 2240 2310 2310 ejus
2339 2235 2716 2308 petitionibus
2745 2250 3044 2289 assensum
3095 2232 3470 2304 prabuimus,
3505 2236 3562 2287 et
3609 2249 3716 2303 per
3746 2249 3905 2303 pra-

2185 2335 2417 2398 ceptum
2455 2329 2664 2380 nostra
2704 2323 3060 2378 auctoritatis
3098 2322 3360 2393 quamvis
3416 2321 3778 2392 parvissima
3825 2322 3903 2376 ad

2185 2415 2488 2487 prafatum
2519 2417 2730 2467 sancta
2758 2411 2946 2467 Maria
2967 2411 3220 2466 ecclesia
3252 2411 3444 2464 locum
3490 2409 3593 2464 Dei
3624 2428 3656 2463 a
3695 2410 3904 2464 ﬁdeli—

2185 2505 2293 2558 bus
2314 2503 2375 2556 iu
2396 2502 2633 2556 nomine
2663 2499 2892 2555 Domini
2917 2500 3049 2554 data
3099 2500 3531 2565 conﬁrmamus,
3565 2503 3621 2553 et
3661 2503 3726 2552 ut
3756 2515 3904 2569 per-

2185 2591 2490 2664 petualiter
2519 2589 2713 2662 quiete
2745 2591 2800 2643 et
2826 2589 3042 2659 absque
3095 2588 3214 2642 ulla
3270 2587 3617 2658 repetitione
3647 2587 3902 2641 ecclesia

2190 2688 2399 2738 sancta
2420 2682 2608 2737 Maria
2640 2685 2863 2735 teneret
2893 2680 3392 2734 corroboravimus
3423 2700 3435 2734 :
3479 2679 3745 2734 videlicet
3777 2684 3901 2733 tres

2189 2771 2451 2826 ecclesias
2481 2770 2542 2824 iu
2570 2771 2787 2824 honore
2818 2768 2996 2822 sancti
3029 2767 3302 2839 Dionysii,
3335 2768 3513 2822 sancti
3540 2767 3768 2821 Martini
3841 2772 3901 2821 et

2190 2865 2398 2914 sancta
2431 2858 2730 2914 Genovefa
2758 2857 2820 2911 in
2850 2857 3112 2927 ejusdem
3172 2857 3506 2910 monasterii
3554 2856 3690 2910 villa
3719 2856 3894 2918 sitas,

2191 2965 2321 3002 cum
2342 2946 2508 3001 terris
2538 2951 2596 3000 et
2615 2945 2882 3000 omnibus
2920 2944 3270 3015 appendiciis
3299 2944 3436 3010 suis,
3501 2948 3558 2998 et
3608 2945 3896 2998 medieta-

381 3035 627 3086 matl‘em
647 3032 1001 3102 confugiant,
1029 3038 1091 3087 ut
1123 3034 1193 3087 ab
1221 3049 1308 3099 ea,
1342 3033 1508 3087 Sicuti
1540 3033 1782 3103 dignum
1812 3037 1918 3099 est,
1967 3033 2074 3086 1111-
2111 3039 2152 3094 C
2189 3042 2303 3092 tem
2330 3035 2563 3090 mercati
2595 3034 2854 3104 ejusdem
2902 3033 3032 3099 luci,
3061 3038 3112 3086 et
3146 3033 3468 3087 districtum
3511 3037 3568 3086 et
3624 3032 3894 3086 bannum

383 3120 501 3186 citi,
533 3126 632 3174 aut
661 3137 728 3174 ea
757 3137 885 3192 qua
914 3121 1050 3175 inde
1095 3121 1436 3175 abstulimus
1464 3120 1614 3174 bona
1650 3137 1750 3173 sua
1779 3120 2077 3188 recipiant,

385 3209 669 3278 autquod
697 3225 803 3262 nos
827 3226 928 3279 pro
952 3211 1125 3263 tantis
1177 3209 1344 3262 bouis
1391 3214 1448 3262 et
1511 3208 1969 3278 possessionibus
2019 3209 2076 3263 S.

383 3296 620 3350 Joannis
650 3300 706 3349 et
725 3297 778 3351 S.
813 3296 1102 3350 Maximini
1133 3297 1270 3350 inde
1308 3296 1530 3350 abbatis
1561 3297 1629 3350 ad
1684 3296 2081 3366 quietudinem

384 3384 617 3437 illorum
669 3384 1060 3438 ordiuavimus
1109 3389 1281 3455 atque
1333 3384 1710 3451 ﬁrmavimus,
1769 3384 2084 3456 apostolica

389 3471 723 3526 auctoritate
754 3472 1026 3539 roborati,
1054 3473 1315 3527 obtinere
1347 3472 1715 3544 pravaleant.

457 3561 686 3629 Signum
761 3561 946 3615 domni
1016 3563 1259 3617 Heinrici
1321 3564 1683 3616 Romanorum
1740 3561 2086 3614 invictissimi

385 3651 732 3718 imperatoris
761 3651 1023 3718 Augusti.

456 3739 804 3792 Guntherius
851 3739 1224 3793 cancellarius
1274 3738 1394 3792 vice
1431 3736 1697 3793 Aribanis
1729 3736 2086 3808 archicapel-

387 3827 503 3880 lani
535 3827 865 3895 recognovi.

457 3915 599 3969 Data
629 3931 708 3969 IV.
740 3915 821 3969 ld.
856 3915 1144 3979 Decemb.,
1179 3913 1497 3968 indictione
1557 3931 1632 3980 γι,
1698 3929 1850 3968 anno
1889 3913 2084 3967 Domi-

389 4001 532 4055 nica
612 4002 1022 4055 incarnationis
1093 4004 1228 4056 1023
1312 4001 1464 4069 (190)
1547 4017 1695 4055 anno
1745 4002 1945 4055 domui
1997 4017 2085 4056 se-

388 4089 562 4143 cundi
591 4091 845 4145 Heinrici
873 4091 1171 4161 regnantis
1199 4108 1354 4146 mu.
1386 4092 1618 4162 imperii
1674 4097 1868 4146 autem
1888 4110 1941 4148 x.

460 4181 662 4232 Actum
692 4178 752 4232 in
781 4179 1061 4244 Triburia,
1096 4179 1254 4249 regia
1282 4180 1437 4248 villa,
1495 4181 1707 4250 palatio
1741 4180 1994 4251 publico,
2026 4182 2087 4235 in

393 4265 492 4320 Dei
520 4267 778 4322 nomine.
810 4270 1013 4322 Amen.
1049 4270 1248 4322 Amen.

1147 4407 1336 4462 CXXX.

388 4532 444 4587 S.
499 4533 723 4587 Henrici
768 4533 822 4586 II
864 4533 1212 4602 imperatoris
1263 4531 1508 4614 diploma
1530 4545 1632 4600 pro
1658 4531 1884 4585 abbatia
1911 4532 2086 4586 Maso-

1107 4617 1373 4670 magensa.

1043 4725 1230 4797 (Auno
1254 4727 1437 4793 1023.)

429 4865 594 4937 [Hist
652 4867 1050 4935 ecclésisatique
1100 4874 1152 4922 et
1175 4870 1340 4992 εἰπὲιέ
1367 4868 1467 5008 ]du
1518 4868 1726 4924 diocese
1762 4869 1829 4924 de
1880 4871 2048 4924 Laon.

1071 4953 1202 5007 pag.
1350 4983 1359 4992 .

1071 4953 1202 5007 pag.
1238 4953 1359 4992 uuz.

462 5063 525 5116 In
556 5060 792 5114 nomine
821 5064 1030 5114 sancta
1060 5065 1118 5115 et
1147 5061 1462 5116 individua
1505 5062 1821 5128 Trinitatis,
1870 5065 2086 5118 Hamu-

461 5167 604 5238 (l88)
627 5166 899 5238 Advocati
930 5166 1140 5220 nullum
1162 5171 1286 5234 post
1332 5181 1388 5221 se
1421 5182 1618 5235 ponere
1673 5168 1930 5236 audeant,
1990 5171 2088 5238 qui

389 5243 604 5292 vocetur
681 5237 1106 5306 proadvocatus,
1185 5238 1499 5304 nullumque
1576 5239 1841 5305 placitum
1890 5237 2087 5306 praeter

391 5313 522 5374 tria,
573 5312 679 5361 etc.
731 5307 1045 5360 Notabilem
1109 5307 1261 5360 hunc
1319 5308 1508 5359 locum
1583 5309 1806 5361 censuit
1891 5315 2088 5364 auctor

390 5379 655 5433 Chronici
687 5377 1100 5444 Gottwicensis,
1133 5393 1264 5446 pag.
1300 5379 1422 5443 235,
1457 5393 1628 5446 quem
1662 5377 1809 5431 vide.

462 5449 615 5518 (189)
665 5447 1053 5502 Paraveredos.
1103 5447 1304 5519 Veredi
1357 5448 1624 5516 jumeuta
1671 5454 1803 5501 sunt
1849 5465 1976 5519 qua
2016 5450 2086 5504 ad

389 5520 737 5573 celeritatem
777 5535 880 5589 per
901 5519 1200 5572 intervalla
1231 5518 1640 5588 disponuntur,
1677 5535 1706 5572 a
1760 5518 1953 5573 rhedis
1999 5536 2088 5575 ve-

388 5589 595 5641 hendis
627 5589 797 5643 dicta.

463 5659 609 5726 (190)
641 5660 799 5712 Anno
835 5676 959 5713 vero
1016 5661 1230 5714 Domini
1276 5660 1521 5712 Heinrici
1574 5661 1854 5724 regnant-is
1882 5675 2083 5714 uxxm.

2190 3141 2388 3181 eorum
2429 3123 2733 3177 hominum
2765 3125 2820 3176 et
2849 3121 3196 3176 feminarum
3229 3121 3327 3192 qui
3355 3121 3415 3174 in
3436 3121 3636 3174 eadem
3666 3121 3804 3174 villa
3825 3121 3901 3175 ad

2189 3213 2373 3283 ipsius
2411 3210 2521 3265 loci
2555 3209 2965 3264 monasterium
2997 3210 3288 3280 pertinent
3326 3209 3397 3262 de
3429 3210 3634 3280 capite,
3662 3215 3720 3263 et
3749 3226 3900 3280 qua-

2190 3308 2322 3357 tuor
2352 3300 2512 3354 villas
2558 3315 2806 3370 quarum
2851 3299 2974 3352 haec
3000 3302 3134 3352 sunt
3162 3296 3399 3351 nomina
3428 3314 3441 3351 :
3503 3297 3903 3351 Breveliacum

2191 3407 2321 3446 cum
2383 3388 2641 3456 ecclesia,
2694 3387 2912 3441 Seciam
3003 3402 3134 3440 cum
3208 3385 3462 3454 ecclesia,
3513 3387 3704 3440 Oduut
3762 3402 3899 3438 cum

2193 3478 2449 3543 ecclesia,
2484 3476 2863 3531 Remiliacum
2893 3491 3023 3528 cum
3058 3473 3216 3528 silvis
3246 3478 3303 3528 et
3358 3473 3625 3528 omnibus
3672 3490 3900 3544 appen-

2194 3566 2358 3622 diciis
2387 3565 2625 3632 suis;in
2655 3564 2790 3618 villa
2843 3563 3086 3617 Allicurt
3133 3578 3399 3617 mansum
3453 3578 3584 3616 cum
3621 3561 3901 3615 omnibus

2192 3653 2544 3726 appendiciis
2593 3651 2729 3706 suis.
2800 3652 2864 3705 In
2921 3651 3055 3704 villa
3115 3651 3356 3704 Duziaco
3410 3650 3708 3704 ecclesiam
3760 3665 3899 3704 cum

2194 3744 2417 3799 duabus
2441 3741 2675 3812 capellis
2705 3744 2764 3794 et
2793 3738 3018 3793 duobus
3069 3739 3304 3793 mensis.
3331 3740 3395 3792 In
3454 3739 3680 3794 Titania
3707 3754 3898 3792 unum

2194 3847 2492 3897 mansum;
2540 3829 2600 3882 in
2635 3828 2768 3882 villa
2799 3827 3147 3882 Hercumbre
3203 3827 3500 3882 ecclesiam
3532 3842 3662 3880 cum
3706 3826 3900 3880 tribus

2194 3915 2454 3987 capellis;
2507 3914 2567 3969 in
2619 3917 2816 3967 monte
2863 3913 2917 3968 S.
2975 3913 3222 3982 Remigii
3274 3913 3592 3980 ecclesiam,
3654 3912 3715 3965 in
3753 3914 3899 3967 Her-

2195 4004 2488 4059 manuisve
2551 4002 2847 4056 ecclesiam
2899 4017 3027 4056 cum
3070 4001 3286 4072 capella
3318 4017 3461 4068 una;
3493 4001 3556 4054 in
3583 4001 3787 4054 villare
3814 4017 3901 4054 ec-

2194 4092 2425 4148 clesiam
2470 4107 2677 4156 uuam;
2704 4091 2764 4144 in
2787 4090 2919 4144 villa
2967 4089 3182 4144 Sedens
3224 4094 3340 4144 tres
3397 4093 3586 4161 partes
3632 4090 3903 4143 Ecclesia

2195 4198 2326 4235 cum
2357 4181 2563 4247 terris;
2605 4180 2665 4232 iu
2698 4178 3082 4233 Butonicurte
3133 4178 3430 4232 ecclesiam
3466 4193 3598 4232 cum
3631 4178 3897 4249 :capella;

2199 4269 2501 4324 inRudini
2532 4271 2726 4322 monte
2771 4267 3075 4322 dimidiam
3129 4266 3459 4334 ecclesiam;
3524 4266 3586 4320 in
3641 4266 3900 4321 Amblini

2201 4363 2395 4412 monte
2425 4356 2720 4411 ecclesiam
2747 4372 2956 4421 unam;
2985 4355 3043 4409 in
3075 4355 3334 4410 Givunna
3389 4359 3639 4426 quatuor
3665 4370 3898 4408 mansos

2196 4450 2252 4500 et
2291 4445 2517 4499 tertiam
2568 4448 2794 4514 partem
2847 4443 3128 4510 ecclesia;
3179 4444 3241 4498 in
3299 4445 3548 4498 Purione
3613 4441 3899 4514 superiori

2195 4535 2488 4589 ecclesiam
2520 4548 2725 4600 unam;
2767 4531 2830 4586 in
2879 4531 3071 4587 Evrini
3102 4536 3299 4586 monte
3347 4547 3613 4586 mansum
3666 4547 3896 4597 unum;

2195 4623 2254 4678 in
2286 4623 2420 4676 villa
2449 4620 2751 4676 Hannonis
2783 4621 3038 4675 alodium
3068 4637 3198 4675 cum
3232 4621 3582 4683 molendiuo,
3649 4620 3810 4674 silvis
3841 4624 3898 4673 et

2193 4711 2463 4766 omnibus
2491 4709 2846 4780 appendiciis
2869 4709 3010 4776 suis,
3042 4725 3215 4780 quem
3281 4709 3441 4763 dedit
3488 4708 3812 4780 Helgodus;
3834 4708 3896 4762 in

2199 4799 2441 4854 Bertoldi
2489 4801 2657 4867 zcurte
2714 4797 2969 4852 alodium
3045 4813 3175 4851 cum
3229 4797 3581 4861 molendiuo,
3635 4796 3793 4850 silvis
3840 4800 3897 4850 et

2194 4888 2465 4942 omnibus
2495 4885 2850 4957 appendiciis
2881 4886 3016 4952 suis,
3035 4901 3208 4956 quem
3248 4885 3410 4939 dedit
3435 4885 3758 4939 Amalricus
3788 4900 3895 4955 pro

2195 4977 2389 5030 anima
2412 4975 2599 5029 fratris
2620 4974 2850 5041 Olonis;
2915 4979 2970 5028 et
3022 4974 3081 5028 in
3140 4975 3261 5029 loco
3311 4973 3410 5044 qui
3459 4973 3668 5026 dicitur
3730 4974 3893 5038 Villa,

2197 5064 2470 5131 alodium,
2494 5079 2668 5134 quem
2691 5062 2848 5117 dedit
2868 5063 2991 5132 jam
3015 5063 3200 5116 dictus
3230 5062 3552 5117 Amalricus
3575 5077 3682 5132 pro
3710 5066 3894 5116 matre

2194 5168 2434 5223 Ponitur
2464 5184 2646 5221 annus
2703 5183 2879 5221 uxxm
2931 5167 3057 5220 loco
3099 5183 3274 5231 χχχιι,
3319 5166 3473 5236 quod
3527 5167 3778 5219 occurrit
3833 5167 3892 5219 in

2194 5239 2458 5310 pluribus
2502 5239 2628 5292 aliis
2689 5238 2900 5292 chartis
2933 5238 3129 5310 relatis
3183 5237 3242 5290 in
3286 5238 3487 5310 Chron.
3550 5237 3888 5310 G_ottwicen.,_

2195 5306 2329 5364 tom.
2368 5311 2411 5374 Ι,
2443 5326 2500 5380 p.
2533 5312 2655 5363 242.
2720 5309 2984 5362 Excusari
3032 5308 3088 5361 id
3140 5314 3350 5380 potest,
3404 5308 3645 5360 dicendo
3684 5323 3697 5360 ε
3757 5306 3892 5380 anni

2198 5382 2333 5434 1022
2392 5381 2725 5448 superstites
2777 5395 3003 5432 menses
3073 5394 3178 5448 pro
3238 5379 3464 5449 integro
3521 5394 3692 5444 anno,
3751 5379 3890 5430 alios

2195 5451 2401 5505 deinde
2430 5467 2653 5504 menses
2683 5451 2821 5504 anui
2845 5453 2978 5504 1023
3013 5465 3242 5502 rursum
3275 5465 3379 5518 pro
3405 5454 3523 5502 toto
3556 5464 3708 5502 anno
3741 5463 3892 5518 com:

2238 5527 2424 5574 utatos
2485 5537 2638 5586 esse;
2669 5520 2845 5591 fquod
2883 5519 3122 5574 notariis
3177 5517 3287 5574 seu,
3330 5518 3683 5591 cancellariis
3741 5517 3889 5591 haud

2221 5591 2367 5644 uisse
2411 5589 2746 5662 infrequens
2799 5606 2903 5645 nos
2940 5591 3066 5660 jam
3108 5591 3250 5644 alias
3278 5590 3571 5644 monuisse
3622 5589 3882 5643 memini-

2196 5676 2343 5715 mus.
