  <div class='ocr_page' id='page_1' title='image "/cluster/home/n/w/nwhite01/storage/ocr_20150623/140-141/uc1.31175018559917/194.png"; bbox 0 0 3968 6410; ppageno 0'>
   <div class='ocr_carea' id='block_1_1' title="bbox 30 371 2296 432">
    <p class='ocr_par' dir='ltr' id='par_1_1' title="bbox 30 371 2296 432">
     <span class='ocr_line' id='line_1_1' title="bbox 30 371 2296 432; baseline 0.004 -11"><span class='ocrx_word' id='word_1_1' title='bbox 30 371 116 421; x_wconf 67' lang='lat'>373</span> <span class='ocrx_word' id='word_1_2' title='bbox 1306 372 1697 429; x_wconf 79' lang='lat' dir='ltr'>DIPLOMATA</span> <span class='ocrx_word' id='word_1_3' title='bbox 1739 373 2296 432; x_wconf 81' lang='lat' dir='ltr'>ECCLESIASTICA.</span> 
     </span>
    </p>
   </div>
   <div class='ocr_carea' id='block_1_2' title="bbox 32 494 1832 563">
    <p class='ocr_par' dir='ltr' id='par_1_2' title="bbox 32 494 1832 563">
     <span class='ocr_line' id='line_1_2' title="bbox 32 494 1832 563; baseline 0.004 -17"><span class='ocrx_word' id='word_1_4' title='bbox 32 513 139 560; x_wconf 62' lang='lat' dir='ltr'>sua;</span> <span class='ocrx_word' id='word_1_5' title='bbox 194 500 254 549; x_wconf 88' lang='lat' dir='ltr'>et</span> <span class='ocrx_word' id='word_1_6' title='bbox 284 496 349 549; x_wconf 88' lang='lat' dir='ltr'>in</span> <span class='ocrx_word' id='word_1_7' title='bbox 380 495 525 550; x_wconf 89' lang='lat' dir='ltr'>villa</span> <span class='ocrx_word' id='word_1_8' title='bbox 564 494 777 550; x_wconf 86' lang='lat' dir='ltr'>Falisia</span> <span class='ocrx_word' id='word_1_9' title='bbox 804 495 1067 551; x_wconf 88' lang='lat' dir='ltr'>alodium</span> <span class='ocrx_word' id='word_1_10' title='bbox 1097 511 1226 551; x_wconf 88' lang='lat' dir='ltr'>cum</span> <span class='ocrx_word' id='word_1_11' title='bbox 1254 498 1606 563; x_wconf 90' lang='lat' dir='ltr'>molendino,</span> <span class='ocrx_word' id='word_1_12' title='bbox 1657 499 1751 552; x_wconf 91' lang='lat' dir='ltr'>sil-</span> <span class='ocrx_word' id='word_1_13' title='bbox 1785 500 1832 553; x_wconf 85' lang='lat' dir='ltr'><strong>A</strong></span> 
     </span>
    </p>
   </div>
   <div class='ocr_carea' id='block_1_3' title="bbox 36 585 1753 657">
    <p class='ocr_par' dir='ltr' id='par_1_3' title="bbox 36 585 1753 657">
     <span class='ocr_line' id='line_1_3' title="bbox 36 585 1753 657; baseline 0.004 -22"><span class='ocrx_word' id='word_1_14' title='bbox 36 590 99 637; x_wconf 58' lang='lat' dir='ltr'>vis</span> <span class='ocrx_word' id='word_1_15' title='bbox 124 592 175 638; x_wconf 87' lang='lat' dir='ltr'>et</span> <span class='ocrx_word' id='word_1_16' title='bbox 208 586 500 639; x_wconf 83' lang='lat' dir='ltr'>omnibus</span> <span class='ocrx_word' id='word_1_17' title='bbox 542 585 912 654; x_wconf 87' lang='lat' dir='ltr'>appendiciis</span> <span class='ocrx_word' id='word_1_18' title='bbox 942 585 1077 651; x_wconf 84' lang='lat' dir='ltr'>suis,</span> <span class='ocrx_word' id='word_1_19' title='bbox 1140 603 1313 657; x_wconf 89' lang='lat' dir='ltr'>quem</span> <span class='ocrx_word' id='word_1_20' title='bbox 1368 588 1526 642; x_wconf 85' lang='lat' dir='ltr'>dedit</span> <span class='ocrx_word' id='word_1_21' title='bbox 1584 588 1753 642; x_wconf 85' lang='lat' dir='ltr'>Wiri-</span> 
     </span>
    </p>
   </div>
   <div class='ocr_carea' id='block_1_4' title="bbox 32 673 1755 744">
    <p class='ocr_par' dir='ltr' id='par_1_4' title="bbox 32 673 1755 744">
     <span class='ocr_line' id='line_1_4' title="bbox 32 673 1755 744; baseline 0.004 -20"><span class='ocrx_word' id='word_1_22' title='bbox 32 692 110 725; x_wconf 67' lang='lat' dir='ltr'>cus</span> <span class='ocrx_word' id='word_1_23' title='bbox 140 675 430 739; x_wconf 83' lang='lat' dir='ltr'>clericus;</span> <span class='ocrx_word' id='word_1_24' title='bbox 472 678 530 727; x_wconf 90' lang='lat' dir='ltr'>et</span> <span class='ocrx_word' id='word_1_25' title='bbox 560 673 623 727; x_wconf 92' lang='lat' dir='ltr'>in</span> <span class='ocrx_word' id='word_1_26' title='bbox 652 673 791 727; x_wconf 86' lang='lat' dir='ltr'>villa</span> <span class='ocrx_word' id='word_1_27' title='bbox 822 690 959 744; x_wconf 90' lang='lat' dir='ltr'>qua</span> <span class='ocrx_word' id='word_1_28' title='bbox 997 675 1203 729; x_wconf 90' lang='lat' dir='ltr'>dicitur</span> <span class='ocrx_word' id='word_1_29' title='bbox 1237 677 1446 742; x_wconf 85' lang='lat' dir='ltr'>Nonas,</span> <span class='ocrx_word' id='word_1_30' title='bbox 1480 677 1755 731; x_wconf 89' lang='lat' dir='ltr'>aliodium</span> 
     </span>
    </p>
   </div>
   <div class='ocr_carea' id='block_1_5' title="bbox 36 761 1752 835">
    <p class='ocr_par' dir='ltr' id='par_1_5' title="bbox 36 761 1752 835">
     <span class='ocr_line' id='line_1_5' title="bbox 36 761 1752 835; baseline 0.003 -22"><span class='ocrx_word' id='word_1_31' title='bbox 36 780 143 816; x_wconf 58' lang='lat' dir='ltr'>cum</span> <span class='ocrx_word' id='word_1_32' title='bbox 177 762 557 827; x_wconf 90' lang='lat' dir='ltr'>molendino,</span> <span class='ocrx_word' id='word_1_33' title='bbox 589 761 748 816; x_wconf 83' lang='lat' dir='ltr'>silvis</span> <span class='ocrx_word' id='word_1_34' title='bbox 777 767 835 816; x_wconf 90' lang='lat' dir='ltr'>et</span> <span class='ocrx_word' id='word_1_35' title='bbox 867 763 1225 833; x_wconf 86' lang='lat' dir='ltr'>appendiciis</span> <span class='ocrx_word' id='word_1_36' title='bbox 1272 764 1414 831; x_wconf 87' lang='lat' dir='ltr'>suis,</span> <span class='ocrx_word' id='word_1_37' title='bbox 1448 781 1621 835; x_wconf 88' lang='lat' dir='ltr'>quem</span> <span class='ocrx_word' id='word_1_38' title='bbox 1656 765 1752 818; x_wconf 88' lang='lat' dir='ltr'>de-</span> 
     </span>
    </p>
   </div>
   <div class='ocr_carea' id='block_1_6' title="bbox 36 852 1753 916">
    <p class='ocr_par' dir='ltr' id='par_1_6' title="bbox 36 852 1753 916">
     <span class='ocr_line' id='line_1_6' title="bbox 36 852 1753 916; baseline 0.003 -13"><span class='ocrx_word' id='word_1_39' title='bbox 36 854 101 904; x_wconf 7' lang='lat' dir='ltr'>siit</span> <span class='ocrx_word' id='word_1_40' title='bbox 160 852 476 905; x_wconf 85' lang='lat' dir='ltr'>Jozbertus</span> <span class='ocrx_word' id='word_1_41' title='bbox 540 852 820 916; x_wconf 81' lang='lat' dir='ltr'>clericus;</span> <span class='ocrx_word' id='word_1_42' title='bbox 882 852 1026 905; x_wconf 84' lang='lat' dir='ltr'>etin</span> <span class='ocrx_word' id='word_1_43' title='bbox 1070 853 1438 907; x_wconf 86' lang='lat' dir='ltr'>Eomloncare</span> <span class='ocrx_word' id='word_1_44' title='bbox 1499 855 1753 908; x_wconf 88' lang='lat' dir='ltr'>alodium</span> 
     </span>
    </p>
   </div>
   <div class='ocr_carea' id='block_1_7' title="bbox 38 940 1753 1012">
    <p class='ocr_par' dir='ltr' id='par_1_7' title="bbox 38 940 1753 1012">
     <span class='ocr_line' id='line_1_7' title="bbox 38 940 1753 1012; baseline 0.002 -21"><span class='ocrx_word' id='word_1_45' title='bbox 38 958 143 994; x_wconf 69' lang='lat' dir='ltr'>tum</span> <span class='ocrx_word' id='word_1_46' title='bbox 174 940 573 1006; x_wconf 88' lang='lat' dir='ltr'>molendinis,</span> <span class='ocrx_word' id='word_1_47' title='bbox 607 940 789 993; x_wconf 89' lang='lat' dir='ltr'>vineis</span> <span class='ocrx_word' id='word_1_48' title='bbox 819 945 878 994; x_wconf 89' lang='lat' dir='ltr'>et</span> <span class='ocrx_word' id='word_1_49' title='bbox 908 941 1180 995; x_wconf 90' lang='lat' dir='ltr'>omnibus</span> <span class='ocrx_word' id='word_1_50' title='bbox 1211 942 1564 1012; x_wconf 86' lang='lat' dir='ltr'>appendiciis</span> <span class='ocrx_word' id='word_1_51' title='bbox 1615 942 1753 1009; x_wconf 85' lang='lat' dir='ltr'>suis,</span> 
     </span>
    </p>
   </div>
   <div class='ocr_carea' id='block_1_8' title="bbox 38 1027 1751 1096">
    <p class='ocr_par' dir='ltr' id='par_1_8' title="bbox 38 1027 1751 1096">
     <span class='ocr_line' id='line_1_8' title="bbox 38 1027 1751 1096; baseline 0 -15"><span class='ocrx_word' id='word_1_52' title='bbox 38 1045 188 1096; x_wconf 80' lang='lat' dir='ltr'>quem</span> <span class='ocrx_word' id='word_1_53' title='bbox 221 1027 390 1081; x_wconf 86' lang='lat' dir='ltr'>dedit</span> <span class='ocrx_word' id='word_1_54' title='bbox 425 1028 653 1093; x_wconf 84' lang='lat' dir='ltr'>Emma,</span> <span class='ocrx_word' id='word_1_55' title='bbox 708 1042 856 1080; x_wconf 84' lang='lat' dir='ltr'>uxor</span> <span class='ocrx_word' id='word_1_56' title='bbox 888 1027 1176 1095; x_wconf 89' lang='lat' dir='ltr'>Dudonis;</span> <span class='ocrx_word' id='word_1_57' title='bbox 1207 1035 1265 1082; x_wconf 87' lang='lat' dir='ltr'>et</span> <span class='ocrx_word' id='word_1_58' title='bbox 1296 1029 1353 1081; x_wconf 93' lang='lat' dir='ltr'>in</span> <span class='ocrx_word' id='word_1_59' title='bbox 1385 1030 1518 1082; x_wconf 88' lang='lat' dir='ltr'>villa</span> <span class='ocrx_word' id='word_1_60' title='bbox 1574 1029 1751 1096; x_wconf 89' lang='lat' dir='ltr'>Hairi,</span> 
     </span>
    </p>
   </div>
   <div class='ocr_carea' id='block_1_9' title="bbox 37 1114 1754 1186">
    <p class='ocr_par' dir='ltr' id='par_1_9' title="bbox 37 1114 1754 1186">
     <span class='ocr_line' id='line_1_9' title="bbox 37 1114 1754 1186; baseline 0.002 -20"><span class='ocrx_word' id='word_1_61' title='bbox 37 1125 173 1167; x_wconf 58' lang='lat' dir='ltr'>cilll&#39;ie</span> <span class='ocrx_word' id='word_1_62' title='bbox 196 1116 468 1169; x_wconf 89' lang='lat' dir='ltr'>alodium</span> <span class='ocrx_word' id='word_1_63' title='bbox 485 1131 620 1168; x_wconf 91' lang='lat' dir='ltr'>cum</span> <span class='ocrx_word' id='word_1_64' title='bbox 636 1114 879 1168; x_wconf 91' lang='lat' dir='ltr'>dimidia</span> <span class='ocrx_word' id='word_1_65' title='bbox 894 1115 1126 1168; x_wconf 85' lang='lat' dir='ltr'>ecclesia</span> <span class='ocrx_word' id='word_1_66' title='bbox 1148 1120 1205 1169; x_wconf 90' lang='lat' dir='ltr'>et</span> <span class='ocrx_word' id='word_1_67' title='bbox 1225 1117 1494 1169; x_wconf 89' lang='lat' dir='ltr'>omnibus</span> <span class='ocrx_word' id='word_1_68' title='bbox 1539 1133 1754 1186; x_wconf 84' lang='lat' dir='ltr'>appen-</span> 
     </span>
    </p>
   </div>
   <div class='ocr_carea' id='block_1_10' title="bbox 40 1204 1755 1275">
    <p class='ocr_par' dir='ltr' id='par_1_10' title="bbox 40 1204 1755 1275">
     <span class='ocr_line' id='line_1_10' title="bbox 40 1204 1755 1275; baseline 0.001 -19"><span class='ocrx_word' id='word_1_69' title='bbox 40 1206 182 1257; x_wconf 48' lang='lat' dir='ltr'>.iiciis</span> <span class='ocrx_word' id='word_1_70' title='bbox 202 1204 346 1270; x_wconf 87' lang='lat' dir='ltr'>suis,</span> <span class='ocrx_word' id='word_1_71' title='bbox 371 1220 558 1275; x_wconf 86' lang='lat' dir='ltr'>quem</span> <span class='ocrx_word' id='word_1_72' title='bbox 583 1204 742 1257; x_wconf 87' lang='lat' dir='ltr'>dedit</span> <span class='ocrx_word' id='word_1_73' title='bbox 762 1204 967 1257; x_wconf 80' lang='lat' dir='ltr'>Hanno</span> <span class='ocrx_word' id='word_1_74' title='bbox 995 1204 1283 1274; x_wconf 84' lang='lat' dir='ltr'>ﬁliusjam</span> <span class='ocrx_word' id='word_1_75' title='bbox 1308 1205 1442 1258; x_wconf 85' lang='lat' dir='ltr'>dicti</span> <span class='ocrx_word' id='word_1_76' title='bbox 1467 1205 1755 1271; x_wconf 91' lang='lat' dir='ltr'>Dudonis;</span> 
     </span>
    </p>
   </div>
   <div class='ocr_carea' id='block_1_11' title="bbox 40 1291 1754 1363">
    <p class='ocr_par' dir='ltr' id='par_1_11' title="bbox 40 1291 1754 1363">
     <span class='ocr_line' id='line_1_11' title="bbox 40 1291 1754 1363; baseline 0.002 -21"><span class='ocrx_word' id='word_1_77' title='bbox 40 1309 86 1343; x_wconf 83' lang='lat' dir='ltr'>in</span> <span class='ocrx_word' id='word_1_78' title='bbox 119 1293 316 1345; x_wconf 87' lang='lat' dir='ltr'>eadem</span> <span class='ocrx_word' id='word_1_79' title='bbox 350 1292 496 1344; x_wconf 83' lang='lat' dir='ltr'>villa</span> <span class='ocrx_word' id='word_1_80' title='bbox 530 1291 810 1359; x_wconf 87' lang='lat' dir='ltr'>alodium,</span> <span class='ocrx_word' id='word_1_81' title='bbox 844 1307 1019 1361; x_wconf 87' lang='lat' dir='ltr'>quem</span> <span class='ocrx_word' id='word_1_82' title='bbox 1048 1292 1206 1346; x_wconf 85' lang='lat' dir='ltr'>dedit</span> <span class='ocrx_word' id='word_1_83' title='bbox 1240 1292 1392 1346; x_wconf 89' lang='lat' dir='ltr'>Dada</span> <span class='ocrx_word' id='word_1_84' title='bbox 1430 1309 1561 1346; x_wconf 90' lang='lat' dir='ltr'>cum</span> <span class='ocrx_word' id='word_1_85' title='bbox 1612 1310 1754 1363; x_wconf 88' lang='lat' dir='ltr'>qua-</span> 
     </span>
    </p>
   </div>
   <div class='ocr_carea' id='block_1_12' title="bbox 46 1380 1753 1451">
    <p class='ocr_par' dir='ltr' id='par_1_12' title="bbox 46 1380 1753 1451">
     <span class='ocr_line' id='line_1_12' title="bbox 46 1380 1753 1451; baseline 0.003 -20"><span class='ocrx_word' id='word_1_86' title='bbox 46 1384 159 1433; x_wconf 70' lang='lat' dir='ltr'>dam</span> <span class='ocrx_word' id='word_1_87' title='bbox 186 1388 353 1450; x_wconf 88' lang='lat' dir='ltr'>parte</span> <span class='ocrx_word' id='word_1_88' title='bbox 388 1381 678 1449; x_wconf 90' lang='lat' dir='ltr'>ecclesia,</span> <span class='ocrx_word' id='word_1_89' title='bbox 724 1380 784 1433; x_wconf 91' lang='lat' dir='ltr'>in</span> <span class='ocrx_word' id='word_1_90' title='bbox 843 1380 980 1433; x_wconf 87' lang='lat' dir='ltr'>villa</span> <span class='ocrx_word' id='word_1_91' title='bbox 1010 1397 1137 1451; x_wconf 86' lang='lat' dir='ltr'>qua</span> <span class='ocrx_word' id='word_1_92' title='bbox 1178 1381 1390 1435; x_wconf 90' lang='lat' dir='ltr'>dicitur</span> <span class='ocrx_word' id='word_1_93' title='bbox 1441 1384 1565 1445; x_wconf 81' lang='lat' dir='ltr'>Bar,</span> <span class='ocrx_word' id='word_1_94' title='bbox 1624 1398 1753 1436; x_wconf 91' lang='lat' dir='ltr'>cum</span> 
     </span>
    </p>
   </div>
   <div class='ocr_carea' id='block_1_13' title="bbox 44 1468 1755 1540">
    <p class='ocr_par' dir='ltr' id='par_1_13' title="bbox 44 1468 1755 1540">
     <span class='ocr_line' id='line_1_13' title="bbox 44 1468 1755 1540; baseline 0.002 -20"><span class='ocrx_word' id='word_1_95' title='bbox 44 1471 292 1522; x_wconf 72' lang='lat' dir='ltr'>omnibus</span> <span class='ocrx_word' id='word_1_96' title='bbox 323 1468 702 1539; x_wconf 81' lang='lat' dir='ltr'>appendiciis</span> <span class='ocrx_word' id='word_1_97' title='bbox 734 1468 870 1522; x_wconf 91' lang='lat' dir='ltr'>suis.</span> <span class='ocrx_word' id='word_1_98' title='bbox 910 1470 973 1523; x_wconf 87' lang='lat' dir='ltr'>Et</span> <span class='ocrx_word' id='word_1_99' title='bbox 1012 1469 1071 1522; x_wconf 93' lang='lat' dir='ltr'>in</span> <span class='ocrx_word' id='word_1_100' title='bbox 1103 1470 1238 1523; x_wconf 90' lang='lat' dir='ltr'>villa</span> <span class='ocrx_word' id='word_1_101' title='bbox 1293 1470 1600 1540; x_wconf 78' lang='lat' dir='ltr'>Sommoya</span> <span class='ocrx_word' id='word_1_102' title='bbox 1636 1471 1755 1524; x_wconf 89' lang='lat' dir='ltr'>alo-</span> 
     </span>
    </p>
   </div>
   <div class='ocr_carea' id='block_1_14' title="bbox 50 1556 1753 1627">
    <p class='ocr_par' dir='ltr' id='par_1_14' title="bbox 50 1556 1753 1627">
     <span class='ocr_line' id='line_1_14' title="bbox 50 1556 1753 1627; baseline 0.005 -24"><span class='ocrx_word' id='word_1_103' title='bbox 50 1560 203 1619; x_wconf 61' lang='lat' dir='ltr'>dium,</span> <span class='ocrx_word' id='word_1_104' title='bbox 238 1573 422 1627; x_wconf 87' lang='lat' dir='ltr'>quem</span> <span class='ocrx_word' id='word_1_105' title='bbox 448 1556 611 1610; x_wconf 85' lang='lat' dir='ltr'>dedit</span> <span class='ocrx_word' id='word_1_106' title='bbox 644 1556 962 1610; x_wconf 85' lang='lat' dir='ltr'>Lieltherus</span> <span class='ocrx_word' id='word_1_107' title='bbox 996 1572 1099 1627; x_wconf 91' lang='lat' dir='ltr'>pro</span> <span class='ocrx_word' id='word_1_108' title='bbox 1120 1556 1240 1610; x_wconf 82' lang='lat' dir='ltr'>filio</span> <span class='ocrx_word' id='word_1_109' title='bbox 1273 1574 1375 1610; x_wconf 91' lang='lat' dir='ltr'>suo</span> <span class='ocrx_word' id='word_1_110' title='bbox 1436 1558 1753 1621; x_wconf 80' lang='lat' dir='ltr'>Heriberto,</span> 
     </span>
    </p>
   </div>
   <div class='ocr_carea' id='block_1_15' title="bbox 44 1645 1755 1715">
    <p class='ocr_par' dir='ltr' id='par_1_15' title="bbox 44 1645 1755 1715">
     <span class='ocr_line' id='line_1_15' title="bbox 44 1645 1755 1715; baseline 0.003 -20"><span class='ocrx_word' id='word_1_111' title='bbox 44 1662 153 1698; x_wconf 73' lang='lat' dir='ltr'>cum</span> <span class='ocrx_word' id='word_1_112' title='bbox 179 1645 458 1698; x_wconf 87' lang='lat' dir='ltr'>omnibus</span> <span class='ocrx_word' id='word_1_113' title='bbox 516 1645 879 1715; x_wconf 88' lang='lat' dir='ltr'>appendiciis</span> <span class='ocrx_word' id='word_1_114' title='bbox 938 1645 1075 1699; x_wconf 87' lang='lat' dir='ltr'>suis.</span> <span class='ocrx_word' id='word_1_115' title='bbox 1128 1647 1194 1699; x_wconf 82' lang='lat' dir='ltr'>Et</span> <span class='ocrx_word' id='word_1_116' title='bbox 1224 1646 1284 1699; x_wconf 88' lang='lat' dir='ltr'>in</span> <span class='ocrx_word' id='word_1_117' title='bbox 1342 1646 1755 1701; x_wconf 88' lang='lat' dir='ltr'>Gunhericurte</span> 
     </span>
    </p>
   </div>
   <div class='ocr_carea' id='block_1_16' title="bbox 48 1733 1753 1805">
    <p class='ocr_par' dir='ltr' id='par_1_16' title="bbox 48 1733 1753 1805">
     <span class='ocr_line' id='line_1_16' title="bbox 48 1733 1753 1805; baseline 0.003 -22"><span class='ocrx_word' id='word_1_118' title='bbox 48 1736 276 1788; x_wconf 62' lang='lat' dir='ltr'>ilodium</span> <span class='ocrx_word' id='word_1_119' title='bbox 312 1750 453 1787; x_wconf 90' lang='lat' dir='ltr'>cum</span> <span class='ocrx_word' id='word_1_120' title='bbox 490 1733 847 1787; x_wconf 90' lang='lat' dir='ltr'>molendinis</span> <span class='ocrx_word' id='word_1_121' title='bbox 878 1738 936 1787; x_wconf 90' lang='lat' dir='ltr'>et</span> <span class='ocrx_word' id='word_1_122' title='bbox 955 1733 1107 1787; x_wconf 85' lang='lat' dir='ltr'>silvis</span> <span class='ocrx_word' id='word_1_123' title='bbox 1135 1737 1191 1787; x_wconf 91' lang='lat' dir='ltr'>et</span> <span class='ocrx_word' id='word_1_124' title='bbox 1212 1734 1481 1788; x_wconf 91' lang='lat' dir='ltr'>omnibus</span> <span class='ocrx_word' id='word_1_125' title='bbox 1537 1750 1753 1805; x_wconf 90' lang='lat' dir='ltr'>appen-</span> 
     </span>
    </p>
   </div>
   <div class='ocr_carea' id='block_1_17' title="bbox 54 1822 1758 1893">
    <p class='ocr_par' dir='ltr' id='par_1_17' title="bbox 54 1822 1758 1893">
     <span class='ocr_line' id='line_1_17' title="bbox 54 1822 1758 1893; baseline 0.003 -20"><span class='ocrx_word' id='word_1_126' title='bbox 54 1824 181 1875; x_wconf 70' lang='lat' dir='ltr'>ficiis</span> <span class='ocrx_word' id='word_1_127' title='bbox 213 1824 357 1889; x_wconf 84' lang='lat' dir='ltr'>suis,</span> <span class='ocrx_word' id='word_1_128' title='bbox 404 1839 590 1893; x_wconf 86' lang='lat' dir='ltr'>quem</span> <span class='ocrx_word' id='word_1_129' title='bbox 642 1822 801 1876; x_wconf 83' lang='lat' dir='ltr'>dedit</span> <span class='ocrx_word' id='word_1_130' title='bbox 857 1822 1165 1877; x_wconf 86' lang='lat' dir='ltr'>Fulcradus</span> <span class='ocrx_word' id='word_1_131' title='bbox 1204 1830 1260 1877; x_wconf 92' lang='lat' dir='ltr'>et</span> <span class='ocrx_word' id='word_1_132' title='bbox 1315 1823 1665 1889; x_wconf 78' lang='lat' dir='ltr'>Hamedeus;</span> <span class='ocrx_word' id='word_1_133' title='bbox 1701 1829 1758 1878; x_wconf 90' lang='lat' dir='ltr'>et</span> 
     </span>
    </p>
   </div>
   <div class='ocr_carea' id='block_1_18' title="bbox 54 1910 1753 1982">
    <p class='ocr_par' dir='ltr' id='par_1_18' title="bbox 54 1910 1753 1982">
     <span class='ocr_line' id='line_1_18' title="bbox 54 1910 1753 1982; baseline 0.002 -20"><span class='ocrx_word' id='word_1_134' title='bbox 54 1930 97 1964; x_wconf 71' lang='lat'>:3</span> <span class='ocrx_word' id='word_1_135' title='bbox 140 1913 250 1981; x_wconf 83' lang='lat' dir='ltr'>jam</span> <span class='ocrx_word' id='word_1_136' title='bbox 306 1912 468 1965; x_wconf 83' lang='lat' dir='ltr'>dicta</span> <span class='ocrx_word' id='word_1_137' title='bbox 502 1912 643 1964; x_wconf 88' lang='lat' dir='ltr'>villa</span> <span class='ocrx_word' id='word_1_138' title='bbox 667 1910 828 1964; x_wconf 88' lang='lat' dir='ltr'>Secia</span> <span class='ocrx_word' id='word_1_139' title='bbox 859 1926 1040 1964; x_wconf 88' lang='lat' dir='ltr'>unum</span> <span class='ocrx_word' id='word_1_140' title='bbox 1070 1927 1359 1971; x_wconf 87' lang='lat' dir='ltr'>mansum.</span> <span class='ocrx_word' id='word_1_141' title='bbox 1386 1928 1559 1982; x_wconf 89' lang='lat' dir='ltr'>quem</span> <span class='ocrx_word' id='word_1_142' title='bbox 1592 1912 1753 1967; x_wconf 85' lang='lat' dir='ltr'>dedit</span> 
     </span>
    </p>
   </div>
   <div class='ocr_carea' id='block_1_19' title="bbox 55 1999 1754 2067">
    <p class='ocr_par' dir='ltr' id='par_1_19' title="bbox 55 1999 1754 2067">
     <span class='ocr_line' id='line_1_19' title="bbox 55 1999 1754 2067; baseline 0.002 -16"><span class='ocrx_word' id='word_1_143' title='bbox 55 2002 336 2067; x_wconf 75' lang='lat' dir='ltr'>Hilbertus;</span> <span class='ocrx_word' id='word_1_144' title='bbox 373 2005 437 2053; x_wconf 88' lang='lat' dir='ltr'>et</span> <span class='ocrx_word' id='word_1_145' title='bbox 494 2000 554 2053; x_wconf 91' lang='lat' dir='ltr'>in</span> <span class='ocrx_word' id='word_1_146' title='bbox 590 1999 724 2053; x_wconf 87' lang='lat' dir='ltr'>villa</span> <span class='ocrx_word' id='word_1_147' title='bbox 758 1999 987 2053; x_wconf 79' lang='lat' dir='ltr'>Flaveio</span> <span class='ocrx_word' id='word_1_148' title='bbox 1042 2000 1342 2054; x_wconf 86' lang='lat' dir='ltr'>ecclesiam</span> <span class='ocrx_word' id='word_1_149' title='bbox 1400 2017 1577 2055; x_wconf 88' lang='lat' dir='ltr'>unam</span> <span class='ocrx_word' id='word_1_150' title='bbox 1626 2017 1754 2055; x_wconf 91' lang='lat' dir='ltr'>cum</span> 
     </span>
    </p>
   </div>
   <div class='ocr_carea' id='block_1_20' title="bbox 56 2089 1756 2161">
    <p class='ocr_par' dir='ltr' id='par_1_20' title="bbox 56 2089 1756 2161">
     <span class='ocr_line' id='line_1_20' title="bbox 56 2089 1756 2161; baseline 0.001 -20"><span class='ocrx_word' id='word_1_151' title='bbox 56 2090 223 2155; x_wconf 49' lang='lat' dir='ltr'>iodio,</span> <span class='ocrx_word' id='word_1_152' title='bbox 248 2106 437 2161; x_wconf 88' lang='lat' dir='ltr'>quem</span> <span class='ocrx_word' id='word_1_153' title='bbox 468 2089 639 2143; x_wconf 89' lang='lat' dir='ltr'>dedit</span> <span class='ocrx_word' id='word_1_154' title='bbox 663 2089 990 2142; x_wconf 86' lang='lat' dir='ltr'>Ilamedeus</span> <span class='ocrx_word' id='word_1_155' title='bbox 1019 2094 1074 2141; x_wconf 90' lang='lat' dir='ltr'>et</span> <span class='ocrx_word' id='word_1_156' title='bbox 1095 2089 1285 2159; x_wconf 85' lang='lat' dir='ltr'>neptis</span> <span class='ocrx_word' id='word_1_157' title='bbox 1312 2089 1437 2159; x_wconf 84' lang='lat' dir='ltr'>ejus</span> <span class='ocrx_word' id='word_1_158' title='bbox 1469 2090 1756 2144; x_wconf 85' lang='lat' dir='ltr'>Molimdis</span> 
     </span>
    </p>
   </div>
   <div class='ocr_carea' id='block_1_21' title="bbox 56 2176 1754 2248">
    <p class='ocr_par' dir='ltr' id='par_1_21' title="bbox 56 2176 1754 2248">
     <span class='ocr_line' id='line_1_21' title="bbox 56 2176 1754 2248; baseline 0.002 -19"><span class='ocrx_word' id='word_1_159' title='bbox 56 2197 151 2231; x_wconf 45' lang='lat' dir='ltr'>tum</span> <span class='ocrx_word' id='word_1_160' title='bbox 181 2179 462 2232; x_wconf 90' lang='lat' dir='ltr'>omnibus</span> <span class='ocrx_word' id='word_1_161' title='bbox 499 2176 870 2247; x_wconf 89' lang='lat' dir='ltr'>appendiciis</span> <span class='ocrx_word' id='word_1_162' title='bbox 903 2176 1048 2243; x_wconf 88' lang='lat' dir='ltr'>suis;</span> <span class='ocrx_word' id='word_1_163' title='bbox 1083 2182 1141 2231; x_wconf 91' lang='lat' dir='ltr'>et</span> <span class='ocrx_word' id='word_1_164' title='bbox 1194 2178 1253 2231; x_wconf 92' lang='lat' dir='ltr'>in</span> <span class='ocrx_word' id='word_1_165' title='bbox 1277 2178 1413 2231; x_wconf 89' lang='lat' dir='ltr'>villa</span> <span class='ocrx_word' id='word_1_166' title='bbox 1451 2194 1581 2248; x_wconf 87' lang='lat' dir='ltr'>qua</span> <span class='ocrx_word' id='word_1_167' title='bbox 1613 2178 1754 2232; x_wconf 90' lang='lat' dir='ltr'>dici-</span> 
     </span>
    </p>
   </div>
   <div class='ocr_carea' id='block_1_22' title="bbox 54 2264 1754 2337">
    <p class='ocr_par' dir='ltr' id='par_1_22' title="bbox 54 2264 1754 2337">
     <span class='ocr_line' id='line_1_22' title="bbox 54 2264 1754 2337; baseline 0.001 -18"><span class='ocrx_word' id='word_1_168' title='bbox 54 2280 121 2319; x_wconf 64' lang='lat' dir='ltr'>fiir</span> <span class='ocrx_word' id='word_1_169' title='bbox 154 2268 342 2337; x_wconf 82' lang='lat' dir='ltr'>Urgan</span> <span class='ocrx_word' id='word_1_170' title='bbox 369 2282 570 2319; x_wconf 88' lang='lat' dir='ltr'>unum</span> <span class='ocrx_word' id='word_1_171' title='bbox 608 2264 863 2319; x_wconf 83' lang='lat' dir='ltr'>ﬁscalem</span> <span class='ocrx_word' id='word_1_172' title='bbox 898 2281 1185 2332; x_wconf 85' lang='lat' dir='ltr'>mansum,</span> <span class='ocrx_word' id='word_1_173' title='bbox 1220 2282 1394 2337; x_wconf 88' lang='lat' dir='ltr'>quem</span> <span class='ocrx_word' id='word_1_174' title='bbox 1425 2266 1586 2319; x_wconf 89' lang='lat' dir='ltr'>dedit</span> <span class='ocrx_word' id='word_1_175' title='bbox 1638 2266 1754 2321; x_wconf 84' lang='lat' dir='ltr'>dux</span> 
     </span>
    </p>
   </div>
   <div class='ocr_carea' id='block_1_23' title="bbox 59 2354 1753 2426">
    <p class='ocr_par' dir='ltr' id='par_1_23' title="bbox 59 2354 1753 2426">
     <span class='ocr_line' id='line_1_23' title="bbox 59 2354 1753 2426; baseline -0.001 -17"><span class='ocrx_word' id='word_1_176' title='bbox 59 2358 354 2411; x_wconf 70' lang='lat' dir='ltr'>Fredericus</span> <span class='ocrx_word' id='word_1_177' title='bbox 388 2372 505 2426; x_wconf 88' lang='lat' dir='ltr'>pro</span> <span class='ocrx_word' id='word_1_178' title='bbox 539 2354 740 2408; x_wconf 89' lang='lat' dir='ltr'>anima</span> <span class='ocrx_word' id='word_1_179' title='bbox 780 2354 1028 2420; x_wconf 87' lang='lat' dir='ltr'>Ottonis,</span> <span class='ocrx_word' id='word_1_180' title='bbox 1062 2370 1190 2408; x_wconf 89' lang='lat' dir='ltr'>cum</span> <span class='ocrx_word' id='word_1_181' title='bbox 1238 2355 1508 2409; x_wconf 86' lang='lat' dir='ltr'>omnibus</span> <span class='ocrx_word' id='word_1_182' title='bbox 1536 2372 1753 2426; x_wconf 87' lang='lat' dir='ltr'>appen-</span> 
     </span>
    </p>
   </div>
   <div class='ocr_carea' id='block_1_24' title="bbox 60 2442 1756 2513">
    <p class='ocr_par' dir='ltr' id='par_1_24' title="bbox 60 2442 1756 2513">
     <span class='ocr_line' id='line_1_24' title="bbox 60 2442 1756 2513; baseline 0.001 -17"><span class='ocrx_word' id='word_1_183' title='bbox 60 2446 187 2499; x_wconf 63' lang='lat' dir='ltr'>diciis</span> <span class='ocrx_word' id='word_1_184' title='bbox 230 2446 383 2510; x_wconf 85' lang='lat' dir='ltr'>suis;</span> <span class='ocrx_word' id='word_1_185' title='bbox 422 2448 487 2498; x_wconf 90' lang='lat' dir='ltr'>et</span> <span class='ocrx_word' id='word_1_186' title='bbox 542 2443 609 2496; x_wconf 89' lang='lat' dir='ltr'>in</span> <span class='ocrx_word' id='word_1_187' title='bbox 678 2442 815 2498; x_wconf 89' lang='lat' dir='ltr'>villa</span> <span class='ocrx_word' id='word_1_188' title='bbox 871 2448 1203 2513; x_wconf 84' lang='lat' dir='ltr'>nuncupata.</span> <span class='ocrx_word' id='word_1_189' title='bbox 1255 2444 1519 2498; x_wconf 90' lang='lat' dir='ltr'>Ouvelais</span> <span class='ocrx_word' id='word_1_190' title='bbox 1572 2460 1756 2498; x_wconf 90' lang='lat' dir='ltr'>unum</span> 
     </span>
    </p>
   </div>
   <div class='ocr_carea' id='block_1_25' title="bbox 36 2518 1753 2598">
    <p class='ocr_par' dir='ltr' id='par_1_25' title="bbox 36 2518 1753 2598">
     <span class='ocr_line' id='line_1_25' title="bbox 36 2518 1753 2598; baseline 0 -13"><span class='ocrx_word' id='word_1_191' title='bbox 36 2518 321 2597; x_wconf 75' lang='lat' dir='ltr'>mansum;</span> <span class='ocrx_word' id='word_1_192' title='bbox 383 2537 445 2586; x_wconf 90' lang='lat' dir='ltr'>et</span> <span class='ocrx_word' id='word_1_193' title='bbox 508 2532 576 2585; x_wconf 88' lang='lat' dir='ltr'>in</span> <span class='ocrx_word' id='word_1_194' title='bbox 631 2530 769 2584; x_wconf 90' lang='lat' dir='ltr'>villa</span> <span class='ocrx_word' id='word_1_195' title='bbox 825 2532 1135 2584; x_wconf 86' lang='lat' dir='ltr'>Enemente</span> <span class='ocrx_word' id='word_1_196' title='bbox 1192 2546 1377 2585; x_wconf 90' lang='lat' dir='ltr'>unum</span> <span class='ocrx_word' id='word_1_197' title='bbox 1459 2547 1753 2598; x_wconf 84' lang='lat' dir='ltr'>mansum;</span> 
     </span>
    </p>
   </div>
   <div class='ocr_carea' id='block_1_26' title="bbox 64 2618 1754 2692">
    <p class='ocr_par' dir='ltr' id='par_1_26' title="bbox 64 2618 1754 2692">
     <span class='ocr_line' id='line_1_26' title="bbox 64 2618 1754 2692; baseline 0.001 -20"><span class='ocrx_word' id='word_1_198' title='bbox 64 2639 198 2692; x_wconf 83' lang='lat' dir='ltr'>super</span> <span class='ocrx_word' id='word_1_199' title='bbox 248 2621 501 2675; x_wconf 78' lang='lat' dir='ltr'>fluvium</span> <span class='ocrx_word' id='word_1_200' title='bbox 552 2620 804 2674; x_wconf 83' lang='lat' dir='ltr'>Mosella</span> <span class='ocrx_word' id='word_1_201' title='bbox 844 2618 905 2671; x_wconf 91' lang='lat' dir='ltr'>in</span> <span class='ocrx_word' id='word_1_202' title='bbox 964 2619 1096 2672; x_wconf 91' lang='lat' dir='ltr'>villa</span> <span class='ocrx_word' id='word_1_203' title='bbox 1150 2620 1467 2674; x_wconf 83' lang='lat' dir='ltr'>Rozerolax</span> <span class='ocrx_word' id='word_1_204' title='bbox 1524 2636 1754 2674; x_wconf 87' lang='lat' dir='ltr'>mansos</span> 
     </span>
    </p>
   </div>
   <div class='ocr_carea' id='block_1_27' title="bbox 66 2706 1751 2779">
    <p class='ocr_par' dir='ltr' id='par_1_27' title="bbox 66 2706 1751 2779">
     <span class='ocr_line' id='line_1_27' title="bbox 66 2706 1751 2779; baseline 0.001 -18"><span class='ocrx_word' id='word_1_205' title='bbox 66 2712 249 2775; x_wconf 63' lang='lat' dir='ltr'>decem;</span> <span class='ocrx_word' id='word_1_206' title='bbox 282 2712 342 2764; x_wconf 93' lang='lat' dir='ltr'>in</span> <span class='ocrx_word' id='word_1_207' title='bbox 394 2710 541 2762; x_wconf 88' lang='lat' dir='ltr'>villa</span> <span class='ocrx_word' id='word_1_208' title='bbox 576 2724 707 2779; x_wconf 87' lang='lat' dir='ltr'>qua</span> <span class='ocrx_word' id='word_1_209' title='bbox 737 2706 953 2761; x_wconf 88' lang='lat' dir='ltr'>dicitur</span> <span class='ocrx_word' id='word_1_210' title='bbox 974 2707 1279 2761; x_wconf 87' lang='lat' dir='ltr'>Castellum</span> <span class='ocrx_word' id='word_1_211' title='bbox 1310 2724 1541 2762; x_wconf 86' lang='lat' dir='ltr'>mansos</span> <span class='ocrx_word' id='word_1_212' title='bbox 1587 2709 1751 2763; x_wconf 91' lang='lat' dir='ltr'>duos.</span> 
     </span>
    </p>
   </div>
   <div class='ocr_carea' id='block_1_28' title="bbox 68 2795 1758 2871">
    <p class='ocr_par' dir='ltr' id='par_1_28' title="bbox 68 2795 1758 2871">
     <span class='ocr_line' id='line_1_28' title="bbox 68 2795 1758 2871; baseline 0.002 -22"><span class='ocrx_word' id='word_1_213' title='bbox 68 2802 258 2871; x_wconf 66' lang='lat' dir='ltr'>Insuper</span> <span class='ocrx_word' id='word_1_214' title='bbox 278 2797 772 2853; x_wconf 77' lang='lat' dir='ltr'>conﬁrmavimus</span> <span class='ocrx_word' id='word_1_215' title='bbox 804 2795 1083 2867; x_wconf 85' lang='lat' dir='ltr'>pradicto</span> <span class='ocrx_word' id='word_1_216' title='bbox 1132 2797 1481 2850; x_wconf 89' lang='lat' dir='ltr'>monasterio</span> <span class='ocrx_word' id='word_1_217' title='bbox 1534 2797 1758 2868; x_wconf 87' lang='lat' dir='ltr'>pradia</span> 
     </span>
    </p>
   </div>
   <div class='ocr_carea' id='block_1_29' title="bbox 68 2886 1755 2957">
    <p class='ocr_par' dir='ltr' id='par_1_29' title="bbox 68 2886 1755 2957">
     <span class='ocr_line' id='line_1_29' title="bbox 68 2886 1755 2957; baseline 0.001 -18"><span class='ocrx_word' id='word_1_218' title='bbox 68 2905 163 2955; x_wconf 71' lang='lat' dir='ltr'>qua</span> <span class='ocrx_word' id='word_1_219' title='bbox 205 2888 555 2943; x_wconf 83' lang='lat' dir='ltr'>Godefridus</span> <span class='ocrx_word' id='word_1_220' title='bbox 580 2902 776 2939; x_wconf 89' lang='lat' dir='ltr'>comes</span> <span class='ocrx_word' id='word_1_221' title='bbox 839 2889 897 2938; x_wconf 91' lang='lat' dir='ltr'>et</span> <span class='ocrx_word' id='word_1_222' title='bbox 925 2886 1132 2955; x_wconf 80' lang='lat' dir='ltr'>conjux</span> <span class='ocrx_word' id='word_1_223' title='bbox 1173 2902 1274 2938; x_wconf 90' lang='lat' dir='ltr'>sua</span> <span class='ocrx_word' id='word_1_224' title='bbox 1306 2886 1591 2940; x_wconf 84' lang='lat' dir='ltr'>Matbildis</span> <span class='ocrx_word' id='word_1_225' title='bbox 1649 2903 1755 2957; x_wconf 92' lang='lat' dir='ltr'>pro</span> 
     </span>
    </p>
   </div>
   <div class='ocr_carea' id='block_1_30' title="bbox 70 2973 1755 3043">
    <p class='ocr_par' dir='ltr' id='par_1_30' title="bbox 70 2973 1755 3043">
     <span class='ocr_line' id='line_1_30' title="bbox 70 2973 1755 3043; baseline 0.001 -16"><span class='ocrx_word' id='word_1_226' title='bbox 70 2981 219 3030; x_wconf 75' lang='lat' dir='ltr'>anima</span> <span class='ocrx_word' id='word_1_227' title='bbox 237 2979 324 3031; x_wconf 88' lang='lat' dir='ltr'>sui</span> <span class='ocrx_word' id='word_1_228' title='bbox 352 2976 559 3031; x_wconf 82' lang='lat' dir='ltr'>fratris</span> <span class='ocrx_word' id='word_1_229' title='bbox 591 2974 918 3040; x_wconf 89' lang='lat' dir='ltr'>constituit,</span> <span class='ocrx_word' id='word_1_230' title='bbox 953 2979 1010 3027; x_wconf 89' lang='lat' dir='ltr'>et</span> <span class='ocrx_word' id='word_1_231' title='bbox 1039 2990 1143 3043; x_wconf 89' lang='lat' dir='ltr'>pro</span> <span class='ocrx_word' id='word_1_232' title='bbox 1200 2973 1409 3027; x_wconf 82' lang='lat' dir='ltr'>anima</span> <span class='ocrx_word' id='word_1_233' title='bbox 1444 2991 1563 3029; x_wconf 90' lang='lat' dir='ltr'>sua</span> <span class='ocrx_word' id='word_1_234' title='bbox 1623 2993 1755 3029; x_wconf 90' lang='lat' dir='ltr'>suo-</span> 
     </span>
    </p>
   </div>
   <div class='ocr_carea' id='block_1_31' title="bbox 3468 382 3575 439">
    <p class='ocr_par' dir='ltr' id='par_1_31' title="bbox 3468 382 3575 439">
     <span class='ocr_line' id='line_1_31' title="bbox 3468 382 3575 439; baseline -0.019 0"><span class='ocrx_word' id='word_1_235' title='bbox 3468 382 3575 439; x_wconf 72' lang='grc'>374-</span> 
     </span>
    </p>
   </div>
   <div class='ocr_carea' id='block_1_32' title="bbox 2609 504 2828 561">
    <p class='ocr_par' dir='ltr' id='par_1_32' title="bbox 2609 504 2828 561">
     <span class='ocr_line' id='line_1_32' title="bbox 2609 504 2828 561; baseline 0.009 -2"><span class='ocrx_word' id='word_1_236' title='bbox 2609 504 2828 561; x_wconf 82' lang='lat' dir='ltr'>CXXXI.</span> 
     </span>
    </p>
   </div>
   <div class='ocr_carea' id='block_1_33' title="bbox 1868 607 3574 680">
    <p class='ocr_par' dir='ltr' id='par_1_33' title="bbox 1868 607 3574 680">
     <span class='ocr_line' id='line_1_33' title="bbox 1868 607 3574 680; baseline 0.006 -18"><span class='ocrx_word' id='word_1_237' title='bbox 1868 607 1923 663; x_wconf 91' lang='lat' dir='ltr'>S.</span> <span class='ocrx_word' id='word_1_238' title='bbox 1954 609 2218 662; x_wconf 85' lang='lat' dir='ltr'>Henricus</span> <span class='ocrx_word' id='word_1_239' title='bbox 2270 608 2529 662; x_wconf 76' lang='lat' dir='ltr'>Ecclesia</span> <span class='ocrx_word' id='word_1_240' title='bbox 2585 611 2978 677; x_wconf 84' lang='lat' dir='ltr'>Pergamensis,</span> <span class='ocrx_word' id='word_1_241' title='bbox 3019 614 3230 680; x_wconf 85' lang='lat' dir='ltr'>petente</span> <span class='ocrx_word' id='word_1_242' title='bbox 3286 613 3574 672; x_wconf 74' lang='lat' dir='ltr'>Ambrosio</span> 
     </span>
    </p>
   </div>
   <div class='ocr_carea' id='block_1_34' title="bbox 2249 682 3185 749">
    <p class='ocr_par' dir='ltr' id='par_1_34' title="bbox 2249 682 3185 749">
     <span class='ocr_line' id='line_1_34' title="bbox 2249 682 3185 749; baseline 0.004 -17"><span class='ocrx_word' id='word_1_243' title='bbox 2249 682 2521 749; x_wconf 82' lang='lat' dir='ltr'>episcopo,</span> <span class='ocrx_word' id='word_1_244' title='bbox 2550 683 2850 749; x_wconf 83' lang='lat' dir='ltr'>privilegia</span> <span class='ocrx_word' id='word_1_245' title='bbox 2879 683 3185 749; x_wconf 81' lang='lat' dir='ltr'>conﬁrmat.</span> 
     </span>
    </p>
   </div>
   <div class='ocr_carea' id='block_1_35' title="bbox 2508 770 2930 839">
    <p class='ocr_par' dir='ltr' id='par_1_35' title="bbox 2508 770 2930 839">
     <span class='ocr_line' id='line_1_35' title="bbox 2508 770 2930 839; baseline 0 -18"><span class='ocrx_word' id='word_1_246' title='bbox 2508 770 2692 834; x_wconf 81' lang='lat' dir='ltr'>(Anno</span> <span class='ocrx_word' id='word_1_247' title='bbox 2746 771 2930 839; x_wconf 80' lang='lat' dir='ltr'>l023.)</span> 
     </span>
    </p>
   </div>
   <div class='ocr_carea' id='block_1_36' title="bbox 2224 855 3212 930">
    <p class='ocr_par' dir='ltr' id='par_1_36' title="bbox 2224 855 3212 930">
     <span class='ocr_line' id='line_1_36' title="bbox 2224 855 3212 930; baseline 0.004 -21"><span class='ocrx_word' id='word_1_248' title='bbox 2224 855 2500 926; x_wconf 65' lang='lat' dir='ltr'>lUgbelli,</span> <span class='ocrx_word' id='word_1_249' title='bbox 2523 858 2691 910; x_wconf 81' lang='lat' dir='ltr'>Italia</span> <span class='ocrx_word' id='word_1_250' title='bbox 2737 872 2916 923; x_wconf 85' lang='lat' dir='ltr'>sacra,</span> <span class='ocrx_word' id='word_1_251' title='bbox 2950 874 3023 923; x_wconf 79' lang='lat' dir='ltr'>IV,</span> <span class='ocrx_word' id='word_1_252' title='bbox 3059 857 3212 930; x_wconf 64' lang='lat'>441.]</span> 
     </span>
    </p>
   </div>
   <div class='ocr_carea' id='block_1_37' title="bbox 1942 944 3572 1016">
    <p class='ocr_par' dir='ltr' id='par_1_37' title="bbox 1942 944 3572 1016">
     <span class='ocr_line' id='line_1_37' title="bbox 1942 944 3572 1016; baseline 0.006 -20"><span class='ocrx_word' id='word_1_253' title='bbox 1942 944 2000 996; x_wconf 85' lang='lat' dir='ltr'>In</span> <span class='ocrx_word' id='word_1_254' title='bbox 2034 944 2269 997; x_wconf 88' lang='lat' dir='ltr'>nomine</span> <span class='ocrx_word' id='word_1_255' title='bbox 2305 949 2517 997; x_wconf 89' lang='lat' dir='ltr'>sancta</span> <span class='ocrx_word' id='word_1_256' title='bbox 2551 950 2609 998; x_wconf 90' lang='lat' dir='ltr'>et</span> <span class='ocrx_word' id='word_1_257' title='bbox 2666 945 2979 1000; x_wconf 86' lang='lat' dir='ltr'>individua</span> <span class='ocrx_word' id='word_1_258' title='bbox 3036 948 3346 1016; x_wconf 87' lang='lat' dir='ltr'>Trinitatis,</span> <span class='ocrx_word' id='word_1_259' title='bbox 3404 952 3572 1006; x_wconf 77' lang='lat' dir='ltr'>Ham-</span> 
     </span>
    </p>
   </div>
   <div class='ocr_carea' id='block_1_38' title="bbox 1867 1032 3573 1110">
    <p class='ocr_par' dir='ltr' id='par_1_38' title="bbox 1867 1032 3573 1110">
     <span class='ocr_line' id='line_1_38' title="bbox 1867 1032 3573 1110; baseline 0.006 -26"><span class='ocrx_word' id='word_1_260' title='bbox 1867 1047 2019 1085; x_wconf 78' lang='lat' dir='ltr'>nicus</span> <span class='ocrx_word' id='word_1_261' title='bbox 2048 1032 2241 1085; x_wconf 91' lang='lat' dir='ltr'>divina</span> <span class='ocrx_word' id='word_1_262' title='bbox 2271 1032 2497 1087; x_wconf 86' lang='lat' dir='ltr'>favente</span> <span class='ocrx_word' id='word_1_263' title='bbox 2527 1034 2832 1087; x_wconf 89' lang='lat' dir='ltr'>clementia</span> <span class='ocrx_word' id='word_1_264' title='bbox 2864 1035 3259 1092; x_wconf 81' lang='lat' dir='ltr'>Romanorum</span> <span class='ocrx_word' id='word_1_265' title='bbox 3321 1039 3573 1110; x_wconf 86' lang='lat' dir='ltr'>impera-</span> 
     </span>
    </p>
   </div>
   <div class='ocr_carea' id='block_1_39' title="bbox 1864 1124 2293 1191">
    <p class='ocr_par' dir='ltr' id='par_1_39' title="bbox 1864 1124 2293 1191">
     <span class='ocr_line' id='line_1_39' title="bbox 1864 1124 2293 1191; baseline 0.002 -17"><span class='ocrx_word' id='word_1_266' title='bbox 1864 1126 1959 1175; x_wconf 92' lang='lat' dir='ltr'>tor</span> <span class='ocrx_word' id='word_1_267' title='bbox 1984 1124 2293 1191; x_wconf 83' lang='lat' dir='ltr'>Augustus.</span> 
     </span>
    </p>
   </div>
   <div class='ocr_carea' id='block_1_40' title="bbox 1938 1210 3571 1287">
    <p class='ocr_par' dir='ltr' id='par_1_40' title="bbox 1938 1210 3571 1287">
     <span class='ocr_line' id='line_1_40' title="bbox 1938 1210 3571 1287; baseline 0.007 -25"><span class='ocrx_word' id='word_1_268' title='bbox 1938 1210 2211 1263; x_wconf 91' lang='lat' dir='ltr'>Omnium</span> <span class='ocrx_word' id='word_1_269' title='bbox 2244 1217 2453 1263; x_wconf 87' lang='lat' dir='ltr'>sancta</span> <span class='ocrx_word' id='word_1_270' title='bbox 2488 1211 2585 1264; x_wconf 88' lang='lat' dir='ltr'>Dei</span> <span class='ocrx_word' id='word_1_271' title='bbox 2618 1212 2883 1265; x_wconf 86' lang='lat' dir='ltr'>Ecclesia</span> <span class='ocrx_word' id='word_1_272' title='bbox 2928 1218 3375 1287; x_wconf 84' lang='lat' dir='ltr'>nostrorumque</span> <span class='ocrx_word' id='word_1_273' title='bbox 3431 1217 3571 1273; x_wconf 86' lang='lat' dir='ltr'>fide-</span> 
     </span>
    </p>
   </div>
   <div class='ocr_carea' id='block_1_41' title="bbox 1869 1299 3572 1374">
    <p class='ocr_par' dir='ltr' id='par_1_41' title="bbox 1869 1299 3572 1374">
     <span class='ocr_line' id='line_1_41' title="bbox 1869 1299 3572 1374; baseline 0.004 -21"><span class='ocrx_word' id='word_1_274' title='bbox 1869 1299 2036 1365; x_wconf 93' lang='lat' dir='ltr'>lium,</span> <span class='ocrx_word' id='word_1_275' title='bbox 2065 1300 2437 1370; x_wconf 85' lang='lat' dir='ltr'>prasentium</span> <span class='ocrx_word' id='word_1_276' title='bbox 2472 1300 2738 1354; x_wconf 86' lang='lat' dir='ltr'>videlicet</span> <span class='ocrx_word' id='word_1_277' title='bbox 2788 1318 2851 1354; x_wconf 88' lang='lat' dir='ltr'>ac</span> <span class='ocrx_word' id='word_1_278' title='bbox 2880 1302 3230 1363; x_wconf 87' lang='lat' dir='ltr'>futurorum,</span> <span class='ocrx_word' id='word_1_279' title='bbox 3292 1305 3572 1374; x_wconf 73' lang='lat' dir='ltr'>sagacitas</span> 
     </span>
    </p>
   </div>
   <div class='ocr_carea' id='block_1_42' title="bbox 1867 1386 3575 1459">
    <p class='ocr_par' dir='ltr' id='par_1_42' title="bbox 1867 1386 3575 1459">
     <span class='ocr_line' id='line_1_42' title="bbox 1867 1386 3575 1459; baseline 0.005 -20"><span class='ocrx_word' id='word_1_280' title='bbox 1867 1386 2090 1440; x_wconf 89' lang='lat' dir='ltr'>noverit</span> <span class='ocrx_word' id='word_1_281' title='bbox 2144 1386 2537 1454; x_wconf 83' lang='lat' dir='ltr'>Ambrosium,</span> <span class='ocrx_word' id='word_1_282' title='bbox 2593 1394 2801 1441; x_wconf 85' lang='lat' dir='ltr'>sancta</span> <span class='ocrx_word' id='word_1_283' title='bbox 2858 1391 3254 1459; x_wconf 88' lang='lat' dir='ltr'>Pergamensis</span> <span class='ocrx_word' id='word_1_284' title='bbox 3310 1394 3575 1448; x_wconf 89' lang='lat' dir='ltr'>Ecclesia</span> 
     </span>
    </p>
   </div>
   <div class='ocr_carea' id='block_1_43' title="bbox 1866 1474 3575 1546">
    <p class='ocr_par' dir='ltr' id='par_1_43' title="bbox 1866 1474 3575 1546">
     <span class='ocr_line' id='line_1_43' title="bbox 1866 1474 3575 1546; baseline 0.005 -19"><span class='ocrx_word' id='word_1_285' title='bbox 1866 1474 2249 1529; x_wconf 88' lang='lat' dir='ltr'>venerabilem</span> <span class='ocrx_word' id='word_1_286' title='bbox 2283 1476 2873 1546; x_wconf 81' lang='lat' dir='ltr'>episcopum,nostra</span> <span class='ocrx_word' id='word_1_287' title='bbox 2928 1480 3200 1533; x_wconf 85' lang='lat' dir='ltr'>obtulisse</span> <span class='ocrx_word' id='word_1_288' title='bbox 3256 1482 3575 1535; x_wconf 87' lang='lat' dir='ltr'>clementia</span> 
     </span>
    </p>
   </div>
   <div class='ocr_carea' id='block_1_44' title="bbox 1867 1564 3573 1639">
    <p class='ocr_par' dir='ltr' id='par_1_44' title="bbox 1867 1564 3573 1639">
     <span class='ocr_line' id='line_1_44' title="bbox 1867 1564 3573 1639; baseline 0.005 -23"><span class='ocrx_word' id='word_1_289' title='bbox 1867 1568 2150 1634; x_wconf 84' lang='lat' dir='ltr'>pracepta</span> <span class='ocrx_word' id='word_1_290' title='bbox 2208 1568 2381 1634; x_wconf 89' lang='lat' dir='ltr'>atque</span> <span class='ocrx_word' id='word_1_291' title='bbox 2436 1564 2803 1619; x_wconf 82' lang='lat' dir='ltr'>auctoritates</span> <span class='ocrx_word' id='word_1_292' title='bbox 2846 1566 3239 1635; x_wconf 86' lang='lat' dir='ltr'>piissimorum</span> <span class='ocrx_word' id='word_1_293' title='bbox 3286 1573 3573 1639; x_wconf 83' lang='lat' dir='ltr'>Augusto-</span> 
     </span>
    </p>
   </div>
   <div class='ocr_carea' id='block_1_45' title="bbox 1868 1653 3563 1722">
    <p class='ocr_par' dir='ltr' id='par_1_45' title="bbox 1868 1653 3563 1722">
     <span class='ocr_line' id='line_1_45' title="bbox 1868 1653 3563 1722; baseline 0.004 -17"><span class='ocrx_word' id='word_1_294' title='bbox 1868 1669 1995 1706; x_wconf 91' lang='lat' dir='ltr'>rum</span> <span class='ocrx_word' id='word_1_295' title='bbox 2024 1653 2111 1706; x_wconf 88' lang='lat' dir='ltr'>vel</span> <span class='ocrx_word' id='word_1_296' title='bbox 2133 1668 2333 1722; x_wconf 89' lang='lat' dir='ltr'>regum</span> <span class='ocrx_word' id='word_1_297' title='bbox 2359 1669 2455 1705; x_wconf 89' lang='lat' dir='ltr'>seu</span> <span class='ocrx_word' id='word_1_298' title='bbox 2507 1654 2991 1722; x_wconf 85' lang='lat' dir='ltr'>pradecessorum</span> <span class='ocrx_word' id='word_1_299' title='bbox 3056 1659 3384 1710; x_wconf 89' lang='lat' dir='ltr'>nostrorum</span> <span class='ocrx_word' id='word_1_300' title='bbox 3440 1675 3563 1711; x_wconf 92' lang='lat' dir='ltr'>om-</span> 
     </span>
    </p>
   </div>
   <div class='ocr_carea' id='block_1_46' title="bbox 1866 1730 3570 1815">
    <p class='ocr_par' dir='ltr' id='par_1_46' title="bbox 1866 1730 3570 1815">
     <span class='ocr_line' id='line_1_46' title="bbox 1866 1730 3570 1815; baseline 0.005 -22"><span class='ocrx_word' id='word_1_301' title='bbox 1866 1730 2049 1806; x_wconf 83' lang='lat' dir='ltr'>nium,</span> <span class='ocrx_word' id='word_1_302' title='bbox 2075 1745 2365 1811; x_wconf 88' lang='lat' dir='ltr'>quotquot</span> <span class='ocrx_word' id='word_1_303' title='bbox 2394 1757 2424 1793; x_wconf 89' lang='lat' dir='ltr'>a</span> <span class='ocrx_word' id='word_1_304' title='bbox 2456 1745 2717 1811; x_wconf 90' lang='lat' dir='ltr'>tempore</span> <span class='ocrx_word' id='word_1_305' title='bbox 2751 1742 2897 1795; x_wconf 88' lang='lat' dir='ltr'>diva</span> <span class='ocrx_word' id='word_1_306' title='bbox 2930 1744 3224 1797; x_wconf 86' lang='lat' dir='ltr'>memoria</span> <span class='ocrx_word' id='word_1_307' title='bbox 3248 1745 3433 1815; x_wconf 83' lang='lat' dir='ltr'>Magni</span> <span class='ocrx_word' id='word_1_308' title='bbox 3468 1748 3570 1801; x_wconf 89' lang='lat' dir='ltr'>Ca-</span> 
     </span>
    </p>
   </div>
   <div class='ocr_carea' id='block_1_47' title="bbox 1866 1823 3572 1897">
    <p class='ocr_par' dir='ltr' id='par_1_47' title="bbox 1866 1823 3572 1897">
     <span class='ocr_line' id='line_1_47' title="bbox 1866 1823 3572 1897; baseline 0.004 -21"><span class='ocrx_word' id='word_1_309' title='bbox 1866 1823 1972 1877; x_wconf 90' lang='lat' dir='ltr'>roli</span> <span class='ocrx_word' id='word_1_310' title='bbox 2006 1829 2393 1893; x_wconf 82' lang='lat' dir='ltr'>regnaverunt</span> <span class='ocrx_word' id='word_1_311' title='bbox 2422 1840 2604 1893; x_wconf 91' lang='lat' dir='ltr'>usque</span> <span class='ocrx_word' id='word_1_312' title='bbox 2636 1824 2706 1877; x_wconf 92' lang='lat' dir='ltr'>ad</span> <span class='ocrx_word' id='word_1_313' title='bbox 2735 1841 2987 1894; x_wconf 89' lang='lat' dir='ltr'>prasens</span> <span class='ocrx_word' id='word_1_314' title='bbox 3021 1831 3249 1897; x_wconf 89' lang='lat' dir='ltr'>tempus</span> <span class='ocrx_word' id='word_1_315' title='bbox 3286 1834 3572 1897; x_wconf 88' lang='lat' dir='ltr'>nostrum,</span> 
     </span>
    </p>
   </div>
   <div class='ocr_carea' id='block_1_48' title="bbox 1865 1911 3566 1983">
    <p class='ocr_par' dir='ltr' id='par_1_48' title="bbox 1865 1911 3566 1983">
     <span class='ocr_line' id='line_1_48' title="bbox 1865 1911 3566 1983; baseline 0.003 -18"><span class='ocrx_word' id='word_1_316' title='bbox 1865 1912 1965 1983; x_wconf 89' lang='lat' dir='ltr'>qui</span> <span class='ocrx_word' id='word_1_317' title='bbox 1995 1928 2194 1966; x_wconf 90' lang='lat' dir='ltr'>omnes</span> <span class='ocrx_word' id='word_1_318' title='bbox 2234 1911 2618 1965; x_wconf 90' lang='lat' dir='ltr'>immunitatis</span> <span class='ocrx_word' id='word_1_319' title='bbox 2677 1928 2797 1966; x_wconf 86' lang='lat' dir='ltr'>sua</span> <span class='ocrx_word' id='word_1_320' title='bbox 2854 1929 2919 1967; x_wconf 91' lang='lat' dir='ltr'>ac</span> <span class='ocrx_word' id='word_1_321' title='bbox 2966 1914 3326 1968; x_wconf 88' lang='lat' dir='ltr'>liberalitatis</span> <span class='ocrx_word' id='word_1_322' title='bbox 3378 1917 3566 1970; x_wconf 90' lang='lat' dir='ltr'>muni-</span> 
     </span>
    </p>
   </div>
   <div class='ocr_carea' id='block_1_49' title="bbox 1864 2000 3569 2070">
    <p class='ocr_par' dir='ltr' id='par_1_49' title="bbox 1864 2000 3569 2070">
     <span class='ocr_line' id='line_1_49' title="bbox 1864 2000 3569 2070; baseline 0.003 -17"><span class='ocrx_word' id='word_1_323' title='bbox 1864 2002 2019 2054; x_wconf 91' lang='lat' dir='ltr'>mine</span> <span class='ocrx_word' id='word_1_324' title='bbox 2051 2000 2347 2070; x_wconf 74' lang='lat' dir='ltr'>prafatam</span> <span class='ocrx_word' id='word_1_325' title='bbox 2404 2001 2707 2054; x_wconf 88' lang='lat' dir='ltr'>Ecclesiam</span> <span class='ocrx_word' id='word_1_326' title='bbox 2752 2003 3077 2056; x_wconf 87' lang='lat' dir='ltr'>exaltarunt</span> <span class='ocrx_word' id='word_1_327' title='bbox 3126 2009 3182 2057; x_wconf 89' lang='lat' dir='ltr'>et</span> <span class='ocrx_word' id='word_1_328' title='bbox 3220 2004 3569 2059; x_wconf 90' lang='lat' dir='ltr'>corrobora-</span> 
     </span>
    </p>
   </div>
   <div class='ocr_carea' id='block_1_50' title="bbox 1863 2088 3567 2158">
    <p class='ocr_par' dir='ltr' id='par_1_50' title="bbox 1863 2088 3567 2158">
     <span class='ocr_line' id='line_1_50' title="bbox 1863 2088 3567 2158; baseline 0.003 -17"><span class='ocrx_word' id='word_1_329' title='bbox 1863 2094 2030 2155; x_wconf 89' lang='lat' dir='ltr'>runt;</span> <span class='ocrx_word' id='word_1_330' title='bbox 2057 2088 2363 2158; x_wconf 89' lang='lat' dir='ltr'>petiitque,</span> <span class='ocrx_word' id='word_1_331' title='bbox 2396 2093 2460 2142; x_wconf 89' lang='lat' dir='ltr'>ut</span> <span class='ocrx_word' id='word_1_332' title='bbox 2490 2089 2830 2143; x_wconf 89' lang='lat' dir='ltr'>eorumdem</span> <span class='ocrx_word' id='word_1_333' title='bbox 2853 2090 3293 2145; x_wconf 86' lang='lat' dir='ltr'>auctoritatibus</span> <span class='ocrx_word' id='word_1_334' title='bbox 3314 2096 3567 2146; x_wconf 89' lang='lat' dir='ltr'>nostram</span> 
     </span>
    </p>
   </div>
   <div class='ocr_carea' id='block_1_51' title="bbox 1864 2177 3569 2250">
    <p class='ocr_par' dir='ltr' id='par_1_51' title="bbox 1864 2177 3569 2250">
     <span class='ocr_line' id='line_1_51' title="bbox 1864 2177 3569 2250; baseline 0.003 -21"><span class='ocrx_word' id='word_1_335' title='bbox 1864 2177 2380 2246; x_wconf 90' lang='lat' dir='ltr'>superadderemus</span> <span class='ocrx_word' id='word_1_336' title='bbox 2410 2178 2835 2232; x_wconf 85' lang='lat' dir='ltr'>auctoritatem.</span> <span class='ocrx_word' id='word_1_337' title='bbox 2885 2178 3059 2249; x_wconf 90' lang='lat' dir='ltr'>Cujus</span> <span class='ocrx_word' id='word_1_338' title='bbox 3088 2180 3407 2233; x_wconf 87' lang='lat' dir='ltr'>devotionis</span> <span class='ocrx_word' id='word_1_339' title='bbox 3437 2197 3569 2250; x_wconf 89' lang='lat' dir='ltr'>pre-</span> 
     </span>
    </p>
   </div>
   <div class='ocr_carea' id='block_1_52' title="bbox 1863 2265 3570 2339">
    <p class='ocr_par' dir='ltr' id='par_1_52' title="bbox 1863 2265 3570 2339">
     <span class='ocr_line' id='line_1_52' title="bbox 1863 2265 3570 2339; baseline 0.001 -20"><span class='ocrx_word' id='word_1_340' title='bbox 1863 2266 2024 2319; x_wconf 90' lang='lat' dir='ltr'>cibus</span> <span class='ocrx_word' id='word_1_341' title='bbox 2054 2265 2432 2319; x_wconf 81' lang='lat' dir='ltr'>libentissime</span> <span class='ocrx_word' id='word_1_342' title='bbox 2489 2282 2783 2320; x_wconf 89' lang='lat' dir='ltr'>assensum</span> <span class='ocrx_word' id='word_1_343' title='bbox 2831 2267 3172 2336; x_wconf 88' lang='lat' dir='ltr'>prabentes,</span> <span class='ocrx_word' id='word_1_344' title='bbox 3228 2268 3335 2322; x_wconf 87' lang='lat' dir='ltr'>hos</span> <span class='ocrx_word' id='word_1_345' title='bbox 3380 2270 3570 2339; x_wconf 88' lang='lat' dir='ltr'>apices</span> 
     </span>
    </p>
   </div>
   <div class='ocr_carea' id='block_1_53' title="bbox 1864 2354 3567 2428">
    <p class='ocr_par' dir='ltr' id='par_1_53' title="bbox 1864 2354 3567 2428">
     <span class='ocr_line' id='line_1_53' title="bbox 1864 2354 3567 2428; baseline 0.002 -19"><span class='ocrx_word' id='word_1_346' title='bbox 1864 2354 2098 2409; x_wconf 89' lang='lat' dir='ltr'>inscribi</span> <span class='ocrx_word' id='word_1_347' title='bbox 2122 2354 2421 2425; x_wconf 87' lang='lat' dir='ltr'>jussimus,</span> <span class='ocrx_word' id='word_1_348' title='bbox 2475 2371 2582 2424; x_wconf 90' lang='lat' dir='ltr'>per</span> <span class='ocrx_word' id='word_1_349' title='bbox 2608 2370 2753 2425; x_wconf 87' lang='lat' dir='ltr'>quos</span> <span class='ocrx_word' id='word_1_350' title='bbox 2786 2356 3148 2410; x_wconf 89' lang='lat' dir='ltr'>decernimus</span> <span class='ocrx_word' id='word_1_351' title='bbox 3174 2361 3241 2411; x_wconf 91' lang='lat' dir='ltr'>ut</span> <span class='ocrx_word' id='word_1_352' title='bbox 3283 2357 3567 2428; x_wconf 88' lang='lat' dir='ltr'>quidquid</span> 
     </span>
    </p>
   </div>
   <div class='ocr_carea' id='block_1_54' title="bbox 1863 2443 3569 2517">
    <p class='ocr_par' dir='ltr' id='par_1_54' title="bbox 1863 2443 3569 2517">
     <span class='ocr_line' id='line_1_54' title="bbox 1863 2443 3569 2517; baseline 0.002 -21"><span class='ocrx_word' id='word_1_353' title='bbox 1863 2443 2089 2514; x_wconf 89' lang='lat' dir='ltr'>antiqui</span> <span class='ocrx_word' id='word_1_354' title='bbox 2122 2443 2519 2513; x_wconf 86' lang='lat' dir='ltr'>imperatores,</span> <span class='ocrx_word' id='word_1_355' title='bbox 2572 2448 2628 2497; x_wconf 86' lang='lat' dir='ltr'>et</span> <span class='ocrx_word' id='word_1_356' title='bbox 2682 2460 2846 2513; x_wconf 88' lang='lat' dir='ltr'>reges</span> <span class='ocrx_word' id='word_1_357' title='bbox 2900 2444 3295 2515; x_wconf 89' lang='lat' dir='ltr'>imperatrices</span> <span class='ocrx_word' id='word_1_358' title='bbox 3335 2462 3569 2517; x_wconf 90' lang='lat' dir='ltr'>quoque</span> 
     </span>
    </p>
   </div>
   <div class='ocr_carea' id='block_1_55' title="bbox 1865 2533 3566 2603">
    <p class='ocr_par' dir='ltr' id='par_1_55' title="bbox 1865 2533 3566 2603">
     <span class='ocr_line' id='line_1_55' title="bbox 1865 2533 3566 2603; baseline 0.002 -18"><span class='ocrx_word' id='word_1_359' title='bbox 1865 2538 1922 2587; x_wconf 90' lang='lat' dir='ltr'>et</span> <span class='ocrx_word' id='word_1_360' title='bbox 1953 2533 2165 2602; x_wconf 86' lang='lat' dir='ltr'>regina</span> <span class='ocrx_word' id='word_1_361' title='bbox 2190 2534 2607 2591; x_wconf 81' lang='lat' dir='ltr'>Romanorum.</span> <span class='ocrx_word' id='word_1_362' title='bbox 2656 2533 3191 2603; x_wconf 79' lang='lat' dir='ltr'>Langobardorum,</span> <span class='ocrx_word' id='word_1_363' title='bbox 3249 2550 3351 2588; x_wconf 89' lang='lat' dir='ltr'>seu</span> <span class='ocrx_word' id='word_1_364' title='bbox 3393 2535 3566 2589; x_wconf 87' lang='lat' dir='ltr'>Frau-</span> 
     </span>
    </p>
   </div>
   <div class='ocr_carea' id='block_1_56' title="bbox 1864 2620 3569 2690">
    <p class='ocr_par' dir='ltr' id='par_1_56' title="bbox 1864 2620 3569 2690">
     <span class='ocr_line' id='line_1_56' title="bbox 1864 2620 3569 2690; baseline 0.002 -18"><span class='ocrx_word' id='word_1_365' title='bbox 1864 2636 2085 2684; x_wconf 90' lang='lat' dir='ltr'>corum,</span> <span class='ocrx_word' id='word_1_366' title='bbox 2120 2636 2224 2673; x_wconf 90' lang='lat' dir='ltr'>nec</span> <span class='ocrx_word' id='word_1_367' title='bbox 2255 2636 2370 2673; x_wconf 90' lang='lat' dir='ltr'>non</span> <span class='ocrx_word' id='word_1_368' title='bbox 2398 2625 2455 2673; x_wconf 91' lang='lat' dir='ltr'>et</span> <span class='ocrx_word' id='word_1_369' title='bbox 2479 2620 2689 2690; x_wconf 89' lang='lat' dir='ltr'>reliqui</span> <span class='ocrx_word' id='word_1_370' title='bbox 2714 2622 2894 2674; x_wconf 89' lang='lat' dir='ltr'>Deum</span> <span class='ocrx_word' id='word_1_371' title='bbox 2916 2621 3205 2688; x_wconf 89' lang='lat' dir='ltr'>timentes,</span> <span class='ocrx_word' id='word_1_372' title='bbox 3230 2629 3569 2677; x_wconf 78' lang='lat' dir='ltr'>memorata</span> 
     </span>
    </p>
   </div>
   <div class='ocr_carea' id='block_1_57' title="bbox 1865 2709 3567 2782">
    <p class='ocr_par' dir='ltr' id='par_1_57' title="bbox 1865 2709 3567 2782">
     <span class='ocr_line' id='line_1_57' title="bbox 1865 2709 3567 2782; baseline 0.002 -20"><span class='ocrx_word' id='word_1_373' title='bbox 1865 2714 2071 2763; x_wconf 81' lang='lat' dir='ltr'>sancta</span> <span class='ocrx_word' id='word_1_374' title='bbox 2139 2709 2537 2778; x_wconf 85' lang='lat' dir='ltr'>Pergamensis</span> <span class='ocrx_word' id='word_1_375' title='bbox 2616 2709 2870 2763; x_wconf 81' lang='lat' dir='ltr'>ecclesia</span> <span class='ocrx_word' id='word_1_376' title='bbox 2931 2710 3049 2763; x_wconf 90' lang='lat' dir='ltr'>suis</span> <span class='ocrx_word' id='word_1_377' title='bbox 3130 2712 3433 2782; x_wconf 89' lang='lat' dir='ltr'>praceptis</span> <span class='ocrx_word' id='word_1_378' title='bbox 3512 2718 3567 2766; x_wconf 93' lang='lat' dir='ltr'>et</span> 
     </span>
    </p>
   </div>
   <div class='ocr_carea' id='block_1_58' title="bbox 1864 2798 3574 2868">
    <p class='ocr_par' dir='ltr' id='par_1_58' title="bbox 1864 2798 3574 2868">
     <span class='ocr_line' id='line_1_58' title="bbox 1864 2798 3574 2868; baseline 0.002 -17"><span class='ocrx_word' id='word_1_379' title='bbox 1864 2798 2218 2851; x_wconf 86' lang='lat' dir='ltr'>testamentis</span> <span class='ocrx_word' id='word_1_380' title='bbox 2248 2798 2638 2861; x_wconf 87' lang='lat' dir='ltr'>contulerunt,</span> <span class='ocrx_word' id='word_1_381' title='bbox 2673 2804 2729 2851; x_wconf 91' lang='lat' dir='ltr'>et</span> <span class='ocrx_word' id='word_1_382' title='bbox 2761 2800 3127 2867; x_wconf 89' lang='lat' dir='ltr'>postmodum</span> <span class='ocrx_word' id='word_1_383' title='bbox 3171 2800 3574 2868; x_wconf 84' lang='lat' dir='ltr'>pracellentis-</span> 
     </span>
    </p>
   </div>
   <div class='ocr_carea' id='block_1_59' title="bbox 1864 2885 3572 2955">
    <p class='ocr_par' dir='ltr' id='par_1_59' title="bbox 1864 2885 3572 2955">
     <span class='ocr_line' id='line_1_59' title="bbox 1864 2885 3572 2955; baseline 0.001 -15"><span class='ocrx_word' id='word_1_384' title='bbox 1864 2886 1996 2940; x_wconf 88' lang='lat' dir='ltr'>simi</span> <span class='ocrx_word' id='word_1_385' title='bbox 2030 2902 2191 2955; x_wconf 89' lang='lat' dir='ltr'>reges</span> <span class='ocrx_word' id='word_1_386' title='bbox 2224 2890 2397 2955; x_wconf 88' lang='lat' dir='ltr'>atque</span> <span class='ocrx_word' id='word_1_387' title='bbox 2425 2885 2666 2953; x_wconf 76' lang='lat' dir='ltr'>Augusti</span> <span class='ocrx_word' id='word_1_388' title='bbox 2718 2902 2820 2939; x_wconf 91' lang='lat' dir='ltr'>sua</span> <span class='ocrx_word' id='word_1_389' title='bbox 2873 2888 3207 2941; x_wconf 87' lang='lat' dir='ltr'>auctoritate</span> <span class='ocrx_word' id='word_1_390' title='bbox 3258 2888 3572 2942; x_wconf 84' lang='lat' dir='ltr'>confirma-</span> 
     </span>
    </p>
   </div>
   <div class='ocr_carea' id='block_1_60' title="bbox 1865 2973 3567 3044">
    <p class='ocr_par' dir='ltr' id='par_1_60' title="bbox 1865 2973 3567 3044">
     <span class='ocr_line' id='line_1_60' title="bbox 1865 2973 3567 3044; baseline 0.001 -16"><span class='ocrx_word' id='word_1_391' title='bbox 1865 2979 2092 3040; x_wconf 90' lang='lat' dir='ltr'>verunt,</span> <span class='ocrx_word' id='word_1_392' title='bbox 2156 2974 2359 3027; x_wconf 85' lang='lat' dir='ltr'>stabile</span> <span class='ocrx_word' id='word_1_393' title='bbox 2424 2978 2592 3044; x_wconf 90' lang='lat' dir='ltr'>atque</span> <span class='ocrx_word' id='word_1_394' title='bbox 2675 2973 3077 3029; x_wconf 88' lang='lat' dir='ltr'>inconvulsum</span> <span class='ocrx_word' id='word_1_395' title='bbox 3137 2976 3342 3030; x_wconf 88' lang='lat' dir='ltr'>nostris</span> <span class='ocrx_word' id='word_1_396' title='bbox 3406 2978 3567 3031; x_wconf 90' lang='lat' dir='ltr'>futu-</span> 
     </span>
    </p>
   </div>
   <div class='ocr_carea' id='block_1_61' title="bbox 70 3062 3568 3138">
    <p class='ocr_par' dir='ltr' id='par_1_61' title="bbox 70 3062 3568 3138">
     <span class='ocr_line' id='line_1_61' title="bbox 70 3062 3568 3138; baseline 0.001 -21"><span class='ocrx_word' id='word_1_397' title='bbox 70 3084 269 3138; x_wconf 77' lang='lat' dir='ltr'>rumque</span> <span class='ocrx_word' id='word_1_398' title='bbox 298 3070 620 3137; x_wconf 88' lang='lat' dir='ltr'>parentum</span> <span class='ocrx_word' id='word_1_399' title='bbox 655 3062 916 3117; x_wconf 90' lang='lat' dir='ltr'>remedio</span> <span class='ocrx_word' id='word_1_400' title='bbox 948 3063 1223 3116; x_wconf 86' lang='lat' dir='ltr'>concessit</span> <span class='ocrx_word' id='word_1_401' title='bbox 1252 3068 1309 3116; x_wconf 89' lang='lat' dir='ltr'>et</span> <span class='ocrx_word' id='word_1_402' title='bbox 1350 3064 1608 3131; x_wconf 89' lang='lat' dir='ltr'>tradidit,</span> <span class='ocrx_word' id='word_1_403' title='bbox 1640 3065 1753 3118; x_wconf 88' lang='lat' dir='ltr'>sci-</span> <span class='ocrx_word' id='word_1_404' title='bbox 1786 3062 1826 3117; x_wconf 92' lang='lat' dir='ltr'>C</span> <span class='ocrx_word' id='word_1_405' title='bbox 1864 3065 2059 3135; x_wconf 85' lang='lat' dir='ltr'>risque</span> <span class='ocrx_word' id='word_1_406' title='bbox 2088 3063 2444 3133; x_wconf 89' lang='lat' dir='ltr'>temporibus</span> <span class='ocrx_word' id='word_1_407' title='bbox 2472 3062 2531 3115; x_wconf 92' lang='lat' dir='ltr'>in</span> <span class='ocrx_word' id='word_1_408' title='bbox 2562 3062 2742 3131; x_wconf 90' lang='lat' dir='ltr'>ipsius</span> <span class='ocrx_word' id='word_1_409' title='bbox 2763 3063 2893 3133; x_wconf 90' lang='lat' dir='ltr'>jure</span> <span class='ocrx_word' id='word_1_410' title='bbox 2942 3068 2998 3116; x_wconf 90' lang='lat' dir='ltr'>et</span> <span class='ocrx_word' id='word_1_411' title='bbox 3025 3068 3304 3134; x_wconf 89' lang='lat' dir='ltr'>potestate</span> <span class='ocrx_word' id='word_1_412' title='bbox 3356 3081 3568 3136; x_wconf 79' lang='lat' dir='ltr'>perpe-</span> 
     </span>
    </p>
   </div>
   <div class='ocr_carea' id='block_1_62' title="bbox 70 3151 1755 3222">
    <p class='ocr_par' dir='ltr' id='par_1_62' title="bbox 70 3151 1755 3222">
     <span class='ocr_line' id='line_1_62' title="bbox 70 3151 1755 3222; baseline 0.002 -19"><span class='ocrx_word' id='word_1_413' title='bbox 70 3156 233 3209; x_wconf 73' lang='lat' dir='ltr'>iicetin</span> <span class='ocrx_word' id='word_1_414' title='bbox 265 3157 399 3209; x_wconf 87' lang='lat' dir='ltr'>villa</span> <span class='ocrx_word' id='word_1_415' title='bbox 429 3152 788 3220; x_wconf 76' lang='lat' dir='ltr'>Madringas,</span> <span class='ocrx_word' id='word_1_416' title='bbox 817 3151 1075 3222; x_wconf 88' lang='lat' dir='ltr'>quinque</span> <span class='ocrx_word' id='word_1_417' title='bbox 1134 3167 1362 3205; x_wconf 89' lang='lat' dir='ltr'>mansos</span> <span class='ocrx_word' id='word_1_418' title='bbox 1390 3167 1519 3205; x_wconf 91' lang='lat' dir='ltr'>cum</span> <span class='ocrx_word' id='word_1_419' title='bbox 1554 3168 1755 3207; x_wconf 88' lang='lat' dir='ltr'>manso</span> 
     </span>
    </p>
   </div>
   <div class='ocr_carea' id='block_1_63' title="bbox 74 3239 1756 3305">
    <p class='ocr_par' dir='ltr' id='par_1_63' title="bbox 74 3239 1756 3305">
     <span class='ocr_line' id='line_1_63' title="bbox 74 3239 1756 3305; baseline 0.002 -12"><span class='ocrx_word' id='word_1_420' title='bbox 74 3245 440 3298; x_wconf 60' lang='lat' dir='ltr'>indominicato</span> <span class='ocrx_word' id='word_1_421' title='bbox 474 3246 538 3295; x_wconf 91' lang='lat' dir='ltr'>et</span> <span class='ocrx_word' id='word_1_422' title='bbox 562 3240 874 3295; x_wconf 90' lang='lat' dir='ltr'>dimidiam</span> <span class='ocrx_word' id='word_1_423' title='bbox 908 3239 1234 3305; x_wconf 88' lang='lat' dir='ltr'>ecclesiam;</span> <span class='ocrx_word' id='word_1_424' title='bbox 1268 3240 1327 3293; x_wconf 92' lang='lat' dir='ltr'>in</span> <span class='ocrx_word' id='word_1_425' title='bbox 1359 3240 1557 3294; x_wconf 80' lang='lat' dir='ltr'>Rotela</span> <span class='ocrx_word' id='word_1_426' title='bbox 1598 3257 1756 3296; x_wconf 90' lang='lat' dir='ltr'>man-</span> 
     </span>
    </p>
   </div>
   <div class='ocr_carea' id='block_1_64' title="bbox 76 3327 1756 3401">
    <p class='ocr_par' dir='ltr' id='par_1_64' title="bbox 76 3327 1756 3401">
     <span class='ocr_line' id='line_1_64' title="bbox 76 3327 1756 3401; baseline 0.004 -26"><span class='ocrx_word' id='word_1_427' title='bbox 76 3346 137 3379; x_wconf 68' lang='lat' dir='ltr'>sos</span> <span class='ocrx_word' id='word_1_428' title='bbox 156 3337 359 3401; x_wconf 78' lang='lat' dir='ltr'>septem</span> <span class='ocrx_word' id='word_1_429' title='bbox 383 3336 441 3384; x_wconf 90' lang='lat' dir='ltr'>et</span> <span class='ocrx_word' id='word_1_430' title='bbox 478 3328 720 3383; x_wconf 87' lang='lat' dir='ltr'>tertiam</span> <span class='ocrx_word' id='word_1_431' title='bbox 753 3332 981 3398; x_wconf 84' lang='lat' dir='ltr'>partem</span> <span class='ocrx_word' id='word_1_432' title='bbox 1034 3327 1374 3395; x_wconf 88' lang='lat' dir='ltr'>molendini,</span> <span class='ocrx_word' id='word_1_433' title='bbox 1405 3344 1536 3381; x_wconf 91' lang='lat' dir='ltr'>cum</span> <span class='ocrx_word' id='word_1_434' title='bbox 1585 3328 1756 3382; x_wconf 89' lang='lat' dir='ltr'>terris</span> 
     </span>
    </p>
   </div>
   <div class='ocr_carea' id='block_1_65' title="bbox 74 3416 1753 3483">
    <p class='ocr_par' dir='ltr' id='par_1_65' title="bbox 74 3416 1753 3483">
     <span class='ocr_line' id='line_1_65' title="bbox 74 3416 1753 3483; baseline 0.002 -16"><span class='ocrx_word' id='word_1_435' title='bbox 74 3421 201 3471; x_wconf 61' lang='lat' dir='ltr'>cultis</span> <span class='ocrx_word' id='word_1_436' title='bbox 220 3426 272 3473; x_wconf 89' lang='lat' dir='ltr'>et</span> <span class='ocrx_word' id='word_1_437' title='bbox 307 3418 587 3483; x_wconf 87' lang='lat' dir='ltr'>incultis;</span> <span class='ocrx_word' id='word_1_438' title='bbox 624 3422 682 3469; x_wconf 90' lang='lat' dir='ltr'>et</span> <span class='ocrx_word' id='word_1_439' title='bbox 710 3417 771 3469; x_wconf 92' lang='lat' dir='ltr'>in</span> <span class='ocrx_word' id='word_1_440' title='bbox 828 3416 1132 3469; x_wconf 91' lang='lat' dir='ltr'>Bretenaco</span> <span class='ocrx_word' id='word_1_441' title='bbox 1180 3432 1411 3469; x_wconf 88' lang='lat' dir='ltr'>mansos</span> <span class='ocrx_word' id='word_1_442' title='bbox 1468 3418 1753 3471; x_wconf 85' lang='lat' dir='ltr'>sexdecim</span> 
     </span>
    </p>
   </div>
   <div class='ocr_carea' id='block_1_66' title="bbox 72 3504 1754 3579">
    <p class='ocr_par' dir='ltr' id='par_1_66' title="bbox 72 3504 1754 3579">
     <span class='ocr_line' id='line_1_66' title="bbox 72 3504 1754 3579; baseline 0.002 -22"><span class='ocrx_word' id='word_1_443' title='bbox 72 3516 109 3558; x_wconf 76' lang='lat' dir='ltr'>et</span> <span class='ocrx_word' id='word_1_444' title='bbox 128 3510 409 3577; x_wconf 77' lang='lat' dir='ltr'>quamdam</span> <span class='ocrx_word' id='word_1_445' title='bbox 446 3513 685 3579; x_wconf 84' lang='lat' dir='ltr'>partem</span> <span class='ocrx_word' id='word_1_446' title='bbox 720 3504 997 3571; x_wconf 89' lang='lat' dir='ltr'>ecclesia,</span> <span class='ocrx_word' id='word_1_447' title='bbox 1029 3521 1160 3560; x_wconf 91' lang='lat' dir='ltr'>cum</span> <span class='ocrx_word' id='word_1_448' title='bbox 1193 3505 1461 3559; x_wconf 90' lang='lat' dir='ltr'>omnibus</span> <span class='ocrx_word' id='word_1_449' title='bbox 1507 3507 1754 3577; x_wconf 87' lang='lat' dir='ltr'>pradic—</span> 
     </span>
    </p>
   </div>
   <div class='ocr_carea' id='block_1_67' title="bbox 76 3594 1756 3665">
    <p class='ocr_par' dir='ltr' id='par_1_67' title="bbox 76 3594 1756 3665">
     <span class='ocr_line' id='line_1_67' title="bbox 76 3594 1756 3665; baseline 0.002 -20"><span class='ocrx_word' id='word_1_450' title='bbox 76 3602 222 3651; x_wconf 74' lang='lat' dir='ltr'>tarum</span> <span class='ocrx_word' id='word_1_451' title='bbox 257 3597 668 3663; x_wconf 87' lang='lat' dir='ltr'>ecclesiarum,</span> <span class='ocrx_word' id='word_1_452' title='bbox 734 3608 1087 3655; x_wconf 84' lang='lat' dir='ltr'>mansurum.</span> <span class='ocrx_word' id='word_1_453' title='bbox 1139 3594 1512 3665; x_wconf 85' lang='lat' dir='ltr'>pradiorum,</span> <span class='ocrx_word' id='word_1_454' title='bbox 1575 3596 1756 3665; x_wconf 89' lang='lat' dir='ltr'>perti-</span> 
     </span>
    </p>
   </div>
   <div class='ocr_carea' id='block_1_68' title="bbox 78 3682 1753 3757">
    <p class='ocr_par' dir='ltr' id='par_1_68' title="bbox 78 3682 1753 3757">
     <span class='ocr_line' id='line_1_68' title="bbox 78 3682 1753 3757; baseline 0.001 -22"><span class='ocrx_word' id='word_1_455' title='bbox 78 3687 253 3739; x_wconf 76' lang='lat' dir='ltr'>nenciis</span> <span class='ocrx_word' id='word_1_456' title='bbox 274 3688 410 3750; x_wconf 89' lang='lat' dir='ltr'>suis,</span> <span class='ocrx_word' id='word_1_457' title='bbox 460 3684 727 3757; x_wconf 87' lang='lat' dir='ltr'>pascuis,</span> <span class='ocrx_word' id='word_1_458' title='bbox 756 3682 997 3753; x_wconf 84' lang='lat' dir='ltr'>campis,</span> <span class='ocrx_word' id='word_1_459' title='bbox 1036 3683 1237 3747; x_wconf 90' lang='lat' dir='ltr'>vineis,</span> <span class='ocrx_word' id='word_1_460' title='bbox 1299 3684 1498 3754; x_wconf 89' lang='lat' dir='ltr'>pratis,</span> <span class='ocrx_word' id='word_1_461' title='bbox 1543 3684 1753 3738; x_wconf 89' lang='lat' dir='ltr'>manci-</span> 
     </span>
    </p>
   </div>
   <div class='ocr_carea' id='block_1_69' title="bbox 76 3772 1757 3846">
    <p class='ocr_par' dir='ltr' id='par_1_69' title="bbox 76 3772 1757 3846">
     <span class='ocr_line' id='line_1_69' title="bbox 76 3772 1757 3846; baseline 0.004 -25"><span class='ocrx_word' id='word_1_462' title='bbox 76 3774 175 3839; x_wconf 71' lang='lat' dir='ltr'>piis,</span> <span class='ocrx_word' id='word_1_463' title='bbox 204 3776 366 3840; x_wconf 79' lang='lat' dir='ltr'>silvis,</span> <span class='ocrx_word' id='word_1_464' title='bbox 400 3772 855 3846; x_wconf 86' lang='lat' dir='ltr'>piscationibus,</span> <span class='ocrx_word' id='word_1_465' title='bbox 884 3772 1249 3838; x_wconf 90' lang='lat' dir='ltr'>molendinis,</span> <span class='ocrx_word' id='word_1_466' title='bbox 1282 3772 1451 3825; x_wconf 89' lang='lat' dir='ltr'>terris</span> <span class='ocrx_word' id='word_1_467' title='bbox 1490 3773 1657 3825; x_wconf 88' lang='lat' dir='ltr'>cultis</span> <span class='ocrx_word' id='word_1_468' title='bbox 1698 3778 1757 3827; x_wconf 89' lang='lat' dir='ltr'>et</span> 
     </span>
    </p>
   </div>
   <div class='ocr_carea' id='block_1_70' title="bbox 82 3859 1754 3931">
    <p class='ocr_par' dir='ltr' id='par_1_70' title="bbox 82 3859 1754 3931">
     <span class='ocr_line' id='line_1_70' title="bbox 82 3859 1754 3931; baseline 0.002 -19"><span class='ocrx_word' id='word_1_469' title='bbox 82 3861 280 3928; x_wconf 74' lang='lat' dir='ltr'>inmitis,</span> <span class='ocrx_word' id='word_1_470' title='bbox 307 3868 361 3917; x_wconf 89' lang='lat' dir='ltr'>et</span> <span class='ocrx_word' id='word_1_471' title='bbox 392 3879 531 3916; x_wconf 89' lang='lat' dir='ltr'>cum</span> <span class='ocrx_word' id='word_1_472' title='bbox 562 3860 840 3915; x_wconf 88' lang='lat' dir='ltr'>omnibus</span> <span class='ocrx_word' id='word_1_473' title='bbox 871 3875 1000 3930; x_wconf 86' lang='lat' dir='ltr'>qua</span> <span class='ocrx_word' id='word_1_474' title='bbox 1032 3859 1140 3914; x_wconf 90' lang='lat' dir='ltr'>dici</span> <span class='ocrx_word' id='word_1_475' title='bbox 1172 3860 1260 3913; x_wconf 89' lang='lat' dir='ltr'>vel</span> <span class='ocrx_word' id='word_1_476' title='bbox 1290 3859 1578 3913; x_wconf 88' lang='lat' dir='ltr'>nominari</span> <span class='ocrx_word' id='word_1_477' title='bbox 1616 3877 1754 3931; x_wconf 88' lang='lat' dir='ltr'>pos-</span> 
     </span>
    </p>
   </div>
   <div class='ocr_carea' id='block_1_71' title="bbox 82 3948 1756 4021">
    <p class='ocr_par' dir='ltr' id='par_1_71' title="bbox 82 3948 1756 4021">
     <span class='ocr_line' id='line_1_71' title="bbox 82 3948 1756 4021; baseline 0.005 -26"><span class='ocrx_word' id='word_1_478' title='bbox 82 3956 195 4013; x_wconf 76' lang='lat' dir='ltr'>sunt,</span> <span class='ocrx_word' id='word_1_479' title='bbox 224 3967 341 4020; x_wconf 80' lang='lat' dir='ltr'>qua</span> <span class='ocrx_word' id='word_1_480' title='bbox 376 3952 504 4021; x_wconf 88' lang='lat' dir='ltr'>jam</span> <span class='ocrx_word' id='word_1_481' title='bbox 540 3948 702 4003; x_wconf 89' lang='lat' dir='ltr'>dicto</span> <span class='ocrx_word' id='word_1_482' title='bbox 741 3948 1089 4002; x_wconf 86' lang='lat' dir='ltr'>monasterio</span> <span class='ocrx_word' id='word_1_483' title='bbox 1129 3965 1282 4002; x_wconf 92' lang='lat' dir='ltr'>nunc</span> <span class='ocrx_word' id='word_1_484' title='bbox 1308 3949 1619 4018; x_wconf 83' lang='lat' dir='ltr'>pertinent,</span> <span class='ocrx_word' id='word_1_485' title='bbox 1655 3953 1756 4003; x_wconf 87' lang='lat' dir='ltr'>aut</span> 
     </span>
    </p>
   </div>
   <div class='ocr_carea' id='block_1_72' title="bbox 84 4037 1755 4110">
    <p class='ocr_par' dir='ltr' id='par_1_72' title="bbox 84 4037 1755 4110">
     <span class='ocr_line' id='line_1_72' title="bbox 84 4037 1755 4110; baseline 0.003 -25"><span class='ocrx_word' id='word_1_486' title='bbox 84 4054 119 4086; x_wconf 78' lang='lat' dir='ltr'>In</span> <span class='ocrx_word' id='word_1_487' title='bbox 137 4039 383 4105; x_wconf 81' lang='lat' dir='ltr'>futurum,</span> <span class='ocrx_word' id='word_1_488' title='bbox 403 4038 934 4110; x_wconf 88' lang='lat' dir='ltr'>aquibuscunque,</span> <span class='ocrx_word' id='word_1_489' title='bbox 956 4038 1069 4091; x_wconf 92' lang='lat' dir='ltr'>Deo</span> <span class='ocrx_word' id='word_1_490' title='bbox 1085 4038 1310 4091; x_wconf 86' lang='lat' dir='ltr'>favente</span> <span class='ocrx_word' id='word_1_491' title='bbox 1326 4038 1477 4107; x_wconf 69' lang='lat' dir='ltr'>[data</span> <span class='ocrx_word' id='word_1_492' title='bbox 1508 4037 1755 4107; x_wconf 88' lang='lat' dir='ltr'>pertine-</span> 
     </span>
    </p>
   </div>
   <div class='ocr_carea' id='block_1_73' title="bbox 84 4126 1755 4199">
    <p class='ocr_par' dir='ltr' id='par_1_73' title="bbox 84 4126 1755 4199">
     <span class='ocr_line' id='line_1_73' title="bbox 84 4126 1755 4199; baseline 0.003 -26"><span class='ocrx_word' id='word_1_493' title='bbox 84 4126 237 4195; x_wconf 54' lang='lat' dir='ltr'>b&#39;intj;</span> <span class='ocrx_word' id='word_1_494' title='bbox 263 4129 463 4199; x_wconf 82' lang='lat' dir='ltr'>suique</span> <span class='ocrx_word' id='word_1_495' title='bbox 496 4128 564 4180; x_wconf 87' lang='lat' dir='ltr'>in</span> <span class='ocrx_word' id='word_1_496' title='bbox 598 4126 804 4179; x_wconf 90' lang='lat' dir='ltr'>eodem</span> <span class='ocrx_word' id='word_1_497' title='bbox 840 4126 1195 4179; x_wconf 90' lang='lat' dir='ltr'>monasterio</span> <span class='ocrx_word' id='word_1_498' title='bbox 1247 4141 1599 4179; x_wconf 88' lang='lat' dir='ltr'>successores</span> <span class='ocrx_word' id='word_1_499' title='bbox 1631 4141 1755 4179; x_wconf 90' lang='lat' dir='ltr'>om-</span> 
     </span>
    </p>
   </div>
   <div class='ocr_carea' id='block_1_74' title="bbox 85 4214 1753 4286">
    <p class='ocr_par' dir='ltr' id='par_1_74' title="bbox 85 4214 1753 4286">
     <span class='ocr_line' id='line_1_74' title="bbox 85 4214 1753 4286; baseline 0.002 -23"><span class='ocrx_word' id='word_1_500' title='bbox 85 4216 155 4265; x_wconf 82' lang='lat' dir='ltr'>nia</span> <span class='ocrx_word' id='word_1_501' title='bbox 178 4218 494 4286; x_wconf 81' lang='lat' dir='ltr'>prascripta</span> <span class='ocrx_word' id='word_1_502' title='bbox 536 4214 820 4279; x_wconf 83' lang='lat' dir='ltr'>habeant,</span> <span class='ocrx_word' id='word_1_503' title='bbox 855 4218 1089 4267; x_wconf 87' lang='lat' dir='ltr'>teneant</span> <span class='ocrx_word' id='word_1_504' title='bbox 1128 4218 1194 4267; x_wconf 91' lang='lat' dir='ltr'>ut</span> <span class='ocrx_word' id='word_1_505' title='bbox 1249 4230 1446 4267; x_wconf 87' lang='lat' dir='ltr'>secure</span> <span class='ocrx_word' id='word_1_506' title='bbox 1484 4216 1596 4267; x_wconf 93' lang='lat' dir='ltr'>Deo</span> <span class='ocrx_word' id='word_1_507' title='bbox 1636 4230 1753 4267; x_wconf 88' lang='lat' dir='ltr'>ser-</span> 
     </span>
    </p>
   </div>
   <div class='ocr_carea' id='block_1_75' title="bbox 1864 3152 3569 3223">
    <p class='ocr_par' dir='ltr' id='par_1_75' title="bbox 1864 3152 3569 3223">
     <span class='ocr_line' id='line_1_75' title="bbox 1864 3152 3569 3223; baseline 0.002 -18"><span class='ocrx_word' id='word_1_508' title='bbox 1864 3152 2094 3205; x_wconf 86' lang='lat' dir='ltr'>tualiter</span> <span class='ocrx_word' id='word_1_509' title='bbox 2120 3155 2368 3205; x_wconf 86' lang='lat' dir='ltr'>maneat.</span> <span class='ocrx_word' id='word_1_510' title='bbox 2415 3152 2477 3204; x_wconf 85' lang='lat' dir='ltr'>Et</span> <span class='ocrx_word' id='word_1_511' title='bbox 2506 3152 2699 3204; x_wconf 90' lang='lat' dir='ltr'>nullus</span> <span class='ocrx_word' id='word_1_512' title='bbox 2728 3166 2939 3213; x_wconf 89' lang='lat' dir='ltr'>comes,</span> <span class='ocrx_word' id='word_1_513' title='bbox 2972 3152 3056 3205; x_wconf 87' lang='lat' dir='ltr'>vel</span> <span class='ocrx_word' id='word_1_514' title='bbox 3086 3152 3327 3222; x_wconf 85' lang='lat' dir='ltr'>publica</span> <span class='ocrx_word' id='word_1_515' title='bbox 3386 3153 3569 3223; x_wconf 89' lang='lat' dir='ltr'>partis</span> 
     </span>
    </p>
   </div>
   <div class='ocr_carea' id='block_1_76' title="bbox 1858 3239 3568 3311">
    <p class='ocr_par' dir='ltr' id='par_1_76' title="bbox 1858 3239 3568 3311">
     <span class='ocr_line' id='line_1_76' title="bbox 1858 3239 3568 3311; baseline 0.001 -17"><span class='ocrx_word' id='word_1_516' title='bbox 1858 3241 2035 3310; x_wconf 79' lang='lat' dir='ltr'>judex</span> <span class='ocrx_word' id='word_1_517' title='bbox 2068 3245 2123 3294; x_wconf 89' lang='lat' dir='ltr'>et</span> <span class='ocrx_word' id='word_1_518' title='bbox 2154 3239 2456 3310; x_wconf 88' lang='lat' dir='ltr'>gastaldio,</span> <span class='ocrx_word' id='word_1_519' title='bbox 2488 3241 2572 3292; x_wconf 82' lang='lat' dir='ltr'>vel</span> <span class='ocrx_word' id='word_1_520' title='bbox 2599 3239 2710 3293; x_wconf 77' lang='lat' dir='ltr'>alia</span> <span class='ocrx_word' id='word_1_521' title='bbox 2750 3240 3026 3310; x_wconf 79' lang='lat' dir='ltr'>qualibet</span> <span class='ocrx_word' id='word_1_522' title='bbox 3050 3257 3295 3311; x_wconf 90' lang='lat' dir='ltr'>persona</span> <span class='ocrx_word' id='word_1_523' title='bbox 3328 3242 3388 3295; x_wconf 90' lang='lat' dir='ltr'>in</span> <span class='ocrx_word' id='word_1_524' title='bbox 3437 3259 3568 3296; x_wconf 86' lang='lat' dir='ltr'>mo-</span> 
     </span>
    </p>
   </div>
   <div class='ocr_carea' id='block_1_77' title="bbox 1863 3328 3564 3399">
    <p class='ocr_par' dir='ltr' id='par_1_77' title="bbox 1863 3328 3564 3399">
     <span class='ocr_line' id='line_1_77' title="bbox 1863 3328 3564 3399; baseline 0.001 -16"><span class='ocrx_word' id='word_1_525' title='bbox 1863 3328 2149 3392; x_wconf 88' lang='lat' dir='ltr'>nasteriis,</span> <span class='ocrx_word' id='word_1_526' title='bbox 2210 3328 2579 3381; x_wconf 86' lang='lat' dir='ltr'>xenodochiis</span> <span class='ocrx_word' id='word_1_527' title='bbox 2636 3328 2723 3381; x_wconf 88' lang='lat' dir='ltr'>vel</span> <span class='ocrx_word' id='word_1_528' title='bbox 2773 3328 3020 3381; x_wconf 88' lang='lat' dir='ltr'>ecclesiis</span> <span class='ocrx_word' id='word_1_529' title='bbox 3103 3328 3564 3399; x_wconf 87' lang='lat' dir='ltr'>baptismalibus,</span> 
     </span>
    </p>
   </div>
   <div class='ocr_carea' id='block_1_78' title="bbox 1863 3417 3566 3489">
    <p class='ocr_par' dir='ltr' id='par_1_78' title="bbox 1863 3417 3566 3489">
     <span class='ocr_line' id='line_1_78' title="bbox 1863 3417 3566 3489; baseline 0.001 -18"><span class='ocrx_word' id='word_1_530' title='bbox 1863 3423 1964 3471; x_wconf 90' lang='lat' dir='ltr'>aut</span> <span class='ocrx_word' id='word_1_531' title='bbox 1990 3417 2397 3481; x_wconf 90' lang='lat' dir='ltr'>cardinalibus,</span> <span class='ocrx_word' id='word_1_532' title='bbox 2435 3432 2534 3470; x_wconf 88' lang='lat' dir='ltr'>seu</span> <span class='ocrx_word' id='word_1_533' title='bbox 2561 3417 2825 3485; x_wconf 90' lang='lat' dir='ltr'>oraculis,</span> <span class='ocrx_word' id='word_1_534' title='bbox 2852 3419 2937 3471; x_wconf 90' lang='lat' dir='ltr'>vel</span> <span class='ocrx_word' id='word_1_535' title='bbox 2970 3418 3191 3472; x_wconf 89' lang='lat' dir='ltr'>cunctis</span> <span class='ocrx_word' id='word_1_536' title='bbox 3245 3420 3566 3489; x_wconf 88' lang='lat' dir='ltr'>possessio-</span> 
     </span>
    </p>
   </div>
   <div class='ocr_carea' id='block_1_79' title="bbox 1863 3504 3568 3577">
    <p class='ocr_par' dir='ltr' id='par_1_79' title="bbox 1863 3504 3568 3577">
     <span class='ocr_line' id='line_1_79' title="bbox 1863 3504 3568 3577; baseline 0.002 -19"><span class='ocrx_word' id='word_1_537' title='bbox 1863 3506 2031 3559; x_wconf 89' lang='lat' dir='ltr'>nibus</span> <span class='ocrx_word' id='word_1_538' title='bbox 2064 3520 2225 3575; x_wconf 86' lang='lat' dir='ltr'>quas,</span> <span class='ocrx_word' id='word_1_539' title='bbox 2252 3508 2311 3556; x_wconf 91' lang='lat' dir='ltr'>ut</span> <span class='ocrx_word' id='word_1_540' title='bbox 2342 3504 2729 3574; x_wconf 85' lang='lat' dir='ltr'>pradiximus,</span> <span class='ocrx_word' id='word_1_541' title='bbox 2762 3521 2794 3558; x_wconf 87' lang='lat' dir='ltr'>a</span> <span class='ocrx_word' id='word_1_542' title='bbox 2825 3510 3083 3576; x_wconf 89' lang='lat' dir='ltr'>tempore</span> <span class='ocrx_word' id='word_1_543' title='bbox 3134 3507 3320 3577; x_wconf 80' lang='lat' dir='ltr'>Magni</span> <span class='ocrx_word' id='word_1_544' title='bbox 3381 3507 3568 3561; x_wconf 88' lang='lat' dir='ltr'>Caroli</span> 
     </span>
    </p>
   </div>
   <div class='ocr_carea' id='block_1_80' title="bbox 1862 3592 3566 3664">
    <p class='ocr_par' dir='ltr' id='par_1_80' title="bbox 1862 3592 3566 3664">
     <span class='ocr_line' id='line_1_80' title="bbox 1862 3592 3566 3664; baseline 0.001 -16"><span class='ocrx_word' id='word_1_545' title='bbox 1862 3610 2044 3664; x_wconf 88' lang='lat' dir='ltr'>usque</span> <span class='ocrx_word' id='word_1_546' title='bbox 2070 3592 2127 3645; x_wconf 92' lang='lat' dir='ltr'>in</span> <span class='ocrx_word' id='word_1_547' title='bbox 2154 3608 2407 3662; x_wconf 83' lang='lat' dir='ltr'>prasens</span> <span class='ocrx_word' id='word_1_548' title='bbox 2430 3592 2812 3662; x_wconf 87' lang='lat' dir='ltr'>undecunque</span> <span class='ocrx_word' id='word_1_549' title='bbox 2844 3594 2994 3647; x_wconf 89' lang='lat' dir='ltr'>infra</span> <span class='ocrx_word' id='word_1_550' title='bbox 3030 3610 3275 3663; x_wconf 87' lang='lat' dir='ltr'>regnum</span> <span class='ocrx_word' id='word_1_551' title='bbox 3306 3595 3566 3649; x_wconf 90' lang='lat' dir='ltr'>Italicum</span> 
     </span>
    </p>
   </div>
   <div class='ocr_carea' id='block_1_81' title="bbox 1863 3680 3566 3753">
    <p class='ocr_par' dir='ltr' id='par_1_81' title="bbox 1863 3680 3566 3753">
     <span class='ocr_line' id='line_1_81' title="bbox 1863 3680 3566 3753; baseline -0.001 -16"><span class='ocrx_word' id='word_1_552' title='bbox 1863 3682 2170 3753; x_wconf 89' lang='lat' dir='ltr'>sapedicta</span> <span class='ocrx_word' id='word_1_553' title='bbox 2199 3680 2597 3750; x_wconf 90' lang='lat' dir='ltr'>Pergamensis</span> <span class='ocrx_word' id='word_1_554' title='bbox 2631 3681 2865 3735; x_wconf 88' lang='lat' dir='ltr'>ecclesia</span> <span class='ocrx_word' id='word_1_555' title='bbox 2912 3681 3121 3735; x_wconf 89' lang='lat' dir='ltr'>habere</span> <span class='ocrx_word' id='word_1_556' title='bbox 3188 3682 3566 3752; x_wconf 89' lang='lat' dir='ltr'>dignoscitur,</span> 
     </span>
    </p>
   </div>
   <div class='ocr_carea' id='block_1_82' title="bbox 1862 3768 3565 3843">
    <p class='ocr_par' dir='ltr' id='par_1_82' title="bbox 1862 3768 3565 3843">
     <span class='ocr_line' id='line_1_82' title="bbox 1862 3768 3565 3843; baseline 0 -18"><span class='ocrx_word' id='word_1_557' title='bbox 1862 3773 1948 3825; x_wconf 90' lang='lat' dir='ltr'>vel</span> <span class='ocrx_word' id='word_1_558' title='bbox 1973 3788 2113 3843; x_wconf 86' lang='lat' dir='ltr'>quas</span> <span class='ocrx_word' id='word_1_559' title='bbox 2144 3770 2415 3839; x_wconf 90' lang='lat' dir='ltr'>deinceps</span> <span class='ocrx_word' id='word_1_560' title='bbox 2432 3768 2593 3822; x_wconf 81' lang='lat' dir='ltr'>.inibi</span> <span class='ocrx_word' id='word_1_561' title='bbox 2625 3768 2820 3823; x_wconf 90' lang='lat' dir='ltr'>divina</span> <span class='ocrx_word' id='word_1_562' title='bbox 2837 3771 3021 3841; x_wconf 88' lang='lat' dir='ltr'>pietas</span> <span class='ocrx_word' id='word_1_563' title='bbox 3053 3774 3425 3841; x_wconf 88' lang='lat' dir='ltr'>augmentare</span> <span class='ocrx_word' id='word_1_564' title='bbox 3466 3787 3565 3825; x_wconf 86' lang='lat' dir='ltr'>vo-</span> 
     </span>
    </p>
   </div>
   <div class='ocr_carea' id='block_1_83' title="bbox 1864 3857 3570 3930">
    <p class='ocr_par' dir='ltr' id='par_1_83' title="bbox 1864 3857 3570 3930">
     <span class='ocr_line' id='line_1_83' title="bbox 1864 3857 3570 3930; baseline -0.001 -16"><span class='ocrx_word' id='word_1_565' title='bbox 1864 3860 2056 3927; x_wconf 89' lang='lat' dir='ltr'>luerit,</span> <span class='ocrx_word' id='word_1_566' title='bbox 2116 3874 2285 3912; x_wconf 90' lang='lat' dir='ltr'>nemo</span> <span class='ocrx_word' id='word_1_567' title='bbox 2348 3857 2662 3928; x_wconf 88' lang='lat' dir='ltr'>superioris</span> <span class='ocrx_word' id='word_1_568' title='bbox 2721 3862 2820 3911; x_wconf 89' lang='lat' dir='ltr'>aut</span> <span class='ocrx_word' id='word_1_569' title='bbox 2882 3857 3171 3913; x_wconf 90' lang='lat' dir='ltr'>inferioris</span> <span class='ocrx_word' id='word_1_570' title='bbox 3237 3859 3570 3930; x_wconf 87' lang='lat' dir='ltr'>reipublica</span> 
     </span>
    </p>
   </div>
   <div class='ocr_carea' id='block_1_84' title="bbox 1862 3946 3571 4020">
    <p class='ocr_par' dir='ltr' id='par_1_84' title="bbox 1862 3946 3571 4020">
     <span class='ocr_line' id='line_1_84' title="bbox 1862 3946 3571 4020; baseline 0.001 -18"><span class='ocrx_word' id='word_1_571' title='bbox 1862 3952 2201 4020; x_wconf 88' lang='lat' dir='ltr'>procurator</span> <span class='ocrx_word' id='word_1_572' title='bbox 2232 3946 2299 4001; x_wconf 93' lang='lat' dir='ltr'>ad</span> <span class='ocrx_word' id='word_1_573' title='bbox 2334 3962 2533 4000; x_wconf 89' lang='lat' dir='ltr'>causas</span> <span class='ocrx_word' id='word_1_574' title='bbox 2555 3946 2863 4016; x_wconf 89' lang='lat' dir='ltr'>judiciario</span> <span class='ocrx_word' id='word_1_575' title='bbox 2894 3964 3054 4001; x_wconf 92' lang='lat' dir='ltr'>more</span> <span class='ocrx_word' id='word_1_576' title='bbox 3085 3948 3400 4003; x_wconf 86' lang='lat' dir='ltr'>audiendas</span> <span class='ocrx_word' id='word_1_577' title='bbox 3429 3965 3571 4003; x_wconf 90' lang='lat' dir='ltr'>con-</span> 
     </span>
    </p>
   </div>
   <div class='ocr_carea' id='block_1_85' title="bbox 1864 4034 3569 4105">
    <p class='ocr_par' dir='ltr' id='par_1_85' title="bbox 1864 4034 3569 4105">
     <span class='ocr_line' id='line_1_85' title="bbox 1864 4034 3569 4105; baseline 0 -14"><span class='ocrx_word' id='word_1_578' title='bbox 1864 4042 2097 4091; x_wconf 89' lang='lat' dir='ltr'>ventum</span> <span class='ocrx_word' id='word_1_579' title='bbox 2130 4036 2335 4101; x_wconf 86' lang='lat' dir='ltr'>facere,</span> <span class='ocrx_word' id='word_1_580' title='bbox 2367 4036 2455 4088; x_wconf 88' lang='lat' dir='ltr'>vel</span> <span class='ocrx_word' id='word_1_581' title='bbox 2486 4035 2645 4088; x_wconf 87' lang='lat' dir='ltr'>freda</span> <span class='ocrx_word' id='word_1_582' title='bbox 2676 4034 2927 4105; x_wconf 88' lang='lat' dir='ltr'>exigere,</span> <span class='ocrx_word' id='word_1_583' title='bbox 2960 4040 3057 4090; x_wconf 89' lang='lat' dir='ltr'>aut</span> <span class='ocrx_word' id='word_1_584' title='bbox 3089 4037 3569 4091; x_wconf 89' lang='lat' dir='ltr'>mansionaticum</span> 
     </span>
    </p>
   </div>
   <div class='ocr_carea' id='block_1_86' title="bbox 1863 4124 3573 4195">
    <p class='ocr_par' dir='ltr' id='par_1_86' title="bbox 1863 4124 3573 4195">
     <span class='ocr_line' id='line_1_86' title="bbox 1863 4124 3573 4195; baseline 0.001 -18"><span class='ocrx_word' id='word_1_585' title='bbox 1863 4125 1950 4179; x_wconf 88' lang='lat' dir='ltr'>vel</span> <span class='ocrx_word' id='word_1_586' title='bbox 1981 4129 2206 4195; x_wconf 88' lang='lat' dir='ltr'>paratas</span> <span class='ocrx_word' id='word_1_587' title='bbox 2236 4124 2551 4194; x_wconf 88' lang='lat' dir='ltr'>requirere,</span> <span class='ocrx_word' id='word_1_588' title='bbox 2578 4124 2914 4193; x_wconf 85' lang='lat' dir='ltr'>parafredos</span> <span class='ocrx_word' id='word_1_589' title='bbox 2934 4128 3032 4178; x_wconf 89' lang='lat' dir='ltr'>aut</span> <span class='ocrx_word' id='word_1_590' title='bbox 3056 4125 3423 4195; x_wconf 88' lang='lat' dir='ltr'>fidejussores</span> <span class='ocrx_word' id='word_1_591' title='bbox 3455 4126 3573 4179; x_wconf 90' lang='lat' dir='ltr'>vio-</span> 
     </span>
    </p>
   </div>
   <div class='ocr_carea' id='block_1_87' title="bbox 1863 4211 3571 4283">
    <p class='ocr_par' dir='ltr' id='par_1_87' title="bbox 1863 4211 3571 4283">
     <span class='ocr_line' id='line_1_87' title="bbox 1863 4211 3571 4283; baseline 0.001 -17"><span class='ocrx_word' id='word_1_592' title='bbox 1863 4214 2047 4266; x_wconf 88' lang='lat' dir='ltr'>lenter</span> <span class='ocrx_word' id='word_1_593' title='bbox 2079 4213 2303 4277; x_wconf 87' lang='lat' dir='ltr'>tollere,</span> <span class='ocrx_word' id='word_1_594' title='bbox 2337 4212 2571 4265; x_wconf 89' lang='lat' dir='ltr'>clericos</span> <span class='ocrx_word' id='word_1_595' title='bbox 2603 4211 2863 4281; x_wconf 85' lang='lat' dir='ltr'>ejusdem</span> <span class='ocrx_word' id='word_1_596' title='bbox 2895 4213 3147 4267; x_wconf 87' lang='lat' dir='ltr'>ecclesia</span> <span class='ocrx_word' id='word_1_597' title='bbox 3186 4213 3245 4267; x_wconf 90' lang='lat' dir='ltr'>in</span> <span class='ocrx_word' id='word_1_598' title='bbox 3306 4214 3571 4283; x_wconf 86' lang='lat' dir='ltr'>personis</span> 
     </span>
    </p>
   </div>
   <div class='ocr_carea' id='block_1_88' title="bbox 84 4300 3568 4393">
    <p class='ocr_par' dir='ltr' id='par_1_88' title="bbox 84 4300 3568 4393">
     <span class='ocr_line' id='line_1_88' title="bbox 84 4300 3568 4393; baseline 0.002 -43"><span class='ocrx_word' id='word_1_599' title='bbox 84 4302 168 4353; x_wconf 60' lang='lat' dir='ltr'>:ire</span> <span class='ocrx_word' id='word_1_600' title='bbox 188 4305 413 4368; x_wconf 76' lang='lat' dir='ltr'>valeant,</span> <span class='ocrx_word' id='word_1_601' title='bbox 439 4309 681 4358; x_wconf 88' lang='lat' dir='ltr'>remota</span> <span class='ocrx_word' id='word_1_602' title='bbox 700 4302 1120 4373; x_wconf 89' lang='lat' dir='ltr'>inquietatione</span> <span class='ocrx_word' id='word_1_603' title='bbox 1145 4302 1408 4356; x_wconf 89' lang='lat' dir='ltr'>omnium</span> <span class='ocrx_word' id='word_1_604' title='bbox 1428 4301 1749 4356; x_wconf 87' lang='lat' dir='ltr'>hominum.</span> <span class='ocrx_word' id='word_1_605' title='bbox 1786 4340 1830 4393; x_wconf 67' lang='grc' dir='ltr'><strong>Β</strong></span> <span class='ocrx_word' id='word_1_606' title='bbox 1873 4302 1956 4355; x_wconf 86' lang='lat' dir='ltr'>vel</span> <span class='ocrx_word' id='word_1_607' title='bbox 1989 4301 2255 4355; x_wconf 88' lang='lat' dir='ltr'>domibus</span> <span class='ocrx_word' id='word_1_608' title='bbox 2290 4300 2407 4353; x_wconf 89' lang='lat' dir='ltr'>suis</span> <span class='ocrx_word' id='word_1_609' title='bbox 2438 4300 2669 4367; x_wconf 87' lang='lat' dir='ltr'>ladere,</span> <span class='ocrx_word' id='word_1_610' title='bbox 2691 4300 2779 4354; x_wconf 90' lang='lat' dir='ltr'>vel</span> <span class='ocrx_word' id='word_1_611' title='bbox 2810 4302 3075 4355; x_wconf 89' lang='lat' dir='ltr'>homines</span> <span class='ocrx_word' id='word_1_612' title='bbox 3114 4307 3230 4355; x_wconf 90' lang='lat' dir='ltr'>tam</span> <span class='ocrx_word' id='word_1_613' title='bbox 3261 4302 3568 4372; x_wconf 89' lang='lat' dir='ltr'>ingenuos,</span> 
     </span>
    </p>
   </div>
   <div class='ocr_carea' id='block_1_89' title="bbox 83 4390 1757 4463">
    <p class='ocr_par' dir='ltr' id='par_1_89' title="bbox 83 4390 1757 4463">
     <span class='ocr_line' id='line_1_89' title="bbox 83 4390 1757 4463; baseline 0.004 -24"><span class='ocrx_word' id='word_1_614' title='bbox 83 4390 121 4440; x_wconf 61' lang='lat' dir='ltr'>Si</span> <span class='ocrx_word' id='word_1_615' title='bbox 145 4393 253 4460; x_wconf 82' lang='lat' dir='ltr'>quis</span> <span class='ocrx_word' id='word_1_616' title='bbox 283 4399 473 4447; x_wconf 85' lang='lat' dir='ltr'>tamen</span> <span class='ocrx_word' id='word_1_617' title='bbox 499 4392 665 4463; x_wconf 88' lang='lat' dir='ltr'>quod</span> <span class='ocrx_word' id='word_1_618' title='bbox 697 4392 875 4445; x_wconf 88' lang='lat' dir='ltr'>absit!</span> <span class='ocrx_word' id='word_1_619' title='bbox 906 4392 1082 4461; x_wconf 87' lang='lat' dir='ltr'>hujus</span> <span class='ocrx_word' id='word_1_620' title='bbox 1122 4396 1331 4445; x_wconf 88' lang='lat' dir='ltr'>nostra</span> <span class='ocrx_word' id='word_1_621' title='bbox 1371 4390 1757 4445; x_wconf 82' lang='lat' dir='ltr'>conﬁrmatio-</span> 
     </span>
    </p>
   </div>
   <div class='ocr_carea' id='block_1_90' title="bbox 87 4478 1757 4549">
    <p class='ocr_par' dir='ltr' id='par_1_90' title="bbox 87 4478 1757 4549">
     <span class='ocr_line' id='line_1_90' title="bbox 87 4478 1757 4549; baseline 0.005 -24"><span class='ocrx_word' id='word_1_622' title='bbox 87 4478 146 4527; x_wconf 76' lang='lat' dir='ltr'>nis</span> <span class='ocrx_word' id='word_1_623' title='bbox 171 4481 387 4535; x_wconf 81' lang='lat' dir='ltr'>violator</span> <span class='ocrx_word' id='word_1_624' title='bbox 416 4482 711 4541; x_wconf 82' lang='lat' dir='ltr'>extiterit,</span> <span class='ocrx_word' id='word_1_625' title='bbox 780 4478 923 4533; x_wconf 89' lang='lat' dir='ltr'>sciat</span> <span class='ocrx_word' id='word_1_626' title='bbox 972 4496 1032 4532; x_wconf 91' lang='lat' dir='ltr'>se</span> <span class='ocrx_word' id='word_1_627' title='bbox 1090 4478 1547 4549; x_wconf 88' lang='lat' dir='ltr'>compositurum</span> <span class='ocrx_word' id='word_1_628' title='bbox 1599 4480 1757 4534; x_wconf 90' lang='lat' dir='ltr'>mille</span> 
     </span>
    </p>
   </div>
   <div class='ocr_carea' id='block_1_91' title="bbox 87 4564 1757 4637">
    <p class='ocr_par' dir='ltr' id='par_1_91' title="bbox 87 4564 1757 4637">
     <span class='ocr_line' id='line_1_91' title="bbox 87 4564 1757 4637; baseline 0.004 -22"><span class='ocrx_word' id='word_1_629' title='bbox 87 4564 221 4620; x_wconf 74' lang='lat' dir='ltr'>libras</span> <span class='ocrx_word' id='word_1_630' title='bbox 246 4573 384 4636; x_wconf 84' lang='lat' dir='ltr'>auri,</span> <span class='ocrx_word' id='word_1_631' title='bbox 416 4570 805 4625; x_wconf 88' lang='lat' dir='ltr'>medietatem</span> <span class='ocrx_word' id='word_1_632' title='bbox 839 4568 1073 4637; x_wconf 86' lang='lat' dir='ltr'>palatio,</span> <span class='ocrx_word' id='word_1_633' title='bbox 1100 4573 1157 4621; x_wconf 90' lang='lat' dir='ltr'>et</span> <span class='ocrx_word' id='word_1_634' title='bbox 1187 4568 1556 4621; x_wconf 89' lang='lat' dir='ltr'>medietatem</span> <span class='ocrx_word' id='word_1_635' title='bbox 1612 4583 1757 4637; x_wconf 85' lang='lat' dir='ltr'>pra-</span> 
     </span>
    </p>
   </div>
   <div class='ocr_carea' id='block_1_92' title="bbox 88 4653 1755 4721">
    <p class='ocr_par' dir='ltr' id='par_1_92' title="bbox 88 4653 1755 4721">
     <span class='ocr_line' id='line_1_92' title="bbox 88 4653 1755 4721; baseline 0.005 -20"><span class='ocrx_word' id='word_1_636' title='bbox 88 4653 186 4707; x_wconf 75' lang='lat' dir='ltr'>dicti</span> <span class='ocrx_word' id='word_1_637' title='bbox 212 4661 536 4712; x_wconf 88' lang='lat' dir='ltr'>monasterii</span> <span class='ocrx_word' id='word_1_638' title='bbox 568 4657 871 4711; x_wconf 82' lang='lat' dir='ltr'>fratribus.</span> <span class='ocrx_word' id='word_1_639' title='bbox 929 4655 1089 4719; x_wconf 86' lang='lat' dir='ltr'>Quod</span> <span class='ocrx_word' id='word_1_640' title='bbox 1145 4660 1206 4709; x_wconf 90' lang='lat' dir='ltr'>ut</span> <span class='ocrx_word' id='word_1_641' title='bbox 1234 4656 1424 4709; x_wconf 90' lang='lat' dir='ltr'>verius</span> <span class='ocrx_word' id='word_1_642' title='bbox 1472 4655 1755 4721; x_wconf 87' lang='lat' dir='ltr'>credatur,</span> 
     </span>
    </p>
   </div>
   <div class='ocr_carea' id='block_1_93' title="bbox 91 4742 1755 4817">
    <p class='ocr_par' dir='ltr' id='par_1_93' title="bbox 91 4742 1755 4817">
     <span class='ocr_line' id='line_1_93' title="bbox 91 4742 1755 4817; baseline 0.001 -21"><span class='ocrx_word' id='word_1_643' title='bbox 91 4757 224 4798; x_wconf 80' lang='lat' dir='ltr'>manu</span> <span class='ocrx_word' id='word_1_644' title='bbox 249 4748 473 4817; x_wconf 82' lang='lat' dir='ltr'>prepria</span> <span class='ocrx_word' id='word_1_645' title='bbox 517 4743 1022 4809; x_wconf 81' lang='lat' dir='ltr'>conﬁrmavimus,</span> <span class='ocrx_word' id='word_1_646' title='bbox 1068 4748 1383 4815; x_wconf 89' lang='lat' dir='ltr'>nostroque</span> <span class='ocrx_word' id='word_1_647' title='bbox 1437 4742 1626 4814; x_wconf 88' lang='lat' dir='ltr'>sigillo</span> <span class='ocrx_word' id='word_1_648' title='bbox 1682 4744 1755 4797; x_wconf 91' lang='lat' dir='ltr'>si-</span> 
     </span>
    </p>
   </div>
   <div class='ocr_carea' id='block_1_94' title="bbox 89 4834 553 4902">
    <p class='ocr_par' dir='ltr' id='par_1_94' title="bbox 89 4834 553 4902">
     <span class='ocr_line' id='line_1_94' title="bbox 89 4834 553 4902; baseline 0.013 -19"><span class='ocrx_word' id='word_1_649' title='bbox 89 4834 233 4895; x_wconf 62' lang='lat' dir='ltr'>gi‘iari</span> <span class='ocrx_word' id='word_1_650' title='bbox 255 4836 553 4902; x_wconf 86' lang='lat' dir='ltr'>jussimus.</span> 
     </span>
    </p>
   </div>
   <div class='ocr_carea' id='block_1_95' title="bbox 140 4921 1756 4990">
    <p class='ocr_par' dir='ltr' id='par_1_95' title="bbox 140 4921 1756 4990">
     <span class='ocr_line' id='line_1_95' title="bbox 140 4921 1756 4990; baseline -0.001 -13"><span class='ocrx_word' id='word_1_651' title='bbox 140 4921 337 4988; x_wconf 70' lang='lat' dir='ltr'>Signum</span> <span class='ocrx_word' id='word_1_652' title='bbox 358 4925 605 4978; x_wconf 68' lang='grc' dir='ltr'>Πρω-ἰοί</span> <span class='ocrx_word' id='word_1_653' title='bbox 646 4926 1015 4978; x_wconf 83' lang='lat' dir='ltr'>Romanorum</span> <span class='ocrx_word' id='word_1_654' title='bbox 1056 4922 1408 4976; x_wconf 85' lang='lat' dir='ltr'>invictissimi</span> <span class='ocrx_word' id='word_1_655' title='bbox 1464 4922 1756 4990; x_wconf 54' lang='lat' dir='ltr'>imperato-</span> 
     </span>
    </p>
   </div>
   <div class='ocr_carea' id='block_1_96' title="bbox 46 5011 399 5076">
    <p class='ocr_par' dir='ltr' id='par_1_96' title="bbox 46 5011 399 5076">
     <span class='ocr_line' id='line_1_96' title="bbox 46 5011 399 5076; baseline 0.011 -15"><span class='ocrx_word' id='word_1_656' title='bbox 46 5068 51 5071; x_wconf 97' lang='lat'><em>_</em></span> <span class='ocrx_word' id='word_1_657' title='bbox 88 5023 144 5057; x_wconf 76' lang='lat' dir='ltr'>ns</span> <span class='ocrx_word' id='word_1_658' title='bbox 167 5011 399 5076; x_wconf 74' lang='lat' dir='ltr'>Augusti.</span> 
     </span>
    </p>
   </div>
   <div class='ocr_carea' id='block_1_97' title="bbox 143 5096 1763 5165">
    <p class='ocr_par' dir='ltr' id='par_1_97' title="bbox 143 5096 1763 5165">
     <span class='ocr_line' id='line_1_97' title="bbox 143 5096 1763 5165; baseline 0.002 -18"><span class='ocrx_word' id='word_1_659' title='bbox 143 5097 459 5155; x_wconf 82' lang='lat' dir='ltr'>Guntherius</span> <span class='ocrx_word' id='word_1_660' title='bbox 498 5096 894 5154; x_wconf 89' lang='lat' dir='ltr'>cancellarius</span> <span class='ocrx_word' id='word_1_661' title='bbox 940 5096 1060 5152; x_wconf 91' lang='lat' dir='ltr'>vice</span> <span class='ocrx_word' id='word_1_662' title='bbox 1114 5097 1381 5152; x_wconf 84' lang='lat' dir='ltr'>Aribonis</span> <span class='ocrx_word' id='word_1_663' title='bbox 1411 5096 1763 5165; x_wconf 84' lang='lat' dir='ltr'>archicapel-</span> 
     </span>
    </p>
   </div>
   <div class='ocr_carea' id='block_1_98' title="bbox 94 5184 540 5259">
    <p class='ocr_par' dir='ltr' id='par_1_98' title="bbox 94 5184 540 5259">
     <span class='ocr_line' id='line_1_98' title="bbox 94 5184 540 5259; baseline 0.018 -25"><span class='ocrx_word' id='word_1_664' title='bbox 94 5184 179 5235; x_wconf 80' lang='lat' dir='ltr'>lani</span> <span class='ocrx_word' id='word_1_665' title='bbox 205 5191 540 5259; x_wconf 85' lang='lat' dir='ltr'>recognovit.</span> 
     </span>
    </p>
   </div>
   <div class='ocr_carea' id='block_1_99' title="bbox 149 5272 1763 5343">
    <p class='ocr_par' dir='ltr' id='par_1_99' title="bbox 149 5272 1763 5343">
     <span class='ocr_line' id='line_1_99' title="bbox 149 5272 1763 5343; baseline 0.002 -19"><span class='ocrx_word' id='word_1_666' title='bbox 149 5272 263 5327; x_wconf 83' lang='lat' dir='ltr'>Data</span> <span class='ocrx_word' id='word_1_667' title='bbox 287 5278 605 5331; x_wconf 81' lang='lat' dir='ltr'>indictione</span> <span class='ocrx_word' id='word_1_668' title='bbox 653 5293 728 5343; x_wconf 83' lang='lat' dir='ltr'>vi,</span> <span class='ocrx_word' id='word_1_669' title='bbox 783 5289 944 5327; x_wconf 90' lang='lat' dir='ltr'>anno</span> <span class='ocrx_word' id='word_1_670' title='bbox 982 5274 1291 5328; x_wconf 88' lang='lat' dir='ltr'>Dominica</span> <span class='ocrx_word' id='word_1_671' title='bbox 1351 5273 1763 5328; x_wconf 87' lang='lat' dir='ltr'>incarnationis</span> 
     </span>
    </p>
   </div>
   <div class='ocr_carea' id='block_1_100' title="bbox 96 5361 1763 5420">
    <p class='ocr_par' dir='ltr' id='par_1_100' title="bbox 96 5361 1763 5420">
     <span class='ocr_line' id='line_1_100' title="bbox 96 5361 1763 5420; baseline 0.004 -12"><span class='ocrx_word' id='word_1_672' title='bbox 96 5364 347 5419; x_wconf 72' lang='lat' dir='ltr'>millesimo</span> <span class='ocrx_word' id='word_1_673' title='bbox 371 5366 654 5420; x_wconf 84' lang='lat' dir='ltr'>vicesimo</span> <span class='ocrx_word' id='word_1_674' title='bbox 686 5362 888 5417; x_wconf 87' lang='lat' dir='ltr'>tertio.</span> <span class='ocrx_word' id='word_1_675' title='bbox 913 5364 1071 5416; x_wconf 79' lang='lat' dir='ltr'>Anno</span> <span class='ocrx_word' id='word_1_676' title='bbox 1100 5378 1235 5416; x_wconf 88' lang='lat' dir='ltr'>vero</span> <span class='ocrx_word' id='word_1_677' title='bbox 1294 5362 1491 5416; x_wconf 90' lang='lat' dir='ltr'>domni</span> <span class='ocrx_word' id='word_1_678' title='bbox 1538 5361 1763 5416; x_wconf 85' lang='lat' dir='ltr'>Henrici</span> 
     </span>
    </p>
   </div>
   <div class='ocr_carea' id='block_1_101' title="bbox 100 5444 1763 5521">
    <p class='ocr_par' dir='ltr' id='par_1_101' title="bbox 100 5444 1763 5521">
     <span class='ocr_line' id='line_1_101' title="bbox 100 5444 1763 5521; baseline 0.005 -26"><span class='ocrx_word' id='word_1_679' title='bbox 100 5444 131 5497; x_wconf 88' lang='lat' dir='ltr'>ll</span> <span class='ocrx_word' id='word_1_680' title='bbox 166 5456 427 5519; x_wconf 80' lang='lat' dir='ltr'>regnantis</span> <span class='ocrx_word' id='word_1_681' title='bbox 484 5453 772 5508; x_wconf 89' lang='lat' dir='ltr'>vicesimo</span> <span class='ocrx_word' id='word_1_682' title='bbox 833 5450 1101 5516; x_wconf 89' lang='lat' dir='ltr'>secundo,</span> <span class='ocrx_word' id='word_1_683' title='bbox 1163 5452 1504 5521; x_wconf 89' lang='lat' dir='ltr'>imperantis</span> <span class='ocrx_word' id='word_1_684' title='bbox 1569 5456 1763 5504; x_wconf 87' lang='lat' dir='ltr'>autem</span> 
     </span>
    </p>
   </div>
   <div class='ocr_carea' id='block_1_102' title="bbox 100 5538 372 5595">
    <p class='ocr_par' dir='ltr' id='par_1_102' title="bbox 100 5538 372 5595">
     <span class='ocr_line' id='line_1_102' title="bbox 100 5538 372 5595; baseline 0.033 -9"><span class='ocrx_word' id='word_1_685' title='bbox 100 5538 372 5595; x_wconf 83' lang='lat' dir='ltr'>undecimo.</span> 
     </span>
    </p>
   </div>
   <div class='ocr_carea' id='block_1_103' title="bbox 46 5627 1266 5687">
    <p class='ocr_par' dir='ltr' id='par_1_103' title="bbox 46 5627 1266 5687">
     <span class='ocr_line' id='line_1_103' title="bbox 46 5627 1266 5687; baseline 0.004 -10"><span class='ocrx_word' id='word_1_686' title='bbox 46 5667 63 5687; x_wconf 84' lang='grc'><em>,</em></span> <span class='ocrx_word' id='word_1_687' title='bbox 149 5627 323 5683; x_wconf 76' lang='lat' dir='ltr'>Actum</span> <span class='ocrx_word' id='word_1_688' title='bbox 353 5632 551 5686; x_wconf 82' lang='lat' dir='ltr'>Evodii</span> <span class='ocrx_word' id='word_1_689' title='bbox 580 5629 859 5686; x_wconf 78' lang='lat' dir='ltr'>feliciter.</span> <span class='ocrx_word' id='word_1_690' title='bbox 891 5628 1091 5684; x_wconf 82' lang='lat' dir='ltr'>Amen.</span> <span class='ocrx_word' id='word_1_691' title='bbox 1124 5628 1266 5683; x_wconf 82' lang='lat' dir='ltr'>Fiat.</span> 
     </span>
    </p>
   </div>
   <div class='ocr_carea' id='block_1_104' title="bbox 1871 4389 3572 4460">
    <p class='ocr_par' dir='ltr' id='par_1_104' title="bbox 1871 4389 3572 4460">
     <span class='ocr_line' id='line_1_104' title="bbox 1871 4389 3572 4460; baseline 0.001 -18"><span class='ocrx_word' id='word_1_692' title='bbox 1871 4389 2204 4457; x_wconf 88' lang='lat' dir='ltr'>libellarios,</span> <span class='ocrx_word' id='word_1_693' title='bbox 2265 4404 2555 4459; x_wconf 88' lang='lat' dir='ltr'>quamque</span> <span class='ocrx_word' id='word_1_694' title='bbox 2610 4405 2803 4442; x_wconf 79' lang='lat' dir='ltr'>servos</span> <span class='ocrx_word' id='word_1_695' title='bbox 2852 4389 2910 4442; x_wconf 92' lang='lat' dir='ltr'>in</span> <span class='ocrx_word' id='word_1_696' title='bbox 2970 4390 3429 4460; x_wconf 82' lang='lat' dir='ltr'>possessionibus</span> <span class='ocrx_word' id='word_1_697' title='bbox 3481 4391 3572 4443; x_wconf 90' lang='lat' dir='ltr'>vel</span> 
     </span>
    </p>
   </div>
   <div class='ocr_carea' id='block_1_105' title="bbox 1868 4477 3571 4548">
    <p class='ocr_par' dir='ltr' id='par_1_105' title="bbox 1868 4477 3571 4548">
     <span class='ocr_line' id='line_1_105' title="bbox 1868 4477 3571 4548; baseline 0 -17"><span class='ocrx_word' id='word_1_698' title='bbox 1868 4478 2265 4532; x_wconf 89' lang='lat' dir='ltr'>mansionibus</span> <span class='ocrx_word' id='word_1_699' title='bbox 2294 4478 2474 4547; x_wconf 90' lang='lat' dir='ltr'>ipsius</span> <span class='ocrx_word' id='word_1_700' title='bbox 2510 4477 2761 4530; x_wconf 89' lang='lat' dir='ltr'>ecclesia</span> <span class='ocrx_word' id='word_1_701' title='bbox 2820 4482 3269 4542; x_wconf 83' lang='lat' dir='ltr'>commanentes,</span> <span class='ocrx_word' id='word_1_702' title='bbox 3317 4482 3571 4548; x_wconf 86' lang='lat' dir='ltr'>potesta-</span> 
     </span>
    </p>
   </div>
   <div class='ocr_carea' id='block_1_106' title="bbox 1867 4563 3572 4635">
    <p class='ocr_par' dir='ltr' id='par_1_106' title="bbox 1867 4563 3572 4635">
     <span class='ocr_line' id='line_1_106' title="bbox 1867 4563 3572 4635; baseline 0 -16"><span class='ocrx_word' id='word_1_703' title='bbox 1867 4566 1980 4619; x_wconf 91' lang='lat' dir='ltr'>tive</span> <span class='ocrx_word' id='word_1_704' title='bbox 2011 4565 2377 4635; x_wconf 89' lang='lat' dir='ltr'>distringere,</span> <span class='ocrx_word' id='word_1_705' title='bbox 2413 4580 2516 4617; x_wconf 90' lang='lat' dir='ltr'>nec</span> <span class='ocrx_word' id='word_1_706' title='bbox 2549 4564 2693 4617; x_wconf 91' lang='lat' dir='ltr'>ullas</span> <span class='ocrx_word' id='word_1_707' title='bbox 2723 4563 2980 4634; x_wconf 87' lang='lat' dir='ltr'>publicas</span> <span class='ocrx_word' id='word_1_708' title='bbox 3012 4564 3448 4630; x_wconf 87' lang='lat' dir='ltr'>redhibitiones,</span> <span class='ocrx_word' id='word_1_709' title='bbox 3483 4566 3572 4619; x_wconf 90' lang='lat' dir='ltr'>vel</span> 
     </span>
    </p>
   </div>
   <div class='ocr_carea' id='block_1_107' title="bbox 1867 4651 3572 4723">
    <p class='ocr_par' dir='ltr' id='par_1_107' title="bbox 1867 4651 3572 4723">
     <span class='ocr_line' id='line_1_107' title="bbox 1867 4651 3572 4723; baseline -0.001 -15"><span class='ocrx_word' id='word_1_710' title='bbox 1867 4653 2095 4708; x_wconf 90' lang='lat' dir='ltr'>illicitas</span> <span class='ocrx_word' id='word_1_711' title='bbox 2149 4652 2489 4717; x_wconf 85' lang='lat' dir='ltr'>occasiones,</span> <span class='ocrx_word' id='word_1_712' title='bbox 2562 4651 2679 4704; x_wconf 89' lang='lat' dir='ltr'>sive</span> <span class='ocrx_word' id='word_1_713' title='bbox 2750 4652 3017 4720; x_wconf 87' lang='lat' dir='ltr'>angarias</span> <span class='ocrx_word' id='word_1_714' title='bbox 3099 4652 3572 4723; x_wconf 90' lang='lat' dir='ltr'>superimponere</span> 
     </span>
    </p>
   </div>
   <div class='ocr_carea' id='block_1_108' title="bbox 1869 4741 3576 4810">
    <p class='ocr_par' dir='ltr' id='par_1_108' title="bbox 1869 4741 3576 4810">
     <span class='ocr_line' id='line_1_108' title="bbox 1869 4741 3576 4810; baseline -0.002 -13"><span class='ocrx_word' id='word_1_715' title='bbox 1869 4744 2099 4810; x_wconf 88' lang='lat' dir='ltr'>audeat,</span> <span class='ocrx_word' id='word_1_716' title='bbox 2130 4742 2216 4796; x_wconf 91' lang='lat' dir='ltr'>vel</span> <span class='ocrx_word' id='word_1_717' title='bbox 2250 4741 2463 4795; x_wconf 90' lang='lat' dir='ltr'>inferre</span> <span class='ocrx_word' id='word_1_718' title='bbox 2495 4744 2830 4810; x_wconf 89' lang='lat' dir='ltr'>prasumat,</span> <span class='ocrx_word' id='word_1_719' title='bbox 2883 4744 3168 4810; x_wconf 89' lang='lat' dir='ltr'>quatenus</span> <span class='ocrx_word' id='word_1_720' title='bbox 3221 4756 3328 4809; x_wconf 89' lang='lat' dir='ltr'>pro</span> <span class='ocrx_word' id='word_1_721' title='bbox 3378 4744 3576 4794; x_wconf 89' lang='lat' dir='ltr'>nostra</span> 
     </span>
    </p>
   </div>
   <div class='ocr_carea' id='block_1_109' title="bbox 1868 4828 3575 4899">
    <p class='ocr_par' dir='ltr' id='par_1_109' title="bbox 1868 4828 3575 4899">
     <span class='ocr_line' id='line_1_109' title="bbox 1868 4828 3575 4899; baseline -0.003 -13"><span class='ocrx_word' id='word_1_722' title='bbox 1868 4831 2265 4886; x_wconf 88' lang='lat' dir='ltr'>incolumitate</span> <span class='ocrx_word' id='word_1_723' title='bbox 2295 4834 2560 4899; x_wconf 88' lang='lat' dir='ltr'>statuque</span> <span class='ocrx_word' id='word_1_724' title='bbox 2600 4828 2762 4897; x_wconf 84' lang='lat' dir='ltr'>regni</span> <span class='ocrx_word' id='word_1_725' title='bbox 2792 4828 2971 4881; x_wconf 90' lang='lat' dir='ltr'>nostri</span> <span class='ocrx_word' id='word_1_726' title='bbox 3004 4828 3347 4882; x_wconf 88' lang='lat' dir='ltr'>altissimum</span> <span class='ocrx_word' id='word_1_727' title='bbox 3380 4829 3575 4883; x_wconf 82' lang='lat' dir='ltr'>Domi-</span> 
     </span>
    </p>
   </div>
   <div class='ocr_carea' id='block_1_110' title="bbox 1870 4916 3573 4988">
    <p class='ocr_par' dir='ltr' id='par_1_110' title="bbox 1870 4916 3573 4988">
     <span class='ocr_line' id='line_1_110' title="bbox 1870 4916 3573 4988; baseline -0.002 -15"><span class='ocrx_word' id='word_1_728' title='bbox 1870 4935 2010 4973; x_wconf 90' lang='lat' dir='ltr'>num</span> <span class='ocrx_word' id='word_1_729' title='bbox 2031 4917 2252 4988; x_wconf 89' lang='lat' dir='ltr'>jugiter</span> <span class='ocrx_word' id='word_1_730' title='bbox 2298 4917 2490 4987; x_wconf 90' lang='lat' dir='ltr'>quiete</span> <span class='ocrx_word' id='word_1_731' title='bbox 2520 4916 2748 4969; x_wconf 89' lang='lat' dir='ltr'>valeant</span> <span class='ocrx_word' id='word_1_732' title='bbox 2776 4932 3032 4970; x_wconf 82' lang='lat' dir='ltr'>exorare.</span> <span class='ocrx_word' id='word_1_733' title='bbox 3069 4918 3309 4987; x_wconf 83' lang='lat' dir='ltr'>Insuper</span> <span class='ocrx_word' id='word_1_734' title='bbox 3360 4917 3573 4986; x_wconf 87' lang='lat' dir='ltr'>praci-</span> 
     </span>
    </p>
   </div>
   <div class='ocr_carea' id='block_1_111' title="bbox 1869 5005 3576 5077">
    <p class='ocr_par' dir='ltr' id='par_1_111' title="bbox 1869 5005 3576 5077">
     <span class='ocr_line' id='line_1_111' title="bbox 1869 5005 3576 5077; baseline -0.001 -17"><span class='ocrx_word' id='word_1_735' title='bbox 1869 5008 2061 5077; x_wconf 90' lang='lat' dir='ltr'>pimus</span> <span class='ocrx_word' id='word_1_736' title='bbox 2093 5012 2264 5076; x_wconf 88' lang='lat' dir='ltr'>atque</span> <span class='ocrx_word' id='word_1_737' title='bbox 2294 5006 2597 5058; x_wconf 85' lang='lat' dir='ltr'>statuimus</span> <span class='ocrx_word' id='word_1_738' title='bbox 2654 5010 2736 5065; x_wconf 84' lang='lat' dir='ltr'>ut,</span> <span class='ocrx_word' id='word_1_739' title='bbox 2780 5005 3165 5076; x_wconf 79' lang='lat' dir='ltr'>undecunque</span> <span class='ocrx_word' id='word_1_740' title='bbox 3224 5022 3255 5059; x_wconf 89' lang='lat' dir='ltr'>a</span> <span class='ocrx_word' id='word_1_741' title='bbox 3312 5009 3576 5075; x_wconf 89' lang='lat' dir='ltr'>tempore</span> 
     </span>
    </p>
   </div>
   <div class='ocr_carea' id='block_1_112' title="bbox 1868 5092 3577 5168">
    <p class='ocr_par' dir='ltr' id='par_1_112' title="bbox 1868 5092 3577 5168">
     <span class='ocr_line' id='line_1_112' title="bbox 1868 5092 3577 5168; baseline -0.004 -17"><span class='ocrx_word' id='word_1_742' title='bbox 1868 5094 2095 5168; x_wconf 86' lang='lat' dir='ltr'>prafati</span> <span class='ocrx_word' id='word_1_743' title='bbox 2127 5092 2316 5164; x_wconf 81' lang='lat' dir='ltr'>Magni</span> <span class='ocrx_word' id='word_1_744' title='bbox 2376 5092 2563 5147; x_wconf 91' lang='lat' dir='ltr'>Caroli</span> <span class='ocrx_word' id='word_1_745' title='bbox 2621 5094 2865 5163; x_wconf 88' lang='lat' dir='ltr'>legalem</span> <span class='ocrx_word' id='word_1_746' title='bbox 2912 5093 3307 5147; x_wconf 88' lang='lat' dir='ltr'>investituram</span> <span class='ocrx_word' id='word_1_747' title='bbox 3364 5092 3577 5147; x_wconf 88' lang='lat' dir='ltr'>habere</span> 
     </span>
    </p>
   </div>
   <div class='ocr_carea' id='block_1_113' title="bbox 1873 5179 3575 5254">
    <p class='ocr_par' dir='ltr' id='par_1_113' title="bbox 1873 5179 3575 5254">
     <span class='ocr_line' id='line_1_113' title="bbox 1873 5179 3575 5254; baseline -0.005 -14"><span class='ocrx_word' id='word_1_748' title='bbox 1873 5184 2233 5254; x_wconf 87' lang='lat' dir='ltr'>dignoscitur</span> <span class='ocrx_word' id='word_1_749' title='bbox 2256 5183 2377 5251; x_wconf 88' lang='lat' dir='ltr'>jam</span> <span class='ocrx_word' id='word_1_750' title='bbox 2410 5181 2561 5236; x_wconf 89' lang='lat' dir='ltr'>dicta</span> <span class='ocrx_word' id='word_1_751' title='bbox 2593 5182 2849 5249; x_wconf 89' lang='lat' dir='ltr'>ecclesia,</span> <span class='ocrx_word' id='word_1_752' title='bbox 2878 5183 3098 5235; x_wconf 90' lang='lat' dir='ltr'>nullam</span> <span class='ocrx_word' id='word_1_753' title='bbox 3156 5179 3575 5235; x_wconf 89' lang='lat' dir='ltr'>deminoratio-</span> 
     </span>
    </p>
   </div>
   <div class='ocr_carea' id='block_1_114' title="bbox 1873 5270 3574 5341">
    <p class='ocr_par' dir='ltr' id='par_1_114' title="bbox 1873 5270 3574 5341">
     <span class='ocr_line' id='line_1_114' title="bbox 1873 5270 3574 5341; baseline -0.004 -14"><span class='ocrx_word' id='word_1_754' title='bbox 1873 5288 2007 5327; x_wconf 90' lang='lat' dir='ltr'>nem</span> <span class='ocrx_word' id='word_1_755' title='bbox 2038 5271 2311 5341; x_wconf 89' lang='lat' dir='ltr'>quislibet</span> <span class='ocrx_word' id='word_1_756' title='bbox 2336 5270 2523 5323; x_wconf 88' lang='lat' dir='ltr'>facere</span> <span class='ocrx_word' id='word_1_757' title='bbox 2546 5274 2880 5339; x_wconf 80' lang='lat' dir='ltr'>prasumat,</span> <span class='ocrx_word' id='word_1_758' title='bbox 2911 5270 3021 5323; x_wconf 90' lang='lat' dir='ltr'>nisi</span> <span class='ocrx_word' id='word_1_759' title='bbox 3070 5270 3232 5339; x_wconf 89' lang='lat' dir='ltr'>prius</span> <span class='ocrx_word' id='word_1_760' title='bbox 3289 5273 3422 5322; x_wconf 89' lang='lat' dir='ltr'>ante</span> <span class='ocrx_word' id='word_1_761' title='bbox 3472 5284 3574 5321; x_wconf 90' lang='lat' dir='ltr'>no-</span> 
     </span>
    </p>
   </div>
   <div class='ocr_carea' id='block_1_115' title="bbox 1875 5356 3576 5430">
    <p class='ocr_par' dir='ltr' id='par_1_115' title="bbox 1875 5356 3576 5430">
     <span class='ocr_line' id='line_1_115' title="bbox 1875 5356 3576 5430; baseline -0.003 -16"><span class='ocrx_word' id='word_1_762' title='bbox 1875 5361 1973 5415; x_wconf 90' lang='lat' dir='ltr'>stri</span> <span class='ocrx_word' id='word_1_763' title='bbox 2005 5359 2373 5430; x_wconf 85' lang='lat' dir='ltr'>prasentiam</span> <span class='ocrx_word' id='word_1_764' title='bbox 2405 5358 2710 5429; x_wconf 85' lang='lat' dir='ltr'>judiciario</span> <span class='ocrx_word' id='word_1_765' title='bbox 2742 5374 2904 5413; x_wconf 90' lang='lat' dir='ltr'>more</span> <span class='ocrx_word' id='word_1_766' title='bbox 2928 5357 3265 5411; x_wconf 75' lang='lat' dir='ltr'>difﬁniatur.</span> <span class='ocrx_word' id='word_1_767' title='bbox 3298 5356 3576 5409; x_wconf 82' lang='lat' dir='ltr'>Jubemus</span> 
     </span>
    </p>
   </div>
   <div class='ocr_carea' id='block_1_116' title="bbox 1876 5445 3576 5519">
    <p class='ocr_par' dir='ltr' id='par_1_116' title="bbox 1876 5445 3576 5519">
     <span class='ocr_line' id='line_1_116' title="bbox 1876 5445 3576 5519; baseline -0.004 -17"><span class='ocrx_word' id='word_1_768' title='bbox 1876 5453 2155 5519; x_wconf 80' lang='lat' dir='ltr'>praterea</span> <span class='ocrx_word' id='word_1_769' title='bbox 2204 5451 2373 5517; x_wconf 90' lang='lat' dir='ltr'>atque</span> <span class='ocrx_word' id='word_1_770' title='bbox 2441 5446 2727 5499; x_wconf 90' lang='lat' dir='ltr'>sancimus</span> <span class='ocrx_word' id='word_1_771' title='bbox 2784 5451 2849 5499; x_wconf 87' lang='lat' dir='ltr'>ut</span> <span class='ocrx_word' id='word_1_772' title='bbox 2901 5445 3195 5499; x_wconf 84' lang='lat' dir='ltr'>universas</span> <span class='ocrx_word' id='word_1_773' title='bbox 3255 5448 3576 5496; x_wconf 85' lang='lat' dir='ltr'>commuta-</span> 
     </span>
    </p>
   </div>
   <div class='ocr_carea' id='block_1_117' title="bbox 1879 5531 3579 5606">
    <p class='ocr_par' dir='ltr' id='par_1_117' title="bbox 1879 5531 3579 5606">
     <span class='ocr_line' id='line_1_117' title="bbox 1879 5531 3579 5606; baseline -0.003 -15"><span class='ocrx_word' id='word_1_774' title='bbox 1879 5538 2083 5602; x_wconf 88' lang='lat' dir='ltr'>tiones,</span> <span class='ocrx_word' id='word_1_775' title='bbox 2116 5551 2259 5606; x_wconf 90' lang='lat' dir='ltr'>quas</span> <span class='ocrx_word' id='word_1_776' title='bbox 2285 5551 2417 5589; x_wconf 92' lang='lat' dir='ltr'>cum</span> <span class='ocrx_word' id='word_1_777' title='bbox 2450 5540 2613 5604; x_wconf 88' lang='lat' dir='ltr'>parte</span> <span class='ocrx_word' id='word_1_778' title='bbox 2637 5534 2839 5604; x_wconf 87' lang='lat' dir='ltr'>palatii</span> <span class='ocrx_word' id='word_1_779' title='bbox 2869 5533 3072 5595; x_wconf 90' lang='lat' dir='ltr'>nostri,</span> <span class='ocrx_word' id='word_1_780' title='bbox 3106 5548 3206 5585; x_wconf 89' lang='lat' dir='ltr'>seu</span> <span class='ocrx_word' id='word_1_781' title='bbox 3248 5547 3379 5585; x_wconf 90' lang='lat' dir='ltr'>cum</span> <span class='ocrx_word' id='word_1_782' title='bbox 3439 5531 3579 5586; x_wconf 59' lang='lat' dir='ltr'>reli—</span> 
     </span>
    </p>
   </div>
   <div class='ocr_carea' id='block_1_118' title="bbox 1881 5619 3579 5696">
    <p class='ocr_par' dir='ltr' id='par_1_118' title="bbox 1881 5619 3579 5696">
     <span class='ocr_line' id='line_1_118' title="bbox 1881 5619 3579 5696; baseline -0.004 -17"><span class='ocrx_word' id='word_1_783' title='bbox 1881 5625 2011 5696; x_wconf 89' lang='lat' dir='ltr'>quis</span> <span class='ocrx_word' id='word_1_784' title='bbox 2094 5623 2420 5693; x_wconf 87' lang='lat' dir='ltr'>episcopiis,</span> <span class='ocrx_word' id='word_1_785' title='bbox 2473 5623 2733 5687; x_wconf 86' lang='lat' dir='ltr'>abbatiis,</span> <span class='ocrx_word' id='word_1_786' title='bbox 2756 5619 3143 5682; x_wconf 89' lang='lat' dir='ltr'>comitatibus,</span> <span class='ocrx_word' id='word_1_787' title='bbox 3211 5619 3579 5673; x_wconf 82' lang='lat' dir='ltr'>xenodochiis</span> 
     </span>
    </p>
   </div>
  </div>
