3968 6406
361 380 462 432 375

1665 380 1718 433 8.
1765 377 2050 433 HENRICI
2091 376 2564 433 IMPERATORIS

3769 384 3888 436 376

358 501 624 572 publicis,
662 501 1061 570 Pergamensis
1112 501 1357 554 Ecclesia
1387 517 1417 553 a
1478 506 1736 572 tempore
1785 500 2067 571 praelibati
2097 503 2138 555 A
2181 501 2316 553 locis
2337 501 2550 555 habere
2600 505 2699 555 aut
2753 503 2981 572 paratas
3033 501 3334 572 exquirere
3391 508 3722 574 praesumat,
3777 504 3892 556 sed

366 590 557 658 magni
589 589 958 659 imperatoris
987 589 1170 643 Caroli
1211 605 1391 658 usque
1418 589 1474 642 in
1510 605 1763 658 praesens
1804 589 2067 658 legaliter

365 680 540 732 factas
567 677 792 744 habeat,
817 676 1148 729 inconvulsa
1179 677 1296 745 (sic)
1329 677 1592 743 retineat,
1627 677 2062 746 perpetualiter-

367 781 478 836 que
509 764 798 834 possideat
830 766 1046 834 absque
1068 766 1185 818 ulla
1207 765 1267 817 in
1285 771 1574 834 posterum
1596 765 2061 829 contradictione,

367 871 466 908 seu
489 854 716 924 publica
739 854 1079 922 repetitione
1124 854 1275 906 salvo
1303 853 1692 923 inviolatoque
1719 853 1849 922 jure
1889 853 2066 923 ipsius

366 942 636 996 ecclesiae.
693 942 1030 1011 Quicunque
1091 946 1280 994 autem
1341 941 1511 1009 hujus
1554 941 1734 993 nostri
1791 941 2069 1010 praecepti

369 1031 774 1101 praevaricator
803 1031 1068 1084 inventus
1118 1029 1309 1094 fuerit,
1371 1045 1432 1081 ac
1491 1029 1902 1098 comprobatus
1958 1029 2069 1082 im-

369 1118 664 1173 manitatis
704 1135 930 1187 poenam
985 1118 1166 1171 eidem
1227 1117 1477 1170 ecclesia:
1525 1117 1582 1169 in
1624 1118 1862 1186 triginta
1911 1117 2070 1171 libris

371 1208 496 1262 auri
521 1209 774 1262 futuram
805 1208 1168 1261 concedimus
1202 1207 1525 1277 persolvere
1551 1207 1782 1261 simibet
1812 1212 2067 1277 cogatur.

372 1298 436 1349 Et
493 1303 552 1348 ut
611 1297 728 1349 haec
762 1301 967 1348 nostra:
1025 1294 1480 1348 conﬁrmationis
1538 1311 1638 1347 seu
1688 1295 2071 1347 concessionis

370 1389 542 1454 atque
578 1384 959 1437 immunitatis
986 1383 1196 1436 futuris
1226 1383 1582 1452 temporibus
1610 1383 1894 1437 illibatum
1921 1383 2071 1437 obti-

371 1477 502 1524 neat
533 1472 726 1537 robur,
769 1487 946 1524 manu
1001 1471 1234 1542 propria
1290 1471 1606 1538 ﬁrmantes,
1629 1471 1818 1540 sigillo
1874 1476 2072 1525 nostro

371 1560 607 1629 sigillari
630 1559 930 1629 jussimus.

1101 1667 1342 1722 CXXXII.

2177 590 2258 642 eis
2289 590 2458 642 liceat
2489 590 2683 660 quieto
2712 591 2914 644 ordine
2953 590 3183 660 degere,
3243 593 3588 662 regulariter
3631 592 3897 646 Domino

2179 678 2446 742 militari;
2481 679 2772 732 teloneum
2813 679 3280 749 videlicet,juxta
3326 681 3589 751 antiquas
3628 686 3899 734 anteces-

2179 782 2371 819 sorum
2423 770 2752 820 nostrorum
2807 767 3220 833 concessiones,
3286 768 3354 821 ab
3388 769 3468 821 eis
3523 770 3612 822 vel
3679 785 3903 822 eorum

2179 855 2511 908 hominibus
2548 871 2650 924 per
2678 870 2879 908 omnes
2939 855 3105 925 regni
3151 856 3336 910 nostri
3381 857 3546 924 ﬁnes,
3595 874 3789 928 neque
3839 858 3906 910 in

2177 944 2338 1008 urbe,
2375 959 2560 1014 neque
2588 943 2648 995 in
2687 944 2797 1010 via,
2846 958 3033 1014 neque
3101 944 3173 997 ad
3229 949 3454 1014 pontes,
3517 961 3612 998 sex
3673 945 3905 1015 aliquae

2181 1033 2463 1086 stricturas
2496 1032 2829 1085 nullomodo
2885 1032 3237 1102 accipiantur
3289 1034 3376 1086 vel
3419 1039 3778 1104 quaerantur.
3833 1035 3907 1087 Et

2180 1124 2242 1173 ut
2302 1121 2408 1173 hoc
2453 1125 2663 1173 nostrae
2719 1120 3174 1174 conﬁrmationis
3235 1128 3585 1192 praeceptum
3645 1123 3904 1176 ﬁrmum

2182 1208 2494 1279 stabileque
2527 1213 2883 1278 permaneat,
2919 1224 3092 1262 manu
3145 1213 3340 1262 nostra
3387 1210 3526 1264 illud
3586 1210 3905 1264 subterﬁr-

2181 1297 2484 1362 mavimus,
2518 1297 2808 1368 sigillique
2835 1297 3016 1350 nostri
3051 1297 3428 1368 impressione
3461 1298 3678 1369 ingniri
3738 1315 3909 1370 pras-

2182 1385 2458 1454 cepimus.

2256 1475 2488 1539 Signum
2519 1473 2704 1526 domni
2731 1475 2954 1527 Henrici
2978 1475 3342 1528 Romanorum
3397 1474 3750 1528 invictissimi
3794 1475 3912 1526 im-

2180 1565 2453 1632 peratoris
2483 1564 2738 1630 Augusti.

2259 1651 2608 1704 Guntherius
2671 1650 3064 1717 cancellarins,
3127 1649 3248 1704 vice
3315 1648 3584 1704 Aribonis
3633 1648 3908 1702 archica-

370 1775 704 1840 Prwceptum
751 1773 806 1827 S.
859 1774 1079 1826 chrici
1130 1774 1476 1841 imperatoris
1509 1773 1845 1838 Degenhario
1888 1770 1937 1824 at

1231 1774 1476 1825 ieratoris
1509 1773 1845 1838 Degenhario
1888 1770 2077 1824 abbati
2111 1784 2150 1836 Β
2185 1738 2421 1841 Ρθξξδξλίν
2450 1738 2798 1841 Γθοτῗὲἱηοξξῖῖ

444 1845 777 1896 Morbuccnsi
826 1859 1148 1896 concessum.
1213 1872 1276 1883 —
1326 1845 1647 1897 Monasterii
1699 1843 1998 1910 privilegia
2027 1846 2079 1896 et

438 1916 533 1982 jus
563 1914 798 1980 eligendi
826 1915 1040 1967 abbatis
1071 1913 1377 1982 conﬁrmat.

1016 2002 1202 2067 (Anno
1259 1999 1440 2069 1023.)

378 2092 614 2159 [Marten
649 2131 661 2155 ,
698 2090 953 2144 Thesaur.
981 2089 1190 2142 Anecd.
1240 2089 1282 2153 Ι,
1318 2089 1440 2156 143,
1489 2103 1556 2141 ea:
1612 2089 1891 2141 chartario
1934 2088 2077 2140 Mor-

1101 2159 1358 2227 bacensi.]

450 2267 514 2319 In
538 2265 773 2319 nomine
795 2269 1006 2317 sanctae
1030 2268 1088 2317 et
1106 2263 1417 2317 individuae
1438 2262 1752 2328 Trinitatis,
1776 2261 2082 2331 Henricus,

380 2354 572 2407 divina
655 2354 877 2406 favente
934 2352 1260 2418 clementia,
1318 2352 1708 2406 Romanorum
1769 2351 2084 2420 imperator

383 2445 692 2510 Augustus.

456 2529 512 2584 Si
536 2531 657 2582 loca
695 2529 901 2582 divinis
959 2529 1204 2583 cultibus
1253 2529 1582 2599 mancipata
1639 2533 1878 2598 propter
1932 2545 2086 2582 amo-

389 2633 511 2670 rem
576 2618 674 2671 Dei
723 2619 994 2682 ditamus,
1057 2623 1113 2671 et
1163 2618 1221 2670 in
1274 2618 1489 2671 eisdem
1544 2617 1681 2670 locis
1739 2617 1845 2671 sibi
1896 2617 2082 2671 famu-

384 2707 632 2760 lantibus
662 2706 935 2759 beneﬁcia
957 2710 1283 2776 opportuna
1315 2706 1614 2776 largimur,
1648 2706 1952 2775 praemium
1975 2722 2084 2759 no-

385 2794 472 2846 bis
501 2795 652 2863 apud
689 2795 866 2846 Deum
892 2799 1120 2847 mternm
1150 2795 1629 2847 remunerationis
1659 2794 1900 2863 rependi
1950 2810 2084 2847 con-

387 2882 637 2936 fidimus.
685 2883 927 2934 Proinde
959 2883 1219 2935 omnium
1256 2883 1510 2936 fidelium
1552 2888 1903 2949 nostrorum,
1966 2887 2082 2935 tam

389 2970 762 3041 praesentium
802 2986 974 3040 quam
1031 2975 1086 3023 et
1115 2971 1464 3038 futurorum,
1513 2971 1737 3024 noverit
1801 2971 2085 3025 industria

2263 1828 2396 1880 Data
2431 1841 2500 1879 vn
2533 1826 2656 1879 Kal.
2709 1826 2968 1880 Octobris
2998 1825 3203 1880 indict.
3269 1843 3343 1892 vi,
3386 1842 3536 1880 anno
3577 1825 3911 1880 Dominicm

2189 1914 2605 1967 incarnationis
2669 1916 2825 1980 1023,
2867 1931 3018 1968 anno
3075 1931 3208 1968 vero
3267 1914 3468 1968 domui
3525 1914 3762 1970 Henrici
3821 1931 3912 1968 se-

2189 2001 2383 2067 cundi,
2418 2001 2708 2070 regnantis
2737 2004 2826 2064 22,
2869 2001 3098 2071 imperii
3130 2005 3320 2056 autem
3348 2005 3432 2056 tl.

2261 2091 2466 2143 Actum
2500 2089 2730 2144 Basileac
2761 2089 3018 2144 feliciter.
3040 2093 3242 2144 Amen.

2904 2197 3155 2250 CXXXIII
3165 2237 3177 2248 .

2194 2302 2249 2357 S.
2305 2301 2541 2355 Henrici
2587 2303 2719 2370 imp.
2779 2307 3105 2371 praeceptum
3149 2317 3248 2372 per
3301 2303 3447 2372 quod
3464 2305 3627 2370 gravi
3659 2303 3913 2358 dissidio

2263 2374 2406 2425 inter
2472 2373 2916 2427 Wormatiensem
2975 2374 3267 2427 Ecclesium
3346 2379 3398 2428 et
3465 2377 3916 2430 Lauriteimense

2263 2444 2556 2497 cmnobium
2584 2444 2803 2498 suborto
2831 2446 2990 2512 ﬁnem
3020 2447 3269 2512 imponit.

2835 2532 3023 2597 (Anno
3075 2531 3254 2601 1023.)

2391 2618 2723 2688 [Schannat,
2754 2619 3122 2687 Episcopatus
3153 2621 3440 2686 Wormat.,
3474 2621 3546 2687 Ῑῐ,
3579 2621 3693 2690 43.]

2265 2707 2330 2760 In
2359 2706 2595 2760 nomine
2648 2711 2855 2760 sancta
2905 2713 2962 2760 et
3021 2707 3328 2761 individuaa
3383 2708 3695 2775 Trinitatis,
3749 2712 3922 2766 HEN-

2194 2813 2368 2863 uicus,
2407 2797 2602 2850 divina
2627 2796 2850 2850 favente
2881 2797 3186 2850 clementia
3237 2797 3554 2867 imperator
3585 2803 3917 2868 Augustus.

2268 2886 2472 2938 Notum
2507 2886 2578 2938 sit
2607 2889 2662 2937 et
2693 2886 2940 2955 qualiter
2982 2885 3208 2938 assidua
3256 2887 3637 2956 proclamatio
3676 2895 3918 2943 nostras

2195 2988 2361 3026 aures
2389 2973 2767 3042 inquietabat,
2802 2973 2875 3026 ob
2901 2973 3241 3026 inveteratas
3282 2979 3340 3027 et
3374 2974 3703 3046 frequentes
3767 2995 3914 3031 con-

391 3057 525 3127 quia
565 3057 649 3110 vir
699 3058 1042 3110 venerabilis
1085 3057 1496 3126 Degenhardus
1553 3058 1726 3110 abbas
1781 3073 1848 3110 ex
1900 3074 2090 3111 mona-
2123 3060 2163 3113 C
2201 3061 2486 3116 tentiones
2517 3066 2572 3114 et
2602 3061 2673 3114 ob
2700 3061 3064 3114 immarcidas
3124 3061 3455 3116 inimicitias
3494 3080 3623 3134 quin
3663 3081 3912 3136 semper

391 3147 562 3198 sterio
621 3144 902 3206 Morbach,
963 3145 1119 3213 quod
1167 3151 1251 3197 est
1303 3151 1695 3199 constructum
1745 3146 1802 3198 in
1871 3146 2088 3200 honore

391 3237 597 3286 sanctas
656 3233 757 3286 Dei
826 3233 1118 3300 genitricis
1184 3249 1526 3303 semperque
1587 3233 1821 3302 virginis
1878 3235 2088 3298 Mariae,

393 3321 688 3389 sanctique
774 3321 923 3372 Petri
979 3320 1254 3389 principis
1312 3323 1723 3390 apostolornm,
1798 3328 1855 3375 et
1912 3322 2091 3374 sancti

395 3407 727 3476 Leodegarii
781 3408 1042 3476 martyris
1120 3413 1175 3459 et
1261 3408 1530 3478 episcopi,
1601 3409 1806 3462 detulit
1879 3409 2093 3462 obtuti-

396 3496 502 3548 bus
562 3495 771 3549 nostris
829 3496 1138 3549 auctoritas
1195 3497 1631 3550 immunitatum
1711 3497 1910 3550 domui
1996 3497 2094 3551 Ot-

395 3583 549 3636 tonis
609 3584 842 3636 secundi
895 3584 1282 3637 Romanorum
1322 3585 1706 3654 imperatoris,
1773 3586 1831 3637 in
1889 3585 2097 3655 quibus

397 3673 796 3726 continebatur
827 3673 1105 3725 insertum
1141 3672 1388 3742 qualiter
1443 3673 1631 3742 ipsum
1684 3675 2096 3728 monasterium

397 3777 526 3814 cum
587 3761 756 3813 rebus
811 3766 868 3814 et
943 3761 1275 3814 hominibus
1323 3761 1430 3814 sibi
1484 3761 1636 3829 juste
1684 3762 1972 3831 subjectis,
2023 3764 2097 3816 ob

398 3864 657 3902 amorem
717 3848 835 3908 Dei,
891 3849 1368 3919 tranquillitatem
1414 3849 1654 3902 fratrum
1688 3849 1900 3903 ibidem
1961 3867 2098 3903 con-

400 3936 746 3997 sistentium,
781 3936 883 3987 sub
917 3936 1254 4005 plenissima
1281 3937 1610 3990 defensione
1656 3953 1858 3990 eorum
1899 3944 1954 3990 et
1988 3939 2096 3991 im-

404 4024 696 4075 munitatis
726 4023 965 4075 tuitione
999 4024 1344 4090 haberetur;
1373 4030 1428 4076 et
1462 4041 1566 4093 pro
1595 4025 1679 4077 rei
1707 4026 1880 4078 totius
1910 4026 2096 4079 ﬁrmi-

399 4115 513 4162 tate
570 4109 905 4162 charissima
963 4117 1157 4162 nostra
1208 4111 1538 4164 contectalis
1607 4111 2098 4181 Cunigunda,Ar-

403 4197 657 4267 gentinae.
688 4197 928 4250 civitatis
977 4199 1323 4251 Verenhario
1383 4199 1648 4267 episcopo
1703 4200 1932 4267 comite,
1995 4217 2100 4254 nos

405 4285 710 4354 postulavit
735 4289 797 4336 ut
833 4285 1232 4352 hujuscemodi
1261 4290 1473 4339 nostra:
1513 4288 1865 4340 auctoritatis
1888 4289 2099 4342 immu-

404 4375 644 4427 nitatem
686 4389 824 4441 erga
865 4372 1054 4442 ipsum
1114 4376 1549 4439 monasterium,
1607 4377 1680 4428 ob
1721 4378 2098 4430 reverentiam

404 4463 581 4532 ipsius
638 4461 816 4514 sancti
867 4463 996 4525 loci,
1057 4463 1166 4516 hac
1209 4467 1406 4516 nostra
1463 4478 1871 4517 reuovaremus
1929 4469 2102 4534 atque

404 4551 876 4604 conﬁrmaremus
919 4551 1278 4605 auctoritate.
1317 4552 1426 4604 Nos
1456 4567 1592 4604 vero
1649 4552 1938 4620 petitioni,
2000 4569 2102 4622 pro

404 4639 504 4692 Dei
534 4655 728 4692 amore
785 4645 842 4692 et
888 4645 1096 4692 nostras
1135 4639 1416 4694 mercedis
1463 4646 1798 4710 augmento,
1861 4640 2104 4695 libenter

406 4727 735 4789 annuimus,
768 4731 823 4780 et
841 4729 944 4780 hoc
973 4735 1326 4797 praeceptum
1353 4729 1488 4782 inde
1509 4728 2099 4798 conscribijussimus,

407 4829 510 4881 per
549 4815 701 4882 quod
733 4814 812 4865 eis
844 4816 1038 4867 omnia
1062 4817 1181 4868 loca
1203 4832 1354 4885 quae,
1387 4817 1474 4870 vel
1505 4821 1763 4886 tempore
1792 4816 2105 4870 Eberhardi

408 4904 464 4953 et
494 4901 824 4964 Luidefridi,
856 4903 1051 4955 usibus
1079 4920 1279 4956 eorum
1318 4920 1584 4957 concessa
1615 4910 1766 4970 sunt,
1820 4909 1876 4958 et
1931 4905 2103 4958 modo

408 4989 468 5041 in
500 5004 700 5041 eorum
729 4989 1005 5041 vestitura
1050 4995 1301 5054 tenetur,
1338 4993 1408 5044 ad
1447 5009 1617 5045 suum
1677 4993 1992 5063 peculiare;
2051 4999 2106 5047 et

409 5093 538 5147 quae
591 5075 800 5145 injuste
859 5076 1138 5129 abstracta
1179 5086 1512 5143 noscuntur,
1572 5086 1768 5133 nostra
1818 5082 2105 5151 imperiali

354 5167 361 5180 '
407 5165 743 5218 auctoritate
801 5162 993 5215 omnia
1051 5163 1132 5215 eis
1192 5166 1558 5218 concedimus
1619 5184 1681 5219 ac
1737 5169 2101 5235 roboramus;

407 5253 604 5322 eisque
657 5251 806 5303 inter
864 5266 921 5302 se
954 5251 1204 5318 eligendi
1257 5252 1521 5304 abbatem
1554 5253 1654 5322 qui
1685 5253 1905 5308 eisdem
1935 5258 2106 5310 rebus

407 5341 650 5394 fratrum
682 5353 927 5408 praeesse
961 5337 1160 5406 possit,
1217 5340 1678 5409 quandocumque
1727 5357 1956 5396 necesse
2009 5345 2102 5410 sit,

408 5429 654 5480 liberum
681 5426 1046 5479 concedimus
1075 5425 1398 5479 arbitrium.
1431 5428 1669 5497 Insuper
1702 5431 1873 5484 etiam
1922 5432 2104 5502 impe-

409 5515 536 5568 riali
567 5520 790 5583 sceptro
821 5514 1107 5567 sancimus
1137 5519 1200 5566 ut
1249 5514 1440 5567 nullus
1500 5531 1712 5582 comes,
1769 5522 1868 5571 aut
1907 5520 2101 5588 judex,

408 5617 507 5654 seu
533 5603 801 5670 quaelibet
831 5607 1158 5672 praepotens
1192 5617 1460 5670 persona,
1511 5605 1838 5659 mansiones
1887 5607 1948 5661 in
1989 5608 2102 5662 illis

2201 3154 2365 3202 erant
2402 3149 2551 3201 inter
2585 3149 3057 3203 Wormatiensem
3108 3150 3438 3220 episcopum
3485 3157 3542 3204 et
3584 3153 3918 3208 Lauresha-

2202 3251 2456 3289 mensem
2484 3236 2768 3302 abbatem,
2817 3242 2873 3290 et
2897 3237 3049 3290 inter
3087 3237 3332 3291 familias
3360 3243 3741 3309 utrarumque
3812 3243 3918 3293 Ec-

2204 3323 2533 3388 clesiarum;
2565 3341 2694 3394 quin
2721 3325 2838 3393 jam
2873 3325 2933 3378 in
2953 3329 3173 3378 tantum
3201 3326 3585 3391 invaluerunt,
3619 3332 3684 3380 ut
3726 3329 3917 3382 etiam

2206 3411 2650 3466 innumerabilia
2683 3413 2833 3466 inter
2884 3429 2942 3465 se
2972 3412 3178 3466 ﬁerent
3225 3413 3556 3479 homicidia,
3588 3419 3643 3467 et
3673 3415 3733 3468 in
3805 3418 3921 3470 hoc

2206 3500 2517 3554 maximum
2545 3501 2953 3554 detrimentum
2988 3505 3229 3570 utraque
3284 3507 3580 3571 pateretur
3637 3504 3918 3560 Ecclesia.

2208 3590 2568 3658 Quapropter
2592 3605 2720 3642 cum
2753 3589 2993 3643 consilio
3025 3605 3287 3643 meorum
3343 3589 3601 3644 ﬁdelium
3651 3591 3705 3644 id
3759 3593 3923 3647 ordi-

2207 3693 2346 3730 nare
2367 3677 2652 3746 disposui;
2680 3678 2737 3731 in
2767 3677 2971 3747 primis
3003 3677 3270 3748 praecepi,
3307 3684 3364 3732 et
3389 3679 3460 3732 ad
3492 3679 3596 3732 hoc
3624 3684 3923 3751 peragen-

2208 3765 2344 3818 dum
2377 3781 2533 3817 meos
2563 3765 2794 3818 nuntios
2821 3765 2971 3826 misi,
3004 3769 3067 3818 ut
3091 3766 3279 3819 omnis
3300 3765 3601 3836 injustitia,
3631 3783 3765 3837 quae
3793 3767 3924 3837 jam

2209 3869 2312 3923 per
2359 3853 2539 3906 multa
2594 3859 2854 3922 tempora
2920 3869 2988 3906 ex
3051 3859 3296 3924 utraque
3353 3859 3514 3923 parte
3591 3855 3926 3911 incorrecta

2209 3944 2623 4008 permanserat,
2671 3941 2744 3994 ab
2781 3940 3065 3994 advocatis
3089 3941 3321 3994 illorum
3349 3941 3621 4012 utrinque
3659 3944 3928 4012 pleniter

2207 4028 2620 4097 corrigeretur;
2675 4028 2825 4081 etde
2857 4028 2991 4082 hinc
3045 4029 3387 4098 provideant
3434 4046 3506 4083 ne
3564 4030 3700 4083 talia
3759 4034 3923 4102 apud

2211 4116 2340 4170 illos
2397 4117 2476 4168 sic
2530 4116 2948 4170 inveterescant
3008 4121 3084 4183 et,
3173 4117 3218 4170 si
3264 4117 3460 4188 aliqua
3545 4135 3691 4171 nova
3774 4136 3927 4174 con-

2209 4204 2414 4270 tentio,
2446 4205 2592 4269 quod
2623 4203 2795 4258 absit!
2829 4205 2981 4258 inter
3010 4205 3138 4259 illos
3173 4210 3516 4272 remaneret,
3569 4207 3720 4260 istud
3783 4225 3923 4262 con-

2212 4292 2372 4346 stitui
2427 4293 2769 4346 decretum:
2817 4292 2864 4345 si
2917 4293 3045 4363 quis
3096 4309 3161 4347 ex
3219 4293 3436 4348 familia
3503 4295 3683 4347 sancti
3761 4297 3926 4349 Petri

2211 4380 2638 4433 Wormatiensis
2665 4381 2915 4450 aliquem
2953 4397 3017 4434 ex
3047 4381 3266 4435 familia
3323 4381 3500 4435 sancti
3550 4383 3793 4452 Nazary,
3835 4386 3924 4437 vel

2214 4468 2552 4522 econtrario
2581 4468 2790 4538 aliquis
2841 4485 2904 4522 ex
2938 4469 3156 4523 familia
3201 4470 3383 4523 sancti
3445 4471 3660 4539 Nazary
3708 4486 3928 4540 quem-

2213 4572 2386 4627 quam
2459 4571 2756 4609 servorum
2839 4557 3016 4610 sancti
3069 4557 3218 4610 Petri
3248 4557 3608 4628 insequatur,
3667 4561 3728 4611 et
3775 4577 3927 4613 ausu

2216 4643 2523 4699 temerario
2556 4649 2612 4697 et
2633 4650 2854 4698 armata
2879 4660 3058 4698 manu
3105 4644 3358 4716 aliquem
3402 4645 3473 4698 ad
3531 4645 3925 4701 occidendum

2214 4733 2301 4786 vel
2332 4733 2399 4785 ad
2433 4733 2881 4801 depraedandum
2910 4733 3033 4802 ejus
3059 4738 3299 4799 curtem,
3350 4733 3466 4785 sive
3514 4735 3635 4802 ejus
3675 4732 3926 4789 domum

2214 4821 2536 4889 infregerit,
2592 4825 2648 4874 et
2677 4837 2809 4873 eum
2851 4821 3302 4891 impugnaverit,
3364 4825 3420 4874 et
3463 4821 3508 4874 si
3533 4822 3628 4874 ille
3661 4821 3934 4893 effugerit

2215 4909 2304 4962 vel
2334 4923 2565 4978 quoquo
2597 4907 2765 4960 modo
2797 4907 2868 4961 ab
2895 4909 3017 4976 ejus
3039 4909 3448 4978 impugnatore
3480 4925 3539 4962 se
3562 4909 3930 4977 liberaverit;

2216 4995 2320 5063 illi,
2378 4995 2477 5066 qui
2507 4995 2678 5064 hujus
2710 4996 2963 5049 audacias
2985 5001 3040 5049 et
3070 4997 3383 5050 invasionis
3429 4997 3540 5051 dux
3568 5003 3626 5050 et
3651 4998 3931 5068 princeps

2216 5084 2411 5151 fuerit,
2442 5083 2717 5135 tollantur
2773 5083 3082 5137 coriarium
3113 5089 3170 5137 et
3207 5084 3417 5155 capilli,
3483 5089 3538 5138 et
3569 5085 3812 5155 insuper
3871 5089 3930 5141 in

2216 5176 2462 5240 utraque
2493 5170 2724 5223 maxilla
2754 5170 2906 5224 ferro
2958 5171 3028 5224 ad
3075 5173 3182 5225 hoc
3237 5173 3382 5226 facto
3431 5172 3605 5226 etiam
3650 5175 3929 5228 candenti

2217 5262 2465 5312 cratetur
2497 5262 2555 5310 et
2607 5259 3006 5324 comburatur;
3065 5260 3273 5330 reliqui
3308 5261 3431 5329 ejus
3478 5276 3753 5330 sequaces
3795 5269 3929 5316 cute

2216 5345 2505 5415 etcapillis
2537 5345 2852 5414 priventnr.
2901 5347 2957 5400 Si
3007 5352 3198 5401 autem
3248 5347 3326 5400 ibi
3372 5348 3664 5414 occiderit,
3720 5365 3926 5403 omnes

2216 5433 2315 5503 qui
2342 5433 2737 5502 hujuscemodi
2780 5433 3073 5488 homicidii
3101 5436 3188 5488 vel
3244 5434 3553 5489 invasionis
3606 5437 3924 5507 participes

2215 5526 2366 5585 sunt,
2409 5525 2536 5572 cute
2593 5524 2648 5573 et
2695 5521 2915 5590 capillis
2972 5523 3233 5591 perditis,
3295 5524 3620 5594 supradicta
3676 5525 3919 5579 combu-

2215 5609 2400 5660 stione
2426 5607 2748 5677 signentur,
2774 5625 2838 5663 ac
2881 5611 3261 5680 weregeldum
3309 5611 3479 5666 occisi
3519 5611 3758 5666 domino
3812 5629 3915 5667 suo
