4166 6412
114 388 230 440 377

1412 391 1809 448 DIPLOMATA
1849 394 2397 450 ECCLESIASTICA.

3530 401 3636 453 3'78

110 513 334 560 auctor
356 508 661 562 homicidii
693 511 997 579 persolvat,
1024 514 1079 565 et
1108 527 1237 565 cum
1285 513 1557 581 proximis
1590 516 1839 585 ejusdem
1878 519 1915 570 A
1958 516 2056 569 rici
2137 516 2369 569 secundi
2435 515 2725 584 regnantis
2806 532 2910 580 xxx,
2986 517 3213 587 imperii
3289 523 3476 573 autem
3562 536 3635 573 ix.

114 595 431 650 interfecti
464 603 794 667 componat,
821 604 925 652 etc.

200 685 548 738 Guntherus
630 686 1022 752 cancellarius,
1090 686 1208 740 vice
1264 688 1530 741 Aribonis
1585 690 1844 743 archica-

115 772 358 840 pellani
392 773 721 842 recognovi.

202 860 356 913 Data
413 876 465 913 iv
544 861 808 914 Deeemb.
867 862 994 915 Jud.
1051 878 1123 928 vr,
1198 878 1349 917 anno
1405 864 1711 918 Dominicas
1758 867 1845 919 In-

117 963 298 1000 carn.
341 949 501 1002 1023.

201 1039 422 1090 Actum
447 1036 698 1102 Triburi,
733 1036 889 1108 regia
926 1036 1079 1101 villa,
1105 1038 1362 1093 feliciter.
1400 1040 1601 1095 Amen.

871 1142 1127 1195 CXXXIV.

312 1230 371 1283 S.
406 1231 671 1283 Henricus
714 1231 969 1283 Ecclesia:
998 1231 1392 1285 Paderbonensi
1406 1233 1678 1301 pradium

799 1303 978 1355 Steini
1016 1301 1201 1355 donat.

790 1390 977 1455 (Anno
1033 1389 1212 1458 1023.)

400 1475 551 1545 [Cod.
587 1476 834 1544 diplom.,
884 1478 1025 1530 Hist.
1058 1478 1335 1545 Wcstph.,
1370 1495 1432 1548 p.
1482 1476 1598 1549 87.]

207 1564 273 1618 C.
315 1564 383 1617 In
415 1563 651 1616 nomine
685 1568 892 1617 sancta)
924 1568 980 1617 et
1006 1563 1308 1618 individum
1345 1566 1653 1629 Trinitatis,
1690 1568 1839 1621 ΠΕΝ-

116 1668 302 1706 RICUS
358 1652 551 1705 divina
602 1652 823 1706 favente
873 1653 1177 1706 clementia
1229 1655 1613 1708 Romanorum
1663 1654 1846 1724 impe-

117 1745 307 1793 rator
336 1743 643 1809 Augustus.
1599 1782 1618 1798 .

207 1828 274 1883 Si
352 1828 700 1882 venerabilia
784 1829 1149 1883 ecclesiarum
1206 1830 1303 1883 Dei
1382 1830 1503 1883 loca
1551 1831 1734 1884 ditare
1785 1847 1847 1884 ac

119 1916 464 1972 sublimare
505 1917 919 1981 studuerimus,
974 1916 1135 1971 nobis
1185 1918 1241 1971 id
1289 1918 1608 1989 animaeque
1642 1924 1849 1973 nostrae

118 2004 411 2058 remedio
480 2009 902 2074 parentumque
962 2010 1288 2058 nostrorum
1357 2022 1461 2059 nec
1518 2023 1629 2059 non
1687 2008 1847 2076 regni

120 2093 336 2147 nostri
388 2092 564 2146 statui
618 2092 988 2161 profuturum
1044 2110 1164 2145 esse
1214 2093 1450 2146 minime
1501 2095 1847 2151 dubitamus.

122 2182 519 2250 QuaprOpter
546 2181 770 2233 noverit
790 2181 1047 2233 omnium
1082 2181 1289 2234 Christi
1342 2182 1595 2236 ﬁdelium
1628 2189 1849 2236 nostro-

125 2284 404 2338 rumque
458 2268 801 2321 universitas
832 2270 1080 2338 qualiter
1110 2285 1233 2333 nos,
1270 2268 1636 2338 inspicientes
1672 2270 1849 2323 inter-

124 2361 389 2410 ventum
469 2355 851 2409 dilectissimm
910 2357 1169 2426 conjugis
1243 2362 1452 2409 nostrae
1502 2357 1851 2426 Cunigundze

124 2443 542 2513 imperatricis
591 2446 881 2511 Augusta),
914 2444 1137 2496 assidue
1168 2445 1454 2497 monentis
1480 2452 1649 2515 atque
1679 2446 1855 2499 inces-

127 2532 419 2585 sabiliter
448 2531 612 2584 nobis
656 2532 711 2583 in
745 2532 1081 2584 memoriam
1128 2532 1449 2584 reducentis
1503 2534 1651 2601 quod
1687 2534 1853 2587 Mein-

124 2635 369 2673 wercns
448 2619 979 2672 Paderbrunnensis
1036 2620 1286 2672 ecclesiae
1345 2620 1681 2673 venerabilis
1730 2622 1850 2692 epi-

127 2724 364 2778 scapus
437 2707 568 2777 plus
623 2707 841 2759 creteris
893 2707 1156 2760 fidelibus
1214 2708 1419 2760 nostris
1476 2708 1533 2760 in
1586 2709 1854 2763 servitute

127 2802 351 2850 nostra
374 2795 503 2864 jugi
535 2794 836 2847 devotione
871 2795 1113 2861 sudavit,
1141 2794 1326 2848 eidem
1361 2796 1855 2850 Paderbrunncnsi

128 2882 431 2947 ecclesiae,
488 2884 546 2935 in
608 2884 881 2935 honorem
944 2887 1149 2935 sanctae
1203 2884 1303 2935 Dei
1332 2884 1621 2952 genitricis
1670 2885 1855 2938 Mariae

128 2972 457 3041 sanctique
521 2971 731 3023 Kiliani
789 2970 1038 3024 martiris
1067 2987 1172 3024 nec
1206 2987 1325 3023 non
1365 2971 1605 3039 preciosi
1634 2972 1856 3024 confes-

130 3061 298 3113 soris
332 3058 551 3112 Liborii
608 3059 902 3125 dedicatce,
952 3059 1043 3111 cui
1094 3058 1243 3111 idem
1285 3058 1448 3111 nobis
1489 3059 1724 3112 dilectus
1755 3077 1853 3112 an-
1891 3045 1929 3097 (ἶ

132 3150 315 3202 tistes
375 3162 625 3217 praeesse
658 3147 897 3212 videtur,
956 3147 1241 3215 quoddam
1270 3147 1552 3215 praedium
1600 3153 1855 3200 nostrum

129 3235 339 3292 Steini
374 3235 613 3299 dictum,
657 3234 829 3286 situm
864 3234 920 3286 iu
948 3250 1096 3303 pago
1128 3234 1458 3299 Westfalon,
1500 3234 1557 3287 in
1586 3236 1858 3289 comitatu

131 3341 288 3377 vero
324 3321 641 3376 Bernhardi
679 3322 926 3387 comitis,
960 3337 1090 3374 cum
1123 3321 1387 3374 omnibus
1419 3323 1672 3391 ejusdem
1714 3339 1859 3393 prte-

133 3412 231 3466 dii
296 3410 689 3480 pertinentiis,
750 3411 915 3462 terris
978 3409 1239 3462 videlicet
1285 3410 1448 3462 cultis
1501 3416 1557 3464 et
1610 3411 1857 3477 incultis,

134 3499 482 3564 curtiticiis,
518 3499 688 3566 areis,
713 3498 994 3565 aediﬁciis,
1030 3498 1330 3566 mancipiis
1358 3498 1654 3569 utriusque
1674 3516 1857 3567 sexus,

136 3589 365 3660 pratis,
432 3586 675 3656 pascuis,
761 3586 934 3651 silvis,
998 3585 1409 3651 venationibus,
1460 3586 1623 3656 aquis
1681 3604 1863 3656 aqua—

136 3691 412 3745 rumque
452 3674 804 3738 decursibus,
866 3673 1294 3742 piscationibus,
1352 3675 1717 3740 molendinis,
1762 3676 1863 3727 viis

134 3770 202 3818 et
267 3762 468 3827 inviis,
526 3761 771 3814 exitibus
826 3766 882 3813 et
912 3761 1207 3827 reditibus,
1243 3762 1494 3831 quaesitis
1543 3764 1626 3815 vel
1678 3763 1863 3833 inqui-

134 3852 378 3915 rendis,
436 3849 772 3919 cwterisque
831 3849 1118 3911 omnibus,
1175 3865 1303 3919 quae
1347 3851 1863 3920 quomodocunque

136 3938 268 3993 dici
304 3937 426 3988 sive
460 3936 625 3988 scribi
661 3939 761 3987 aut
813 3934 1096 3987 nominari
1128 3941 1386 4005 possunt,
1424 3937 1762 3990 utilitatibus
1793 3938 1862 3990 ad

137 4028 358 4095 ipsum
419 4013 705 4090 praedium
766 4020 1205 4088 pertinentibus,
1260 4038 1363 4090 per
1426 4022 1571 4075 hanc
1613 4029 1862 4077 nostram

137 4110 527 4180 imperialem
597 4108 868 4178 paginam
915 4108 1277 4161 concedimus
1339 4114 1509 4179 atque
1570 4110 1864 4178 largimur,

140 4207 207 4256 et
226 4201 303 4253 de
337 4202 539 4251 nostro
562 4198 692 4265 jure
722 4213 785 4248 ac
817 4196 1070 4249 dominio
1102 4196 1156 4249 in
1188 4197 1308 4265 ejus
1333 4197 1427 4266 jus
1458 4202 1513 4250 et
1544 4197 1866 4252 dominium

141 4286 410 4342 omnino
442 4284 925 4349 transfundimus;
971 4300 1037 4337 ea
1080 4285 1337 4337 videlicet
1368 4286 1587 4338 ratione
1620 4291 1681 4339 ut
1710 4304 1863 4355 prze—
1893 4311 1934 4363 Ι)

142 4377 356 4430 dictus
416 4373 485 4425 Μ.
535 4371 835 4441 episcopus
882 4371 1106 4441 sibique
1178 4371 1442 4441 posthinc
1507 4372 1866 4426 succedentes

141 4464 412 4518 liberam
462 4460 713 4513 habeant
760 4459 829 4512 de
877 4460 1077 4512 eodem
1136 4459 1355 4528 praedio
1408 4459 1643 4528 ejusque
1700 4461 1869 4529 perti-

144 4549 386 4605 nentiis
430 4552 774 4617 potestatem
816 4546 1093 4616 quidquid
1143 4546 1225 4600 eis
1280 4547 1559 4616 placuerit
1584 4548 1651 4600 ad
1701 4563 1866 4601 usum

142 4636 425 4694 ecclesiae
482 4635 747 4699 faciendi,
811 4635 1070 4688 omnium
1118 4634 1419 4687 hominum
1475 4634 1638 4702 regni
1690 4635 1868 4688 nostri

140 4724 626 4783 contradictione
654 4730 888 4776 remota.
914 4725 977 4776 Et
1010 4728 1073 4775 ut
1095 4723 1212 4776 haec
1244 4727 1451 4775 nostrae
1498 4722 1869 4791 ingenuitatis

137 4813 480 4871 auctoritas
563 4812 784 4865 stabilis
856 4818 912 4865 et
990 4811 1320 4864 inconvulsa
1386 4810 1545 4863 omni
1610 4811 1869 4879 posthinc

134 4907 503 4977 permaneat
532 4904 813 4970 tempore,
852 4899 958 4953 hoc
1014 4899 1310 4968 imperiale
1359 4902 1705 4968 praeceptum
1736 4899 1867 4954 inde

133 4990 557 5060 conscriptum
591 5005 762 5042 manu
798 4988 1031 5059 propria
1085 4988 1503 5053 conﬁrmantes,
1553 4986 1723 5057 sigilli
1767 5004 1865 5041 no-

132 5081 251 5137 stri
290 5078 683 5147 impressione
707 5077 986 5145 jussimus
1014 5076 1299 5146 insigniri.

213 5172 461 5235 Signum
537 5166 724 5219 damni
785 5166 1005 5218 Henrici
1080 5167 1438 5219 Romanorum
1516 5165 1869 5217 invictzssz’mi

130 5261 219 5324 (L.
258 5256 356 5322 M.)
386 5255 741 5321 imperatoris
762 5254 1018 5319 Augusti.

211 5341 583 5400 Guntherins
649 5339 1022 5393 caucellarius
1096 5338 1215 5392 vice
1283 5338 1551 5391 Aribonis
1608 5337 1860 5391 archica-

129 5432 364 5507 pellani
398 5428 766 5497 recognovit.

213 5525 360 5577 Data
388 5537 489 5575 xxx
552 5517 684 5570 Kal.
747 5515 932 5580 Febr,
984 5514 1292 5568 indictione
1336 5531 1408 5581 v1,
1470 5530 1618 5567 anno
1672 5514 1861 5568 Domi-

131 5614 282 5667 nicae
372 5604 802 5664 incarnationis
881 5606 1037 5669 1023,
1145 5617 1295 5655 anno
1390 5601 1589 5654 domui
1677 5600 1855 5654 Hein-

2022 608 2219 657 Actum
2260 604 2710 657 Poderbrunnon
2752 604 3009 657 feliciter.
3037 608 3235 659 Amen.

2680 693 2911 745 CXXXV.

2129 782 2185 833 S.
2222 782 2439 833 chrici
2466 780 2817 849 privilegium
2860 796 2963 848 pro
2993 782 3175 835 eadem
3203 783 3460 837 Ecclesia.

2563 868 2746 933 (Anno
2788 868 3034 935 eodem.)

2575 954 2772 1027 [Ibid.,
2816 973 2870 1026 p.
2905 956 3019 1028 83.]

2026 1043 2083 1096 C.
2110 1044 2169 1095 In
2193 1042 2426 1096 nomine
2469 1048 2673 1096 sanctae
2697 1050 2750 1097 et
2790 1044 3098 1099 individua:
3142 1047 3451 1115 Trinitatis,
3477 1050 3637 1102 Hern-

1956 1146 2104 1183 iuccs
2149 1130 2340 1183 divina
2394 1131 2616 1184 favente
2657 1132 2960 1186 clementia
3012 1134 3403 1189 Romanorum
3457 1137 3639 1208 impe-

1958 1224 2111 1270 rator
2133 1222 2438 1286 Augustus.

2027 1306 2306 1368 Quoniam
2339 1306 2545 1358 divinas
2597 1306 2942 1375 dignationis
2973 1309 3274 1363 clementia
3329 1311 3395 1364 ad
3439 1328 3641 1381 regen-

1955 1393 2089 1447 dum
2141 1393 2313 1446 totius
2362 1394 2443 1446 rei
2502 1395 2742 1463 publica:
2793 1400 3003 1449 statum
3061 1414 3162 1450 nos
3210 1400 3468 1467 provexit
3526 1415 3642 1451 sua}

1954 1481 2247 1534 immensae
2284 1481 2505 1550 pietatis
2542 1481 2984 1551 magniﬁcentia,
3041 1489 3167 1537 ante
3217 1485 3409 1537 omnia
3435 1485 3502 1538 ad
3535 1486 3643 1539 hoc

1956 1569 2211 1621 laborare
2244 1570 2516 1623 debemus
2545 1575 2624 1635 ut,
2658 1572 2753 1639 qui
2787 1587 2993 1624 corona
3033 1573 3242 1625 terreni
3272 1573 3496 1643 imperii
3525 1573 3644 1642 glo-

1957 1657 2191 1721 riamur,
2217 1658 2315 1710 illa
2341 1657 2737 1711 iuestimabilis
2768 1659 2959 1728 gaudii
2984 1661 3165 1728 gloria
3186 1677 3298 1713 non
3330 1662 3639 1730 privemur.

1959 1744 2115 1807 Quod
2148 1744 2459 1797 certissime
2506 1762 2666 1815 posse
2699 1746 2821 1799 ﬁeri
2878 1748 3150 1812 creditur,
3207 1748 3251 1799 si
3305 1748 3426 1799 loca
3475 1748 3644 1799 eccle-

1960 1832 2196 1885 siasticis
2228 1833 2511 1902 obsequiis
2542 1849 2573 1885 a
2603 1834 2924 1887 christianis
2946 1835 3081 1887 viris
3123 1835 3415 1904 deputata,
3450 1840 3644 1888 nostra

1958 1924 2291 1974 auctoritate
2328 1923 2756 1985 conﬁrmentur,
2793 1926 2848 1974 et
2876 1923 3331 1985 corroborentur,
3368 1928 3446 1987 ut,
3483 1923 3640 1977 omni

1959 2008 2222 2060 exteriori
2281 2009 2675 2078 inquietudine
2724 2015 2963 2074 remota,
3016 2011 3217 2063 divinis
3272 2010 3534 2063 laudibus
3581 2009 3642 2062 in

1961 2095 2040 2148 eis
2072 2094 2375 2164 mancipati
2413 2096 2473 2147 in
2503 2111 2639 2163 pace
2674 2100 2729 2148 et
2767 2096 2953 2166 quiete
2988 2097 3218 2149 domino
3252 2098 3459 2150 servire
3489 2097 3641 2150 dele-

1958 2187 2201 2250 ctentur,
2252 2187 2323 2245 et,
2375 2182 2474 2252 qui
2505 2183 2653 2235 curis
2683 2190 2735 2237 et
2770 2184 3010 2254 negotiis
3056 2186 3418 2238 srecularibus
3444 2201 3641 2254 grava-

1960 2286 2110 2337 mur,
2143 2286 2341 2322 eorum
2374 2270 2470 2340 qui
2494 2271 2551 2322 in
2584 2271 2705 2339 lege
2739 2272 2859 2341 ejus
2880 2272 2970 2325 die
3002 2288 3063 2323 ac
3094 2278 3256 2325 nocte
3298 2273 3645 2325 meditantur

1958 2358 2225 2426 precibus
2248 2374 2278 2410 a
2299 2364 2657 2427 peccatorum
2690 2365 3015 2413 nostrorum
3047 2359 3283 2414 nexibus
3314 2361 3643 2414 liberemur.

1960 2445 2316 2515 Quapropter
2345 2448 2603 2500 omnium
2654 2448 2909 2501 ﬁdelium
2955 2448 3161 2502 Christi
3209 2455 3646 2518 nostrorumque

1963 2534 2183 2586 noverit
2214 2534 2552 2587 universitas
2611 2536 2858 2606 qualiter
2909 2536 3148 2589 dilectus
3206 2536 3369 2590 nobis
3415 2551 3646 2587 venera-

1962 2622 2204 2690 bilisque
2288 2622 2682 2690 Meginwercus
2759 2623 3308 2676 Potherbrunnensis
3389 2623 3648 2676 Ecclesiae

1964 2708 2215 2773 antistes,
2296 2711 2692 2763 celsitudinem
2765 2716 3016 2763 nostram
3099 2711 3258 2774 adiit,
3316 2712 3649 2779 suppliciter

1966 2812 2203 2849 exorans
2269 2801 2329 2849 ut
2389 2798 2817 2861 monasterium,
2853 2798 2909 2851 in
2961 2797 3295 2851 occidentali
3326 2806 3486 2867 parte
3540 2800 3647 2851 Po-

1965 2884 2435 2937 therbrunnensis
2466 2885 2722 2938 suburbii
2763 2885 2829 2937 ab
2876 2902 2942 2938 eo
2986 2886 3042 2938 in
3075 2886 3285 2939 honore
3311 2892 3514 2939 sanctae
3550 2886 3648 2939 Dei

1968 2972 2255 3041 genitricis
2308 2978 2364 3025 et
2421 2978 2708 3042 perpetuae
2758 2973 3003 3042 Virginis
3055 2974 3237 3027 Mariae
3273 2974 3648 3044 omniumque

1969 3064 2290 3112 sanctorum
2349 3059 2667 3125 fundatum,
2740 3066 2931 3113 nostra
2986 3062 3269 3130 imperiali
3317 3062 3649 3115 auctoritate

1967 3148 2418 3218 conﬁrmaretur,
2449 3154 2728 3218 quatenus
2767 3149 2964 3201 fratres
3004 3148 3179 3217 ipsius
3210 3150 3558 3215 monasterii,
3594 3151 3653 3203 in

1968 3233 2157 3287 divino
2190 3214 2417 3285 servitio
2440 3234 2653 3303 jugiter
2683 3236 3060 3303 permansnri,
3110 3235 3178 3287 ab
3209 3236 3362 3287 omni
3396 3236 3653 3288 saeculari

1970 3321 2237 3373 violentia
2269 3327 2322 3374 et
2353 3308 2609 3374 molestia
2651 3322 2850 3375 remoti
2909 3328 2965 3375 et
2995 3323 3222 3386 muniti,
3276 3328 3432 3375 tanto
3480 3340 3651 3392 expe-

1969 3410 2140 3463 ditius
2180 3409 2327 3462 viam
2380 3409 2777 3462 mandatorum
2812 3410 2909 3464 Dei
2955 3416 3268 3473 currerent,
3320 3415 3530 3480 quanto
3576 3410 3657 3463 eis

1970 3502 2211 3549 terrente
2276 3497 2759 3549 incommoditatis
2813 3497 3223 3565 impedimenta
3270 3499 3424 3549 nulla
3470 3498 3653 3551 obsta-

1971 3589 2114 3637 rent.
2151 3585 2322 3651 Cujus
2369 3584 2664 3636 laudabilis
2714 3585 2886 3637 studii
2935 3585 3250 3638 intentione
3291 3586 3655 3654 congauden-

1970 3677 2074 3735 tes,
2109 3677 2163 3724 et
2193 3688 2293 3739 per
2324 3672 2705 3724 interventum
2756 3672 3130 3725 dilectissime:
3159 3672 3417 3741 conjugis
3451 3680 3656 3728 nostra!

1973 3760 2322 3828 Cunigundze
2354 3759 2611 3812 videlicet
2651 3760 3027 3828 imperatricis
3058 3763 3345 3829 Augustin,
3380 3761 3658 3814 aliorum-

1973 3863 2083 3916 que
2134 3848 2387 3900 tidelium
2449 3856 2773 3902 nostrorum
2817 3848 2986 3917 justis
3018 3848 3384 3917 petitionibus
3413 3849 3658 3915 gratuito

1972 3936 2361 3999 assentientes,
2438 3936 2724 4004 imperiali
2795 3936 3127 3988 auctoritate
3188 3936 3539 3988 decrevimus
3600 3942 3662 3989 ut

1973 4024 2164 4075 omnia
2195 4040 2223 4075 a
2255 4023 2418 4075 nobis
2449 4024 2534 4075 vel
2571 4023 2638 4075 ab
2672 4023 2795 4091 ipso
2832 4023 3139 4076 venerabili
3166 4024 3431 4093 episcopo
3462 4025 3531 4077 de
3562 4041 3662 4078 sua

1974 4111 2328 4177 hazreditate,
2361 4112 2443 4163 vel
2477 4111 2706 4164 aliunde
2736 4128 2838 4180 per
2869 4114 3374 4164 commutationem
3407 4116 3503 4165 aut
3535 4129 3663 4182 pre-

1975 4199 2204 4263 cariam,
2240 4199 2323 4251 vel
2359 4200 2427 4251 ab
2469 4199 2577 4251 illis
2619 4199 2714 4252 Dei
2742 4200 3050 4252 cultoribus
3094 4199 3276 4252 eidem
3323 4200 3664 4253 monasterio

1975 4287 2195 4351 collata,
2249 4286 2506 4339 videlicet
2544 4287 2601 4339 iu
2654 4287 2974 4351 territoriis,
3025 4287 3188 4353 villis,
3241 4288 3406 4349 areis,
3458 4288 3663 4355 {curtis,

1976 4375 2249 4440 adiﬁciis,
2300 4374 2597 4443 mancipiis
2620 4374 2916 4444 utriusque
2973 4391 3157 4439 sexus,
3193 4375 3372 4434 lterris
3420 4375 3586 4427 cultis
3611 4380 3667 4427 et

1980 4461 2226 4527 incultis,
2262 4461 2455 4531 pratis,
2485 4462 2724 4529 pascuis,
2779 4462 3010 4531 campis,
3070 4462 3231 4530 aquis
3274 4477 3665 4532 aquarumque

1981 4549 2328 4613 decursibus,
2378 4549 2561 4613 molis,
2609 4549 2966 4614 molendinis,
3009 4548 3436 4617 piscationibus,
3494 4550 3664 4615 silvis,

1978 4636 2395 4701 venationibus,
2452 4636 2693 4689 exitibus
2758 4640 2814 4688 et
2874 4636 3169 4701 reditibus,
3212 4636 3315 4688 viis
3374 4641 3428 4689 et
3474 4636 3663 4704 inviis,

1979 4725 2231 4794 quaesitis
2263 4729 2317 4777 et
2345 4724 2720 4794 inquirendis,
2786 4740 2916 4777 eum
2949 4724 3105 4777 omni
3138 4723 3381 4777 utilitate
3410 4728 3466 4777 et
3520 4724 3665 4778 inte-

1979 4813 2182 4883 gritate
2202 4829 2328 4882 quae
2360 4813 2474 4865 ullo
2501 4812 2666 4865 modo
2690 4828 2761 4865 ex
2790 4813 2869 4865 eis
2893 4813 3192 4883 provenire
3224 4814 3457 4882 poterit,
3488 4813 3665 4883 ipsius

1979 4902 2311 4956 monasterii
2370 4902 2540 4954 abbas
2605 4917 2733 4954 cum
2781 4902 2897 4954 suis
2956 4901 3224 4955 fratribus
3287 4902 3666 4972 proprietario

1971 4990 2102 5059 jure
2152 4990 2483 5059 potestative
2537 4990 2744 5042 habeat
2775 4995 2943 5058 atque
2976 4990 3283 5059 possideat,
3318 4995 3520 5042 etcum
3552 4990 3667 5059 epi-

1978 5079 2127 5149 sc0pi
2164 5078 2389 5131 licentia
2420 5078 2697 5147 quidquid
2722 5078 2830 5130 illis
2858 5077 3136 5147 placuerit
3184 5078 3253 5130 ad
3301 5093 3664 5131 communem

1976 5183 2144 5220 usum
2178 5166 2435 5220 Ecclesia:
2466 5166 2649 5219 faciat.
2708 5167 2943 5235 Insuper
2996 5166 3165 5219 etiam
3200 5165 3440 5218 ﬁrmiter
3479 5170 3532 5217 et
3560 5170 3664 5218 sta-

1977 5253 2088 5305 bile
2122 5253 2542 5321 perpetuojure
2570 5252 2853 5304 sancimus
2886 5257 2947 5304 ut
2974 5251 3162 5303 nullus
3195 5252 3303 5303 dux
3329 5255 3425 5302 aut
3451 5266 3660 5317 comes,

1976 5346 2073 5393 aut
2104 5342 2291 5410 aliqua
2319 5356 2561 5408 persona
2619 5356 2789 5409 parva
2822 5340 2903 5391 vel
2954 5354 3178 5406 magna,
3217 5337 3533 5405 quemlibet
3571 5338 3665 5391 ab-

1974 5426 2170 5479 batum
2204 5428 2381 5496 ipsius
2439 5427 2764 5479 monasterii
2819 5441 2945 5478 cum
3005 5425 3119 5475 suis
3176 5423 3443 5476 fratribus
3490 5441 3664 5495 super

1974 5515 2187 5567 eisdem
2218 5514 2381 5567 bonis
2412 5515 2749 5584 inquietare,
2786 5513 3083 5564 molestare
3121 5515 3215 5562 aut
3246 5510 3531 5577 divestire,
3565 5518 3665 5567 aut

1974 5603 2162 5672 aliqua
2186 5602 2492 5670 judiciaria
2513 5604 2786 5671 potestate
2826 5615 2882 5650 se
2914 5598 3291 5649 iutromittere
3322 5604 3653 5666 praesumat,
