3968 6412
250 362 352 414 379

1551 358 1609 414 S.
1654 360 1947 417 HENRICI
1986 353 2463 417 IMPERATORIS

3665 360 3772 415 380

247 483 360 538 nisi
412 483 718 538 advocatus
760 482 1013 536 ecclesiae
1069 482 1139 536 ab
1193 483 1398 536 abbate
1460 488 1516 536 et
1567 483 1837 537 fratribus
1887 484 1944 537 in
1977 485 2024 538 A
2063 484 2261 538 eadem
2293 482 2643 554 proprietate
2674 481 2913 553 ejusque
2943 481 3306 554 pertinentiis
3354 483 3635 554 quidquid
3689 483 3772 536 eis

247 572 605 626 defensorem
638 572 849 625 electus
875 573 929 624 et
957 571 1028 624 ab
1053 570 1320 640 episcopo
1366 571 1738 636 constitutus;
1765 588 1830 624 eo
1860 571 1947 624 vi-

246 661 451 713 delicet
475 665 674 714 tenore
706 664 788 723 ut,
841 659 970 729 jure
1001 665 1298 712 contentus
1344 660 1615 723 ecclesiae,
1644 675 1772 712 cum
1805 674 1951 728 prae-

247 752 413 818 cepto
440 753 498 802 et
519 748 753 801 consilio
786 747 1004 801 abbatis
1035 747 1228 800 omnia
1251 747 1418 800 faciat
1449 753 1619 817 atque
1661 749 1946 816 disponat.

246 835 304 889 Si
334 836 464 906 quis
496 841 685 888 autem
720 836 830 889 hoc
887 839 1096 888 nostrae
1156 835 1470 905 imperialis
1502 836 1951 889 conﬁrmationis

247 923 496 976 edictum
573 923 762 992 aliqua
839 923 1290 992 praesumptione
1375 923 1688 992 infringere
1771 929 1952 977 tenta-

246 1011 410 1075 verit,
462 1015 691 1064 centum
751 1010 1027 1063 librarum
1058 1011 1367 1064 examinati
1409 1011 1534 1064 auri
1587 1012 1657 1064 ad
1690 1018 1948 1065 nostrum

249 1099 476 1169 pondus
505 1099 920 1168 compositione
952 1100 1249 1166 multetur,
1303 1105 1365 1152 ut
1396 1101 1822 1171 quinquaginta
1854 1117 1929 1154 no

167 1243 170 1246 ,
248 1191 378 1240 strze
401 1203 641 1240 camerae
684 1188 986 1256 persolvat,
1022 1188 1442 1257 quinquaginta
1473 1189 1655 1241 eidem
1694 1189 1951 1242 Ecclesiae

251 1292 426 1346 quam
477 1292 616 1328 ausu
652 1277 956 1328 temeraria
994 1275 1319 1344 inquietare
1351 1277 1738 1346 praesumpsit.
1776 1279 1857 1342 Et,
1891 1282 1954 1330 ut

248 1365 371 1418 haec
430 1364 792 1417 conﬁrmatio
824 1366 1013 1416 verius
1059 1365 1326 1430 credatur
1383 1365 1716 1435 stabilisque
1768 1369 1826 1418 et
1865 1365 1951 1418 in-

248 1452 511 1506 convulsa
546 1453 704 1505 omni
761 1457 1019 1522 tempore
1079 1453 1378 1515 habeatur,
1439 1453 1588 1506 hanc
1639 1454 1953 1523 imperialis

247 1541 416 1595 edicti
449 1541 719 1612 paginam
742 1540 876 1595 inde
911 1541 1213 1604 conscribi,
1252 1546 1307 1594 et
1337 1557 1511 1594 manu
1555 1541 1791 1612 propria
1814 1557 1949 1595 con-

248 1629 564 1694 ﬁrmantes,
599 1629 786 1700 sigillo
822 1635 1014 1682 nostro
1045 1629 1307 1698 insigniri
1330 1630 1627 1699 jussimus.

319 1718 547 1785 Signum
620 1717 805 1770 damni
851 1720 1070 1771 Henrici
1125 1717 1211 1787 (ι.
1294 1719 1387 1782 Μ.)
1445 1720 1800 1773 Romanorum
1860 1718 1948 1772 in-

245 1809 536 1861 victissimi
561 1809 906 1875 imperatoris
938 1809 1206 1876 Augusti.

318 1894 665 1950 Guntherius
714 1895 1084 1950 cancellarius
1117 1895 1236 1950 vice
1266 1895 1551 1966 :Aribonis
1607 1896 1950 1967 archicapel-

253 1983 370 2038 lani
399 1984 752 2053 recognovit.

319 2072 524 2126 Datum
553 2088 706 2127 xvnI.
745 2071 866 2125 Kal.
918 2071 1071 2138 Feb.,
1104 2071 1303 2126 indict.
1337 2089 1411 2140 vr,
1440 2072 1606 2127 'anno
1642 2071 1948 2126 Dominicre

249 2161 659 2214 incarnationis
697 2162 850 2225 1023,
875 2176 1025 2214 anno
1057 2177 1191 2214 vero
1227 2161 1423 2214 domui
1457 2161 1683 2216 Henrici
1716 2160 1951 2215 secundi

247 2248 544 2318 regnantis
571 2265 686 2316 χχι,
710 2248 939 2319 imperii
966 2253 1154 2302 autem
1188 2250 1309 2318 ejus
1341 2266 1412 2302 ix.

323 2340 531 2391 Actum
563 2337 1012 2391 Paderbrunnon
1035 2337 1289 2390 feliciter.
1320 2341 1520 2390 Amen.

967 2427 1228 2479 CXXXVI.

246 2513 304 2568 S.
341 2515 628 2569 Heinricus
671 2514 1099 2569 Paderbornensi
1143 2515 1393 2567 Ecclesia:
1436 2513 1648 2583 pra/lia
1702 2513 1948 2582 quaedam

982 2605 1209 2668 confert.

850 2691 1034 2761 (Anno
1095 2691 1342 2756 eodem.)

890 2777 1070 2842 [Ibid.,
1106 2795 1159 2848 p.
1199 2776 1313 2849 84.]

317 2864 374 2917 C.
405 2864 467 2917 In
494 2863 727 2917 nomine
761 2871 967 2918 sanctae
1001 2870 1055 2917 et
1087 2865 1398 2919 individuze
1430 2866 1743 2934 Trinitatis,
1780 2870 1948 2922 llam-

247 2967 418 3016 mcus,
451 2952 642 3005 divina
673 2953 892 3006 favente
941 2955 1265 3022 clementia,
1318 2956 1710 3008 Romanorum
1776 2956 1948 3025 impe-

246 3045 401 3092 rator
431 3043 744 3110 Augustus.

318 3128 373 3180 Si
427 3129 778 3182 venerabilia
839 3129 1217 3184 Ecclesiarum
1293 3131 1393 3184 Dei
1451 3132 1573 3184 loca
1651 3132 1831 3186 ditare
1889 3151 1953 3188 ac

245 3216 555 3270 sublimare
613 3218 1021 3283 studuerimus,
1076 3218 1238 3271 nobis
1309 3219 1366 3272 id
1425 3216 1704 3290 regniqiie
1771 3223 1952 3275 nostri

245 3304 419 3357 statui
468 3304 834 3374 profuturum
893 3322 1012 3358 esse
1091 3306 1330 3360 minime
1399 3307 1746 3362 dubitamus.
1803 3310 1950 3373 Qua-

248 3397 488 3462 propter
515 3393 739 3446 noverit
777 3394 1036 3447 omnium
1075 3395 1284 3449 Christi
1315 3395 1568 3449 ﬁdelium
1593 3403 1949 3452 nostrorum-

247 3498 360 3550 que
415 3482 760 3534 universitas
810 3483 1058 3551 qualiter
1113 3500 1236 3546 nos,
1289 3501 1391 3553 pro
1447 3485 1702 3537 remedio
1746 3486 1950 3539 animae

247 3574 456 3622 nostra;
506 3569 1005 3641 dilectissimzeque
1050 3573 1308 3642 conjugis
1352 3578 1560 3626 nostra:
1593 3575 1949 3643 Cunigundae

245 3657 508 3711 videlicet
557 3658 937 3728 imperatricis
989 3663 1259 3729 Auguste
1309 3666 1483 3730 atque
1512 3667 1816 3730 parentum
1848 3679 1950 3715 no-

245 3749 516 3810 strorum,
549 3761 654 3798 nec
685 3763 800 3799 non
838 3763 941 3817 pro
977 3747 1278 3800 animabus
1308 3747 1564 3801 ﬁdelium
1621 3754 1947 3803 nostrorum

246 3847 495 3901 quorum
547 3834 628 3886 ibi
679 3850 922 3903 corpora
955 3835 1338 3905 requiescunt,
1395 3836 1678 3905 Erphonis
1736 3837 1950 3890 scilicet

245 3920 466 3973 comitis
514 3926 686 3991 atque
736 3924 1004 3988 Cononis,
1066 3923 1413 3977 monasterio
1462 3929 1657 3977 nostro
1689 3925 1948 3995 Cofunga

246 4009 565 4072 nominato,
612 4009 671 4061 in
704 4011 981 4064 honorem
1017 4011 1246 4064 Domini
1276 4011 1582 4065 Salvatoris
1623 4019 1946 4083 sanctmque

245 4096 369 4164 ejus
400 4097 720 4160 Genitricis,
746 4113 849 4150 nec
890 4114 1006 4150 non
1039 4098 1519 4152 victoriosissimae
1558 4101 1741 4152 crucis
1774 4107 1945 4171 atque

245 4183 398 4236 beati
472 4186 626 4238 Petri
697 4187 1082 4255 apostolorum
1141 4187 1418 4256 principis
1475 4192 1822 4255 constructo,
1874 4190 1943 4242 ad

244 4286 413 4324 usum
476 4272 995 4326 sanctimonialium
1063 4274 1279 4326 ibidem
1378 4276 1490 4327 Deo
1549 4277 1914 4330 servientium

244 4357 532 4427 quoddam
554 4361 900 4429 nostrijur‘is
927 4361 1206 4431 praedium
1235 4361 1673 4431 Hardingbuson
1705 4364 1938 4431 dictum,

242 4446 414 4500 situm
466 4446 524 4499 in
574 4463 721 4518 pago
765 4491 775 4500 .
823 4486 836 4500 .
883 4489 895 4500 .
942 4491 954 4502 .
989 4448 1047 4500 in
1103 4449 1377 4500 comitatu
1427 4465 1559 4502 vero
1609 4492 1620 4503 .
1675 4494 1687 4505 .
1737 4493 1748 4503 .
1796 4495 1807 4504 .
1856 4470 1940 4505 co-

242 4534 420 4603 mitis,
451 4550 581 4590 cum
641 4536 910 4589 omnibus
967 4536 1223 4604 ejusdem
1299 4537 1496 4606 praedii
1556 4539 1941 4609 pertinentiis,

242 4623 410 4677 terris
459 4623 726 4678 videlicet
783 4624 952 4678 cultis
1005 4629 1060 4678 et
1106 4625 1353 4686 incultis,
1409 4627 1722 4693 curtiticiis,
1777 4630 1942 4695 areis,

242 4711 501 4765 adiﬁciis
551 4717 607 4766 et
627 4714 927 4783 mancipiis
952 4714 1252 4784 utriusque
1274 4731 1460 4776 sexus,
1485 4716 1681 4786 pratis,
1698 4718 1942 4787 pascuis,

242 4799 420 4863 silvis,
459 4801 880 4861 venationibus,
917 4803 1081 4872 aquis
1113 4819 1514 4873 aquarumque
1584 4804 1942 4871 decursibus,

239 4887 676 4957 piscationibus,
725 4889 1093 4957 molendinis,
1127 4891 1230 4942 viis
1285 4897 1340 4944 et
1386 4891 1573 4956 inviis,
1608 4892 1852 4946 exitibus
1892 4899 1945 4947 et

242 4973 543 5035 reditibus,
601 4975 854 5042 quaesitis
902 4977 986 5027 vel
1039 4977 1423 5047 inquirendis,
1457 4981 1788 5050 ueterisque
1821 4997 1944 5034 om-

243 5060 434 5123 nibus,
467 5075 596 5128 quae
627 5061 1171 5131 quomodocumque
1201 5065 1308 5117 dici
1333 5066 1447 5118 sive
1481 5066 1652 5120 scribi
1679 5073 1941 5136 possunt,

242 5147 586 5199 utilitatibus
634 5148 703 5199 ad
757 5148 940 5217 ipsum
1015 5153 1288 5218 praedium
1351 5154 1784 5222 pertinentibus,
1844 5172 1946 5226 per

243 5236 392 5288 hanc
417 5239 668 5287 nostram
702 5235 1060 5304 imperialem
1121 5239 1392 5309 paginam
1443 5243 1812 5296 concedimus
1860 5248 1942 5297 at-

243 5338 353 5391 que
380 5319 678 5390 largimur,
709 5327 764 5376 et
793 5323 860 5376 de
891 5329 1086 5378 nostro
1138 5326 1269 5395 jure
1318 5343 1382 5380 ac
1433 5329 1689 5382 dominio
1724 5330 1784 5382 in
1824 5331 1946 5399 ejus

237 5409 332 5477 jus
358 5413 415 5460 et
452 5408 770 5463 dominium
803 5412 1038 5466 omnino
1071 5415 1554 5482 transfundimus;
1598 5433 1664 5470 ea
1684 5418 1948 5471 videlicet

244 5495 465 5548 ratione
515 5501 578 5548 ut
633 5497 811 5568 ipsius
864 5500 1110 5553 ecclesia:
1155 5503 1499 5557 venerabilis
1532 5505 1817 5558 abbatissa
1843 5506 1948 5560 Ota

244 5580 466 5651 sibique
522 5586 784 5651 posthinc
853 5590 1218 5642 succedentes
1285 5589 1523 5645 liberam
1582 5593 1830 5646 habeant
1875 5595 1943 5648 de

1927 4319 1939 4343 ’
1973 4317 2013 4369 D

2060 572 2344 641 placuerit
2389 572 2458 625 ad
2517 587 2685 624 usum
2759 571 3013 624 ecclesiae
3099 570 3345 625 faciendi
3400 575 3771 642 potestatem,

2063 660 2322 713 omnium
2375 660 2675 713 hominum
2734 659 2899 728 regni
2957 659 3138 712 nostri
3183 660 3637 713 contradictione
3687 675 3774 714 re-

2062 753 2236 802 mota.
2284 750 2365 814 Et,
2425 753 2488 801 ut
2555 749 2677 801 haec
2737 753 2949 799 nostrze
3003 747 3376 816 ingenuitatis
3460 748 3774 802 auctoritas

2063 835 2282 889 stabilis
2330 852 2392 889 ac
2450 835 2781 888 inconvulsa
2846 835 3005 888 omni
3079 835 3343 905 posthinc
3431 839 3774 906 permaneat

2061 930 2344 995 tempore,
2378 923 2795 992 hocimperiale
2827 929 3180 994 praeceptum
3214 924 3347 978 inde
3378 925 3770 995 conscriptum

2063 1030 2234 1067 manu
2296 1012 2530 1083 propria
2586 1013 3005 1074 conﬁrmantes,
3069 1012 3244 1081 sigilli
3299 1014 3477 1067 nostri
3523 1013 3770 1084 impres-

2063 1103 2222 1155 sione
2245 1101 2522 1171 jussimus
2549 1101 2834 1170 insigniri.

2132 1191 2354 1255 Signum
2437 1189 2622 1242 domni
2693 1187 2936 1242 Heinrici
2991 1190 3350 1243 Romanorum
3414 1191 3774 1244 invictissimi

2063 1280 2146 1348 (l..
2181 1280 2276 1347 Μ.)
2298 1280 2645 1347 imperatoris
2676 1280 2938 1344 Augusti.

2134 1367 2479 1420 Guntherius
2535 1366 2907 1419 cancellarius
2962 1364 3082 1419 vice
3147 1364 3414 1419 Aribonis
3470 1365 3770 1436 archicap—

2059 1455 2279 1525 pellani
2302 1454 2656 1524 recognovit.

2134 1545 2339 1596 Datum
2398 1559 2489 1596 xxx
2543 1543 2665 1597 Kal.
2730 1542 2916 1610 Febr.,
2967 1541 3166 1596 indict.
3216 1557 3293 1606 v1,
3321 1557 3472 1595 anno
3505 1541 3770 1596 Domini-

2062 1649 2140 1685 cae
2190 1631 2601 1684 incarnationis
2661 1632 2833 1696 1023;
2897 1647 3049 1684 anno
3107 1645 3240 1684 vero
3293 1630 3488 1684 domni
3537 1629 3773 1684 Henrici

2062 1719 2297 1771 secundi
2329 1719 2623 1786 regnantis
2653 1735 2763 1776 χχι,
2794 1718 3026 1789 imperii
3049 1723 3241 1772 autem
3270 1719 3394 1788 ejus
3414 1735 3488 1772 IX.

2131 1809 2333 1861 Actum
2365 1807 2814 1860 Paderbrunnon
2839 1809 3098 1862 feliciter.
3129 1807 3335 1862 Amen.

2739 1896 3024 1951 CXXXVII.

2349 1985 2631 2038 Decretum
2661 1985 2716 2039 S.
2764 1987 2983 2038 Ilenrici
3009 1987 3064 2039 II
3108 1985 3474 2054 imperatoris.

2577 2074 2764 2140 (Anno
2803 2073 2960 2139 1024,
2994 2076 3024 2127 9
3054 2071 3240 2142 Mart.)

2309 2158 2554 2229 [Dronk,
2589 2161 2715 2214 Cod.
2753 2161 2977 2229 diptom.
3025 2161 3216 2228 Futd.,
3249 2176 3308 2229 p.
3360 2159 3510 2231 348.]

2131 2249 2192 2301 In
2246 2250 2482 2303 nomine
2533 2254 2741 2303 sanctae
2787 2255 2842 2303 et
2885 2249 3197 2304 individuae
3244 2249 3559 2313 Trinitatis,
3593 2251 3768 2303 Hem-

2059 2351 2211 2390 mcus
2255 2336 2448 2390 divina
2503 2337 2728 2390 favente
2767 2337 3074 2391 clementia
3122 2338 3514 2392 Romanorum
3579 2338 3771 2408 impe~

2059 2429 2213 2477 rator
2243 2426 2549 2495 Augustus.

2130 2514 2408 2567 Omnibus
2439 2514 2720 2581 ﬁdelibus,
2755 2518 2872 2568 tam
2922 2514 3301 2584 prmsentibus
3332 2530 3504 2585 quam
3531 2515 3766 2583 futuris,

2059 2608 2260 2656 notum
2297 2602 2436 2668 [fore
2493 2604 2756 2672 cupimus
2805 2603 3053 2673 qualiter
3112 2603 3336 2658 assidua
3387 2604 3770 2674 proclamatio

2059 2695 2280 2743 nostras
2320 2705 2485 2743 aures
2541 2690 2903 2760 inquietabat
2934 2691 3004 2743 ob
3036 2691 3374 2744 innumeras
3406 2699 3463 2745 et
3489 2691 3768 2761 frequen—

2057 2782 2142 2830 tes
2187 2778 2585 2832 contentiones
2618 2795 2745 2848 quaa
2777 2795 3005 2849 semper
3035 2784 3200 2833 erant
3232 2779 3383 2832 inter
3412 2781 3768 2835 Vuldensem

2059 2869 2113 2918 et
2155 2867 2591 2920 Herveldensem
2623 2867 2922 2932 familiam,
2955 2884 3080 2938 qua:
3113 2868 3174 2920 in
3203 2871 3426 2920 tantum
3458 2867 3766 2920 convalue-

2057 2959 2193 3006 runt
2218 2960 2282 3006 ut
2311 2954 2482 3007 etiam
2515 2954 2958 3008 innumerabilia
3010 2956 3160 3009 inter
3186 2973 3242 3009 se
3297 2957 3503 3009 ﬁerent
3553 2954 3752 3008 homi-

1979 3046 2018 3099 C
2055 3043 2222 3110 cidia,
2247 3048 2304 3095 et
2351 3043 2485 3096 inde
2521 3044 2834 3096 maximum
2867 3044 3274 3097 detrimentum
3319 3048 3566 3114 utraque
3595 3048 3766 3113 pate-

2062 3136 2221 3183 retur
2256 3131 2518 3184 Ecclesia.
2572 3133 2932 3200 Quapropter
2984 3148 3055 3184 ne
3110 3132 3240 3184 talis
3301 3147 3367 3184 ac
3397 3136 3572 3185 tantae
3614 3147 3773 3201 pras-

2062 3220 2407 3288 sumptionis
2441 3220 2679 3273 audacia
2710 3220 2833 3272 sine
2861 3220 3037 3288 digna
3066 3220 3283 3273 ultione
3312 3220 3465 3272 inter
3484 3226 3772 3289 utrasque

2058 3307 2306 3360 familias
2325 3308 2541 3360 diutius
2582 3311 2926 3371 remaneret,
2966 3324 3094 3361 cum
3124 3324 3401 3362 consensu
3435 3312 3492 3361 et
3519 3307 3770 3360 consilio

2058 3401 2439 3465 utrorumque
2498 3396 2790 3460 abbatum,
2846 3396 3112 3450 Richardi
3175 3396 3474 3450 Vuldensis
3539 3401 3598 3448 et
3655 3399 3768 3449 Ar-

2057 3485 2200 3537 nolti
2233 3484 2650 3552 Herveldensis,
2707 3485 3067 3555 aliorumque
3107 3484 3364 3538 fidelium
3405 3489 3766 3550 nostrorum,

2056 3587 2158 3640 per
2184 3572 2355 3641 hujus
2397 3573 2672 3626 chartulae
2704 3578 3055 3643 praeceptum
3086 3574 3197 3627 tale
3237 3573 3636 3627 constituimus
3667 3573 3773 3627 de-

2057 3664 2305 3714 cretum:
2339 3666 2402 3714 ut
2452 3660 2705 3731 primum
2755 3662 2942 3715 omnis
2993 3661 3279 3731 injustitia
3322 3661 3600 3731 quaejam
3656 3676 3771 3730 per

2055 3750 2235 3802 multa
2283 3754 2538 3819 tempora
2584 3766 2650 3802 ex
2697 3754 2941 3820 utraque
2981 3754 3142 3819 parte
3191 3749 3510 3803 incorrecta
3540 3765 3770 3802 reman-

2055 3840 2223 3902 serat,
2277 3836 2347 3889 ab
2401 3837 2685 3889 advocatis
2717 3842 2774 3890 et
2830 3837 3152 3907 praepositis
3209 3837 3438 3890 illorum
3467 3837 3768 3906 utrimque

2053 3924 2300 3993 pleniter
2344 3925 2692 3993 corrigatur;
2729 3930 2786 3978 et
2817 3926 3107 3995 deinceps,
3169 3926 3223 3978 si
3256 3925 3384 3995 quis
3416 3941 3482 3979 ex
3539 3924 3770 3979 familia

2056 4012 2352 4082 utriusque
2378 4012 2629 4065 ecclesiae
2671 4013 2920 4083 aliquem
2962 4029 3258 4066 servorum
3317 4013 3404 4066 vel
3431 4012 3612 4066 sancti
3656 4013 3767 4065 Bo-

2054 4099 2242 4152 nifacii
2277 4101 2361 4153 vel
2395 4100 2575 4153 sancti
2619 4100 2891 4168 Wigberti
2921 4101 3271 4171 insequitur,
3321 4107 3378 4154 et
3407 4117 3546 4154 ausu
3580 4106 3766 4154 teme-

2052 4188 2202 4241 rario
2243 4193 2302 4241 et
2331 4193 2550 4241 armata
2583 4204 2756 4241 manu
2785 4189 2856 4241 ad
2897 4187 3272 4242 occidendum
3303 4189 3390 4242 vel
3425 4188 3492 4242 ad
3532 4189 3766 4257 deprae-

2051 4277 2304 4329 dandum
2338 4277 2460 4345 ejus
2503 4282 2721 4330 curtem
2762 4277 2876 4330 sive
2923 4277 3162 4330 domum
3211 4276 3511 4346 infregerit
3541 4282 3598 4330 et
3622 4293 3764 4331 eum

2050 4364 2493 4434 impugnaverit,
2553 4369 2610 4417 et
2657 4365 2702 4417 si
2765 4365 2859 4417 ille
2912 4369 3008 4418 aut
3055 4365 3346 4433 aufugerit
3396 4369 3495 4418 aut
3524 4364 3570 4416 si
3612 4364 3765 4419 forte

2055 4453 2211 4506 domi
2271 4469 2383 4506 non
2441 4453 2616 4506 fuerit
2656 4453 2742 4505 vel
2794 4453 3203 4523 quoquomodo
3231 4453 3302 4505 ab
3326 4452 3448 4520 ejus
3477 4457 3765 4522 potestate

2055 4541 2170 4593 sive
2198 4541 2637 4610 impugnatione
2700 4557 2757 4594 se
2787 4540 3136 4605 liberaverit,
3169 4540 3254 4593 illi
3300 4539 3399 4610 qui
3449 4541 3620 4610 hujus
3655 4557 3765 4594 au-

2055 4629 2231 4682 dacias
2286 4634 2342 4682 et
2393 4628 2708 4682 invasionis
2757 4629 2867 4682 dux
2910 4633 2966 4682 et
2993 4629 3259 4698 princeps
3314 4627 3505 4694 fuerit,
3538 4629 3762 4682 tollan-

2055 4723 2148 4770 tur
2168 4718 2386 4769 corium
2417 4721 2474 4770 et
2530 4717 2743 4786 capilli,
2803 4721 2858 4769 et
2888 4716 3125 4786 insuper
3155 4717 3214 4770 in
3237 4721 3481 4787 utraque
3527 4717 3764 4770 maxilla

2053 4805 2107 4858 fe
2139 4820 2204 4858 ro
2243 4805 2311 4858 ad
2353 4805 2460 4858 hoc
2508 4804 2654 4858 facto
2703 4805 2872 4857 etiam
2925 4806 3191 4858 candenti
3222 4805 3366 4858 bene
3404 4810 3656 4859 cratetur
3703 4812 3768 4859 et

2053 4893 2444 4954 comburatur,
2498 4893 2706 4963 reliqui
2762 4895 2886 4960 ejus
2932 4908 3204 4963 sequaces
3256 4899 3385 4946 cute
3433 4891 3502 4946 'et
3538 4894 3768 4963 capillis

2052 4981 2371 5050 priventur.
2431 4981 2488 5035 Si
2537 4987 2731 5034 autem
2782 4981 2861 5034 ibi
2893 4981 3191 5047 occiditur,
3227 4997 3428 5035 omnes
3458 4981 3557 5052 qui
3588 4981 3767 5050 hujus

2053 5069 2347 5123 homicidii
2377 5086 2472 5122 seu
2517 5069 2830 5123 invasionis
2884 5070 3189 5140 participes
3235 5075 3369 5123 sunt
3418 5070 3764 5140 supradictae.

2053 5173 2237 5226 poenae
2279 5157 2629 5225 subjaceant.
2664 5159 2729 5210 Et
2762 5158 2807 5210 si
2840 5174 2904 5210 ex
2942 5174 3054 5211 una
3099 5158 3320 5210 familia
3366 5164 3499 5211 sunt
3529 5158 3625 5211 ille
3660 5161 3766 5228 qui

2056 5244 2332 5297 occiditur
2379 5251 2436 5297 et
2499 5245 2584 5297 illi
2644 5245 2746 5315 qui
2790 5244 3076 5308 occidunt,
3131 5261 3332 5299 omnes
3391 5246 3768 5315 singulariter

2053 5333 2438 5401 weregeldum
2477 5332 2646 5386 occisi
2677 5336 2733 5385 et
2761 5348 2932 5386 omne
2992 5333 3270 5398 debitum,
3313 5333 3459 5386 sicut
3488 5334 3766 5387 hactenus

2055 5420 2330 5484 fecerunt,
2362 5420 2612 5488 propriae
2662 5420 2923 5473 Ecclesiae
2955 5420 3297 5490 persolvant.
3343 5420 3402 5475 Si
3443 5425 3632 5474 autem
3665 5422 3767 5476 ille

2055 5507 2155 5578 qui
2215 5507 2495 5561 occiditur
2529 5524 2592 5561 ex
2625 5524 2740 5561 una
2788 5507 3006 5562 familia
3037 5513 3124 5562 est
3153 5514 3208 5562 et
3238 5508 3324 5562 illi
3355 5508 3456 5580 qui
3495 5509 3771 5565 occidunt

2054 5595 2278 5661 exalia,
2329 5601 2530 5650 auctor
2577 5596 2878 5650 homicidii
2909 5597 3061 5650 solus
3108 5612 3214 5666 pro
3271 5597 3542 5652 omnibus
3594 5613 3772 5654 were-
