3968 6416
116 368 218 421 381
1398 364 1793 423 DlPLOMATA
1832 362 2377 422 ECCLESIASTICA.
3546 368 3648 422 382

116 486 363 556 geldum
407 487 716 557 persolvat.
756 488 821 542 Et
876 486 937 541 in
990 502 1358 559 quocumque
1418 488 1542 542 loco
1609 493 1707 542 aut
1766 505 1833 542 ex
1872 487 2280 542 Acomitatum
2325 486 2689 542 Stoddenstat
2745 488 2918 541 situm
2975 488 3034 542 in
3096 504 3245 559 pago
3317 490 3646 560 Moyngowe

117 592 241 629 una
304 580 405 630 aut
460 593 528 630 ex
570 576 682 629 alia
712 576 929 629 familia
987 576 1195 647 aliquis
1226 576 1525 643 occiditur,
1586 576 1695 630 nisi
1743 577 1839 630 ille

122 665 227 734 qui
280 665 661 718 homicidium
711 665 845 718 facit
894 664 1224 735 probabiles
1256 670 1427 719 testes
1476 666 1685 719 habeat
1739 670 1839 719 aut

120 768 231 823 per
275 753 494 806 ferrum
540 752 791 807 candens
836 753 945 806 hoc
1001 754 1247 823 probare
1305 754 1508 820 valeat,
1561 755 1715 825 quod
1766 754 1838 808 ob

115 842 300 894 aliam
347 858 578 895 causam
613 858 725 895 non
776 842 1003 895 fecisset
1033 842 1141 895 nisi
1182 843 1336 913 quod
1397 843 1467 896 de
1524 842 1838 913 impugna-

117 929 281 983 tione
339 931 520 1001 ipsius
609 930 776 984 aliter
833 930 991 983 vivus
1059 932 1313 999 effugere
1387 948 1501 984 non
1558 932 1840 1001 potuisset

120 1018 469 1088 supradictae
514 1035 699 1089 pinnae
730 1019 1041 1089 subjaceat.
1101 1019 1159 1072 Si
1199 1024 1391 1072 autem
1424 1019 1531 1073 hoc
1592 1020 1835 1088 probare

118 1112 333 1177 potest,
366 1106 508 1160 nihil
535 1107 786 1177 patiatur
806 1107 916 1160 nisi
939 1106 1091 1176 quod
1116 1107 1392 1160 hactenus
1436 1107 1559 1177 ipsa
1596 1108 1839 1161 Ecclesia

122 1212 231 1265 pro
253 1197 379 1265 lege
409 1196 627 1249 habuit.
661 1195 813 1249 Istud
847 1195 1219 1249 constitutum
1252 1196 1557 1249 advocatus
1586 1196 1649 1249 in
1678 1197 1838 1267 cujus

123 1284 505 1338 advocatione
535 1284 645 1337 hoc
675 1284 950 1349 evenerit,
994 1299 1124 1336 cum
1166 1284 1405 1338 scientia
1452 1289 1836 1356 utrorumque

124 1374 428 1435 abbatum,
465 1373 524 1426 in
552 1374 860 1443 praesentia
912 1373 1253 1427 nuntiorum
1312 1373 1539 1427 illorum
1594 1374 1839 1428 ﬁdeliter

124 1461 463 1532 adimpleat.
490 1462 549 1515 Si
591 1477 725 1514 vero
758 1461 1083 1527 advocatus,
1149 1466 1250 1515 aut
1302 1464 1565 1516 mercede
1618 1464 1835 1517 condu-

123 1555 255 1603 ctus
288 1554 388 1603 aut
420 1549 807 1603 misericordia
843 1555 1051 1617 motus,
1107 1550 1305 1620 aliqua
1368 1551 1676 1605 calliditate
1732 1552 1837 1605 hoc

120 1639 428 1692 decretum
458 1644 712 1692 avertere
742 1638 1010 1705 voluerit,
1054 1640 1239 1709 gratia
1297 1644 1491 1691 nostra
1548 1644 1604 1692 et
1659 1639 1835 1694 advo-

119 1727 355 1781 catione
386 1732 594 1795 careat,
626 1728 736 1781 nisi
795 1744 971 1797 supra
1027 1744 1212 1781 sacras
1255 1728 1531 1799 reliquias
1583 1729 1693 1781 hoc
1742 1729 1837 1783 ad-

119 1816 362 1870 ﬁrmare
415 1816 623 1869 audeat
675 1816 828 1886 quod
912 1816 1265 1870 homicidam
1331 1834 1430 1869 seu
1514 1818 1837 1871 invasorem

119 1920 419 1975 nusquam
451 1905 757 1975 adquirere
784 1905 985 1975 possit,
1017 1910 1073 1958 et
1098 1910 1291 1959 tamen
1324 1922 1499 1977 quam
1568 1906 1841 1960 citissime

117 1994 342 2064 poterit.
386 1993 675 2063 adquirat.
731 1995 795 2047 Et
850 1994 896 2046 si
950 1994 1069 2063 ipse
1124 1993 1184 2047 in
1240 1994 1403 2062 cujus
1472 1995 1840 2050 advocatione

118 2084 235 2137 hoc
256 2082 512 2136 evenerit
546 2098 709 2136 reum
740 2082 1045 2152 adquirere
1075 2098 1189 2136 non
1257 2083 1469 2152 poterit
1497 2084 1585 2137 vel
1633 2085 1840 2139 nolue-

121 2171 219 2237 rit,
256 2170 457 2224 fideles
488 2170 723 2225 alterius
757 2170 996 2237 abbatis,
1030 2170 1075 2223 si
1122 2172 1365 2241 possint,
1415 2171 1727 2243 adquirant
1786 2177 1841 2227 et

121 2259 196 2313 ad
237 2258 575 2329 praedictam
632 2275 887 2328 poenam,
960 2260 1343 2329 praesentibus
1395 2261 1617 2314 nuntiis
1678 2266 1837 2315 utro-

121 2363 378 2418 rumque
409 2348 701 2414 abbatum,
726 2348 1174 2418 adprzesentent.
1208 2350 1284 2401 De
1332 2350 1663 2403 camerariis
1694 2366 1829 2404 vero

125 2442 184 2491 et
212 2435 507 2508 pincernis
533 2436 773 2507 aliisque
804 2436 1101 2489 honoratis
1153 2440 1532 2509 utrorumque
1564 2439 1838 2493 abbatum

124 2525 503 2580 servitoribus
537 2524 643 2578 hoc
662 2524 1093 2590 constituimus,
1114 2528 1195 2590 ut,
1223 2524 1267 2577 si
1299 2524 1438 2595 quid
1470 2526 1583 2579 tale
1630 2526 1839 2595 aliquis

124 2612 586 2668 illorumfecerit
614 2613 901 2683 praadicta:
964 2629 1152 2682 pmnac
1187 2613 1478 2682 subjaceat
1522 2614 1840 2668 secundum

127 2702 439 2757 arbitrium
486 2701 710 2755 abbatis
767 2702 853 2755 vel
900 2718 934 2754 x
974 2701 1135 2754 libris
1187 2702 1557 2755 denariorum
1597 2702 1840 2755 redima-

126 2799 248 2846 tur.
283 2792 347 2845 Et
376 2791 482 2845 hoc
503 2791 629 2844 volo
670 2790 1028 2861 ﬁrmiterque
1078 2790 1353 2860 praecipio
1404 2795 1467 2844 ut
1506 2807 1628 2844 rem
1664 2793 1839 2845 semel

124 2880 275 2933 bene
307 2894 369 2932 ac
399 2882 551 2931 recte
609 2877 916 2932 difiinitam
976 2878 1169 2930 nullus
1222 2877 1429 2931 iterare
1479 2879 1691 2931 audeat
1748 2879 1836 2932 vel

125 2983 431 3021 renovare.
468 2966 527 3020 Si
559 2970 749 3019 autem
782 2966 1043 3036 praadicti
1102 2966 1333 3019 abbates
1382 2967 1489 3019 hoc
1543 2968 1837 3020 decretum

124 3058 429 3112 adnullare
460 3055 721 3125 cupiunt,
757 3056 900 3109 mihi
937 3055 1024 3109 vel
1056 3071 1185 3109 meo
1221 3056 1535 3109 successori
1592 3073 1630 3109 II
1662 3056 1838 3110 libras

125 3146 259 3201 auri
287 3150 533 3215 uterque
560 3145 865 3215 persolvat,
940 3148 1210 3197 conatum
1259 3148 1453 3198 tamen
1492 3160 1661 3197 suum
1718 3162 1838 3200 non

124 3234 451 3306 perficiant.
487 3234 570 3300 Et,
602 3237 661 3287 ut
692 3234 813 3285 hinc
871 3232 1201 3286 constitutio
1244 3234 1459 3287 stabilis
1515 3238 1570 3287 et
1621 3234 1835 3302 zincon-

124 3325 293 3379 vulsa
320 3327 674 3394 permaneat,
706 3320 879 3391 sigilli
900 3321 1080 3376 nostri
1102 3322 1482 3393 impressione
1504 3322 1650 3377 hanc
1674 3323 1837 3377 char-

125 3418 249 3468 tam
272 3412 543 3482 insigniri
570 3412 870 3481 jussimus.

200 3503 433 3569 Signum
490 3500 676 3553 domni
728 3500 979 3553 Heinrici
1040 3502 1403 3554 Romanorum
1490 3502 1841 3554 invictissimi

128 3590 484 3659 imperatoris
517 3588 625 3657 (Μ)
649 3588 976 3655 Augusti(S)

205 3676 500 3732 Odalricus
530 3676 903 3730 cancellarius
959 3675 1079 3730 vice
1135 3677 1404 3731 Aribonis
1478 3676 1837 3747 archicapel-

129 3767 252 3823 lani
278 3766 613 3836 recognovit

207 3856 348 3910 Data
408 3858 491 3907 est
574 3869 725 3907 anno
802 3852 1115 3907 Dominicas
1188 3853 1604 3908 incarnationis
1679 3857 1834 3921 102i,

129 3948 411 4013 regnante
437 3942 743 3997 Heinricho
774 3942 1123 4012 imperatore
1177 3943 1432 4012 Augusto
1465 3959 1649 3998 annos
1699 3961 1832 4013 xxii,

130 4032 367 4103 imperii
394 4048 527 4085 vero
571 4032 695 4101 ejus
724 4046 875 4083 anno
906 4047 980 4097 x1,
1023 4030 1337 4086 indictione
1383 4048 1475 4087 vn.

205 4123 347 4177 Data
379 4120 438 4174 in
468 4138 541 4174 vn
568 4120 699 4175 Idus
743 4119 948 4175 Martii.

201 4213 405 4265 Actum
453 4208 693 4263 feliciter
732 4207 1080 4261 Babenberc.

835 4296 1127 4351 CXXXVIII

382 4388 505 4440 738.
554 4386 806 4440 Traditio
827 4386 1088 4438 Heinrici
1107 4385 1169 4438 ΙΙ
1217 4386 1584 4453 imperatoris.

632 4474 817 4543 (Anno
846 4474 1000 4539 1024,
1044 4474 1112 4525 26
1137 4472 1336 4542 Junii.)

538 4560 817 4632 [Dronke,
848 4561 943 4613 ubi
972 4576 1161 4629 supra,
1190 4577 1247 4630 p.
1298 4561 1445 4630 349.]

203 4650 266 4703 In
332 4649 566 4703 nomine
602 4654 813 4702 sanctas
844 4654 899 4703 et
924 4649 1237 4703 individuus
1268 4650 1579 4715 Trinitatis,
1624 4653 1838 4705 Hamm-

132 4754 247 4804 ccs,
308 4738 504 4791 divina
535 4737 759 4791 favente
810 4738 1008 4808 gratiae
1056 4738 1380 4802 clementia,
1441 4740 1835 4794 Romanorum

133 4828 451 4897 imperator
475 4828 790 4895 Augustus.

203 4913 485 4979 Quoniam
518 4919 780 4968 nostrum
836 4918 920 4967 est
970 4914 1039 4968 de
1095 4914 1262 4969 bonis
1334 4915 1501 4969 nobis
1567 4915 1839 4969 divinitus

132 5004 354 5059 collatis
435 5003 722 5073 praecipue
793 5008 1016 5056 sanctas
1071 5003 1254 5057 ditare
1312 5004 1602 5070 ecclesias,
1650 5004 1839 5061 eidem

131 5092 423 5148 devotioni
457 5092 588 5146 licet
616 5108 901 5162 perpauca
924 5108 1185 5158 munera,
1220 5092 1318 5163 pia
1367 5097 1580 5159 tamen,
1642 5099 1839 5149 nostro

134 5187 339 5252 praesto
372 5186 459 5234 est
497 5182 759 5234 voluntas
792 5182 852 5234 in
878 5180 1123 5234 Domino
1157 5181 1256 5251 qui
1286 5181 1384 5235 dat
1442 5181 1680 5251 praemia
1731 5197 1837 5251 pro

134 5271 281 5325 bona
308 5270 624 5323 voluntate.
680 5269 1046 5339 Quapropter
1091 5269 1298 5322 Christi
1360 5270 1658 5339 [fidelium]
1730 5286 1837 5323 no-

135 5362 348 5430 strique
379 5358 607 5411 noverit
635 5359 977 5411 universitas
1011 5358 1260 5428 qualiter
1281 5374 1403 5421 nos,
1446 5374 1551 5428 pro
1581 5358 1838 5413 remedio

135 5449 338 5502 anima:
362 5452 599 5511 nostrze,
623 5463 725 5517 per
746 5447 1133 5501 interventum
1153 5463 1216 5500 ac
1245 5447 1586 5516 petitionem
1619 5447 1838 5501 dilecta:

135 5534 392 5605 conjugis
449 5538 662 5587 nostra:
694 5534 1053 5604 Cunigundm
1108 5533 1489 5605 imperatricis
1542 5539 1835 5601 Augustin,

136 5639 352 5679 necnon
384 5628 443 5677 et
473 5622 656 5676 fidelis
706 5623 885 5677 nostri
917 5622 1187 5677 Richardi
1235 5622 1535 5677 Fuldensis
1593 5622 1833 5690 abbatis,

1950 577 2141 630 Fulda:
2186 577 2257 629 ad
2300 576 2476 630 altare
2522 575 2700 629 sancti
2761 576 3040 630 Bonifacii
3095 577 3194 629 tali
3248 578 3379 647 jure
3430 578 3644 648 talique

1947 665 2356 719 constitutione
2383 666 2540 736 quali
2569 670 2625 719 et
2653 664 2843 731 debet,
2890 669 2945 718 et
2989 682 3019 718 a
3054 666 3337 736 principio
3368 667 3438 719 ab
3470 667 3650 719 omni-

1948 755 2054 807 bus
2092 754 2198 807 sibi
2241 755 2465 823 placitis
2513 754 2767 822 prazlatis
2827 754 3121 825 hucusque
3183 760 3268 808 est
3328 754 3554 807 habitus
3589 755 3648 808 in

1947 848 2225 914 potestate
2274 842 2533 912 praedicti
2581 842 2823 907 abbatis,
2887 843 3007 895 sine
3053 843 3294 913 alicujus
3357 844 3650 897 contradi-

1946 934 2133 987 ctione
2158 933 2529 997 donavimus;
2556 949 2623 985 ea
2652 932 2920 986 videlicet
2952 934 3171 987 ratione
3208 939 3273 988 ut
3304 934 3411 1005 ipsi
3444 935 3647 1005 suique

1947 1039 2316 1088 successores,
2342 1022 2488 1075 sicut
2514 1024 2583 1076 de
2613 1022 2833 1076 caeteris
2880 1024 3137 1092 ejusdem
3172 1024 3413 1077 abbatia:
3483 1024 3650 1077 bonis

1946 1111 2155 1165 dehinc
2208 1111 2452 1164 liberum
2541 1111 2789 1164 habeant
2856 1113 3156 1165 arbitrium
3216 1113 3646 1183 quoquomodo,

1945 1201 2190 1270 desuper
2220 1200 2597 1270 praecipiendi
2652 1218 2751 1253 seu
2806 1201 3105 1270 quodlibet
3160 1202 3301 1255 utile
3358 1202 3649 1271 praedictae

1947 1290 2198 1343 ecclesiae
2230 1291 2361 1343 inde
2409 1290 2672 1343 faciendi.
2712 1290 2831 1343 Hoc
2886 1295 3111 1343 tantum
3168 1294 3403 1344 caveant
3469 1290 3651 1343 abba—

1946 1384 2029 1433 tes
2089 1379 2311 1450 praefati
2373 1379 2725 1446 monasterii,
2776 1388 2873 1445 ,ne
2929 1380 3014 1432 vel
3066 1379 3266 1448 religio
3321 1377 3649 1432 monasticae

1946 1467 2375 1521 consuetudinis
2436 1467 2551 1519 suis
2618 1468 2977 1536 temporibus
3035 1472 3305 1530 cassetur,
3369 1466 3453 1519 vel
3514 1480 3651 1517 cura

1946 1557 2271 1610 animarum
2312 1556 2418 1609 sibi
2485 1556 2923 1610 commissarum
2972 1555 3349 1625 periclitetur,
3405 1554 3493 1606 vel
3552 1552 3651 1605 ali-

1945 1652 2139 1700 menta
2190 1647 2300 1699 Deo
2358 1645 2571 1698 ibidem
2646 1643 3016 1697 servientium
3074 1647 3383 1706 rarescant,
3418 1641 3488 1695 ob
3542 1641 3651 1694 hoc

1878 1770 1917 1822 Β
1950 1736 2199 1790 maxime
2231 1734 2383 1805 quod
2408 1735 2521 1787 Deo
2574 1733 2778 1786 collata
2816 1733 3163 1802 patrimonia
3209 1737 3266 1785 et
3312 1729 3649 1785 decimatio-

1952 1842 2051 1878 nes
2081 1825 2450 1878 ecclesiarum
2482 1822 2757 1875 laicorum
2807 1821 3074 1875 manibus
3132 1820 3343 1873 tradita
3370 1819 3647 1889 polluun-

1950 1916 2066 1979 tur,
2120 1911 2315 1981 illique
2368 1911 2480 1963 Deo
2535 1908 2847 1978 culpabiles
2908 1908 3283 1961 inveniuntur
3360 1906 3461 1977 qui
3539 1920 3646 1975 pro

1950 2002 2133 2055 nihilo
2163 2001 2377 2054 habent
2407 2000 2563 2069 quod
2605 2002 2837 2067 peccata
2864 1997 3166 2050 hominum
3200 2011 3372 2066 super
3402 2011 3459 2047 se
3517 2010 3651 2048 one-

1950 2095 2243 2144 raverunt.
2280 2090 2367 2143 llli
2402 2088 2557 2141 enim
2590 2088 2689 2158 qui
2733 2092 2966 2139 terrena
3016 2084 3364 2156 patrimonia
3426 2085 3540 2137 Deo
3595 2086 3652 2137 et

1949 2180 2159 2234 sanctis
2189 2180 2514 2243 conferunt,
2544 2177 2612 2231 de
2640 2176 2883 2246 peccatis
2933 2175 3049 2228 suis
3082 2177 3506 2227 exonerantur:
3566 2172 3650 2225 illi

1949 2286 2082 2323 vero
2115 2268 2215 2339 qui
2240 2267 2557 2321 oblationes
2580 2266 2836 2320 fidelium
2868 2264 3170 2334 recipiunt,
3204 2267 3259 2316 et
3288 2279 3354 2315 ea
3383 2278 3510 2332 qua:
3534 2263 3648 2315 Deo

1948 2358 2232 2412 debentur
2258 2361 2313 2409 et
2340 2356 2407 2409 ad
2447 2356 2546 2408 Dei
2605 2353 2902 2407 servitium
2969 2353 3274 2406 traduntur
3324 2364 3522 2402 rursus
3578 2348 3649 2400 ad

1948 2449 2281 2502 saecularem
2314 2462 2589 2516 pompam
2613 2450 2669 2497 et
2697 2443 3025 2514 superbiam
3076 2440 3451 2494 exercendam
3510 2453 3651 2490 con-

1948 2538 2178 2597 cedunt,
2203 2535 2493 2603 {oneraria
2522 2538 2751 2604 peccata
2805 2548 2979 2602 super
3018 2547 3075 2583 se
3116 2530 3428 2599 duplicant.
3493 2526 3651 2581 Unde

1947 2626 2298 2680 consulimus
2346 2628 2403 2677 et
2448 2622 2817 2693 praecipimus
2858 2627 2921 2673 ut
2951 2622 3155 2673 modus
3191 2618 3277 2672 his
3317 2620 3566 2687 ponatur
3598 2619 3653 2668 ct

1948 2716 2247 2769 terminus.
2306 2717 2459 2768 lnter
2524 2714 2646 2765 llch
2722 2716 2915 2764 tamen
2976 2726 3156 2762 unum
3224 2707 3475 2761 medium
3545 2710 3647 2759 est.

1949 2806 2183 2875 Oportet
2251 2808 2315 2856 ut
2372 2803 2432 2855 in
2488 2801 2739 2854 ecclesiis
2813 2800 3005 2852 multae
3086 2798 3200 2850 sint
3251 2797 3546 2849 facultates
3597 2798 3654 2847 et

1949 2893 2193 2946 maxime
2218 2892 2276 2944 in
2312 2890 2599 2953 Fuldensi,
2630 2888 2789 2958 quia,
2819 2888 2908 2940 cui
2932 2887 3060 2957 plus
3091 2884 3493 2947 committitur,
3521 2884 3651 2953 plus

1950 2983 2021 3035 ab
2077 2998 2144 3034 eo
2202 2980 2465 3049 exigitur.
2522 2979 2694 3032 Multa
2729 2978 2903 3040 genim
2965 2975 3134 3029 debet
3165 2974 3301 3026 dare
3330 2972 3561 3025 servitia
3594 2976 3649 3024 et

1872 3041 1911 3095 Ο
1951 3071 2226 3124 Romanae
2259 3041 2325 3122 et
2347 3066 2527 3136 regali
2552 3066 2727 3119 curiae
2750 3071 2987 3135 propter
3012 3063 3163 3134 quod
3195 3061 3469 3131 scriptum
3516 3065 3601 3113 est
3634 3075 3646 3112 :

1951 3159 2173 3214 Reddite
2200 3173 2319 3227 qua:
2346 3162 2472 3210 sunt
2522 3156 2751 3211 Caesaris
2812 3154 3031 3217 Caesari,
3088 3156 3137 3205 et
3192 3166 3310 3219 qua
3358 3153 3486 3203 sunt
3545 3149 3650 3201 Dei

1948 3251 2068 3302 Deo.
2107 3247 2472 3315 Quapropter
2503 3245 2810 3297 consulant
2840 3242 2944 3294 sibi
2976 3246 3033 3293 et
3088 3238 3447 3311 praeveniant
3486 3253 3647 3288 scan-

1947 3337 2077 3390 dala
2107 3341 2418 3405 antequam
2445 3335 2604 3397 fiant,
2662 3330 3027 3399 habeantque
3090 3343 3283 3381 secum
3339 3341 3470 3395 quin
3534 3326 3646 3377 Deo

1946 3425 2288 3487 offeruntur,
2324 3439 2425 3475 nec
2457 3422 2731 3490 abjiciant
2762 3420 3082 3481 incassum;
3115 3416 3251 3487 quia
3306 3415 3417 3467 cito
3460 3414 3653 3466 veniet

1947 3520 2175 3583 tempus
2204 3511 2435 3582 quando
2467 3509 2719 3562 mundus
2751 3507 2955 3577 recipit
2984 3506 3136 3575 quod
3206 3505 3319 3557 Deo
3375 3501 3553 3565 dedit,
3597 3506 3653 3554 et

1948 3601 2296 3657 monasteria
2315 3600 2579 3670 quaejam
2622 3602 2753 3650 sunt
2784 3597 2841 3648 in
2870 3593 3223 3647 abundantia
3254 3590 3444 3661 prima
3480 3594 3652 3642 erunt

1944 3695 2004 3747 in
2035 3692 2257 3762 rapina,
2314 3694 2380 3741 ut
2435 3688 2534 3741 fiat
2596 3686 2750 3755 quod
2798 3686 3056 3737 Salvator
3113 3681 3194 3734 ait
3247 3696 3259 3733 :
3321 3678 3651 3733 Abundante

1944 3783 2257 3849 iniquitate,
2298 3779 2611 3843 refrigescet
2640 3775 2882 3827 Charitas
2912 3774 3219 3824 multorum.
3279 3765 3651 3836 Praecipimus

1947 3886 2083 3941 ergo
2112 3868 2217 3921 sub
2272 3865 2625 3919 districtione
2659 3861 2838 3914 divini
2880 3859 3083 3929 judicii
3136 3862 3199 3911 ut
3259 3870 3460 3909 omnes
3527 3858 3649 3905 tra-

1947 3960 2194 4013 ditiones
2277 3970 2483 4023 regum
2569 3955 2625 4005 et
2671 3951 2898 4003 decreta
2968 3946 3413 4017 apostolicorum
3477 3946 3649 4011 atque

1947 4046 2268 4102 oblationes
2308 4042 2565 4097 fidelium
2612 4040 2717 4092 sub
2776 4043 2894 4092 tuta
2953 4036 3212 4090 custodia
3252 4036 3562 4086 teneantur
3595 4033 3650 4082 ct

1946 4136 2193 4191 ﬁdeliter
2219 4134 2613 4187 observentur.
2654 4132 2737 4193 Et,
2799 4133 2862 4181 ut
2894 4128 3017 4180 haec
3048 4121 3371 4178 traditionis
3401 4124 3456 4173 et
3501 4134 3650 4189 pra:-

1946 4224 2228 4296 ceptionis
2261 4221 2568 4276 auctoritas
2591 4218 2810 4272 stabilis
2836 4221 2892 4270 et
2936 4214 3267 4268 inconvulsa
3294 4208 3454 4264 omni
3500 4214 3647 4261 tem-

1871 4321 1912 4375 D
1949 4332 2090 4386 pore
2140 4315 2494 4384 permaneat,
2539 4310 2684 4362 hanc
2715 4307 2985 4378 paginam
3036 4300 3312 4357 conscribi
3344 4305 3399 4353 et
3463 4297 3650 4367 sigillo

1949 4410 2145 4461 nostro
2179 4418 2301 4456 eam
2326 4400 2603 4470 jussimus
2644 4395 2932 4465 insigniri.

2022 4495 2249 4560 Signum
2314 4490 2499 4543 domui
2574 4487 2817 4540 Ilcinrici
2872 4481 3222 4537 invictissimi
3277 4478 3649 4531 Romanorum

1949 4583 2190 4649 Augusti
2212 4579 2576 4647 imperatoris.

2025 4672 2229 4723 Datum
2264 4683 2312 4719 vi
2341 4666 2475 4729 Jul.,
2509 4663 2707 4717 indict.
2738 4678 2810 4713 vi.

2018 4760 2226 4811 Actum
2258 4753 2528 4809 Goslarirc
2560 4752 2817 4805 feliciter.
2858 4750 3059 4801 Amen.

2681 4838 2920 4893 CXXXIX

1952 4936 2009 4990 S.
2064 4934 2327 4988 Henricus
2358 4930 2605 4985 Ecclesiae
2655 4928 3005 4982 Norariensis
3054 4923 3348 4993 privilegia
3422 4924 3473 4974 et
3524 4933 3651 4988 pos-

2376 5003 2635 5055 sessiones
2662 5002 2940 5064 conﬁrmat
2962 5000 3011 5049 et
3042 5000 3223 5061 auget.

2598 5090 2782 5156 (Anno
2820 5084 3009 5153 102i.)

2058 5180 2244 5250 [Apud
2280 5178 2615 5242 Baronium,
2646 5176 2853 5229 Annal.
2893 5175 3081 5226 eccles.
3122 5171 3191 5224 ad
3219 5186 3314 5223 an.
3355 5166 3540 5237 1014.]

2020 5272 2082 5323 In
2117 5269 2353 5322 nomine
2388 5271 2593 5319 sancta:
2625 5270 2681 5318 et
2712 5262 3021 5316 individuze
3068 5257 3381 5314 Trinitatis.
3416 5257 3647 5309 Hamm-

1950 5374 2064 5422 cus,
2088 5356 2281 5410 divina
2319 5356 2621 5409 ordinante
2655 5351 2980 5413 clementia,
3018 5349 3411 5402 Romanorum
3462 5343 3646 5412 impe-

1952 5450 2110 5497 rator
2138 5448 2448 5514 Augustus.

2024 5534 2168 5586 Dum
2194 5533 2449 5587 fidelium
2481 5529 2853 5601 petitionibus
2886 5530 3093 5579 nostra!
3125 5520 3442 5591 imperialis
3478 5519 3647 5573 celsi-

1949 5620 2165 5675 tudinis
2194 5635 2490 5676 assensum
2537 5617 2978 5689 pracbuerimus,
3025 5628 3123 5667 eos
3171 5614 3365 5665 nostro
3420 5608 3649 5662 servitio
