3968 6402
299 371 400 424 383

1363 372 1418 425 S.
1465 368 1753 425 HENRICI
1793 365 2296 423 IMPERATORIS.
2337 397 2408 406 —
2455 365 2725 422 CONCIO.

3703 371 3804 423 38i

295 494 676 565 promptiores
716 509 780 547 ac
829 493 1150 548 devotiores
1198 508 1318 545 esse
1377 494 1615 546 minime
1663 491 1992 545 dubitamus
2022 491 2067 541 A
2108 505 2236 542 rum
2264 489 2620 555 decursibus,
2655 488 3019 554 molendinis,
3074 488 3509 559 piscationibus,
3544 491 3713 544 cultis
3752 495 3807 544 et

297 584 655 653 Quapropter
711 587 1047 636 cunctorum
1091 581 1351 635 Ecclesiae
1392 582 1685 634 catholicae
1734 579 1992 632 ﬁdelium

297 677 763 741 nostrorumque,
801 676 914 722 tam
966 670 1339 739 prmseutium
1401 685 1574 738 quam
1642 669 1989 728 futurorum,

298 759 528 812 solertia
582 763 951 828 recognoscat
1021 760 1274 821 Petrum,
1338 757 1716 809 venerabilem
1780 755 1990 817 virum,

298 853 506 900 sancta:
542 847 902 900 Novaricnsis
933 847 1195 899 Ecclesiae.
1214 847 1564 915 episcopum,
1615 849 1995 914 nostrumque

299 935 551 1002 fidelem,
587 936 685 1004 qui
725 940 932 988 nostrae
975 934 1265 987 tidelitatis
1297 949 1465 986 causa
1489 935 1666 985 multa
1701 933 1994 997 sustinuit,

301 1023 510 1077 famem
544 1023 826 1087 videlicet,
874 1021 1047 1086 sitim,
1109 1026 1276 1074 aestus
1308 1025 1361 1073 et
1414 1020 1614 1089 frigus,
1667 1025 1723 1072 et
1765 1020 1998 1090 insuper

300 1117 356 1165 et
383 1113 658 1182 glaciosas
688 1128 856 1180 rupes
883 1111 1167 1180 collesque
1198 1109 1332 1162 satis
1366 1126 1617 1180 asperos,
1672 1110 1841 1162 nudis
1889 1125 1998 1178 pe—

303 1201 490 1264 dibus,
550 1199 1026 1270 persequentibus
1067 1198 1316 1251 inimicis
1357 1197 1630 1266 fugiendo
1677 1197 1992 1267 superavit;

302 1290 604 1360 quietiam
654 1305 805 1341 nunc
857 1287 1295 1358 praesentialiter
1353 1287 1532 1339 multa
1575 1287 1802 1352 damna,
1857 1287 1995 1339 Har-

299 1377 466 1432 duico
506 1377 834 1430 devastante
867 1375 1119 1444 recepit:
1165 1391 1298 1428 nam
1330 1375 1606 1443 iecclesim
1657 1375 1816 1428 illius
1863 1379 1998 1427 sunt

300 1465 664 1535 depraedatze,
711 1469 890 1517 castra
930 1464 1206 1533 disrupta,
1269 1465 1473 1518 domus
1522 1479 1752 1527 eversae,
1811 1462 1994 1515 vinea:

298 1554 512 1621 incisae,
549 1553 779 1606 arbores
843 1553 1225 1617 decorticatas,
1268 1551 1507 1622 insuper
1552 1551 1747 1622 plebes
1815 1550 1995 1621 ipsius

301 1647 357 1697 et
387 1647 572 1696 curtes
605 1642 674 1696 ab
706 1642 991 1696 Harduico
1021 1658 1126 1712 pro
1181 1641 1459 1694 beneficio
1514 1641 1746 1710 suisque
1802 1640 1992 1692 inimi-

297 1729 376 1783 cis
398 1730 545 1784 dataa
585 1734 736 1795 sunt;
794 1733 1047 1782 nostram
1079 1729 1441 1798 imperialem
1491 1727 1672 1781 adisse
1714 1726 1994 1780 excellen-

299 1819 459 1882 tiam,
499 1823 800 1889 quatenus,
845 1834 949 1888 pro
971 1818 1058 1870 sui
1108 1817 1320 1870 laboris
1383 1816 1914 1886 recompensatione
1942 1820 1996 1869 et

301 1923 538 1961 suorum
571 1907 978 1960 damnatorum
1007 1905 1446 1969 restauratione,
1482 1904 1788 1975 quemdam
1821 1903 1995 1957 comi-

299 1996 568 2062 tatulum,
601 1994 697 2063 qui
726 1994 785 2048 in
815 1995 960 2048 valle
984 1994 1205 2047 Auxula
1266 1993 1412 2046 infra
1461 1993 1639 2063 ipsius
1697 1992 1997 2062 episcopa-

298 2089 390 2138 tus
419 2083 751 2153 parochiam
785 2082 1044 2151 adjacere
1072 2081 1447 2151 dignoscitur,
1478 2082 1767 2150 praedictae
1820 2083 1994 2134 eccle-

300 2172 398 2225 sias
433 2170 788 2238 Novariensi,
829 2186 956 2223 cum
994 2170 1262 2222 omnibus
1322 2168 1712 2223 functionibus
1765 2186 1894 2239 quae
1927 2168 1996 2222 de

299 2262 426 2331 ipso
454 2261 789 2314 comitatulo
820 2259 1062 2329 publica:
1092 2258 1241 2328 parti
1304 2257 1614 2328 pertinent,
1665 2258 1998 2310 concedere-

301 2365 448 2403 mus.
484 2349 595 2403 Nec
627 2365 741 2402 non
773 2348 944 2402 etiam
978 2349 1314 2418 deprecatus
1335 2352 1419 2400 est
1451 2363 1552 2400 nos
1581 2349 1644 2399 ut
1685 2347 1996 2416 quamdam

299 2436 552 2507 plebem,
587 2451 758 2505 quam
803 2435 940 2489 olim
970 2435 1121 2488 malo
1155 2434 1354 2487 ordine
1411 2438 1466 2486 et
1505 2433 1719 2502 injusta
1776 2432 1996 2484 ratione

304 2541 407 2578 sua
453 2523 704 2594 perdidit
737 2523 989 2589 ecclesia,
1020 2539 1149 2594 quae
1178 2522 1283 2575 sita
1315 2525 1396 2574 est
1452 2522 1508 2574 in
1542 2521 1676 2574 villa
1729 2536 1857 2590 quae
1904 2536 1999 2573 no-

299 2613 557 2666 minatur
584 2613 835 2678 Treeate,
869 2628 981 2664 non
1022 2612 1162 2664 adeo
1193 2611 1391 2681 procul
1430 2626 1459 2662 ιι
1493 2609 1740 2672 civitate,
1777 2612 1996 2662 curtem

301 2717 549 2772 quoque,
609 2717 737 2768 quas
793 2701 1109 2753 Gravanola
1164 2699 1395 2765 dicitur,
1463 2698 1756 2768 quondam
1815 2697 1997 2767 ipsius

302 2787 554 2860 episcopi
582 2789 992 2853 continentem,
1029 2789 1123 2842 sed
1157 2804 1308 2840 nunc
1351 2788 1561 2856 injuste
1593 2802 1827 2857 pervasa
1875 2803 1996 2840 esse

303 2876 679 2946 dignoscitur,
722 2893 837 2929 sum
871 2877 1130 2930 Ecclesiae
1165 2876 1619 2930 restitueremus.

373 2966 567 3034 Itaque
612 2964 852 3032 dignum
907 2970 993 3017 est
1023 2970 1083 3017 ut
1137 2964 1224 3015 sui
1274 2963 1486 3017 laboris
1539 2963 1998 3033 prmnominatus

301 3053 509 3123 praesul
546 3053 983 3106 retributionem
1015 3069 1045 3105 a
1084 3052 1248 3106 nobis
1278 3052 1569 3122 suscipiat.
1608 3053 1690 3114 Et,
1725 3052 1996 3122 quoniam

295 3141 513 3210 justum
548 3146 634 3193 est
662 3146 722 3194 ut
756 3157 929 3211 supra
969 3141 1266 3194 nominata
1298 3142 1458 3210 plebs
1513 3145 1684 3210 atque
1715 3156 1842 3192 curs
1877 3142 1995 3210 jam

303 3227 454 3280 dicta
491 3243 593 3279 suo
624 3228 956 3282 restituatur
1013 3228 1392 3298 episcopatui;
1447 3231 1502 3280 et
1557 3232 1619 3281 ut
1675 3228 1769 3280 alii
1819 3230 1998 3282 nostri

304 3312 520 3376 tideles,
553 3312 662 3365 hoc
682 3319 1108 3381 cognoscentes,
1161 3319 1373 3366 nostrm
1429 3313 1691 3366 tidelitati
1750 3316 1999 3385 amplius

307 3399 670 3453 stabiliantur
711 3401 870 3469 :ejus
903 3401 1163 3469 precibus
1220 3406 1558 3466 annuentes,
1597 3402 1717 3470 jam
1781 3402 1995 3456 dictum

306 3487 709 3542 comitatulum
741 3504 773 3540 a
813 3493 1004 3541 nostro
1032 3488 1161 3558 jure
1193 3487 1252 3542 in
1293 3489 1416 3558 ejus
1457 3490 1709 3543 ecclesias
1758 3494 2000 3559 potesta-

306 3581 422 3630 tem
461 3576 696 3628 omnino
734 3577 1188 3630 transfundimus
1242 3582 1296 3630 et
1323 3577 1731 3646 perdonamus,
1767 3584 1823 3632 et
1853 3596 1996 3649 prae.

306 3665 477 3718 fatam
512 3663 737 3734 plebem
764 3670 934 3735 atque
967 3670 1182 3718 curtem
1215 3681 1319 3734 per
1348 3667 1453 3718 hoc
1495 3671 1700 3719 nostrae
1753 3669 1999 3721 auctori-

305 3751 439 3807 tatis
470 3759 823 3822 praeceptum
847 3755 967 3823 jam
1001 3754 1342 3823 supradictas
1386 3755 1716 3808 Novariensi
1750 3756 2001 3811 ecclesias

304 3840 600 3895 reddimus
631 3847 686 3894 et
714 3843 1100 3908 concedimus,
1135 3859 1265 3895 cum
1296 3843 1456 3896 omni
1517 3843 1775 3897 districta
1827 3850 1886 3898 et
1916 3851 1999 3899 te-

308 3929 514 3992 loneis,
545 3929 976 3998 piscationibus,
1010 3946 1138 4000 quas
1164 3931 1219 3982 in
1254 3930 1492 3983 flumine
1550 3933 1718 3994 Toxo,
1779 3931 1840 3985 in
1893 3933 2002 3987 illis

310 4017 523 4071 scilicet
547 4017 684 4070 locis
711 4018 810 4071 ubi
855 4019 978 4087 ipsa
1035 4019 1275 4072 Ecclesia
1325 4035 1393 4072 ex
1454 4024 1693 4088 utraque
1749 4019 2004 4075 ﬂuminis

309 4109 469 4159 tenet
489 4111 684 4175 parte;
718 4111 772 4158 et
793 4122 923 4159 cum
955 4107 1377 4171 venationibus,
1411 4123 1508 4159 seu
1540 4108 1806 4161 omnibus
1834 4110 2004 4163 rebus

312 4209 440 4265 quae
468 4194 538 4247 ad
573 4194 862 4264 publicam
894 4199 1117 4264 partem
1145 4211 1209 4247 ex
1240 4195 1443 4249 eodem
1489 4195 1820 4250 comitatulo
1854 4199 2005 4269 exigi

309 4287 568 4352 possunt,
603 4298 730 4335 cum
768 4282 1016 4352 capellis,
1054 4282 1241 4346 domo,
1278 4284 1487 4349 curtili,
1523 4285 1878 4353 massaritiis,
1909 4303 2000 4340 ca-

309 4370 403 4436 sis,
460 4371 858 4437 sedimiuibus,
917 4372 1155 4441 campis,
1217 4373 1394 4441 pratis
1479 4373 1678 4436 vineis,
1750 4375 1997 4444 pascuis,

312 4459 486 4527 silvis,
547 4460 834 4527 stallariis,
898 4460 1160 4524 salicetis,
1210 4461 1532 4531 paludibus,
1577 4462 1761 4533 aquis,
1817 4478 2003 4534 aqua-

2027 1770 2066 1822 Β

2029 3054 2068 3106 C

2104 577 2354 645 incultis,
2419 579 2614 632 divisis
2664 584 2721 632 et
2771 577 3049 644 indivisis,
3085 577 3370 644 terminis,
3426 579 3810 633 concessioni-

2103 667 2227 732 hus,
2258 668 2532 738 piscariis,
2571 668 2932 738 compariciis
2985 668 3227 738 aliisque
3260 669 3543 721 universis
3611 667 3808 722 redhi-

2102 755 2439 822 bitio‘nibus,
2473 773 2601 810 cum
2636 757 2811 810 servis
2848 761 2905 810 et
2943 755 3184 820 ancillis,
3241 761 3296 808 et
3359 755 3710 824 aldiauibus,
3753 760 3810 809 et

2103 844 2350 898 aldianis
2378 846 2678 916 utriusque
2724 861 2912 909 sexus,
2969 859 3101 897 cum
3159 844 3449 910 omnibus,
3517 860 3647 914 qua:
3695 844 3811 898 dici

2105 937 2204 986 aut
2233 933 2421 987 vocari
2443 938 2698 1003 possunt,
2745 933 2808 986 ad
2867 934 2988 1002 jam
3022 931 3234 985 dictam
3268 933 3493 1001 plebem
3543 933 3630 986 vel
3674 948 3809 985 cur-

2105 1026 2220 1073 tem
2244 1021 2686 1090 pertinentibus,
2720 1020 2804 1074 vel
2863 1019 3315 1090 respicientibus.
3374 1022 3485 1074 Nec
3562 1037 3674 1074 non
3753 1025 3812 1074 el:

2103 1114 2336 1178 portum
2365 1109 2433 1162 de
2465 1110 2743 1179 Bestagno
2777 1107 3135 1178 eidemplebi
3166 1108 3570 1177 pertinentem.
3630 1123 3808 1178 quem

2105 1197 2550 1267 gloriosissimus
2576 1197 2892 1251 avunculus
2949 1201 3141 1249 noster
3193 1196 3322 1250 Otto
3380 1197 3566 1266 major
3607 1213 3813 1266 supra-

2103 1287 2269 1340 dictae
2311 1287 2430 1340 sedi
2485 1303 2590 1357 per
2641 1291 2991 1356 praeceptum
3039 1284 3347 1351 concessit;
3380 1286 3454 1337 ita
3497 1289 3560 1338 ut
3613 1284 3812 1337 nullus

2105 1375 2376 1440 marchio,
2429 1391 2639 1443 comes,
2686 1375 3024 1440 vicecomes,
3083 1373 3441 1427 schuldasius
3495 1374 3639 1444 ejus,
3701 1390 3807 1428 seu

2105 1464 2379 1534 quaelibet
2437 1480 2645 1534 magna
2711 1478 3001 1534 parvaque
3060 1479 3308 1532 persona
3370 1462 3634 1516 homines
3675 1463 3803 1533 jam

2104 1551 2241 1605 dicti
2272 1551 2596 1616 comitatus,
2656 1567 2758 1604 seu
2823 1550 3026 1620 plebis,
3068 1551 3154 1602 vel
3202 1551 3377 1603 curtis
3435 1550 3642 1602 audeat
3695 1549 3813 1603 dis-

2105 1641 2379 1710 tringere,
2409 1645 2508 1694 aut
2530 1642 2684 1694 intra
2739 1640 2931 1710 ipsum
2969 1639 3302 1693 comitatum
3335 1639 3551 1709 aliquid
3595 1655 3815 1709 praesu-

2106 1735 2224 1784 mat
2247 1729 2492 1799 exigere,
2531 1730 2614 1783 vel
2637 1734 2864 1800 paratos
2893 1728 3098 1794 facere,
3131 1744 3236 1781 nec
3286 1729 3432 1781 ullas
3463 1727 3810 1782 redhibitio-

2112 1835 2208 1872 nes
2240 1819 2557 1889 acquirere,
2593 1820 2691 1872 sed
2721 1819 2884 1872 liceat
2913 1822 3233 1871 memorato
3288 1816 3519 1887 prmsuli
3567 1816 3812 1887 suisque

2107 1907 2528 1960 successoribus
2598 1907 2718 1976 jam
2792 1923 2943 1977 swpe
2997 1905 3214 1959 dictum
3277 1905 3616 1959 comitatum
3672 1920 3811 1958 cum

2107 1995 2433 2065 supradicta
2469 1993 2635 2064 plebe
2665 1997 2751 2047 vel
2784 1999 2942 2047 curte
2981 1999 3199 2057 tenere,
3241 1997 3297 2046 et
3347 2007 3547 2045 omnes
3611 1990 3814 2044 homi-

2108 2101 2207 2136 nes
2241 2083 2416 2154 ipsius
2447 2084 2771 2147 comitatus,
2826 2083 2942 2136 sive
2995 2082 3172 2151 ipsius
3227 2081 3409 2152 plebis
3464 2097 3566 2134 seu
3605 2080 3811 2144 curtis,

2107 2190 2209 2243 per
2234 2189 2292 2225 se
2311 2173 2394 2225 vel
2419 2188 2587 2225 suum
2633 2173 2883 2239 legatum
2935 2170 3302 2239 distringere,
3372 2169 3520 2222 sicut
3564 2184 3669 2240 per
3703 2185 3815 2221 nos

2105 2263 2190 2314 vel
2220 2266 2478 2314 nostrum
2528 2261 2763 2313 missum
2820 2258 3202 2328 dislringendi
3247 2262 3454 2323 essent,
3522 2261 3579 2310 et
3608 2256 3814 2310 omnia

2105 2366 2231 2421 quas
2266 2350 2333 2402 de
2362 2349 2484 2418 ipso
2509 2349 2782 2402 comitatu
2815 2348 2884 2401 ad
2920 2347 3210 2418 publicam
3233 2352 3456 2415 partem
3489 2345 3808 2416 pertinent,

2106 2440 2194 2492 vel
2223 2438 2354 2491 inde
2386 2439 2534 2508 exigi
2588 2441 2844 2507 possunt,
2906 2441 2964 2490 et
3023 2440 3397 2506 prastaxatam
3447 2434 3677 2504 plebem
3737 2434 3813 2488 de

2105 2527 2356 2592 Trecate,
2391 2531 2563 2595 atque
2620 2530 2838 2578 cortem
2871 2525 2940 2578 de
2987 2524 3304 2578 Gravalona
3350 2539 3481 2576 cum
3535 2521 3814 2576 omnibus

2108 2614 2226 2667 suis
2288 2613 2643 2683 appendiciis
2725 2614 2813 2666 vel
2895 2612 3257 2692 pertinentiis
3319 2611 3548 2677 habeat,
3606 2614 3808 2664 teneat

2107 2701 2464 2771 tirmiterque
2526 2700 2830 2770 possideat,
2888 2705 3006 2754 tam
3056 2699 3176 2769 ipse
3229 2715 3403 2770 quam
3448 2715 3812 2752 successores

2106 2790 2282 2854 illius,
2341 2790 2437 2860 qui
2497 2789 2676 2856 illam,
2711 2791 2822 2842 Deo
2855 2789 3074 2842 favente
3106 2792 3161 2841 et
3213 2789 3564 2859 disponente,
3624 2787 3812 2857 ipsius

2109 2879 2255 2932 sedis
2314 2879 2643 2932 cathedram
2740 2876 3063 2944 suscepturi
3141 2883 3289 2940 sunt,
3380 2877 3537 2930 omni
3606 2881 3811 2929 nostra

2108 2972 2553 3037 nostrorumque
2596 2981 2954 3019 sucessorum
3022 2980 3222 3034 regum
3276 2970 3330 3018 et
3380 2965 3809 3035 imperatorum

2109 3062 2164 3110 et
2193 3056 2352 3110 omni
2392 3057 2691 3110 hominum
2752 3055 3202 3110 contradictione
3256 3055 3345 3108 vel
3412 3053 3808 3108 diminutione

2110 3151 2344 3198 remota.
2377 3144 2434 3198 Si
2467 3144 2594 3214 quis
2625 3144 2804 3213 igitur
2855 3145 2960 3197 hoc
2989 3149 3200 3198 nostras
3232 3142 3614 3196 concessionis
3654 3157 3811 3212 prae-

2109 3240 2336 3304 ceptum
2369 3233 2584 3286 nefarie
2615 3250 2756 3286 ausu
2812 3233 3120 3286 temerario
3169 3232 3382 3285 violare
3418 3246 3808 3302 prmsumpse-

2109 3323 2204 3386 rit,
2259 3327 2489 3375 centum
2515 3321 2687 3375 libras
2739 3321 2864 3375 auri
2902 3321 3106 3391 optimi
3152 3335 3494 3390 componere
3539 3323 3810 3388 cogatur,

2112 3412 2477 3466 medietatem
2507 3410 2721 3480 palatio
2761 3415 2977 3475 nostro,
3013 3415 3068 3463 et
3099 3409 3464 3462 medietatem
3491 3406 3813 3460 Novarien-

2111 3499 2157 3551 si
2193 3498 2462 3563 ecclesia,
2521 3498 2760 3568 ejusque
2819 3496 3045 3562 rectori,
3103 3496 3202 3566 qui
3233 3512 3336 3566 pro
3369 3500 3628 3565 tempore
3660 3493 3814 3547 inibi

2111 3587 2432 3642 habebitur.
2468 3587 2532 3638 Et
2589 3586 2696 3639 hoc
2751 3591 2812 3638 ut
2855 3585 3044 3638 verius
3101 3585 3380 3645 credatur,
3435 3583 3812 3652 diligentius.

2111 3692 2221 3747 que
2252 3676 2321 3728 ab
2379 3675 2644 3728 omnibus
2696 3674 3048 3740 observetur,
3101 3689 3272 3726 manu
3321 3671 3549 3742 propria
3613 3671 3822 3724 subter

2111 3764 2535 3828 conﬁrmantes,
2567 3761 2859 3833 sigillique
2890 3761 3068 3816 nostri
3099 3760 3478 3831 impressione
3529 3758 3823 3829 jussimus

2110 3851 2398 3920 insigniri.

2183 3941 2410 4006 Signum
2451 3940 2667 3992 Domini

2113 4030 2457 4096 imperatoris
2487 4028 2750 4092 Augusti.

2189 4115 2391 4166 Datum
2427 4127 2577 4165 anno
2605 4111 3016 4165 incarnationis
3068 4110 3381 4164 Dominicaz
3432 4109 3588 4175 1024,
3640 4109 3829 4163 indic-

2115 4202 2272 4255 tione
2299 4201 2659 4264 duodecima,
2700 4216 2849 4254 anno
2905 4216 3038 4253 vero
3090 4199 3253 4268 regni
3302 4197 3526 4252 domini
3587 4198 3826 4252 Henrici

2119 4289 2484 4360 imperatoris
2515 4289 2758 4359 Augusti
2789 4293 2868 4352 t3,
2905 4288 3136 4358 imperii
3166 4303 3318 4341 anno
3351 4287 3562 4358 primo.

2186 4381 2390 4433 Actum
2421 4379 2757 4432 Trucutame
2788 4377 3048 4431 faciliter.
3075 4378 3278 4431 Amen.

2757 3939 2994 4004 Henrici,
3075 3937 3403 3991 serenissimi
3468 3936 3827 3989 invictissimi

1437 4775 1964 4872 SANCTI
2079 4777 2697 4873 HENRICI

1881 4948 2257 5014 CONCIO

566 5083 767 5139 Habita
795 5087 853 5140 in
879 5089 1100 5143 concilio
1128 5088 1596 5155 Francfordiensi,
1628 5104 1728 5157 pro
1757 5092 2138 5144 constitutione
2170 5092 2511 5160 cpiscOpatus
2539 5091 2951 5159 Bambergensis
2980 5107 3121 5146 anno
3155 5094 3290 5146 1006
3315 5091 3576 5147 celebrato

1681 5212 1902 5283 (Mansi,
1935 5215 2088 5269 Cone.
2129 5217 2260 5281 XIX,
2303 5215 2450 5286 289.)

385 5426 635 5488 Domini,
691 5432 748 5480 et
773 5430 962 5480 Patres
994 5442 1026 5478 a
1062 5443 1188 5480 mea
1229 5427 1510 5497 parvitate
1544 5429 1654 5483 huc
1693 5431 1853 5485 asciti
1885 5449 2014 5487 con-

321 5513 571 5579 venistis,
619 5520 675 5567 et
705 5515 1082 5584 quamobrem
1108 5531 1206 5567 vos
1239 5515 1524 5581 ascierim,
1557 5519 1835 5587 aperiam,
1885 5537 2016 5591 pre-

323 5614 535 5667 corque
555 5603 815 5655 omnium
845 5603 1207 5656 clementiam
1281 5609 1343 5657 ut
1399 5605 1457 5657 in
1509 5605 1597 5660 his
1648 5623 1777 5678 quae
1829 5609 2020 5664 divina

2127 5435 2310 5502 gratia
2339 5434 2505 5501 mihi,
2537 5439 2601 5488 ut
2644 5450 2835 5504 spero,
2893 5434 3235 5506 insipiravit,
3297 5451 3400 5506 pro
3456 5434 3579 5504 ejus
3636 5451 3844 5493 amore

2127 5523 2380 5577 faveatis.
2421 5525 2584 5589 Nam,
2620 5524 2757 5594 quia
2813 5524 2872 5577 in
2933 5525 3125 5577 sobole
3205 5523 3467 5578 habenda
3495 5523 3658 5576 nulla
3697 5527 3844 5580 mihi

2132 5628 2260 5681 spes
2292 5617 2575 5680 superest,
2611 5612 2899 5666 Christum
2952 5614 3243 5666 hmredem
3305 5612 3474 5681 elegi,
3537 5611 3845 5685 episcopa-
