3968 6410
157 407 263 460 385

871 405 1281 464 THANGMARI
1322 409 1568 466 PRESB.
1612 411 2070 468 HILDESHEIM.
2114 443 2180 450 —
2222 415 2373 470 VlTA
2416 419 2475 473 S.
2518 418 2970 474 BERNWARDI.

3581 427 3684 480 386

156 532 283 580 tum
317 527 378 582 in
413 528 785 594 Bavemberh,
819 545 950 583 cum
981 531 1212 585 licentia
1242 531 1497 603 episcopi
1531 533 1646 588 mei
1684 534 1866 588 facere
1906 553 1946 604 Α
1986 536 2206 592 Moveat
2231 539 2405 592 corda
2434 541 2697 596 omnium
2731 545 3102 614 praesentium
3129 547 3284 617 quod
3319 554 3694 619 augmentum

155 616 442 671 hactenus
467 618 790 688 concupivi,
826 624 882 672 et
909 619 1082 673 hodie
1114 621 1388 690 perlicere
1421 623 1615 676 statui.
1649 623 1732 678 Ob
1767 623 1875 678 hoc

157 705 590 760 serenissima")
632 707 906 776 pietatem
946 712 1196 762 vestram
1229 709 1557 780 interpello,
1608 727 1700 778 ne,
1747 711 1874 781 ejus

157 793 425 848 absentia
479 795 579 865 qui
633 796 787 864 apud
845 812 937 850 me
988 797 1169 851 voluit
1214 798 1475 852 obtinere
1525 800 1679 870 quod
1727 800 1872 854 mihi

156 898 278 935 non
310 883 473 937 licuit
496 884 828 950 concedere,
867 885 1230 955 prepositum
1275 903 1471 941 meum
1516 889 1701 942 valeat
1753 888 1871 942 im-

155 972 368 1042 pediri.
410 973 545 1025 Ecce
576 973 834 1037 baculus,
878 973 941 1026 in
980 990 1096 1045 quo
1145 981 1359 1029 mutuae
1417 977 1874 1030 conﬁrmationis

155 1062 395 1130 signum
424 1061 702 1127 clarescit,
739 1061 894 1132 quod
926 1077 1044 1116 non
1100 1068 1339 1135 propter
1396 1064 1724 1132 Dominum,
1774 1065 1872 1120 sed

156 1148 232 1202 ob
254 1148 553 1220 dignitatis
582 1151 912 1204 nullatenus
941 1150 1326 1222 adipiscenda
1347 1150 1606 1208 dolorem
1637 1153 1873 1223 fugerit.

1985 625 2040 678 S.
2071 626 2262 680 Matris
2297 627 2554 682 Ecclesia:
2584 646 2715 683 cum
2747 631 3092 701 nugigerula
3137 634 3425 704 legatione
3484 637 3694 690 annul-

1983 712 2098 766 lare
2129 715 2444 784 praesumit.
2475 716 2612 770 Ecce
2640 718 2710 771 ad
2743 718 2866 772 hinc
2921 721 3188 791 conjugis
3243 739 3385 776 meae
3442 740 3692 793 prwsen-

1982 802 2070 868 tis,
2105 810 2164 855 et
2195 803 2346 856 unici
2379 804 2572 858 fratris
2604 806 2717 858 mei
2740 813 2795 860 et
2825 808 3142 862 cohmredis
3166 811 3327 882 larga
3350 811 3695 866 benevolen-

1981 889 2062 943 tia
2088 889 2329 960 aspirat;
2367 908 2581 974 meque.
2605 895 2816 964 placita
2863 895 2971 949 sibi
2999 897 3323 952 redditione
3367 900 3481 953 illis
3522 899 3692 953 resti-

1982 982 2142 1032 tuere
2173 985 2416 1049 uterquc
2452 997 2554 1051 pro
2576 989 2730 1035 certo
2760 983 2937 1037 sciat:
2971 988 3133 1055 sique
3163 987 3465 1057 episcopus
3497 987 3691 1041 venire

1985 1072 2040 1120 et
2103 1069 2386 1137 promissa
2441 1069 2712 1137 dignatur
2765 1071 3076 1140 suscipere,
3149 1079 3412 1144 paratum
3452 1091 3544 1130 me
3616 1075 3684 1130 ad

1985 1170 2155 1208 omne
2195 1155 2347 1226 quod
2381 1155 2542 1211 vobis
2571 1159 2853 1228 placuerit
2884 1159 3159 1214 inveniet.

1578 1573 1747 1614 ANNO
1794 1574 2029 1614 DOMINI
2080 1574 2274 1614 MXXV’.

1021 1735 2812 1912 THANGMARUS

1383 2019 1792 2076 PRESBYTER
1831 2018 2467 2075 HILDESHEIMENSIS.

555 2421 1039 2546 VITA
1162 2422 1888 2548 SANCTI
2008 2428 3267 2554 BERNWARDI

1375 2656 1718 2700 EPISCOPI
1765 2657 2462 2703 HILDESHEIMENSIS

996 2803 1448 2877 AUCTORE
1525 2805 2133 2881 THANGMARO
2209 2809 2838 2882 PRESBYTERO

674 2987 862 3060 (Apud
903 2988 966 3042 D.
1011 2988 1195 3056 Pertz,
1238 2989 1583 3042 Monumenta
1613 2986 1915 3042 Germania
1945 2987 2225 3055 historica,
2267 2987 2471 3059 Script.
2513 2993 2653 3042 tom.
2693 2989 2781 3055 1V,
2822 3004 2954 3060 pag.
2997 2991 3148 3059 751.)

1641 3297 2175 3363 MONITUM.

211 3477 640 3546 Thangmarus,
701 3473 931 3528 natione
981 3473 1127 3528 Saxo
1187 3473 1286 3544 (l),
1343 3477 1587 3528 exeunte
1645 3475 1852 3528 saeculo
1890 3478 1926 3531 Β
1966 3475 2120 3528 solus
2151 3456 2519 3528 ad'Ottonem
2545 3475 2617 3528 lll
2649 3478 2705 3528 et
2735 3475 3071 3529 Silvestrum
3106 3477 3150 3530 ll
3183 3477 3420 3546 legatus,
3449 3476 3672 3530 Italiam

143 3565 371 3619 decimo
404 3569 461 3616 et
491 3562 796 3617 undecimo
838 3562 1071 3615 ineunte
1103 3562 1401 3632 presbyter
1452 3562 1703 3616 ecclesiae
1759 3579 1851 3615 ca-

141 3653 424 3707 thedralis
467 3651 981 3706 Hildeslicimensis
1013 3653 1082 3720 (2)
1108 3656 1164 3703 et
1219 3651 1582 3720 primicerius
1641 3651 1849 3704 schola:

141 3757 483 3812 puerorum,
541 3747 598 3794 et
655 3741 864 3792 sawqu
909 3739 1210 3792 undecimo
1269 3739 1520 3792 ecclesias
1577 3739 1847 3801 decanus,

143 3830 556 3884 Bernwardum
624 3828 826 3882 litteris
893 3827 1274 3881 imbuendum
1331 3827 1700 3898 moribusque
1759 3827 1848 3879 in-

140 3919 485 3972 struendum
519 3917 627 3970 sibi
652 3916 929 3970 traditum
951 3921 1106 3969 tanta
1133 3915 1441 3969 dilectione
1472 3916 1629 3980 fovit,
1663 3921 1727 3968 ut
1749 3930 1850 3986 per

138 4013 320 4060 totam
363 4007 570 4059 deinde
618 4005 791 4058 vitam
827 4004 990 4075 quasi
1021 4003 1203 4057 ﬁlium
1240 4004 1385 4072 patri
1435 4003 1542 4056 sibi
1596 4004 1848 4057 devinci-

139 4101 223 4149 ret
251 4099 350 4161 (3).
387 4093 723 4148 Bernwardo
753 4094 824 4147 ad
851 4093 1246 4162 episcopatum
1297 4092 1847 4145 Hildesheimensem

137 4190 433 4255 provecto,
469 4183 587 4253 ipse
627 4183 876 4236 decanus
927 4182 1021 4248 (4),
1064 4181 1540 4234 Bibliotliecarius
1587 4186 1644 4233 et
1683 4187 1844 4234 nota-

135 4273 252 4326 rius
284 4275 360 4341 (ὃ)
424 4273 594 4323 rebus
651 4269 918 4338 gerendis
965 4268 1283 4337 plurimum
1332 4267 1613 4330 interfuit,
1670 4274 1728 4320 et
1784 4268 1843 4321 in

131 4361 369 4429 negotio
402 4357 964 4412 Ganderslieimeinsi
993 4372 1144 4409 anno
1196 4358 1332 4410 1000
1387 4356 1456 4409 ad
1485 4357 1843 4426 Willegisum

132 4447 632 4518 archiepiscopum
666 4445 740 4515 (6)
793 4461 923 4498 cum
959 4445 1087 4498 aliis
1138 4445 1383 4515 legatus,
1433 4443 1648 4518 eodem
1688 4461 1841 4500 anno

131 4536 466 4606 episcopum
502 4550 670 4588 suum
701 4535 943 4588 Romam
987 4532 1293 4586 comitatus
1323 4532 1398 4602 (7)
1426 4538 1482 4586 et
1513 4549 1642 4586 cum
1673 4550 1740 4587 eo
1774 4551 1840 4587 ex

132 4623 288 4678 Italia
324 4639 606 4688 reversus,
637 4638 834 4676 mense
867 4625 1127 4691 Augusto
1167 4621 1305 4674 anni
1342 4624 1468 4676 1001
1533 4638 1652 4676 una
1708 4639 1837 4676 cum

132 4713 470 4782 Eggeliardo
502 4711 719 4782 synodo
753 4710 1216 4765 Francofurtanm
1247 4711 1510 4765 interfuit
1553 4710 1654 4781 (8),
1714 4715 1838 4766 tum

1963 3563 2159 3616 revisit
2190 3567 2282 3630 (0),
2337 3564 2394 3616 in
2441 3563 2684 3616 concilio
2717 3564 3033 3617 Tudertino
3095 3581 3185 3619 res
3240 3566 3500 3618 Ecclesiae
3555 3582 3672 3618 sum

1962 3649 2099 3718 egit,
2151 3651 2223 3703 ab
2274 3650 2623 3720 imperatore
2689 3667 2817 3704 mox
2873 3652 3154 3704 morituro
3196 3652 3515 3722 largissime
3577 3669 3662 3704 re-

1964 3744 2301 3792 muneratus
2331 3756 2482 3792 anno
2515 3741 2649 3792 1002
2681 3739 2916 3792 domum
2947 3741 3138 3805 rediit,
3170 3746 3225 3792 et
3255 3757 3356 3809 per
3380 3741 3667 3810 reliquum

1959 3827 2090 3879 vitae
2135 3832 2365 3896 tempus
2429 3828 2760 3881 Bernwardo
2809 3828 3059 3881 convixit
3098 3830 3225 3896 (l0).
3272 3830 3414 3882 Cum
3474 3835 3668 3882 autem

1957 3930 2183 3968 summa
2213 3931 2343 3968 cum
2370 3915 2635 3985 episcopo
2667 3915 3055 3969 familiaritate
3087 3917 3318 3981 viveret,
3372 3917 3488 3971 imo
3530 3935 3667 3970 cou-

1959 4001 2138 4055 fessor
2169 4005 2278 4071 (ll;
2315 4004 2438 4071 ejus
2469 4003 2639 4057 fuisse
2676 4004 2953 4072 videatur,
2989 4007 3296 4072 magnilica
3337 4006 3464 4075 ejus
3509 4011 3670 4075 gesta

1957 4091 2228 4159 colligere
2271 4108 2574 4161 aggressus
2629 4092 2764 4161 (12),
2821 4093 3026 4146 eodem
3081 4111 3233 4161 (egre
3278 4094 3365 4146 vix
3429 4094 3664 4147 tandem

1956 4181 2344 4234 consentiente
2370 4182 2680 4250 compegit.
2751 4187 2808 4234 et
2857 4187 2988 4251 post
3035 4183 3257 4235 obitum
3312 4182 3505 4235 dilecti
3558 4182 3665 4234 viri

1957 4269 2197 4323 absolvit
2252 4269 2378 4337 (l3).
2434 4268 2710 4323 Convenit
2753 4269 2899 4322 liber
2937 4271 2998 4322 in
3061 4270 3197 4323 locis
3257 4269 3410 4323 haud
3467 4269 3666 4339 paucis

1954 4375 2083 4411 cum
2139 4357 2457 4410 Annalibus
2501 4357 3181 4423 Hildenesheimensibus,
3239 4359 3398 4427 quod
3449 4359 3577 4411 ideo
3632 4376 3666 4412 a

1955 4453 2151 4500 nostro
2186 4447 2428 4515 scriptos
2460 4446 2640 4499 videri
2667 4463 2842 4515 supra
2874 4447 3190 4500 memoravi
3235 4448 3370 4515 (14),
3427 4451 3485 4500 et
3541 4463 3663 4501 om-

1953 4532 2182 4588 niafere
2208 4550 2338 4604 quae
2359 4539 2674 4587 narrataut
2710 4535 2780 4587 ab
2805 4535 2932 4602 ipso
2959 4548 3243 4603 przesente
3293 4535 3411 4587 visa
3459 4540 3559 4588 aut
3609 4535 3663 4589 ei

1950 4624 2155 4676 saltem
2176 4622 2321 4676 bene
2353 4627 2489 4674 nota
2521 4622 2698 4674 lector
2727 4622 2889 4675 facile
2931 4623 3366 4675 animadvertet.
3407 4623 3480 4676 De
3517 4623 3662 4676 veri-

1951 4712 2084 4766 tatis
2123 4711 2312 4764 studio
2347 4711 2404 4764 in
2445 4712 2546 4764 tali
2593 4710 2716 4764 viro
2776 4711 3016 4764 minimo
3065 4711 3433 4766 dubitaveris.
3480 4712 3664 4783 Opere

1786 4838 1827 4891 Ν
1837 4837 2006 4892 OT/E.

231 4942 272 4995 ll
307 4942 446 4995 Can.
487 4957 499 4993 :

196 4941 272 5009 (l)
307 4942 446 5011 Cap.
487 4957 499 4993 :
542 4941 688 4993 claro
713 4945 910 4993 nostra:
939 4941 1115 5007 gentis
1140 4941 1426 5007 sanguine.

195 5014 272 5080 (‘2)
338 5013 510 5063 Vocat
563 5026 688 5063 eam
764 5017 1008 5064 nostrum
1080 5013 1500 5064 monasterium:
1551 5012 1836 5083 exempli

126 5083 306 5151 gratia
349 5097 504 5134 anno
541 5083 696 5148 l000,
728 5097 852 5148 cap.
884 5084 975 5148 18;
1000 5097 1153 5134 anno
1189 5083 1344 5147 1007,
1376 5097 1501 5151 cap.
1535 5082 1624 5136 43.

195 5157 267 5220 (3)
357 5155 704 5224 Bennonem
749 5153 943 5224 etiam,
989 5159 1196 5224 postea
1228 5153 1570 5205 Misnensem
1615 5153 1836 5224 episco-

128 5223 564 5290 pum,erudisse
595 5222 809 5291 legitur
867 5222 927 5276 in
974 5222 1184 5280 Chron.
1255 5224 1311 5278 S.
1375 5222 1666 5278 Michaelis
1714 5225 1836 5279 Hil-

127 5293 274 5347 desh.
316 5295 518 5349 Leibn.
556 5294 626 5359 ll,
659 5309 712 5363 p.
756 5294 888 5348 400.

194 5366 268 5434 (4)
310 5367 449 5434 Cap.
489 5367 574 5418 33.

194 5439 266 5506 (8)
317 5437 618 5500 Prologus.

195 5505 263 5574 (6)
306 5509 446 5578 Cap.
497 5508 584 5566 18,
612 5521 714 5574 per
736 5519 832 5578 nos
865 5505 1154 5578 mandant.

194 5578 260 5644 (7)
305 5577 442 5647 Cap.
487 5579 580 5640 2b”,
610 5577 897 5646 presbyter
924 5577 995 5632 cf.
1021 5593 1145 5648 cap.
1173 5578 1259 5632 34.

199 5651 268 5718 (8)
311 5652 448 5720 Cap.
495 5650 586 5701 33.

542 4939 688 4993 claro
713 4945 910 4993 nostra:
939 4941 1115 5007 gentis
1140 4941 1426 5007 sanguine.

2023 4941 2098 5009 (υ)
2141 4942 2274 5009 Cap.
2312 4941 2498 4995 34-37.

2023 5013 2128 5080 (l0)
2177 5013 2453 5081 Prologus
2484 5011 2540 5064 in
2575 5012 2708 5065 line.

2022 5086 2129 5150 (tl)
2185 5083 2459 5146 Quisnam
2526 5083 2634 5136 nisi
2688 5082 2982 5136 confessor
3050 5083 3172 5137 hinc
3217 5084 3479 5138 diceret:
3549 5085 3655 5139 Nec

1951 5153 2164 5222 aliquid
2217 5153 2274 5205 in
2323 5156 2468 5206 omni
2495 5155 2676 5208 stu'lio
2732 5156 2848 5220 ejus
2884 5158 3006 5208 vitae
3058 5171 3231 5208 meum
3275 5157 3657 5209 conscientiam

1947 5240 2234 5277 PRAITIMRE
2265 5240 2478 5293 rorlur,
2514 5228 2646 5294 quin
2668 5227 2977 5293 plenissime
2996 5228 3204 5279 scirem.

2021 5296 2131 5362 (l2)
2159 5296 2378 5358 Prolog.

2019 5369 2131 5433 (l3)
2160 5366 2236 5418 De
2295 5365 2582 5436 lleinrico
2612 5366 2656 5418 ll
2715 5382 2838 5436 cap.
2881 5368 2948 5418 2'2
2979 5365 3058 5436 ita
3102 5364 3374 5436 loquitur,
3417 5369 3480 5417 ut
3511 5380 3645 5419 eum

1947 5438 2083 5489 tuuc
2115 5438 2478 5502 superstitem
2509 5435 2680 5489 fuisse
2713 5434 2932 5499 videas;
2973 5435 3116 5488 liber
3165 5434 3344 5503 igitur
3377 5441 3508 5488 ante
3542 5452 3642 5490 an-

1949 5521 2086 5558 num
2128 5508 2260 5559 1024
2293 5507 2488 5559 linitus
2521 5513 2624 5558 est.

2020 5577 2128 5644 (14)
2161 5578 2256 5630 SS.
2310 5577 2398 5635 ΙΙΙ,
2439 5593 2492 5644 p.
2527 5580 2594 5627 ‘20
2627 5577 2850 5644 (Patrol.
2885 5581 3023 5627 tom.
3072 5573 3223 5628 CXLI
3257 5575 3312 5628 in
3348 5575 3650 5631 Lamberto

1946 5647 2397 5716 Aschafuaburg.
2429 5647 2494 5699 ad
2538 5662 2627 5700 an.
2668 5648 2843 5711 1039).
2905 5647 3301 5714 Thangmarus
3359 5663 3454 5702 an.
3516 5651 3652 5704 l0‘22
