3968 6404
324 444 424 498 387

1319 433 1728 490 THANGMARI
1773 430 2215 487 PRESBYTERI
2254 428 2838 486 HILDESHEIMENS.

3733 425 3842 478 388

323 560 605 625 absoluto,
635 559 790 612 haud
822 558 916 612 diu
943 557 1146 611 vixisse
1178 555 1438 622 videtur;
1479 555 1680 608 saltem
1727 569 1876 606 anno
1903 552 2024 622 jam
2063 557 2110 607 Α
2137 557 2309 619 notae,
2333 551 2402 607 ad
2433 552 2684 607 litteram
2709 566 2855 621 pene
2884 567 2915 604 a
2941 565 3032 604 me
3063 564 3360 620 expressus
3417 553 3528 616 est;
3588 548 3841 619 scriptu-

333 653 465 703 1027
495 647 826 702 Tadilonem
885 648 1166 700 decanum
1221 644 1532 698 memorari
1596 642 1842 712 legimus
1885 641 2017 710 (15).

330 739 499 794 Liber
521 752 732 808 magno
761 734 1012 790 historia:
1035 733 1337 787 commodo
1359 732 1419 785 in
1450 730 1684 785 ecclesia
1706 729 2022 784 Hildeshei-

327 827 515 881 mensi
546 827 886 890 asservatus,
921 822 1127 875 saeculo
1155 836 1232 875 xu
1267 820 1498 873 ineunte
1529 817 1821 871 miraculis
1870 817 2022 870 beati

328 915 580 985 episcopi
614 911 806 966 virtuti
832 913 1094 980 ascriptis
1127 914 1342 974 auctus,
1368 912 1419 960 et
1462 923 1610 960 anno
1649 909 1780 960 H93
1838 906 2022 960 Coele-

325 1003 470 1056 stiuo
497 1003 569 1055 111
599 1001 842 1066 oblatus,
879 998 1281 1052 Bernwardum
1338 997 1398 1050 in
1441 1011 1751 1050 numerum
1799 999 2022 1047 sancto-

324 1106 454 1144 rum
514 1087 714 1142 referri
769 1086 954 1140 eﬂ’ecit
1003 1087 1136 1154 (16‘);
1198 1084 1296 1138 sed
1359 1089 1552 1137 nostro
1621 1098 1851 1154 quoque
1905 1098 2024 1135 aevo

323 1177 630 1232 lectoribus
660 1175 822 1228 valde
854 1178 1152 1242 acceptum
1182 1189 1240 1226 se
1282 1158 1500 1238 reddet,
1561 1171 1716 1241 quod
1774 1171 2026 1240 plurima

330 1267 475 1320 scitu
501 1266 676 1335 digna
704 1264 773 1317 de
815 1262 1018 1315 Ottone
1049 1261 1142 1326 Ill,
1194 1262 1357 1329 cujus
1418 1259 1823 1313 Bernwardum
1879 1275 2022 1329 pra:-

327 1359 620 1421 ceptorem
678 1356 735 1403 et
767 1349 1014 1402 amicum
1054 1347 1226 1401 fuisse
1259 1346 1552 1413 discimus,
1617 1353 1672 1399 et
1729 1346 1798 1399 de
1849 1345 2022 1399 Hein-

322 1442 427 1495 rici
459 1440 508 1495 ll
541 1455 718 1508 regno
758 1436 1032 1490 oblivioni
1059 1434 1378 1506 praeripuit.
1418 1434 1553 1488 Litis
1584 1450 1814 1505 quoque
1871 1434 2026 1486 Gan-

325 1525 768 1582 dersheimensis
807 1524 899 1577 cui
928 1523 1268 1578 dirimendas
1311 1523 1720 1593 imperatorem
1786 1527 1843 1576 et
1903 1521 2026 1590 epi-

329 1633 530 1686 scopos
559 1631 663 1686 per
718 1615 912 1684 plures
959 1629 1142 1666 annos
1191 1613 1475 1666 laborasse
1515 1612 1798 1676 novimus,
1850 1611 2025 1664 telam

327 1704 398 1757 ab
449 1703 682 1757 exordio
741 1701 1031 1771 expandit.
1066 1701 1323 1770 Scriptus
1364 1705 1450 1753 est
1492 1702 1638 1771 stylo
1673 1700 1918 1770 simplici
1971 1704 2028 1752 et

327 1791 647 1863 perspicuo.
695 1790 848 1844 Anni
903 1789 1138 1843 initium
1194 1805 1326 1842 cum
1364 1789 1680 1842 Annalibus
1738 1787 2027 1841 Hildenes-

323 1880 718 1936 heimensibus
750 1895 782 1932 a
813 1879 1113 1933 nativitate
1147 1877 1375 1931 Domini
1405 1877 1634 1930 inchoat
1665 1877 1794 1946 (l7).

395 1971 596 2040 Opere,
694 1969 867 2038 paulo
949 1972 1258 2037 postquam
1342 1966 1657 2034 prodierat,
1734 1981 1871 2018 usus
1942 1969 2025 2018 est

325 2057 677 2115 Wolfherius
729 2057 789 2109 in
839 2056 962 2110 Vita
1016 2054 1231 2124 duplici
1286 2053 1606 2108 Godehardi
1646 2052 1917 2122 episcopi,
1970 2057 2026 2106 et

324 2146 577 2216 plurima
657 2144 791 2198 inde
846 2143 1112 2211 decerpta
1166 2141 1376 2210 scripto
1426 2157 1528 2193 suo
1582 2139 1850 2205 inseruit;
1911 2157 2024 2194 sae-

325 2236 454 2289 culo
505 2231 846 2287 duodecimo
900 2230 1135 2283 ineunte
1173 2229 1394 2282 auctori
1451 2227 1744 2281 Chronica:
1799 2227 2024 2298 episco-

325 2337 532 2394 porum
577 2317 1175 2381 Hildesheimensium,
1209 2322 1451 2369 exeunte
1508 2316 1726 2368 auctori
1768 2315 2026 2369 Historiae

323 2409 708 2464 translationis
757 2408 810 2462 S.
873 2407 1199 2461 Bernwardi
1255 2406 1527 2460 innotuit.
1594 2409 1728 2459 Arte
1759 2412 2025 2476 typogra-

327 2499 495 2571 phica
552 2497 804 2564 inventa,
851 2495 1070 2566 primus
1131 2499 1398 2564 excerpta
1455 2495 1666 2547 codicis
1728 2495 2025 2563 cujusdam

328 2583 834 2642 Ilildesheimensis
864 2583 1019 2636 dedit
1044 2582 1243 2636 Surius
1275 2582 1334 2634 in
1364 2583 1516 2634 Actis
1542 2583 1631 2634 SS.
1669 2582 1758 2635 die
1793 2584 1858 2635 20
1911 2583 2024 2635 Νο-

325 2675 596 2740 vembris,
629 2677 687 2728 at
723 2675 1014 2726 Browerus
1065 2672 1123 2724 in
1154 2671 1444 2724 Sideribus
1501 2671 1820 2724 Germaniae
1853 2669 2026 2723 libros

328 2767 406 2818 De
447 2765 578 2825 vita,
613 2762 772 2816 obitu
800 2767 856 2815 et
885 2760 1258 2815 translatione
1315 2760 1374 2813 S.
1443 2759 1791 2826 Bernwardi,
1845 2763 1901 2812 et
1955 2759 2025 2812 de

325 2852 698 2907 translatione
745 2854 800 2905 S.
836 2849 1141 2919 Epiphanii
1174 2865 1304 2902 cum
1345 2848 1572 2901 scholiis
1594 2847 1796 2914 edidit,
1830 2847 2025 2901 codice

326 2959 462 2996 usus
507 2941 699 2994 saeculi
730 2957 794 2992 xv
827 2942 959 3007 (l8),
991 2938 1088 2991 sed
1140 2937 1508 3006 interpolato,
1566 2936 1768 2990 ordine
1826 2953 2024 2990 narra-

325 3031 500 3084 tionis
531 3030 757 3082 inverso
804 3033 860 3081 et
888 3042 1150 3080 sermone
1175 3026 1502 3095 depravato.
1533 3024 1781 3078 Broweri
1811 3029 2027 3077 textum

327 3117 688 3173 Mabillonius
719 3116 778 3168 in
805 3115 958 3168 Actis
989 3114 1081 3168 SS.
1107 3114 1170 3167 Ο.
1201 3114 1255 3166 S.
1296 3114 1353 3166 Β.
1389 3113 1529 3166 Szec.
1573 3114 1660 3180 Vl,
1723 3130 1758 3172 1.
1795 3129 1850 3182 p.
1904 3115 2029 3181 202,
2065 3115 2104 3168 C

328 3210 386 3258 et
434 3199 750 3258 Leibnitius
819 3203 879 3254 in
945 3201 1036 3254 SS.
1096 3200 1346 3253 Brunsw.
1428 3199 1471 3261 Ι,
1531 3200 1618 3266 fit,
1694 3199 1787 3252 hic
1840 3204 2032 3252 tamen

330 3291 560 3361 adjectis
617 3289 812 3359 paucis
887 3289 1093 3342 codicis
1153 3287 1577 3356 Cuelferbytani
1635 3292 1688 3340 et
1755 3286 2032 3340 versionis

327 3379 642 3444 Saxonica,
732 3393 862 3448 qua:
915 3377 983 3430 ad
1038 3381 1259 3430 textum
1312 3375 1736 3428 Browerianun‘.
1787 3375 2028 3442 accedit,

328 3467 692 3533 lectionibus,
725 3465 1138 3535 repetiverunt.
1176 3463 1360 3518 Editio
1394 3471 1590 3517 nostra
1609 3463 1812 3517 nititur
1845 3481 1856 3516 :

405 3560 451 3610 1.
511 3558 568 3611 C.
624 3554 804 3624 regio,
863 3553 1001 3606 olim
1061 3551 1399 3606 monasterii
1462 3553 1516 3605 S.
1573 3552 1858 3606 Michaelis
1909 3551 2029 3605 Hil-

329 3639 761 3703 desheimensis,
791 3656 823 3690 a
875 3637 1210 3690 Bernwardo
1262 3636 1522 3702 conditi;
1584 3636 1684 3706 qui
1719 3637 1926 3689 saeculo
1973 3653 2028 3689 x1

327 3734 591 3782 exaratus
628 3727 688 3780 in
728 3726 826 3779 fol.
863 3742 1002 3779 auro
1046 3729 1280 3794 argento
1337 3724 1687 3794 diversisque
1741 3724 2029 3777 coloribus

327 3817 514 3886 pictus
566 3821 622 3869 et
665 3814 950 3885 lapidibus
1008 3813 1270 3884 pretiosis
1327 3812 1466 3866 olim
1485 3818 1743 3877 ornatus,
1791 3829 2028 3884 magna-

330 3922 443 3976 que
475 3904 844 3959 veneratione
891 3903 952 3955 in
1012 3902 1272 3956 ccenobio
1313 3901 1541 3955 habitus
1583 3907 1682 3955 est.
1725 3902 1855 3972 Ipsa
1915 3901 2031 3955 vita

329 3993 588 4064 quinque
641 3991 1120 4062 quaternionibus
1165 3991 1501 4043 absolvitur.
1586 3990 1784 4043 Sextus
1855 4006 2029 4043 manu

332 4081 522 4134 saeculi
552 4095 626 4132 xu
665 4079 916 4132 ineuntis
945 4079 1242 4143 miracula,
1275 4078 1554 4147 septimus
1587 4078 1787 4130 eadem
1853 4094 2031 4132 manu

330 4168 739 4222 revelationem
769 4167 950 4220 sancti
982 4166 1266 4221 Michaelis
1301 4171 1356 4219 et
1389 4165 1664 4219 lectiones
1698 4166 2026 4231 nonnullas,

331 4262 564 4311 octavus
621 4272 799 4309 manu
875 4255 1069 4308 saeculi
1121 4271 1198 4308 xu
1255 4255 1480 4308 chartas
1553 4254 1843 4308 Benedicti
1915 4272 2029 4320 Vlll,

333 4343 583 4400 Heinrici
616 4345 661 4398 ΙΙ
692 4349 748 4398 et
781 4343 1027 4397 Bodonis
1059 4343 1352 4414 praepositi
1391 4342 1454 4396 in
1484 4343 1737 4396 favorem
1783 4342 2027 4396 coanobii

332 4434 388 4489 S.
423 4432 710 4488 Michaelis
760 4433 890 4486 data
957 4437 1013 4486 et
1063 4432 1342 4486 nonnulla
1389 4431 1724 4500 posterioris
1771 4431 1877 4484 aevi
1932 4448 2026 4484 ex-

329 4519 507 4573 hibet.
572 4518 736 4573 Liber
783 4533 1008 4587 magnae
1066 4516 1420 4572 auctoritatis
1479 4521 1534 4569 et
1581 4515 1815 4586 optimae
1863 4515 2032 4568 simul

2133 656 2211 694 NB
2245 641 2538 711 specimen
2575 640 2636 694 in
2667 639 2862 694 tabula
2893 638 3111 710 adjecta
3139 637 3335 692 habes.
3370 637 3474 693 Cui
3513 637 3841 708 plurimum

2131 729 2418 784 consentit
2449 745 2463 783 :

2205 876 2254 927 3.
2291 873 2330 925 C
2391 871 2584 940 regius
2614 870 2753 925 bibl.
2782 869 3109 924 Dresdensis
3130 869 3275 922 mbr.
3309 867 3369 921 in
3399 867 3457 921 4ο
3481 866 3702 922 duabus
3731 881 3844 919 Ste-

2131 961 2244 1014 culi
2279 977 2330 1014 x1
2379 959 2644 1013 manibus
2685 963 2968 1024 exaratus,
3001 959 3102 1012 sed
3132 974 3164 1011 a
3209 955 3538 1023 Wolfherio,
3599 959 3840 1009 auctore

2135 1049 2274 1102 Vitas
2305 1047 2650 1115 Godehardi,
2681 1047 2880 1102 iisdem
2914 1047 3068 1100 haud
3097 1061 3228 1100 raro
3247 1044 3547 1100 sententiis
3578 1059 3722 1113 quas
3775 1041 3846 1095 in

2135 1138 2258 1190 Vita
2309 1136 2498 1206 prima
2549 1136 2893 1190 offendimus
2938 1135 3338 1204 interpolatus,
3400 1138 3457 1186 et
3503 1131 3720 1186 notitiis
3765 1130 3845 1184 de

2135 1225 2470 1280 Godehardo
2497 1224 2766 1294 episcopo
2789 1227 3006 1288 auctus,
3027 1239 3156 1292 quae
3186 1238 3316 1275 cum
3351 1221 3474 1274 Vita
3493 1221 3616 1290 ejus
3646 1219 3848 1288 prima

2133 1331 2314 1384 usque
2337 1313 2406 1367 ad
2427 1329 2551 1382 cap.
2567 1316 2633 1367 26
2657 1313 3043 1366 consentiunt.
3069 1311 3375 1380 Complura
3397 1314 3627 1363 econtra
3647 1307 3848 1378 capita

2134 1403 2195 1455 in
2219 1401 2404 1455 medio
2430 1400 2576 1454 libro
2598 1401 2963 1454 omittuntur.
2993 1399 3160 1453 Initio
3192 1414 3430 1452 mancus
3467 1402 3570 1451 est.
3598 1396 3847 1450 Librum

2133 1490 2196 1544 in
2222 1506 2391 1544 usum
2436 1494 2696 1543 nostrum
2730 1505 2857 1542 cum
2895 1488 3062 1542 editis
3091 1486 3334 1541 contulit
3363 1486 3430 1543 V.
3493 1487 3563 1538 cl.
3627 1483 3845 1539 Mauri-

2134 1577 2246 1630 tius
2269 1579 2477 1646 Haupt,
2506 1577 2565 1630 in
2597 1576 2890 1630 academia
2917 1575 3191 1646 Lipsiensi
3249 1575 3554 1644 professor,
3602 1572 3702 1643 qui
3748 1572 3846 1625 his

2133 1665 2322 1718 verbis
2351 1682 2416 1718 ea
2442 1666 2512 1718 de
2546 1681 2608 1717 re
2663 1666 2730 1718 ad
2787 1681 2890 1717 nos
2925 1663 3155 1717 retulit:
3203 1663 3439 1717 «Codex
3494 1678 3645 1715 anno
3701 1663 3847 1714 1832

2136 1767 2201 1805 ex
2233 1751 2516 1805 tabulario
2537 1751 2701 1821 regni
2727 1751 2985 1805 Saxoniaa
3015 1750 3316 1804 secretiore
3334 1749 3394 1803 in
3423 1749 3847 1803 Bibliothecam

2055 1836 2096 1889 B
2135 1839 2353 1909 regiam
2385 1840 2762 1893 Dresdensem
2792 1839 3123 1904 translatus,
3155 1839 3292 1892 folia
3317 1837 3577 1892 continet
3629 1836 3844 1906 viginti

2133 1927 2242 1982 tria
2271 1928 2466 1982 formae
2500 1928 2812 1999 quadratas,
2850 1929 3085 1982 modicae
3115 1927 3546 1997 magnitudinis.
3580 1926 3844 1996 Singulae

2133 2013 2361 2085 paginae
2392 2031 2588 2069 versus
2627 2015 2925 2068 continent
2971 2014 3177 2084 viginti
3235 2014 3511 2085 quinque.
3572 2013 3838 2084 Scriptus

2134 2107 2220 2157 est
2248 2102 2394 2156 liber
2424 2121 2456 2157 a
2497 2103 2763 2157 manibus
2789 2103 3027 2168 duabus,
3059 2119 3301 2173 quarum
3343 2102 3531 2171 prima
3587 2101 3848 2172 pertinet

2137 2207 2315 2261 usque
2343 2191 2413 2245 ad
2447 2191 2620 2245 tinem
2649 2190 2771 2245 folii
2811 2190 3016 2244 decimi
3051 2190 3208 2259 noni,
3233 2190 3390 2244 recti.
3426 2189 3584 2244 Folio
3633 2189 3842 2243 eodem

2135 2294 2330 2332 averso
2363 2280 2538 2332 altera
2570 2295 2774 2332 manus
2828 2278 3028 2348 incipit
3066 2277 3156 2330 his
3206 2277 3392 2330 verbis
3429 2292 3442 2330 :
3507 2279 3605 2330 His
3648 2280 3729 2330 ita
3786 2293 3842 2330 se

2135 2368 2478 2434 habentibus,
2513 2384 2641 2438 quae
2671 2351 2940 2438 leguntur
2971 2366 3123 2437 apud
3157 2365 3503 2420 Leibnitium
3535 2365 3721 2434 capite
3770 2366 3830 2418 41

2133 2455 2271 2525 (jam
2304 2457 2425 2523 ii);
2473 2461 2718 2526 utraque
2761 2471 2966 2508 manus
3025 2454 3217 2508 saeculi
3257 2454 3548 2509 undecimi
3597 2458 3701 2519 est,
3736 2469 3842 2506 nec

2134 2545 2314 2596 multo
2348 2543 2628 2596 recentior
2653 2543 2822 2596 tertia
2863 2558 2992 2612 qua:
3031 2542 3124 2595 hic
3169 2541 3285 2595 illic
3343 2540 3646 2595 nominum
3677 2557 3837 2594 com-

2133 2631 2344 2702 pendia
2375 2648 2549 2701 supra
2575 2647 2772 2684 versus
2806 2630 3072 2700 explevit,
3105 2633 3162 2683 et
3211 2629 3269 2683 in
3320 2629 3578 2698 margine
3629 2629 3842 2699 saepius

2243 2720 2435 2789 (nota),
2485 2723 2540 2772 et
2592 2719 2684 2772 hic
2733 2719 2851 2771 illic
2910 2717 3226 2772 summaria
3263 2717 3378 2770 sive
3436 2717 3838 2771 adnotationes

2134 2807 2397 2876 ascripsit
2446 2823 2563 2859 non
2596 2807 2885 2875 neglectas
2940 2823 2970 2858 a
3005 2821 3096 2858 me
3141 2805 3200 2858 in
3240 2805 3446 2858 codicis
3505 2806 3836 2870 collatione,

2137 2895 2362 2950 Contuli
2392 2899 2586 2948 autem
2618 2893 2772 2947 hunc
2812 2894 3045 2963 librum,
3075 2900 3133 2947 et
3163 2894 3240 2947 ita
3271 2894 3508 2964 quidem
3538 2902 3600 2948 ut
3630 2898 3842 2964 praeter

2135 3001 2178 3038 ae
2216 2999 2242 3038 e
2279 3000 2305 3037 e
2342 2982 2662 3036 litterarum
2690 2981 3086 3051 promiscuum
3123 2997 3293 3034 usum
3325 2997 3397 3034 ne
3428 2981 3840 3051 orthographi-

2141 3086 2234 3123 cas
2289 3068 2525 3139 quidem
2598 3068 2873 3123 minutias
2940 3068 3318 3139 praeterirem,
3391 3085 3520 3122 cum
3587 3069 3842 3122 editione

2147 3157 2435 3212 Leibnitii.
2466 3157 2692 3210 Mutilus
2718 3162 2804 3211 est
2823 3157 2997 3210 codex
3025 3157 3378 3223 Dresdensis,
3412 3157 3612 3228 incipit
3641 3157 3776 3210 tolio
3815 3161 3832 3211 1

2142 3261 2304 3300 verso
2334 3254 2463 3316 post
2485 3245 2722 3299 detritas
2752 3247 3064 3300 nonnullas
3095 3247 3336 3317 syllabas
3375 3246 3465 3300 his
3512 3246 3701 3300 verbis
3741 3248 3844 3301 loci

2138 3338 2188 3385 et
2244 3336 2695 3404 congregationis,
2748 3351 2876 3405 qua:
2934 3336 3205 3405 leguntur
3262 3337 3413 3406 apud
3484 3335 3839 3390 Leibnitium

2139 3436 2263 3491 cap.
2302 3425 2386 3486 13,
2419 3438 2587 3475 versu
2643 3424 2726 3489 14,
2769 3423 2948 3494 Scrip.
3001 3439 3113 3476 rer.
3153 3425 3383 3477 Brunsv.
3431 3427 3470 3476 t.
3523 3424 3564 3490 Ι,
3624 3441 3682 3494 p.
3737 3424 3843 3476 417

2139 3509 2276 3578 (jam
2307 3527 2354 3565 c.
2416 3511 2524 3578 12).
2571 3511 2761 3564 Prima
2816 3511 2988 3582 hujus
3035 3512 3160 3566 folii
3216 3511 3430 3583 pagina
3482 3512 3848 3582 agglutinata

2138 3613 2354 3670 papyro
2411 3599 2656 3652 obducta
2710 3604 2811 3654 est.
2890 3601 3151 3655 Alterum
3180 3601 3388 3654 codicis
3439 3601 3846 3672 apographum

2138 3703 2239 3739 sua
2298 3705 2470 3741 manu
2523 3687 2846 3742 confectum
2899 3689 3229 3759 nuperrime
3281 3689 3343 3742 V.
3399 3689 3468 3743 cl.
3554 3689 3842 3756 Gersdorf,

2136 3775 2501 3829 bibliothecae
2534 3776 2923 3830 universitatis
2978 3777 3282 3848 Lipsiensis
3310 3779 3636 3850 praefectus,
3686 3794 3841 3831 sum-

2137 3881 2231 3918 ma
2261 3881 2390 3918 cum
2420 3864 2821 3919 benevolentia
2851 3865 3078 3922 obtulit.

2211 3989 2372 4042 Circa
2423 3987 2636 4041 exitum
2679 3989 2872 4042 saeculi
2929 4004 3027 4042 xui
3088 3993 3188 4042 aut
3236 3987 3472 4042 initium
3525 3989 3718 4043 saeculi
3751 4007 3846 4044 xlv

2138 4073 2489 4142 Thangmari
2548 4073 2695 4126 liber
2736 4075 2798 4128 in
2854 4090 3023 4128 usum
3080 4073 3273 4129 Sifridi
3326 4076 3374 4129 ll
3423 4074 3676 4144 episcopi
3722 4077 3846 4130 Hil-

2138 4161 2556 4216 desheimensis
2578 4162 2788 4216 iterum
2827 4163 3203 4233 transcriptus
3233 4167 3318 4217 est
3372 4163 3486 4232 (t9,
3541 4164 3639 4218 sed
3695 4167 3844 4234 stylo

2138 4251 2464 4315 immutato,
2492 4251 2792 4305 sententiis
2841 4253 3189 4323 vocibusque
3245 4252 3510 4323 plurimis
3610 4253 3843 4319 additis,

2139 4339 2368 4393 resectis
2418 4339 2507 4392 vel
2552 4339 2808 4407 mutatis,
2857 4339 3272 4394 miraculorum
3328 4356 3558 4411 quoque
3635 4341 3708 4394 ad
3775 4357 3847 4395 ea

2143 4443 2322 4497 usque
2353 4431 2617 4498 tempora
2655 4427 3087 4482 continuatione
3139 4428 3380 4498 adjecta.
3438 4429 3612 4498 Cujus
3657 4433 3848 4483 textus

2145 4516 2214 4569 ab
2246 4517 2578 4571 authentico
2607 4516 2770 4571 valde
2811 4517 3132 4572 recedentis
3161 4516 3444 4571 rationem
3496 4516 3726 4571 nonnisi
3783 4517 3852 4570 in

1975 4603 2200 4660 ΝΟΤᾸΞ.

330 4685 392 4740 111
422 4684 582 4739 obitu
615 4683 938 4738 Bernwardi
966 4683 1266 4738 scribendo
1325 4683 1501 4737 ﬁnem
1537 4682 1758 4736 dedisse
1792 4687 2040 4736 statuen-

331 4757 436 4810 dus
475 4757 615 4823 erit;
658 4756 735 4808 ibi
784 4755 845 4808 in
897 4756 1224 4808 narratione
1279 4754 1648 4808 dedicationis
1700 4754 2037 4807 monasterii

335 4828 388 4880 S.
428 4827 708 4878 Michaelis
737 4826 849 4877 alia
879 4841 1082 4878 manus
1112 4827 1352 4879 orditur.
1394 4827 1642 4878 Annales
1677 4827 1849 4878 etiam
1883 4825 2038 4877 anti-

335 4913 477 4966 quos
511 4896 1002 4966 Halberstadenses
1039 4897 1258 4948 novisse
1306 4896 1549 4960 videtur,
1600 4912 1845 4965 quorum
1905 4912 2037 4965 pars

249 5015 263 5025 .
336 4965 397 5020 in
418 4965 1000 5020 Hildesbeimensibus
1031 4971 1086 5019 et
1145 4965 1774 5036 Quedlinburgensibus
1823 4972 2032 5032 exstat;

337 5037 408 5091 cf.
438 5053 562 5105 cap.
604 5040 683 5088 12.

408 5107 518 5177 (15)
552 5106 677 5158 Vita
707 5105 1048 5177 Godehardi,
1082 5121 1205 5177 cap.
1234 5108 1319 5158 3‘2.

405 5175 521 5248 (16)
582 5178 721 5231 Hist.
774 5175 1224 5228 canonizationis
1291 5177 1344 5229 S.
1409 5177 1467 5229 Β.
1530 5176 1726 5242 Leibn,
1791 5178 1832 5242 l,

335 5251 459 5304 474.

407 5321 515 5386 (17)
547 5317 804 5387 Exempli
837 5315 1042 5386 gratia,
1067 5332 1190 5385 cap.
1225 5318 1310 5387 36.

407 5385 519 5460 (18)
554 5391 695 5443 Nam
723 5385 907 5460 capite
943 5388 1151 5460 iultimo
1207 5385 1547 5460 miraculum
1599 5386 1790 5460 habet,
1827 5386 1933 5460 _ubi
1965 5388 2032 5441 de

334 5457 538 5514 ducatu
570 5457 976 5513 Mekelenborh
1004 5475 1190 5511 sermo
1255 5457 1334 5524 tit,
1389 5473 1562 5527 quem
1609 5457 1841 5511 nonnisi
1885 5474 2034 5511 anno

341 5533 477 5584 1348
509 5531 832 5583 institutum
874 5530 1048 5582 fuisse
1080 5533 1318 5581 constat.

406 5603 521 5668 (l9)
558 5601 638 5653 En
660 5601 1055 5670 praefationem
1085 5599 1261 5652 libelli
1296 5615 1378 5670 εν(
1418 5598 1622 5669 Incipit
1677 5599 1917 5667 epistola
1975 5599 2034 5652 in

341 5669 842 5739 legendam’beati
888 5670 1214 5724 Bernwardi
1254 5669 1506 5739 episcopi
1555 5676 1610 5723 et
1670 5671 2030 5723 confessoris.

341 5739 674 5795 Reverendo
701 5739 853 5810 patri
881 5755 945 5793 ac
985 5740 1217 5795 domino
1263 5756 1367 5796 suo
1418 5739 1646 5807 Sifrido,
1701 5740 1804 5795 Dei
1850 5739 2037 5810 gratia

1909 5179 1974 5230 ~16
1982 5181 2035 5231 9-

2148 4683 2604 4738 Hildensemensi
2623 4683 3198 4755 episcopo,omnium
3256 4700 3582 4755 servorum”
3607 4682 3706 4738 Dei
3734 4753 3744 4755 4
3767 4684 3854 4738 vi-

2146 4755 2419 4818 lissimus,
2453 4753 2796 4808 sanctissimi
2819 4753 2932 4807 viri
2981 4754 3305 4808 Bernwardi
3364 4754 3618 4823 vestigiis
3681 4753 3855 4808 adhe-

2147 4841 2294 4890 rere,
2331 4831 2391 4878 ut
2412 4827 2595 4878 valeat
2625 4842 2818 4879 secum
2848 4841 3048 4878 serena
3101 4825 3294 4878 anima
3348 4825 3645 4878 beatorum
3704 4842 3852 4894 gau-

2148 4896 2242 4975 dia
2295 4897 2606 4976 possidere.
2656 4897 2798 4976 Fons
2848 4895 3127 4976 sapientia
3173 4897 3304 4976 ‘Dei‘
3341 4896 3545 4976 patris,
3609 4896 3854 4951 verbum

2145 4967 2202 5018 in
2237 4968 2406 5019 corde
2448 4968 2610 5034 cujus
2675 4971 2759 5020 est
2797 4967 3080 5036 genitum,
3139 4967 3208 5020 ab
3257 4969 3456 5020 eterno
3502 4967 3582 5018 sic
3623 4982 3856 5036 semper

2148 5037 2679 5106 generatur;cujus
2705 5044 2909 5091 natura
2940 5037 3188 5102 bonitas,
3232 5054 3376 5106 opus
3435 5037 3852 5104 misericordia,

2150 5107 2440 5160 redimens
2471 5125 2614 5177 quos
2671 5108 2904 5174 creavit,
2949 5107 3189 5178 proprio
3246 5108 3502 5161 humero‘
3547 5107 3856 5176 imponens

2146 5178 2368 5230 ovicula
2398 5179 2779 5233 serrabundas
2811 5179 2881 5232 ad
2913 5178 3060 5232 ovile
3111 5179 3452 5248 angelorum
3498 5195 3680 5248 usque
3722 5193 3858 5247 per-

2147 5249 2327 5302 duxit.
2404 5248 2510 5311 Qui
2566 5249 2817 5313 vineam,
2881 5265 3055 5318 quam
3144 5249 3213 5302 de
3273 5249 3476 5318 Egipto
3534 5250 3853 5316 transtulit,

2145 5334 2328 5388 usque
2395 5319 2465 5372 ad
2526 5320 2701 5372 seculi
2753 5319 3316 5372 consummacioncm
3375 5335 3491 5372 non
3548 5319 3851 5388 relinquit.

2145 5390 2264 5452 Que
2296 5389 2573 5460 vineaest
2593 5406 2734 5458 gens
2787 5391 3084 5456 Saxonica,
3122 5405 3295 5459 quam
3353 5391 3527 5460 longo
3587 5395 3854 5460 tempore

2144 5460 2205 5512 in
2252 5459 2506 5512 tenebris
2559 5460 2916 5513 infidelitatis
2949 5465 3267 5514 excecatam
3323 5465 3380 5516 et
3441 5459 3562 5513 sine
3620 5459 3853 5529 pastore

2146 5535 2456 5592 errantem,
2490 5530 2612 5598 ipse
2640 5531 2736 5600 qui
2763 5535 2847 5583 est
2899 5530 3088 5584 bonus
3119 5536 3318 5599 pastor
3349 5530 3417 5583 ad
3474 5530 3608 5584 fidei
3655 5537 3845 5584 trans-

2144 5601 2297 5671 vexit
2348 5600 2687 5671 claritatem.
2733 5601 2804 5671 ln
2859 5617 2972 5671 quo
3018 5617 3119 5654 sue
3174 5601 3421 5654 bonitati
3451 5601 3697 5654 naturali
3729 5617 3852 5657 non

2143 5670 2554 5741 suffecit,_quin
2613 5670 2896 5740 prefatam
2926 5671 3151 5741 vineam
3201 5687 3303 5741 pre
3360 5671 3558 5724 multis
3597 5672 3852 5741 regioni-

2143 5739 2275 5811 bus,
2307 5739 2517 5812 quibus
2545 5739 2630 5796 est
2666 5741 3035 5808 circumdata,
3066 5739 3232 5797 beate
3256 5741 3434 5811 prolis
3480 5741 3602 5796 fetu
3655 5739 3852 5797 fecun-
