3968 6400
305 384 399 437 391
1288 377 1707 433 THANGMARI
1747 376 2193 433 PRESBYTERI
2233 375 2824 432 HILDESHEIMENS.

3719 376 3835 429 392

304 505 377 559 iis
401 519 528 575 quae
584 502 779 556 addita
832 506 966 556 sunt
1016 502 1337 557 habendam
1370 518 1512 569 esse,
1547 503 1744 574 liquet.
1778 503 2008 573 Legitur
2036 508 2082 559 A
2118 501 2339 572 .laspari
2391 518 2499 556 van
2535 503 2770 571 Gennep
2799 499 3035 572 prodiit,
3067 515 3182 571 qua
3211 498 3528 554 Leibnitius
3560 498 3621 552 in
3643 498 3831 553 adno—

305 594 368 648 in
405 591 696 647 codicibus
730 590 931 657 tribus,
955 591 1207 645 scilicet:

376 683 427 735 3.
455 680 515 735 C.
559 679 698 734 olim
753 679 805 734 S.
863 678 1169 741 Michaelis,
1224 679 1346 749 jam
1406 677 1514 731 viri
1570 677 1639 732 cl.
1696 678 2008 733 llermanni

302 768 490 823 Adolfi
526 769 779 834 Lﬁntzel,
813 767 976 836 cujus
1026 783 1200 838 supra
1233 782 1367 837 pag.
1408 767 1512 820 248
1544 767 1895 820 mentionem
1919 767 2007 820 fe-

302 856 510 922 cimus,
574 856 803 909 exhibet
859 856 1033 909 etiam
1091 854 1479 908 narrationem
1520 853 1589 907 de
1631 852 2006 907 translatione

304 945 361 999 S.
395 944 739 1009 Bernwardi,
781 948 837 997 et
863 960 896 997 a
926 944 1185 997 Browero
1213 941 1271 996 in
1328 941 1620 996 Sideribus
1686 940 2006 995 Germanias

306 1032 458 1104 typis
484 1038 571 1088 est
592 1048 910 1104 expressus.
937 1032 1022 1086 Ad
1062 1046 1235 1102 quem
1264 1046 1442 1101 prope
1475 1029 1718 1084 accedit:

376 1121 427 1175 4.
486 1121 545 1175 C.
596 1120 813 1174 ducalis
852 1119 1348 1189 Guelferbytanus,
1381 1117 1521 1172 olim
1574 1116 2002 1187 Heiningensis,

298 1210 417 1280 jam
457 1224 516 1262 n.
569 1211 670 1263 353
718 1207 981 1278 insignis,
1037 1206 1385 1273 chartaceus,
1428 1222 1556 1260 saec.
1613 1221 1704 1271 xv,
1745 1204 1806 1258 in
1844 1204 2001 1271 folio,

305 1297 469 1367 cujus
506 1296 563 1350 in
591 1296 704 1350 tine
763 1296 936 1350 etiam
986 1294 1263 1349 miracula
1317 1294 1570 1348 historia
1610 1293 2004 1348 translationis

305 1384 517 1447 addita,
551 1399 736 1454 neque
764 1388 957 1438 tamen
988 1383 1181 1437 omnia
1213 1399 1342 1453 quas
1386 1382 1447 1436 in
1479 1385 1532 1451 3,
1560 1382 1882 1448 habentur;
1915 1388 1998 1435 et:

372 1477 424 1527 5.
485 1472 544 1527 C.
598 1471 815 1526 ducalis
878 1472 1354 1542 Guelferbytanus
1421 1470 1571 1523 inter
1616 1472 2002 1541 Augustenses

300 1576 358 1616 n.
398 1563 479 1625 l9,
514 1563 604 1627 27,
639 1565 691 1626 7,
745 1560 1078 1614 chartaceus
1133 1560 1193 1612 in
1250 1561 1327 1624 4ο,
1362 1574 1490 1613 saec.
1513 1574 1604 1625 xv,
1647 1573 1820 1628 quem
1851 1574 2001 1611 anno

307 1650 440 1704 1470
488 1648 835 1703 monialibus
883 1648 943 1703 in
985 1648 1389 1719 Frankenberg
1421 1647 1797 1717 Henninghus
1823 1648 1999 1716 Pape-

298 1740 518 1802 tranus,
551 1735 925 1791 Goslariensis
977 1737 1278 1807 plebanus,
1312 1736 1463 1790 dono
1496 1735 1673 1789 dedit.
1707 1735 1823 1788 Hoc
1854 1734 1999 1788 libro

300 1824 390 1880 IlI.
426 1824 740 1879 Leibnitius
783 1830 925 1879 tom.
986 1826 1012 1877 Ι
1042 1825 1135 1880 SS.
1173 1824 1481 1881 Brunswic.
1510 1823 1571 1877 in
1611 1823 1846 1878 edendis
1878 1822 2004 1876 Vita

299 1912 623 1967 Bernwardi
651 1918 708 1967 et
739 1913 985 1968 Historia
1019 1912 1410 1967 translationis
1442 1912 1566 1982 ejus
1600 1927 1737 1965 usus
1768 1915 1879 1977 est;
1902 1927 2004 1964 nos

297 2017 429 2055 cum
455 2017 618 2073 mque
643 2018 707 2056 ac
729 2002 974 2055 alterum
1000 2001 1508 2072 Guelferbytanum
1535 1998 1814 2054 beneficio
1844 1999 1905 2052 V.
1931 2000 2001 2054 cl.

299 2088 741 2155 Schmnemann,
773 2088 1138 2143 bibliothecae
1168 2090 1292 2159 ejus
1338 2086 1612 2159 praefecti,
1655 2087 1995 2142 evolvimus.

372 2175 679 2231 Conversio
704 2180 890 2230 textus
938 2175 1131 2244 hujus,
1167 2175 1348 2247 magis
1380 2176 1551 2231 etiam
1582 2175 1929 2246 interpolata
1949 2180 2007 2230 et

301 2263 544 2320 dialecto
598 2263 875 2319 Saxonica
932 2263 1213 2330 instituta,
1271 2280 1423 2319 anno
1484 2264 1619 2319 1540
1651 2264 1712 2318 in
1741 2265 1800 2318 4ο
1855 2263 2004 2335 typis

2120 590 2431 644 tationibus
2461 606 2578 644 sua:
2603 588 2874 643 editionis
2900 604 3036 642 usus
3065 593 3177 654 est;

2170 674 2240 733 ’6.
2277 677 2555 732 Bruxellis
2600 677 2663 731 in
2688 675 3037 731 bibliotheca
3095 674 3257 746 regia
3291 692 3349 730 n.
3404 678 3543 731 8950
3574 690 3831 746 apogra-

2117 766 2296 836 phum
2352 766 2566 821 codicis
2616 765 2955 820 Bodecensis
2982 764 3410 819 membranaeei
3432 770 3628 826 exstat,
3663 762 3835 834 quod

2118 856 2472 910 Bethmanno
2499 855 2785 909 referente
2828 853 3056 907 nonnisi
3090 858 3354 924 excerpta
3384 853 3542 921 libri,
3573 850 3833 918 omissis,

2116 944 2364 1014 exempli
2402 942 2609 1013 gratia,
2661 958 2827 1013 capp.
2863 941 3238 996 Leibnitianis
3272 942 3457 1008 11-42,
3489 941 3675 1007 46-48,
3730 942 3833 1009 50,

2115 1034 2304 1098 52-58,
2333 1033 2521 1097 60-65,
2551 1033 2615 1084 67
2641 1030 2771 1099 rel.,
2801 1029 3050 1085 exhibet.

2185 1120 2404 1185 Quibus
2456 1118 2724 1173 subsidiis
2785 1118 2864 1173 ita
2909 1134 3048 1172 usus
3088 1133 3217 1172 sum
3278 1122 3364 1186 ut,
3414 1117 3607 1172 codice
3655 1117 3835 1188 regio

2113 1208 2391 1277 exscripto
2422 1206 2558 1278 (20),
2592 1206 2863 1260 lectiones
2908 1205 3237 1260 Dresdensis
3258 1221 3458 1260 omnes
3480 1205 3829 1271 indicarem,

2112 1296 2467 1367 reliquorum
2498 1294 2731 1349 nonnisi
2746 1295 2806 1348 in
2825 1294 3021 1365 paucis
3042 1294 3201 1360 locis,
3226 1294 3324 1349 ubi
3350 1294 3419 1366 {id
3446 1294 3833 1348 commodum

2111 1383 2344 1454 aliquod
2376 1382 2575 1437 afferre
2621 1398 2787 1453 posse
2815 1382 3135 1449 videbatur,
3168 1383 3389 1437 ratione
3409 1382 3624 1437 habita.
3666 1382 3831 1436 Divi-

2110 1472 2330 1525 sionem
2393 1470 2602 1541 operis,
2653 1470 2906 1525 codicem
2971 1471 3196 1542 regium
3250 1475 3497 1537 secutus,
3557 1470 3832 1524 numeris

2109 1563 2330 1613 tantum
2392 1559 2619 1624 additis,
2665 1558 2736 1613 ab
2793 1559 3174 1613 anterioribus
3220 1558 3506 1613 diversam
3572 1557 3829 1612 institui.

2110 1647 2418 1702 Historiam
2452 1646 2843 1701 translationis
2898 1647 3227 1702 Bernwardi
3273 1664 3307 1701 a
3335 1647 3594 1701 Browero
3625 1662 3689 1699 ex
3724 1662 3833 1700 co-

2113 1735 2287 1790 dice3
2316 1736 2570 1805 primum
2622 1736 2902 1806 adjectam
2937 1735 3037 1790 alii
3090 1736 3215 1789 loco
3271 1749 3581 1798 reservare,
3637 1732 3825 1787 vitam

2112 1822 2507 1877 brevissimam
2540 1822 2647 1893 (21)
2676 1839 2707 1876 a
2748 1822 3029 1877 Leibnitio
3054 1822 3291 1890 editam,
3325 1826 3388 1876 ut
3425 1821 3604 1875 multo
3624 1825 3828 1891 poste-

2113 1910 2281 1965 rioris
2312 1910 2439 1974 mvi,
2464 1911 2731 1965 omittere
2762 1910 2997 1981 placuit.

2182 1998 2450 2053 Miracula
2504 1998 2831 2053 Bernwardi
2862 1997 2925 2052 in
2971 1997 3229 2053 coenobio
3266 1998 3323 2054 S.
3367 1996 3657 2053 Michaelis
3706 2012 3825 2051 see.-

2114 2087 2241 2139 culo
2294 2085 2635 2140 duodecimo
2681 2085 2921 2141 ineunte
2993 2085 3316 2157 conscripta
3363 2088 3497 2154 (22),
3553 2100 3658 2155 per
3716 2083 3825 2139 de-

2113 2188 2344 2227 cursum
2399 2174 2677 2244 temporis
2742 2178 2911 2228 aucta
2984 2178 3138 2241 sunt,
3196 2177 3369 2245 prout
3418 2173 3482 2227 in
3537 2172 3731 2228 codice
3788 2174 3824 2226 3

2113 2261 2483 2332 conspicitur.

1948 2362 1991 2415 Ν
1999 2359 2169 2416 ΟΤΔΞ.

306 2457 495 2524 daret;
540 2462 598 2512 et
648 2457 989 2528 prophetam
1048 2458 1128 2512 eis
1152 2458 1222 2512 de
1271 2458 1389 2513 suis
1420 2458 1710 2521 fratribus,
1769 2458 2001 2512 beatum

302 2528 429 2583 dico
482 2529 908 2593 Bernwardum,
987 2529 1293 2592 suscitavit,
1355 2530 1456 2599 qui
1507 2530 1662 2583 solus
1708 2529 1776 2582 de.
1823 2530 2000 2581 Saxo-

304 2615 444 2652 num
500 2601 713 2669 populo
771 2605 1095 2653 sanctorum
1154 2600 1448 2670 cathalogo
1519 2606 1604 2653 est
1668 2600 1997 2669 asscriptus,

302 2675 454 2740 quod
487 2672 645 2723 nulla
676 2671 830 2739 regio
877 2669 1281 2740 circumposita
1337 2669 1525 2739 pOtest
1578 2671 1647 2723 de
1705 2686 1808 2723 suo
1869 2686 1998 2722 san-

301 2740 956 2811 guinedemonstrare.
1034 2743 1133 2795 Hic
1192 2741 1279 2794 vir
1348 2741 1444 2795 Dei
1517 2741 1907 2805 Bernwardus,
1969 2757 1999 2793 a

302 2810 558 2881 puericia
613 2827 712 2863 cor
767 2827 973 2880 gerens
1041 2812 1239 2877 senile,
1313 2811 1500 2865 omnis
1573 2811 1686 2863 vite
1751 2810 1998 2881 quesivit

299 2879 613 2935 auctorem.
647 2879 1051 2944 Qui’sedulum
1108 2881 1255 2934 circa
1304 2887 1500 2935 sancta
1550 2879 1833 2936 Samuelis
1863 2879 1998 2933 imi-

301 2956 452 3005 tatus
481 2952 846 3021 obsequium,
900 2958 955 3005 et
984 2952 1062 3005 ita
1096 2952 1153 3004 in
1200 2953 1472 3007 castitatis
1517 2952 1785 3006 desiderii
1818 2950 1997 3004 sancti

304 3022 553 3075 Danielis
607 3023 931 3091 piissimum
980 3022 1333 3077 continuavit
1404 3022 1714 3088 affectum;
1767 3022 1996 3093 justicie

300 3093 530 3146 semitas
561 3109 623 3146 ac
661 3100 987 3146 sanctorum
1034 3094 1154 3146 vias
1182 3109 1440 3162 currens,
1481 3110 1514 3146 a
1547 3094 1776 3146 Domini
1808 3094 1995 3146 taber-

302 3164 528 3225 naculo,
578 3163 635 3217 id
693 3170 777 3216 est
819 3163 1122 3216 militantis
1182 3164 1416 3217 ecclesie
1470 3164 1821 3233 magisterio,
1880 3179 1996 3216 non

301 3233 616 3303 discedens,
663 3239 996 3303 etcarnem
1044 3233 1271 3303 spiritui
1300 3239 1356 3287 et
1385 3236 1809 3287 sensualitatem
1859 3235 1995 3286 sub-

2113 2455 2407 2508 ecclesiam
2444 2471 2636 2509 secum
2693 2455 2764 2509 ad
2812 2454 3002 2525 ipsum
3068 2453 3512 2509 collaudandum
3562 2451 3822 2525 studiose

2113 2532 2449 2596 provocaret
2469 2528 2497 2579 ?
2548 2527 2590 2580 0
2637 2524 2684 2578 si
2716 2523 2858 2579 dura
2888 2527 3059 2580 corda
3113 2525 3389 2580 Saxonica
3419 2523 3616 2578 omnia
3638 2524 3825 2596 verba

2111 2595 2290 2649 sancti
2339 2596 2621 2666 evangelii
2677 2596 2756 2649 sic
2804 2602 3099 2650 servarent
3143 2597 3291 2649 sicut
3330 2596 3511 2648 istud:
3571 2615 3592 2643 ι
3636 2595 3823 2666 Nemo

2111 2668 2393 2737 propheta
2452 2665 2536 2720 εει
2582 2666 2704 2719 sine
2755 2667 2974 2720 honore
3005 2667 3116 2720 nisi
3164 2667 3221 2719 in
3272 2666 3456 2737 patria
3508 2671 3642 2737 sua!
3676 2685 3703 2714 ››
3740 2665 3822 2737 δί

2110 2734 2245 2807 ergo
2304 2742 2495 2790 mente
2571 2738 2862 2791 revolvere
2921 2738 3175 2791 diversas
3237 2734 3522 2806 regiones,
3572 2734 3660 2788 vix
3735 2735 3821 2789 ita

2109 2808 2354 2862 crudelis
2404 2808 2695 2861 invenitur
2750 2808 2944 2874 homo,
3000 2808 3141 2877 quin
3202 2809 3386 2877 magis
3428 2807 3627 2874 diligat
3649 2821 3821 2859 suam

2108 2885 2336 2947 gentem
2371 2894 2545 2948 quam
2596 2879 2873 2943 alienam;
2908 2880 3057 2932 unde
3108 2894 3222 2931 non
3275 2877 3824 2948 modicum_queme

2107 2946 2249 3003 libet
2296 2946 2426 3002 vere
2484 2949 2764 3003 Saxonem
2822 2949 2994 3003 debet
3048 2949 3410 3014 conturbare,
3452 2946 3605 3017 quod
3650 2947 3819 3000 multi

2107 3020 2289 3073 sancti
2314 3020 2373 3073 in
2421 3025 2581 3073 tanta
2626 3019 2956 3073 reverencia
3008 3019 3313 3085 habentur,
3362 3024 3418 3072 et.
3460 3016 3552 3071 hic
3576 3016 3697 3087 jam
3744 3021 3821 3071 sit

2108 3090 2365 3144 sublatus
2415 3096 2470 3144 et
2518 3106 2635 3143 non
2696 3096 2782 3143 est
2833 3089 2934 3160 qui
2989 3090 3046 3143 id
3090 3092 3259 3143 corde
3312 3088 3630 3160 percipiat.»
3666 3087 3819 3160 Quia

2105 3161 2283 3230 igitur
2312 3166 2537 3214 sanctus
2581 3160 2679 3213 Dei
2714 3158 3082 3214 Bernwardus
3125 3158 3351 3229 semper
3390 3158 3664 3230 proximis
3695 3159 3821 3211 suis

2106 3230 2382 3285 beneficia
2427 3231 2609 3285 multa
2650 3230 3020 3301 impendebat
3063 3232 3123 3284 in
3183 3233 3370 3297 terris,
3430 3234 3489 3301 et
3549 3246 3701 3282 nunc
3751 3230 3820 3283 in

294 3302 501 3372 jiciens
532 3302 769 3367 racioni,
801 3304 980 3356 factus
1007 3300 1155 3357 unus
1184 3320 1314 3357 cum
1346 3306 1460 3357 Deo
1493 3305 1747 3374 spiritus,
1785 3305 1841 3356 in
1864 3320 1996 3357 eum
2031 3304 2071 3359 C
2108 3303 2390 3374 celisgpro
2437 3302 2553 3374 suis
2585 3302 2967 3374 dilectoribus
3008 3301 3327 3356 districtum
3365 3300 3624 3374 judicem
3664 3316 3822 3374 sem-

303 3389 407 3443 per
462 3373 672 3427 menlis
727 3389 1019 3426 excessum
1079 3390 1316 3443 pergere
1383 3373 1619 3441 studuit,
1689 3381 1744 3427 et
1813 3375 1996 3427 sobrie

302 3443 717 3513 compassionis
745 3444 948 3497 studiis
987 3460 1021 3497 a
1066 3446 1303 3498 caritate
1348 3445 1599 3514 proximi
1656 3461 1771 3497 non
1815 3462 1995 3498 reces-

303 3515 392 3567 sit.
449 3515 548 3569 Hic
595 3521 789 3583 pastor
835 3514 1012 3568 divini
1043 3516 1234 3584 gregis
1265 3532 1377 3569 non
1407 3518 1588 3569 solum
1622 3516 1727 3568 sibi
1760 3531 1995 3585 gregem

301 3586 671 3639 commissum
728 3591 917 3638 sancte
965 3585 1325 3655 gubernavit,
1391 3603 1588 3656 ymmo
1639 3592 1813 3639 totam
1862 3603 1996 3638 san-

301 3660 449 3709 ctam
481 3656 860 3709 universalem
885 3658 1179 3710 ecclesiam
1228 3657 1446 3709 meritis
1478 3658 1679 3710 ditavit
1709 3665 1766 3710 et
1804 3673 1995 3709 exem-

300 3726 431 3796 plis,
461 3732 515 3778 et
541 3727 684 3779 raris
713 3734 769 3779 et
802 3728 961 3779 miris
1006 3727 1185 3796 signis
1228 3728 1504 3781 debilium
1566 3729 1738 3781 tidem
1788 3728 1995 3780 conﬁr-

300 3797 495 3850 mavit.
528 3797 667 3850 Nam
703 3804 896 3866 preter
931 3814 1101 3868 opera
1130 3798 1446 3852 sanctitatis
1493 3798 1638 3868 ejus.
1699 3798 1903 3868 quibus
1937 3798 1997 3851 in

302 3883 471 3920 carne
514 3868 735 3936 positus
781 3868 1094 3936 redolebat,
1143 3874 1199 3921 et
1255 3875 1449 3937 preter
1487 3871 1663 3922 multa
1698 3869 1994 3936 miracula,

302 3953 418 4009 que
448 3938 569 4006 ipsa
597 3938 687 3990 die
744 3938 1139 3990 translaciouis
1188 3940 1621 4009 contingebant,
1658 3940 1869 3992 multos
1898 3956 1992 3991 cu-

301 4007 450 4078 ravit
482 4010 781 4078 languores
814 4024 1122 4076 corporum
1157 4014 1211 4061 et
1241 4007 1583 4063 animarum.
1638 4010 1760 4062 Non
1811 4011 1995 4062 solum

301 4076 363 4131 in
408 4076 705 4131 arida‘sed
737 4083 793 4130 et
822 4078 880 4130 in
939 4079 1083 4130 mari
1116 4078 1428 4147 desperatis
1476 4079 1762 4145 omnibus,
1794 4081 1998 4133 ablatis

302 4147 707 4218 gubernaculis
745 4153 801 4202 et
848 4149 1262 4214 instrumentis,
1310 4165 1440 4202 cum
1501 4150 1746 4203 lacrimis
1803 4156 1996 4203 tamen

303 4219 374 4272 ad
400 4219 523 4288 ejus
563 4218 946 4288 patrocinium
972 4219 1426 4285 convolantibus,
1457 4221 1583 4289 plus
1618 4236 1788 4289 quam
1823 4221 1997 4273 semel

300 4294 569 4359 potenter
623 4289 906 4342 liberavit.
944 4290 1006 4342 Et
1039 4291 1297 4359 quamvis
1345 4291 1466 4359 ejus
1515 4291 1696 4344 multa
1725 4291 1999 4343 miracula

302 4375 407 4430 per
436 4360 1011 4431 negligenciamrsint
1065 4361 1311 4428 sepulta,
1365 4368 1558 4413 tamen
1606 4363 1874 4431 quedam,
1919 4362 2000 4414 vi-

301 4430 507 4484 delicet
556 4430 978 4501 quinquaginta
1029 4434 1274 4501 quatuor
1304 4432 1439 4484 satis
1471 4430 1729 4501 pulchra,
1776 4432 1834 4484 in
1877 4433 1999 4500 ejus

299 4501 542 4572 legenda
595 4501 900 4570 refulgent.
949 4502 1093 4564 Quia
1125 4518 1258 4554 vero
1293 4502 1453 4554 istius
1500 4503 1618 4555 veri
1649 4502 1853 4572 .loseph
1888 4503 1999 4555 heu

298 4571 574 4625 beneﬁcia
631 4572 954 4642 corporalia
985 4577 1041 4625 et
1069 4572 1391 4641 spiritualia
1442 4572 1672 4642 Egiptus
1699 4571 1998 4627 tenebrosa

2106 3388 2209 3444 per
2256 3370 2836 3444 interpellattvestra
2894 3372 3070 3444 igitur
3108 3370 3814 3444 reverendaupaternitas,

2106 3441 2217 3513 que
2238 3460 2367 3496 eum
2411 3441 2659 3496 naturali
2690 3442 2877 3511 vigeat
2904 3443 3137 3513 ingenio
3156 3448 3208 3495 et
3245 3441 3821 3513 moralibushpolleat

2106 3511 2411 3567 virtutibus
2492 3519 2548 3567 et
2632 3514 2925 3582 exemplis,
2981 3511 3068 3567 'et
3145 3513 3441 3566 ecclesiam
3510 3511 3817 3566 Hildense-

2109 3599 2339 3638 mensen
2391 3582 2630 3637 cinxerit
2683 3584 3110 3656 municionibus
3169 3582 3481 3656 [bevestiget
3533 3587 3645 3656 myt
3686 3582 3821 3656 tio]:-

2107 3672 2207 3722 gen
2248 3671 2322 3707 un
2366 3655 2546 3707 stedcn
2574 3655 2770 3707 transl.
2818 3654 3045 3724 Theut.]
3109 3651 3303 3707 multis
3355 3662 3411 3706 et
3451 3653 3670 3724 castris
3701 3651 3815 3724 [CL

2107 3726 2416 3779 Chronicon
2503 3728 2873 3794 episcoporum
2970 3722 3221 3795 Hildesh.
3304 3724 3453 3795 apud
3532 3722 3815 3795 iLeib‘nit.

2105 3797 2203 3851 SS.
2284 3792 2542 3851 Brunsvf
2597 3792 2811 3867 1,7757
2856 3799 2923 3867 et
2975 3794 3128 3867 774],
3182 3811 3293 3864 que
3329 3792 3458 3867 fnisi
3528 3792 3822 3847 Dominus

2106 3866 2457 3933 custodierit,
2516 3867 2724 3918 frustra
2755 3866 2950 3935 vigilat
3010 3868 3109 3936 qui
3147 3866 3392 3919 custodit
3448 3879 3603 3936 eam:
3657 3879 3822 3936 nunc

2107 3937 2386 4001 intendat,
2443 3941 2507 3989 ut
2535 3937 2959 3989 sanctissimum
2982 3935 3166 3990 virum
3216 3935 3614 3989 Bernwardum
3646 3935 3822 3987 novis

2106 4007 2374 4087 laudibus
2436 4022 2829 4087 provocemus,
2900 4013 2960 4060 ut
3036 4023 3139 4087 nos
3204 4023 3333 4059 cum
3394 4022 3499 4087 sua
3573 4005 3824 4087 ecclesia

2106 4077 2389 4131 custodiat
2446 4077 2504 4130 in
2543 4078 2657 4130 vita
2709 4078 2925 4145 pariter
2950 4082 3006 4130 et
3033 4078 3093 4130 in
3135 4083 3338 4130 morte.
3394 4078 3822 4145 interpretatur

2108 4147 2263 4201 enim
2321 4163 2534 4201 nomen
2584 4164 2751 4201 suum
2797 4148 3169 4201 Bernwardus
3226 4147 3389 4218 quasi
3446 4146 3572 4199 bene
3629 4152 3818 4218 custo-

2107 4219 2278 4272 diens.
2347 4219 2418 4272 Ut
2492 4234 2629 4287 ergo
2687 4234 2879 4272 secum
2945 4216 3260 4271 valeamus“
3289 4233 3516 4287 semper
3585 4216 3816 4271 vultum

2111 4289 2208 4342 Dei
2245 4289 2642 4358 contemplari,
2694 4289 2755 4341 in
2784 4290 2907 4359 ejus
2937 4289 3164 4342 laudem
3196 4288 3420 4358 tepidos
3459 4287 3814 4359 animamus,

2110 4366 2171 4412 ut
2225 4376 2327 4412 nos
2360 4357 2510 4412 nunc
2561 4359 2621 4412 in
2676 4360 2788 4412 vita
2815 4357 2880 4411 'a
2909 4359 3069 4422 lapsu
3102 4357 3390 4429 preservet
3440 4362 3498 4411 et
3538 4357 3597 4411 in
3621 4365 3817 4412 morte

2108 4429 2227 4483 suis
2268 4429 2633 4483 oracionibus
2659 4446 2693 4482 a
2745 4430 3012 4499 malignis
3057 4428 3311 4483 hostibus
3344 4428 3544 4482 liberet
3608 4431 3664 4499 et
3700 4443 3817 4483 sua

2101 4500 2352 4570 jocunda
2384 4500 2699 4569 przesencia
2748 4516 2849 4553 nos
2891 4497 3134 4554 letiﬁeet
3184 4501 3243 4553 in
3291 4504 3572 4553 cternum.
3620 4497 3816 4552 Susci-

2110 4572 2229 4641 piat
2277 4571 2452 4640 igitur
2510 4575 2694 4623 vestra
2757 4572 3069 4640 paternitas
3106 4570 3405 4640 legendam
3437 4570 3625 4641 hanc,
3686 4584 3811 4638 que.

298 4642 695 4718 parvipendet,
735 4639 938 4718 '_mater
983 4639 1247 4718 omnium
1284 4639 1577 4718 viciorum
1623 4643 1994 4718 ingratitudo,
2030 4644 2072 4697 D
2112 4639 2474 4718 vitam_5uam
2509 4639 2921 4718 compendiose
2968 4642 3131 4718 valde
3152 4639 3568 4718 complectitur,
3607 4653 3718 4718 que
3751 4647 3814 4693 et

300 4727 413 4781 que
444 4713 684 4765 exsiccat
741 4714 955 4767 fontem
1008 4713 1199 4767 divine
1238 4714 1487 4783 pietatis,
1540 4714 1598 4766 in
1659 4715 1765 4767 hoc
1804 4721 1997 4766 sancto

300 4787 457 4836 tanta
478 4784 866 4852 reperiuntur,
892 4784 1046 4853 quod
1100 4784 1190 4837 vix
1215 4785 1273 4836 in
1299 4789 1417 4837 tota
1458 4785 1764 4838 Germania
1791 4785 1999 4838 similia

300 4855 526 4906 valeant
572 4854 836 4924 inveniri.
886 4854 1050 4918 Quia,
1110 4860 1170 4908 ut
1213 4855 1282 4908 de
1326 4856 1643 4924 parrochiis
1696 4856 2000 4910 Hildensc-

300 4924 522 4995 mensis
568 4923 817 4977 ecclesiaz
865 4929 1105 4993 taceam,
1158 4923 1340 4995 quam
1392 4928 1569 4980 multe
1609 4927 1843 4979 ecclesie
1869 4942 2002 4979 cou-

298 4993 592 5064 ventuales
626 4999 775 5056 sunt,
804 5010 915 5064 que
947 5010 1049 5047 nec
1084 4993 1314 5049 unicum
1347 4997 1583 5050 verbum
1618 4997 1675 5049 in
1697 4997 1812 5049 suis
1836 4996 1999 5050 libris

299 5063 569 5145 omnibus
596 5066 665 5117 de
696 5063 832 5145 ejus
864 5066 1221 5145 sanctissima
1247 5066 1737 5145 _vita_potuerun_t
1772 5066 2002 5120 demon-

299 5139 500 5201 strare,
550 5151 679 5188 cum
735 5136 1134 5216 Deusmtamen
1170 5135 1341 5216 vulgo
1393 5135 1577 5216 dicat;
1629 5158 1666 5216 ει.
1705 5138 2000 5216 Interroga

297 5211 519 5275 patrem
560 5212 746 5269 tuum,
808 5207 1022 5260 scilicet
1051 5207 1432 5276 spiritualem,
1465 5211 1522 5259 et
1549 5206 1824 5259 indicabit
1850 5206 1996 5259 tibi»

297 5281 402 5329 etc.
442 5278 556 5331 Heu
584 5277 706 5346 jam
737 5277 983 5330 villanus
1015 5277 1081 5331 de
1105 5276 1223 5329 suis
1269 5276 1602 5345 parentibus
1634 5277 1813 5329 multa
1838 5278 2001 5345 signa

298 5348 719 5418 etgrmagnalia
758 5347 827 5401 de
881 5348 1049 5401 beato
1106 5347 1444 5418 Bernwardo
1500 5346 2000 5418 perurelacionem

297 5415 656 5488 didicit,'que
708 5417 767 5470 in
814 5418 937 5488 ejus
986 5417 1160 5488 gestis
1201 5433 1266 5468 ex
1298 5415 1667 5488 negligeneiis
1718 5433 1997 5485 quorum-

296 5486 428 5539 dam
461 5486 579 5540 non
605 5486 924 5541 habentur!
957 5488 999 5541 Ο
1053 5487 1100 5539 si
1154 5501 1292 5555 gens
1324 5487 1534 5538 Ytalica
1580 5486 1699 5555 [dat
1726 5488 1875 5540 volck
1906 5489 2001 5540 der

307 5556 499 5608 Walcn
556 5559 851 5610 translatio
909 5558 1279 5622 Theutonica]
1342 5557 1410 5610 de
1482 5572 1583 5608 sua
1626 5573 1795 5609 carne
1847 5558 2001 5610 hunc

298 5631 561 5696 sanetum
611 5627 981 5696 progenitum
1040 5626 1297 5692 haberet,
1349 5627 1438 5680 vel
1487 5627 1663 5679 altera
1691 5642 1831 5695 gens
1877 5632 2001 5680 Ar.-

297 5694 546 5764 glicana,
592 5694 788 5750 nonne
842 5701 1025 5751 totam
1054 5696 1437 5753 universalem
1470 5694 1712 5751 matrem
1745 5701 1999 5751 nostram

2108 4712 2166 4764 in
2199 4728 2257 4764 se
2286 4712 2411 4781 ipsa
2440 4717 2524 4765 est
2567 4712 2729 4765 valde
2775 4713 2967 4782 longa,
3027 4716 3084 4764 et
3129 4727 3253 4764 eam
3313 4726 3446 4782 cum
3486 4710 3811 4762 devocione

2109 4780 2430 4847 revolvatis,
2462 4787 2525 4835 ut
2555 4782 2759 4837 exinde
2811 4780 2902 4836 ad
2930 4782 3206 4853 majorem
3255 4780 3630 4837 devocionem
3668 4795 3821 4849 per—

2108 4853 2302 4906 venire
2328 4852 2581 4905 valeatis.
2606 4873 2634 4901 »

2179 4925 2286 4991 (20)
2357 4922 2784 4992 Diphthongem
2854 4927 3047 4976 tamen
3112 4923 3171 4976 in
3242 4937 3378 4991 prae,
3438 4936 3597 4990 saepe,
3667 4935 3819 4992 qua,

2109 4994 2281 5058 laetus,
2329 4990 2572 5058 marcus,
2620 4990 2824 5064 aestimo
2877 4995 2981 5048 rel.
3050 4990 3470 5064 nonnunquam
3519 4990 3826 5061 simplicie

2110 5065 2404 5133 scriptam,
2426 5063 2667 5118 restitui.

2182 5131 2294 5202 (21)
2334 5135 2459 5187 llaec
2515 5140 2726 5202 praeter
2775 5133 3012 5188 notitias
3043 5134 3289 5204 spurias,
3342 5131 3755 5204 Heinricumjl
3785 5151 3824 5187 ει

2110 5205 2449 5258 Bernwardo
2494 5206 2775 5258 nutritum
2825 5209 2878 5257 et
2905 5202 3147 5273 jubente
3203 5221 3269 5257 eo
3303 5204 3363 5257 in
3420 5203 3657 5256 ecclesia
3684 5202 3823 5256 Hil-

2110 5274 2488 5329 desheimensi
2540 5276 2745 5329 litteris
2792 5272 2966 5328 sacris
3023 5276 3312 5329 imbutum
3363 5290 3507 5330 esse.
3541 5279 3595 5325 et
3652 5272 3823 5326 Otto-

2109 5361 2242 5399 nem
2269 5346 2317 5398 ll
2350 5345 2693 5399 morientem
2725 5345 3067 5398 Bernwardo
3120 5346 3325 5411 tilium,
3362 5359 3596 5398 uxorem
3628 5348 3684 5395 et
3714 5359 3823 5396 re-

2110 5430 2287 5487 gnum
2319 5416 2573 5469 curanda
2604 5416 2922 5485 reliquisse,
2956 5417 3096 5470 nihil
3151 5416 3303 5487 quod
3333 5430 3449 5469 non
3487 5415 3547 5468 in
3575 5413 3823 5485 Thang—

2110 5486 2254 5539 mari
2291 5486 2417 5539 Vita
2445 5491 2622 5538 exstet
2642 5487 2915 5540 continet.

2182 5555 2295 5625 (22)
2330 5557 2377 5610 Α
2433 5556 2670 5625 quodam
2714 5559 2893 5623 fratre
2934 5561 3135 5625 nostra,
3168 5558 3349 5622 ο.10;
3401 5571 3455 5611 c.
3500 5557 3585 5622 12,
3635 5552 3818 5609 abbas

2111 5626 2409 5681 Conradus
2438 5631 2810 5682 memoratur.
