3968 6418
86 318 213 373 393

1507 318 1665 374 VITA
1704 321 1759 374 ὃ.
1805 318 2251 377 BERNWABDI.

3532 325 3639 381 394

84 442 572 506 PROLOGUS
624 440 1141 504 THANGMARI
1194 441 1793 505 ‘PRESBYTERI
1846 443 1929 504 IN
1985 446 2260 508 VITAM
2317 446 2618 509 SANCTI
2672 448 3209 511 BERNVVARDI
3260 451 3638 515 EPISCOPI

1502 548 1609 608 ET
1651 549 2254 613 CONFESSORIS.

180 682 411 736 Divinze
475 680 849 752 providentia:
915 680 1236 750 sapientem
1285 680 1820 751 ammirabilemque
1852 687 1897 736 Α
1936 681 2063 737 illos
2094 685 2195 737 tali
2227 685 2489 754 exemplo
2520 685 2589 739 ad
2619 690 2950 756 provectum
2994 686 3267 741 virtutum
3316 688 3634 744 incitarem.

87 770 557 840 dispositionem
591 769 736 822 ratio
770 769 1026 822 humana
1068 768 1405 838 necliquide
1446 769 1679 833 intueri,
1723 786 1827 822 nec

91 858 294 928 digne
327 859 584 929 suppetit
612 858 930 911 ammirari.
966 856 1120 911 Miris
1153 857 1308 910 enim
1346 858 1553 911 divinae
1577 859 1825 911 clemen-

86 948 207 1001 tiae
238 947 557 1011 beneﬁciis,
612 946 938 1000 cottidianis
992 946 1347 999 successibus
1397 951 1820 1013 sustentamur;

84 1041 165 1089 ut
210 1036 406 1106 gravis
435 1036 605 1106 culpa
635 1035 898 1089 videatur
924 1035 1022 1088 Dei
1048 1034 1248 1089 laudes
1278 1040 1485 1101 tacere,
1518 1052 1647 1089 cum
1703 1052 1824 1088 ma-

90 1124 486 1178 nifestissime
508 1125 784 1194 scriptum
814 1124 885 1177 sit
910 1139 923 1177 :
969 1126 1383 1179 Sacramentum
1413 1127 1556 1192 regis
1595 1125 1827 1178 abscon-

90 1213 241 1266 dere
272 1214 464 1267 bonum
494 1218 591 1277 est,
623 1228 787 1281 opera
804 1217 984 1266 autem
1004 1214 1105 1265 Dei
1134 1213 1374 1266 revelare
1394 1218 1444 1265 et
1469 1216 1710 1281 conﬁteri
1739 1215 1827 1266 ho-

90 1301 405 1366 noriﬁcum
436 1306 514 1354 est
543 1301 694 1368 (Tob.
723 1317 819 1366 xu,
846 1306 919 1365 7).
947 1300 1254 1371 Hisitaque
1279 1301 1551 1370 angelicis
1580 1301 1827 1354 oraculis

92 1405 446 1459 persuasus,
476 1389 653 1442 immo
674 1390 1027 1459 compulsus,
1052 1405 1157 1459 ego
1185 1396 1449 1459 peccator
1470 1396 1525 1443 et
1554 1390 1826 1459 indignus

90 1477 401 1548 presbiter
428 1479 847 1546 Thangmarus,
886 1477 1248 1531 humillimus
1303 1494 1531 1548 quoque
1617 1483 1826 1532 sanctae

89 1571 331 1619 nostrae
361 1566 611 1619 ecclesiae
641 1566 1112 1619 bibliothecarius
1168 1571 1226 1619 et
1269 1567 1552 1633 notarius,
1597 1566 1824 1635 magni-

92 1654 219 1708 fica
254 1660 415 1723 gesta
445 1654 837 1707 memorabilis
856 1654 983 1718 viri,
1019 1653 1219 1707 domni
1252 1654 1468 1707 scilicet
1500 1654 1825 1707 Bernwardi

98 1743 306 1797 nostri
336 1742 589 1813 episcopi
618 1743 886 1812 colligere
919 1759 1221 1812 aggressus
1250 1760 1399 1809 sum,
1439 1760 1553 1796 non
1602 1743 1824 1797 vanita-

96 1833 183 1884 tis
217 1832 372 1885 fastu
411 1837 775 1902 provocatus,
820 1832 935 1885 Deo
968 1836 1132 1897 teste,
1157 1832 1251 1885 sed
1286 1831 1331 1884 si
1366 1832 1503 1901 quid
1548 1831 1825 1885 imitabile

106 1920 221 1974 Dei
267 1919 573 1973 clementia
639 1920 698 1972 in
757 1920 869 1972 illis
900 1921 1171 1988 eluceret,
1203 1919 1409 1973 divinae
1439 1920 1666 1989 pietatis
1695 1937 1824 1991 gra-

1937 775 2001 827 Et
2032 773 2167 843 quia
2198 775 2306 827 hoc
2334 774 2458 843 ipso
2484 774 2785 843 ignorante
2827 775 3020 829 subire
3061 776 3433 831 temerarium
3480 780 3635 843 scivi,

1937 861 2034 915 diu
2066 865 2363 916 cunctatus
2390 863 2495 916 hac
2527 863 2754 933 publice
2795 879 2925 916 cum
2958 864 3057 918 illo
3090 865 3467 933 confabulari,
3510 873 3637 921 tan-

1936 950 2066 1004 dem
2128 951 2519 1021 oportunitate
2571 961 2736 1005 nacta
2804 953 3027 1007 aditum
3090 955 3387 1025 temptavi.
3447 957 3638 1011 Primo

1933 1037 2127 1109 itaque
2148 1039 2643 1094 fortiauctoritate
2677 1041 3089 1096 adversabatur
3144 1044 3349 1109 michi;
3405 1061 3541 1098 nam
3580 1046 3633 1099 in

1934 1127 2154 1181 cunctis
2179 1128 2515 1196 jactantiam
2547 1132 2602 1182 et
2632 1130 2974 1199 popularem
3008 1132 3259 1185 favorem
3292 1150 3396 1187 ceu
3437 1134 3636 1188 morti—

1934 1214 2118 1269 ferum
2152 1232 2436 1270 venenum
2470 1218 2706 1273 vitabat.
2737 1219 2991 1273 Tandem
3020 1236 3148 1273 cum
3182 1221 3391 1290 saepius
3417 1223 3635 1292 ingere-

1935 1320 2079 1370 rem,
2108 1320 2280 1373 grave
2330 1311 2625 1375 peccatum
2683 1323 2825 1372 esse,
2886 1308 3038 1362 bona
3093 1325 3267 1378 opera
3315 1311 3520 1379 celare,
3569 1329 3637 1366 ne.

1935 1391 2029 1444 alii
2052 1394 2316 1462 exemplo
2372 1393 2474 1447 tali
2529 1395 2856 1463 proficiant,
2922 1412 3052 1449 cum
3109 1398 3384 1451 Dominus
3437 1399 3635 1454 dicat:

1932 1482 2132 1534 Luceat
2171 1482 2267 1534 tur
2301 1487 2483 1535 vestra
2522 1499 2703 1536 eorum
2731 1485 3037 1539 hominibus
3090 1487 3311 1551 (Matth.
3366 1504 3416 1550 ν,
3459 1491 3542 1554 16)
3584 1493 3637 1541 et

1934 1575 2159 1633 caetera,
2189 1569 2355 1623 cessit
2387 1586 2514 1623 meo
2554 1572 2835 1625 arbitratu
2892 1588 3022 1642 quas
3075 1574 3507 1644 compingerem
3542 1592 3635 1629 re-

1934 1659 2224 1727 linquens,
2260 1659 2396 1727 quia
2426 1676 2457 1711 a
2491 1676 2673 1728 puero
2698 1676 2922 1715 mecum
2973 1678 3161 1732 usque
3201 1664 3271 1717 ad
3322 1664 3633 1732 juvenilem

1936 1750 2162 1800 aetatem
2195 1747 2547 1813 obversatus,
2583 1749 2744 1818 quasi
2768 1750 2920 1802 iilius
2948 1750 3097 1820 patri
3142 1752 3482 1806 familiarius
3540 1753 3637 1807 ad-

1936 1833 2100 1888 haesit
2130 1840 2185 1887 et
2216 1835 2484 1901 convixit,
2547 1853 2651 1890 nec
2682 1838 2897 1907 aliquid
2953 1838 3012 1891 in
3053 1839 3214 1892 omni
3256 1841 3457 1894 studio
3514 1843 3639 1911 ejus

1934 1923 2063 1975 vitm
2094 1938 2280 1975 meam
2300 1924 2707 1978 conscientiam
2735 1926 2998 1980 fraudare
3022 1927 3227 1996 potuit,
3261 1928 3400 1999 quin
3424 1930 3635 1998 plenis-

100 2008 374 2075 tiam,de
420 2009 583 2079 cujus
613 2025 745 2062 rore
777 2008 959 2077 fluxit,
1025 2008 1273 2078 posteris
1316 2008 1713 2078 praedicarem,
1764 2014 1822 2063 et
1855 2010 1891 2061 Β
1932 2010 2075 2063 sime
2108 2010 2334 2064 scirem.

534 2306 891 2378 INCIPIT
947 2306 1172 2377 VITA
1232 2304 1818 2378 BERNWARDI
1879 2306 2315 2379 EPISCOPI
2379 2307 2498 2378 ET
2553 2306 3233 2385 CONFESSORIS.

192 2466 247 2516 1.
276 2462 447 2517 Ortus
474 2460 654 2531 igitur
693 2460 941 2532 egregiae
990 2460 1202 2515 indolis
1258 2476 1405 2530 puer
1462 2461 1835 2514 Bermvardus

108 2553 276 2605 claro
308 2556 519 2604 nostra:
550 2549 736 2621 gentis
767 2550 1046 2620 sanguine
1077 2552 1206 2617 (23),
1265 2567 1327 2602 ex
1386 2549 1501 2602 tilia
1558 2551 1835 2603 Athelbe-

110 2640 284 2694 ronis
312 2638 554 2710 palatini
583 2638 809 2707 comits,
837 2638 1085 2692 traditur
1104 2637 1317 2691 domno
1353 2638 1601 2707 Osdago,
1639 2645 1834 2691 nostro

116 2730 396 2799 episcopo
429 2728 564 2797 (24),
605 2744 638 2781 a
663 2744 765 2781 suo
798 2727 1078 2780 avunculo
1128 2726 1400 2796 religioso
1435 2727 1674 2780 diacono
1726 2728 1835 2796 (25)

123 2818 453 2884 Folcmaro,
494 2822 622 2886 post
651 2832 879 2887 quoque
908 2816 1019 2885 (26)
1047 2815 1394 2884 Trajectensi
1449 2815 1747 2885 episcopo;
1784 2819 1840 2867 et

125 2906 444 2959 amborum
487 2904 789 2974 diligentia
822 2920 965 2957 mea:
994 2903 1283 2973 parvitati,
1318 2903 1418 2972 qui
1474 2902 1838 2972 primicerius

122 2996 296 3048 scolae
329 3009 644 3064 puerorum
676 3008 978 3062 praeeram,
1034 2991 1216 3045 literis
1250 2991 1622 3057 imbuendus,
1656 2991 1839 3044 mori-

123 3084 241 3137 bus
273 3083 448 3136 etiam
481 3082 868 3135 instituendus
898 3081 1224 3150 deputatur.
1260 3081 1441 3144 Quem
1472 3080 1632 3133 omni
1662 3080 1836 3133 devo-

123 3172 289 3226 tione
323 3175 647 3241 susceptum
680 3170 1002 3223 intellectus
1032 3169 1187 3223 illius
1214 3168 1584 3238 capacitatem
1651 3171 1837 3237 primo

123 3261 339 3315 divina:
371 3259 599 3330 paginae
642 3259 878 3312 leviore
902 3259 1045 3312 lacte
1076 3257 1472 3327 temptandam
1526 3255 1829 3310 mstimavi.

125 3351 257 3405 Mox
291 3350 504 3417 itaque,
533 3353 599 3401 ut
627 3346 696 3401 de
728 3351 923 3400 sancto
956 3346 1189 3401 Daniele
1219 3346 1431 3415 legitur
1463 3348 1623 3415 (Dan.
1658 3361 1694 3412 ι,
1728 3345 1836 3413 20),

126 3436 333 3490 inveni
359 3436 420 3488 in
448 3435 547 3487 illo
577 3434 885 3504 decuplum
951 3433 1011 3486 in
1043 3432 1204 3486 omni
1239 3431 1628 3501 intelligentia
1666 3446 1840 3500 super

126 3540 355 3580 cozevos
387 3524 529 3593 ejus.
575 3523 782 3577 Mirum
807 3538 1057 3592 namque
1090 3521 1148 3574 in
1181 3521 1419 3574 modum
1452 3526 1646 3574 tenera
1699 3524 1837 3573 aetas

125 3612 639 3669 cazlestiirradiata
664 3611 906 3677 lumine,
947 3610 1143 3664 subtili
1162 3608 1535 3663 meditatione
1566 3608 1840 3662 interiora

127 3700 321 3757 divini
352 3698 722 3771 sophismatis
740 3698 867 3769 jugi
887 3698 1079 3753 studio
1110 3698 1451 3766 rimabatur,
1486 3713 1638 3751 nunc
1684 3712 1840 3750 com-

132 3790 307 3846 muni
356 3790 604 3844 lectione
636 3804 766 3842 cum
801 3788 943 3850 aliis,
977 3804 1130 3841 nunc
1159 3804 1304 3858 quos
1336 3785 1733 3855 diligentiores
1784 3785 1844 3838 in

133 3884 339 3934 sancto
372 3876 745 3931 meditamine
774 3876 1063 3941 cernebat,
1091 3876 1327 3929 seorsim
1372 3874 1715 3928 familiarius
1753 3890 1846 3927 as-

135 3984 398 4032 sumens,
432 3964 741 4035 propositis
772 3964 1185 4035 qutestionibus
1238 3964 1571 4032 scrupulosa
1603 3978 1848 4032 quaeque

139 4054 215 4109 ad
251 4054 564 4109 medullam
607 4052 975 4117 eventilabat,
1026 4068 1189 4105 more
1220 4050 1687 4121 prudentissima:
1729 4050 1850 4120 apis

145 4143 411 4213 singulas
438 4142 732 4206 lectiones,
779 4156 919 4211 quas
961 4140 1023 4193 in
1081 4139 1251 4193 scolis
1290 4140 1352 4193 in
1404 4138 1642 4193 diversis
1688 4138 1851 4192 libris

145 4231 524 4303 exponebam,
584 4230 879 4284 remotiori
938 4230 1061 4283 loco
1128 4228 1333 4283 sedens
1372 4227 1596 4281 intento
1653 4227 1853 4281 auditu

144 4320 436 4391 captabat,
467 4335 609 4391 quas
642 4323 834 4373 tamen
894 4322 1095 4388 postea
1135 4317 1329 4387 pueris
1361 4315 1663 4369 considens
1701 4316 1855 4369 felici

141 4411 304 4464 furto
326 4409 575 4479 perfecte
603 4408 841 4461 docebat
862 4412 918 4461 et
946 4407 1176 4461 illorum
1234 4405 1489 4459 scientiae
1534 4404 1856 4475 {imprime-

144 4497 538 4551 bat.Gratanti
567 4496 816 4565 denique
856 4495 1060 4548 aifectu
1089 4494 1476 4563 amplectebar
1518 4493 1667 4547 felici
1701 4494 1855 4547 furto

142 4584 415 4641 lectionis
456 4600 703 4654 puerum
762 4585 784 4618 ²
814 4582 1106 4647 insudare,
1174 4583 1471 4652 multoque
1520 4580 1857 4651 vigilantius

143 4674 359 4729 deinde
390 4670 413 4706 ⁸
442 4672 628 4726 institi
658 4672 956 4743 ingenium
988 4672 1141 4725 illius
1168 4672 1239 4725 ad
1285 4669 1584 4724 scientiam
1611 4669 1733 4723 veri
1762 4686 1855 4724 so-

143 4760 457 4835 phismatis
507 4761 775 4814 excitare.
850 4760 1264 4814 Nichilominus
1321 4775 1460 4829 ergo
1513 4758 1859 4812 venerabilis

145 4852 399 4906 domnus
452 4849 710 4919 Osdagus
741 4849 989 4919 quodam
1037 4848 1229 4901 meriti
1269 4846 1548 4918 praesagio
1580 4862 1857 4915 magnum

1945 2477 2136 2528 agere.
2181 2461 2363 2524 Quem
2403 2462 2577 2516 etiam
2614 2479 2839 2517 mecum
2890 2464 3183 2520 interdum
3246 2467 3304 2521 in
3347 2470 3644 2525 servitium

1946 2550 2145 2604 domui
2186 2550 2439 2620 episcopi
2480 2557 2641 2605 extra
2704 2555 3120 2608 monasterium
3164 2558 3438 2611 excedens
3478 2560 3647 2613 duce-

1945 2637 2099 2705 bam,
2140 2642 2206 2691 ut
2226 2638 2382 2691 illius
2415 2639 2734 2708 ingenium,
2771 2642 2925 2710 quod
2964 2642 3023 2695 in
3076 2645 3447 2699 multitudine
3478 2648 3648 2717 ephe-

1944 2726 2152 2779 borum
2176 2726 2501 2781 discernere
2532 2732 2587 2781 et
2627 2729 2696 2781 ad
2745 2735 2941 2783 votum
2976 2747 3171 2785 meum
3212 2732 3498 2789 discutere
3529 2752 3647 2789 non

1946 2815 2127 2885 potui,
2160 2814 2276 2868 illis
2313 2816 2557 2879 remotis
2622 2817 2902 2886 singulari
2956 2820 3145 2873 studio
3206 2823 3471 2875 subtilius
3517 2824 3646 2877 dili-

1946 2902 2292 2972 gentiusque
2325 2905 2719 2970 eventilarem,
2753 2906 3081 2977 mirumque
3109 2908 3169 2961 in
3209 2910 3445 2965 modum
3493 2911 3649 2966 vario

1946 2990 2226 3044 virtutum
2260 2991 2643 3061 pigmentario
2675 2993 2827 3047 ultra
2853 2994 2909 3048 id
2939 2996 3123 3049 aetatis
3166 3013 3490 3067 respersum
3523 3016 3648 3070 rep-

1946 3078 2089 3148 peri.
2137 3080 2279 3133 Nam
2320 3096 2471 3150 szepe
2518 3085 2699 3134 totum
2734 3082 2884 3135 diem
2939 3083 3089 3138 inter
3147 3087 3468 3155 equitatum
3528 3094 3648 3142 stu-

1948 3166 2137 3221 dendo
2167 3168 2511 3234 attrivimus,
2548 3185 2702 3222 nunc
2723 3170 2964 3240 legendo
2992 3188 3107 3226 non
3142 3176 3333 3228 minus
3368 3176 3649 3245 prolixam

1947 3255 2257 3310 lectionem
2325 3273 2502 3326 quam
2564 3257 2611 3310 si
2668 3258 2728 3311 in
2778 3259 2944 3313 scolis
2984 3261 3055 3313 ad
3114 3262 3262 3315 hanc
3300 3280 3648 3328 vacaremus,

1948 3359 2100 3397 nunc
2132 3345 2474 3415 poetizando
2528 3362 2631 3416 per
2660 3346 2808 3401 viam
2861 3353 3045 3403 metro
3104 3352 3456 3419 collusimns,
3518 3354 3651 3409 inde

1948 3432 2017 3486 ad
2050 3433 2367 3502 prosaicam
2395 3435 2723 3503 palaestram
2755 3437 3089 3492 exercitium
3140 3440 3518 3509 alternantes,
3570 3442 3654 3497 in-

1946 3521 2175 3574 terdum
2200 3522 2448 3591 simplici
2478 3528 2747 3577 contextu
2772 3525 3053 3579 rationem
3096 3528 3469 3599 contulimus,
3501 3546 3653 3601 sepe

1948 3610 2315 3680 syllogisticis
2334 3611 2794 3665 cavillationibus
2816 3612 3238 3669 desudavimus.
3261 3616 3385 3685 Ipse
3417 3634 3646 3688 quoque

1882 3677 1922 3732 Ο
1957 3698 2156 3751 crebro
2192 3714 2305 3766 me,
2331 3698 2433 3751 etsi
2467 3699 2806 3767 verecunde,
2843 3700 3020 3754 acutis
3042 3706 3236 3755 tamen
3267 3708 3323 3756 et
3355 3720 3421 3757 ex
3451 3706 3658 3761 intimo

1958 3786 2120 3839 aditu
2158 3786 2554 3857 phylosophiie
2584 3788 2820 3856 prolatis
2847 3789 3258 3859 quaestionibus
3295 3792 3655 3849 sollicitabat.

1959 3876 2138 3928 Tanta
2165 3890 2301 3945 ergo
2342 3874 2614 3930 facilitate
2649 3876 2907 3946 cupitum
2955 3877 3079 3948 ejus
3136 3877 3439 3949 ingenium
3488 3883 3662 3936 michi

1960 3962 2377 4032 appiaudebat;
2432 3978 2581 4032 pene
2611 3963 2764 4016 enim
2812 3964 2971 4017 nulla
3000 3966 3161 4032 hora,
3194 3982 3299 4021 nec
3336 3970 3663 4024 refectionis

1960 4050 2215 4121 quidem,
2251 4050 2483 4104 desidia:
2514 4051 2680 4105 illum
2711 4053 3015 4122 arguebat.
3044 4055 3110 4107 Et
3142 4070 3495 4126 quamquam
3518 4059 3667 4113 viva-

1962 4139 2190 4194 cissimo
2218 4140 2354 4209 igne
2386 4140 2565 4193 animi
2594 4141 2654 4194 in
2683 4141 2844 4194 omni
2867 4142 3091 4196 liberali
3119 4143 3356 4199 scientia
3379 4147 3663 4218 deflagra—

1962 4233 2069 4296 ret,
2094 4229 2504 4283 nichilominus
2553 4234 2747 4284 tamen
2806 4230 2866 4284 in
2905 4231 3217 4287 levioribus
3247 4234 3467 4289 artibus
3525 4254 3666 4307 quas

1964 4317 2327 4372 mechanicas
2365 4323 2570 4372 vocant
2618 4320 2875 4374 studium
2898 4320 3234 4391 impertivit.
3271 4324 3336 4376 In
3367 4325 3665 4380 scribendo

1964 4422 2099 4460 vero
2133 4407 2394 4476 adprime
2422 4406 2648 4471 enituit,
2681 4408 2966 4476 picturam
3026 4409 3201 4463 etiam
3248 4409 3446 4464 limata
3499 4428 3667 4465 exer—

1965 4496 2103 4560 cuit,
2127 4495 2319 4549 fabrili
2353 4511 2582 4565 quoque
2614 4495 2854 4548 scientia
2882 4500 2937 4549 et
2952 4501 3077 4550 arte
3105 4498 3350 4551 clusoria
3390 4500 3665 4569 omnique

1967 4587 2253 4637 structura
2276 4583 2519 4636 miriiice
2550 4582 2838 4648 excelluit,
2875 4588 2939 4637 ut
2970 4584 3030 4636 in
3062 4584 3354 4655 plerisque
3384 4586 3666 4658 aediliciis,

1967 4687 2097 4741 qua:
2128 4670 2454 4741 pompatico
2501 4670 2706 4724 decore
2749 4671 3092 4740 composuit,
3126 4678 3254 4742 post
3283 4689 3515 4745 quoque
3546 4678 3667 4730 cla-

1969 4759 2102 4813 ruit.
2139 4759 2202 4811 ln
2233 4758 2485 4826 negociis
2514 4774 2648 4811 vero
2696 4757 3025 4813 domesticis
3085 4765 3141 4814 et
3179 4761 3249 4816 ad
3281 4778 3448 4817 usum
3479 4765 3562 4818 rei
3592 4767 3667 4819 fa-

1969 4846 2209 4900 miliaris
2264 4846 2686 4915 pertinentibus
2740 4846 3129 4902 vivacissimus
3153 4856 3422 4905 executor
3486 4855 3600 4908 acsi
3639 4873 3671 4909 a

144 4939 288 5011 quid
320 4938 580 4991 futurum
610 4940 667 4991 in
694 4937 794 4990 illo
819 4937 1158 5004 praavidens,
1189 4936 1529 4989 exorcistam
1548 4934 1855 5003 ordinavit,
1886 4954 1929 5007 Ι)
1970 4950 2151 5006 puero
2182 4933 2271 4987 his
2289 4934 2540 5018 nuotritus
2570 4935 2785 4988 calluit.
2833 4936 3173 5005 llujusmodi
3232 4940 3347 4993 Deo
3390 4948 3569 5011 grata:
3617 4949 3673 4998 et

145 5026 487 5097 diligentius
513 5042 602 5079 me
632 5026 970 5079 adhortatus
1002 5024 1143 5079 item
1174 5024 1429 5094 itemque
1461 5038 1654 5077 curam
1706 5021 1861 5076 illius

1971 5022 2305 5077 hominibus
2362 5028 2609 5093 acceptae
2665 5023 2876 5078 indolis
2916 5029 3101 5095 gratia
3134 5027 3348 5083 domno
3380 5030 3670 5103 episcopo,

1578 5118 1809 5173 VARIAS
1859 5120 2257 5176 LECTIONES.

1797 5261 2025 5316 ΝΟΤᾹΞ.

218 5199 236 5233 ¹
317 5193 589 5249 Tanmari
638 5197 681 5248 ι.
762 5192 786 5226 ³
823 5193 1049 5247 deestl.
1124 5190 1370 5247 3decst3.

222 5363 332 5431 (23)
379 5363 605 5415 Patrem
663 5359 1080 5415 Theodericum
1128 5360 1397 5413 comitem
1433 5359 1502 5413 de
1537 5359 1857 5414 Sommers-

151 5434 457 5501 chenburg
487 5437 647 5486 vocat
671 5432 969 5484 translatio
999 5431 1353 5485 theutonica.

223 5506 340 5572 (24)
393 5498 571 5557 Annis
604 5505 844 5556 085-989
876 5502 1177 5571 episcopo;
1231 5502 1422 5572 igitur,
1440 5504 1539 5553 aut
1569 5498 1853 5572 Otwinus,

155 5570 257 5647 qui
302 5570 350 5629 a.
412 5575 655 5628 θεῆς-984
712 5574 859 5627 sedit
901 5570 1007 5626 hoc
1061 5574 1183 5626 loco
1244 5570 1673 5642 intelligendus,
1734 5576 1852 5637 aut,

514 5680 788 5744 PATROL.
843 5678 1015 5743 CXL.

1970 5358 2121 5438 quod
2142 5357 2333 5438 magis
2361 5358 2566 5438 placet,
2605 5376 2751 5438 puer
2802 5360 3045 5438 Osdago_
3072 5363 3327 5418 nondum
3383 5364 3672 5438 episcopo,

1966 5435 2115 5483 auta
2142 5430 2437 5501 Folcmaro
2458 5432 2578 5496 jam
2604 5433 2873 5501 episcopo
2904 5432 3145 5485 traditus
3179 5438 3282 5487 est.

2039 5502 2141 5569 (25)
2176 5500 2302 5553 Scil.
2347 5500 2847 5555 Hildesheimeusi.

2039 5572 2141 5640 (26)
2176 5571 2354 5624 Annis
2386 5574 2642 5625 977-990.

3288 5686 3368 5745 13
