  <div class='ocr_page' id='page_1' title='image "/cluster/home/n/w/nwhite01/storage/ocr_20150623/140-141/uc1.31175018559917/205.png"; bbox 0 0 3968 6400; ppageno 0'>
   <div class='ocr_carea' id='block_1_1' title="bbox 415 289 518 342">
    <p class='ocr_par' dir='ltr' id='par_1_1' title="bbox 415 289 518 342">
     <span class='ocr_line' id='line_1_1' title="bbox 415 289 518 342; baseline 0 -1"><span class='ocrx_word' id='word_1_1' title='bbox 415 289 518 342; x_wconf 77' lang='lat'><strong>395</strong></span> 
     </span>
    </p>
   </div>
   <div class='ocr_carea' id='block_1_2' title="bbox 1401 285 2942 344">
    <p class='ocr_par' dir='ltr' id='par_1_2' title="bbox 1401 285 2942 344">
     <span class='ocr_line' id='line_1_2' title="bbox 1401 285 2942 344; baseline 0 -4"><span class='ocrx_word' id='word_1_2' title='bbox 1401 286 1822 343; x_wconf 68' lang='lat' dir='ltr'><strong>TIIANGSIARI</strong></span> <span class='ocrx_word' id='word_1_3' title='bbox 1863 286 2298 344; x_wconf 76' lang='lat' dir='ltr'><strong>PRESBYTERI</strong></span> <span class='ocrx_word' id='word_1_4' title='bbox 2343 285 2942 342; x_wconf 79' lang='lat' dir='ltr'><strong>HILDESHEIMENS.</strong></span> 
     </span>
    </p>
   </div>
   <div class='ocr_carea' id='block_1_3' title="bbox 3826 295 3927 344">
    <p class='ocr_par' dir='ltr' id='par_1_3' title="bbox 3826 295 3927 344">
     <span class='ocr_line' id='line_1_3' title="bbox 3826 295 3927 344; baseline -0.01 0"><span class='ocrx_word' id='word_1_5' title='bbox 3826 295 3927 344; x_wconf 67' lang='lat'><strong>396</strong></span> 
     </span>
    </p>
   </div>
   <div class='ocr_carea' id='block_1_4' title="bbox 415 409 3933 485">
    <p class='ocr_par' dir='ltr' id='par_1_4' title="bbox 415 409 3933 485">
     <span class='ocr_line' id='line_1_4' title="bbox 415 409 3933 485; baseline -0 -18"><span class='ocrx_word' id='word_1_6' title='bbox 415 411 1120 485; x_wconf 88' lang='lat' dir='ltr'><strong>apudquemversabatur,</strong></span> <span class='ocrx_word' id='word_1_7' title='bbox 1147 410 1422 482; x_wconf 88' lang='lat' dir='ltr'><strong>omnique</strong></span> <span class='ocrx_word' id='word_1_8' title='bbox 1444 409 1877 482; x_wconf 88' lang='lat' dir='ltr'><strong>congregationi</strong></span> <span class='ocrx_word' id='word_1_9' title='bbox 1900 411 2186 482; x_wconf 85' lang='lat' dir='ltr'><strong>dignusA</strong></span> <span class='ocrx_word' id='word_1_10' title='bbox 2223 409 2492 465; x_wconf 86' lang='lat' dir='ltr'><strong>discendo</strong></span> <span class='ocrx_word' id='word_1_11' title='bbox 2550 409 2790 463; x_wconf 87' lang='lat' dir='ltr'><strong>miritice</strong></span> <span class='ocrx_word' id='word_1_12' title='bbox 2845 409 3181 479; x_wconf 77' lang='lat' dir='ltr'><strong>proficeret,</strong></span> <span class='ocrx_word' id='word_1_13' title='bbox 3237 417 3296 464; x_wconf 91' lang='lat' dir='ltr'><strong>et</strong></span> <span class='ocrx_word' id='word_1_14' title='bbox 3346 417 3540 465; x_wconf 89' lang='lat' dir='ltr'><strong>tamen</strong></span> <span class='ocrx_word' id='word_1_15' title='bbox 3597 411 3669 468; x_wconf 92' lang='lat' dir='ltr'><strong>ad</strong></span> <span class='ocrx_word' id='word_1_16' title='bbox 3728 419 3933 467; x_wconf 88' lang='lat' dir='ltr'><strong>cuncta</strong></span> 
     </span>
    </p>
   </div>
   <div class='ocr_carea' id='block_1_5' title="bbox 415 499 2114 571">
    <p class='ocr_par' dir='ltr' id='par_1_5' title="bbox 415 499 2114 571">
     <span class='ocr_line' id='line_1_5' title="bbox 415 499 2114 571; baseline -0.002 -15"><span class='ocrx_word' id='word_1_17' title='bbox 415 507 472 556; x_wconf 87' lang='lat' dir='ltr'><strong>et</strong></span> <span class='ocrx_word' id='word_1_18' title='bbox 501 500 802 555; x_wconf 81' lang='lat' dir='ltr'><strong>familiaris</strong></span> <span class='ocrx_word' id='word_1_19' title='bbox 816 500 1189 562; x_wconf 83' lang='lat' dir='ltr'><strong>efficiebatur.</strong></span> <span class='ocrx_word' id='word_1_20' title='bbox 1217 499 1798 571; x_wconf 83' lang='lat' dir='ltr'><strong>propinquorumque</strong></span> <span class='ocrx_word' id='word_1_21' title='bbox 1822 499 2114 554; x_wconf 84' lang='lat' dir='ltr'><strong>dilectioni</strong></span> 
     </span>
    </p>
   </div>
   <div class='ocr_carea' id='block_1_6' title="bbox 415 588 2112 661">
    <p class='ocr_par' dir='ltr' id='par_1_6' title="bbox 415 588 2112 661">
     <span class='ocr_line' id='line_1_6' title="bbox 415 588 2112 661; baseline -0.001 -18"><span class='ocrx_word' id='word_1_22' title='bbox 415 590 855 661; x_wconf 89' lang='lat' dir='ltr'><strong>probatissimus</strong></span> <span class='ocrx_word' id='word_1_23' title='bbox 884 589 1227 643; x_wconf 84' lang='lat' dir='ltr'><strong>habebatur.</strong></span> <span class='ocrx_word' id='word_1_24' title='bbox 1267 593 1418 640; x_wconf 87' lang='lat' dir='ltr'><strong>Avus</strong></span> <span class='ocrx_word' id='word_1_25' title='bbox 1457 588 1672 658; x_wconf 84' lang='lat' dir='ltr'><strong>quippe</strong></span> <span class='ocrx_word' id='word_1_26' title='bbox 1743 588 1865 658; x_wconf 79' lang='lat' dir='ltr'><strong>ejus</strong></span> <span class='ocrx_word' id='word_1_27' title='bbox 1915 589 2112 642; x_wconf 80' lang='lat' dir='ltr'><strong>Atliel-</strong></span> 
     </span>
    </p>
   </div>
   <div class='ocr_carea' id='block_1_7' title="bbox 415 675 2114 746">
    <p class='ocr_par' dir='ltr' id='par_1_7' title="bbox 415 675 2114 746">
     <span class='ocr_line' id='line_1_7' title="bbox 415 675 2114 746; baseline -0.003 -13"><span class='ocrx_word' id='word_1_28' title='bbox 415 680 554 734; x_wconf 90' lang='lat' dir='ltr'><strong>bero</strong></span> <span class='ocrx_word' id='word_1_29' title='bbox 585 678 871 746; x_wconf 82' lang='lat' dir='ltr'><strong>palatinus</strong></span> <span class='ocrx_word' id='word_1_30' title='bbox 912 693 1124 741; x_wconf 90' lang='lat' dir='ltr'><strong>comes,</strong></span> <span class='ocrx_word' id='word_1_31' title='bbox 1179 677 1266 729; x_wconf 87' lang='lat' dir='ltr'><strong>vir</strong></span> <span class='ocrx_word' id='word_1_32' title='bbox 1313 675 1562 746; x_wconf 88' lang='lat' dir='ltr'><strong>plurima</strong></span> <span class='ocrx_word' id='word_1_33' title='bbox 1617 676 1895 728; x_wconf 85' lang='lat' dir='ltr'><strong>virtutum</strong></span> <span class='ocrx_word' id='word_1_34' title='bbox 1949 676 2114 728; x_wconf 90' lang='lat' dir='ltr'><strong>laude</strong></span> 
     </span>
    </p>
   </div>
   <div class='ocr_carea' id='block_1_8' title="bbox 415 763 2112 837">
    <p class='ocr_par' dir='ltr' id='par_1_8' title="bbox 415 763 2112 837">
     <span class='ocr_line' id='line_1_8' title="bbox 415 763 2112 837; baseline -0.002 -16"><span class='ocrx_word' id='word_1_35' title='bbox 415 767 675 837; x_wconf 76' lang='lat' dir='ltr'><strong>insignis,</strong></span> <span class='ocrx_word' id='word_1_36' title='bbox 706 765 805 836; x_wconf 89' lang='lat' dir='ltr'><strong>qui</strong></span> <span class='ocrx_word' id='word_1_37' title='bbox 835 765 1150 820; x_wconf 68' lang='lat' dir='ltr'><strong>commissas</strong></span> <span class='ocrx_word' id='word_1_38' title='bbox 1204 765 1310 818; x_wconf 89' lang='lat' dir='ltr'><strong>sibi</strong></span> <span class='ocrx_word' id='word_1_39' title='bbox 1342 764 1694 835; x_wconf 62' lang='lat' dir='ltr'><strong>praefecturas</strong></span> <span class='ocrx_word' id='word_1_40' title='bbox 1764 763 2112 817; x_wconf 88' lang='lat' dir='ltr'><strong>exactionem</strong></span> 
     </span>
    </p>
   </div>
   <div class='ocr_carea' id='block_1_9' title="bbox 418 852 2113 925">
    <p class='ocr_par' dir='ltr' id='par_1_9' title="bbox 418 852 2113 925">
     <span class='ocr_line' id='line_1_9' title="bbox 418 852 2113 925; baseline -0.001 -17"><span class='ocrx_word' id='word_1_41' title='bbox 418 855 600 923; x_wconf 89' lang='lat' dir='ltr'><strong>magis</strong></span> <span class='ocrx_word' id='word_1_42' title='bbox 630 871 695 908; x_wconf 83' lang='lat' dir='ltr'><strong>ex</strong></span> <span class='ocrx_word' id='word_1_43' title='bbox 727 854 920 908; x_wconf 89' lang='lat' dir='ltr'><strong>debito</strong></span> <span class='ocrx_word' id='word_1_44' title='bbox 969 871 1141 925; x_wconf 90' lang='lat' dir='ltr'><strong>quam</strong></span> <span class='ocrx_word' id='word_1_45' title='bbox 1177 870 1244 906; x_wconf 83' lang='lat' dir='ltr'><strong>ex</strong></span> <span class='ocrx_word' id='word_1_46' title='bbox 1290 852 1611 906; x_wconf 80' lang='lat' dir='ltr'><strong>intentione</strong></span> <span class='ocrx_word' id='word_1_47' title='bbox 1679 852 1942 922; x_wconf 79' lang='lat' dir='ltr'><strong>gerebat,</strong></span> <span class='ocrx_word' id='word_1_48' title='bbox 1983 868 2113 906; x_wconf 83' lang='lat' dir='ltr'><strong>cum</strong></span> 
     </span>
    </p>
   </div>
   <div class='ocr_carea' id='block_1_10' title="bbox 413 940 2116 1016">
    <p class='ocr_par' dir='ltr' id='par_1_10' title="bbox 413 940 2116 1016">
     <span class='ocr_line' id='line_1_10' title="bbox 413 940 2116 1016; baseline -0.002 -19"><span class='ocrx_word' id='word_1_49' title='bbox 413 945 576 1016; x_wconf 83' lang='lat' dir='ltr'><strong>prole</strong></span> <span class='ocrx_word' id='word_1_50' title='bbox 635 943 1104 1013; x_wconf 87' lang='lat' dir='ltr'><strong>utriusquesexus</strong></span> <span class='ocrx_word' id='word_1_51' title='bbox 1141 941 1464 995; x_wconf 84' lang='lat' dir='ltr'><strong>felicissime</strong></span> <span class='ocrx_word' id='word_1_52' title='bbox 1513 940 1894 1005; x_wconf 77' lang='lat' dir='ltr'><strong>liabundaret,</strong></span> <span class='ocrx_word' id='word_1_53' title='bbox 1961 941 2116 994; x_wconf 88' lang='lat' dir='ltr'><strong>hunc</strong></span> 
     </span>
    </p>
   </div>
   <div class='ocr_carea' id='block_1_11' title="bbox 412 1028 2112 1102">
    <p class='ocr_par' dir='ltr' id='par_1_11' title="bbox 412 1028 2112 1102">
     <span class='ocr_line' id='line_1_11' title="bbox 412 1028 2112 1102; baseline -0.003 -15"><span class='ocrx_word' id='word_1_54' title='bbox 412 1032 752 1102; x_wconf 62' lang='lat' dir='ltr'><strong>praclarum</strong></span> <span class='ocrx_word' id='word_1_55' title='bbox 785 1033 1228 1097; x_wconf 72' lang='lat' dir='ltr'><strong>adolescentem,</strong></span> <span class='ocrx_word' id='word_1_56' title='bbox 1263 1029 1467 1100; x_wconf 88' lang='lat' dir='ltr'><strong>primis</strong></span> <span class='ocrx_word' id='word_1_57' title='bbox 1497 1028 1767 1099; x_wconf 86' lang='lat' dir='ltr'><strong>auspiciis</strong></span> <span class='ocrx_word' id='word_1_58' title='bbox 1795 1029 2112 1098; x_wconf 89' lang='lat' dir='ltr'><strong>pubescen-</strong></span> 
     </span>
    </p>
   </div>
   <div class='ocr_carea' id='block_1_12' title="bbox 416 1115 2113 1186">
    <p class='ocr_par' dir='ltr' id='par_1_12' title="bbox 416 1115 2113 1186">
     <span class='ocr_line' id='line_1_12' title="bbox 416 1115 2113 1186; baseline -0.003 -12"><span class='ocrx_word' id='word_1_59' title='bbox 416 1121 491 1174; x_wconf 91' lang='lat' dir='ltr'><strong>tis</strong></span> <span class='ocrx_word' id='word_1_60' title='bbox 521 1120 744 1175; x_wconf 87' lang='lat' dir='ltr'><strong>decoris</strong></span> <span class='ocrx_word' id='word_1_61' title='bbox 766 1120 1090 1180; x_wconf 87' lang='lat' dir='ltr'><strong>ﬂorentem.</strong></span> <span class='ocrx_word' id='word_1_62' title='bbox 1131 1119 1190 1171; x_wconf 91' lang='lat' dir='ltr'><strong>in</strong></span> <span class='ocrx_word' id='word_1_63' title='bbox 1220 1118 1486 1172; x_wconf 78' lang='lat' dir='ltr'><strong>affectum</strong></span> <span class='ocrx_word' id='word_1_64' title='bbox 1533 1117 1636 1170; x_wconf 77' lang='lat' dir='ltr'><strong>filii</strong></span> <span class='ocrx_word' id='word_1_65' title='bbox 1675 1115 1994 1186; x_wconf 82' lang='lat' dir='ltr'><strong>adoptavit.</strong></span> <span class='ocrx_word' id='word_1_66' title='bbox 2050 1117 2113 1169; x_wconf 88' lang='lat' dir='ltr'><strong>lu</strong></span> 
     </span>
    </p>
   </div>
   <div class='ocr_carea' id='block_1_13' title="bbox 415 1203 2109 1279">
    <p class='ocr_par' dir='ltr' id='par_1_13' title="bbox 415 1203 2109 1279">
     <span class='ocr_line' id='line_1_13' title="bbox 415 1203 2109 1279; baseline -0.003 -18"><span class='ocrx_word' id='word_1_67' title='bbox 415 1225 528 1279; x_wconf 90' lang='lat' dir='ltr'><strong>quo</strong></span> <span class='ocrx_word' id='word_1_68' title='bbox 550 1207 684 1279; x_wconf 91' lang='lat' dir='ltr'><strong>quia</strong></span> <span class='ocrx_word' id='word_1_69' title='bbox 717 1208 980 1261; x_wconf 90' lang='lat' dir='ltr'><strong>salutaris</strong></span> <span class='ocrx_word' id='word_1_70' title='bbox 1008 1206 1233 1260; x_wconf 90' lang='lat' dir='ltr'><strong>consilii</strong></span> <span class='ocrx_word' id='word_1_71' title='bbox 1292 1206 1604 1259; x_wconf 85' lang='lat' dir='ltr'><strong>stationem</strong></span> <span class='ocrx_word' id='word_1_72' title='bbox 1673 1203 2109 1257; x_wconf 87' lang='lat' dir='ltr'><strong>saluberrimam</strong></span> 
     </span>
    </p>
   </div>
   <div class='ocr_carea' id='block_1_14' title="bbox 413 1291 2111 1366">
    <p class='ocr_par' dir='ltr' id='par_1_14' title="bbox 413 1291 2111 1366">
     <span class='ocr_line' id='line_1_14' title="bbox 413 1291 2111 1366; baseline -0.003 -16"><span class='ocrx_word' id='word_1_73' title='bbox 413 1296 670 1366; x_wconf 88' lang='lat' dir='ltr'><strong>repperit</strong></span> <span class='ocrx_word' id='word_1_74' title='bbox 712 1295 1053 1350; x_wconf 82' lang='lat' dir='ltr'><strong>familiarius</strong></span> <span class='ocrx_word' id='word_1_75' title='bbox 1093 1294 1198 1348; x_wconf 91' lang='lat' dir='ltr'><strong>sibi</strong></span> <span class='ocrx_word' id='word_1_76' title='bbox 1259 1293 1539 1364; x_wconf 85' lang='lat' dir='ltr'><strong>adjunxit,</strong></span> <span class='ocrx_word' id='word_1_77' title='bbox 1581 1297 1647 1346; x_wconf 90' lang='lat' dir='ltr'><strong>nt</strong></span> <span class='ocrx_word' id='word_1_78' title='bbox 1689 1307 1758 1346; x_wconf 92' lang='lat' dir='ltr'><strong>ne</strong></span> <span class='ocrx_word' id='word_1_79' title='bbox 1802 1291 2111 1346; x_wconf 90' lang='lat' dir='ltr'><strong>minimum</strong></span> 
     </span>
    </p>
   </div>
   <div class='ocr_carea' id='block_1_15' title="bbox 415 1382 1492 1454">
    <p class='ocr_par' dir='ltr' id='par_1_15' title="bbox 415 1382 1492 1454">
     <span class='ocr_line' id='line_1_15' title="bbox 415 1382 1492 1454; baseline -0.003 -17"><span class='ocrx_word' id='word_1_80' title='bbox 415 1383 650 1454; x_wconf 84' lang='lat' dir='ltr'><strong>quidem</strong></span> <span class='ocrx_word' id='word_1_81' title='bbox 685 1383 806 1436; x_wconf 90' lang='lat' dir='ltr'><strong>sine</strong></span> <span class='ocrx_word' id='word_1_82' title='bbox 833 1383 956 1452; x_wconf 85' lang='lat' dir='ltr'><strong>ejus</strong></span> <span class='ocrx_word' id='word_1_83' title='bbox 982 1382 1245 1436; x_wconf 89' lang='lat' dir='ltr'><strong>consultu</strong></span> <span class='ocrx_word' id='word_1_84' title='bbox 1276 1386 1492 1450; x_wconf 82' lang='lat' dir='ltr'><strong>ageret.</strong></span> 
     </span>
    </p>
   </div>
   <div class='ocr_carea' id='block_1_16' title="bbox 484 1467 2113 1541">
    <p class='ocr_par' dir='ltr' id='par_1_16' title="bbox 484 1467 2113 1541">
     <span class='ocr_line' id='line_1_16' title="bbox 484 1467 2113 1541; baseline -0.003 -16"><span class='ocrx_word' id='word_1_85' title='bbox 484 1473 539 1525; x_wconf 85' lang='lat'><strong>2.</strong></span> <span class='ocrx_word' id='word_1_86' title='bbox 585 1472 836 1541; x_wconf 87' lang='lat' dir='ltr'><strong>Adeptus</strong></span> <span class='ocrx_word' id='word_1_87' title='bbox 874 1471 1069 1540; x_wconf 86' lang='lat' dir='ltr'><strong>itaque</strong></span> <span class='ocrx_word' id='word_1_88' title='bbox 1126 1487 1159 1524; x_wconf 88' lang='lat' dir='ltr'><strong>a</strong></span> <span class='ocrx_word' id='word_1_89' title='bbox 1214 1469 1507 1538; x_wconf 89' lang='lat' dir='ltr'><strong>Willegiso</strong></span> <span class='ocrx_word' id='word_1_90' title='bbox 1561 1467 1874 1522; x_wconf 85' lang='lat' dir='ltr'><strong>venerabili</strong></span> <span class='ocrx_word' id='word_1_91' title='bbox 1934 1467 2113 1522; x_wconf 83' lang='lat' dir='ltr'><strong>archi-</strong></span> 
     </span>
    </p>
   </div>
   <div class='ocr_carea' id='block_1_17' title="bbox 412 1555 2105 1628">
    <p class='ocr_par' dir='ltr' id='par_1_17' title="bbox 412 1555 2105 1628">
     <span class='ocr_line' id='line_1_17' title="bbox 412 1555 2105 1628; baseline -0.002 -16"><span class='ocrx_word' id='word_1_92' title='bbox 412 1559 682 1628; x_wconf 83' lang='lat' dir='ltr'><strong>episcopo</strong></span> <span class='ocrx_word' id='word_1_93' title='bbox 737 1558 1181 1612; x_wconf 81' lang='lat' dir='ltr'><strong>subdiaeonatus</strong></span> <span class='ocrx_word' id='word_1_94' title='bbox 1242 1557 1502 1626; x_wconf 89' lang='lat' dir='ltr'><strong>gradum,</strong></span> <span class='ocrx_word' id='word_1_95' title='bbox 1560 1555 1918 1626; x_wconf 88' lang='lat' dir='ltr'><strong>aliquamdiu</strong></span> <span class='ocrx_word' id='word_1_96' title='bbox 1978 1571 2105 1608; x_wconf 91' lang='lat' dir='ltr'><strong>cum</strong></span> 
     </span>
    </p>
   </div>
   <div class='ocr_carea' id='block_1_18' title="bbox 412 1643 2105 1716">
    <p class='ocr_par' dir='ltr' id='par_1_18' title="bbox 412 1643 2105 1716">
     <span class='ocr_line' id='line_1_18' title="bbox 412 1643 2105 1716; baseline -0.001 -17"><span class='ocrx_word' id='word_1_97' title='bbox 412 1646 512 1701; x_wconf 90' lang='lat' dir='ltr'><strong>illo</strong></span> <span class='ocrx_word' id='word_1_98' title='bbox 551 1653 940 1715; x_wconf 87' lang='lat' dir='ltr'><strong>conversatus,</strong></span> <span class='ocrx_word' id='word_1_99' title='bbox 1017 1662 1146 1700; x_wconf 80' lang='lat' dir='ltr'><strong>cum</strong></span> <span class='ocrx_word' id='word_1_100' title='bbox 1196 1651 1433 1716; x_wconf 86' lang='lat' dir='ltr'><strong>prOpter</strong></span> <span class='ocrx_word' id='word_1_101' title='bbox 1471 1660 1697 1698; x_wconf 90' lang='lat' dir='ltr'><strong>morum</strong></span> <span class='ocrx_word' id='word_1_102' title='bbox 1746 1643 2105 1698; x_wconf 86' lang='lat' dir='ltr'><strong>honestatem</strong></span> 
     </span>
    </p>
   </div>
   <div class='ocr_carea' id='block_1_19' title="bbox 414 1732 2108 1805">
    <p class='ocr_par' dir='ltr' id='par_1_19' title="bbox 414 1732 2108 1805">
     <span class='ocr_line' id='line_1_19' title="bbox 414 1732 2108 1805; baseline -0.002 -17"><span class='ocrx_word' id='word_1_103' title='bbox 414 1751 478 1788; x_wconf 89' lang='lat' dir='ltr'><strong>ac</strong></span> <span class='ocrx_word' id='word_1_104' title='bbox 517 1735 647 1788; x_wconf 64' lang='lat' dir='ltr'><strong>vitae</strong></span> <span class='ocrx_word' id='word_1_105' title='bbox 687 1734 1033 1805; x_wconf 88' lang='lat' dir='ltr'><strong>probitatem</strong></span> <span class='ocrx_word' id='word_1_106' title='bbox 1064 1733 1362 1804; x_wconf 84' lang='lat' dir='ltr'><strong>religionis</strong></span> <span class='ocrx_word' id='word_1_107' title='bbox 1396 1733 1713 1803; x_wconf 90' lang='lat' dir='ltr'><strong>profectum</strong></span> <span class='ocrx_word' id='word_1_108' title='bbox 1745 1732 1805 1786; x_wconf 90' lang='lat' dir='ltr'><strong>in</strong></span> <span class='ocrx_word' id='word_1_109' title='bbox 1845 1733 1944 1785; x_wconf 93' lang='lat' dir='ltr'><strong>illo</strong></span> <span class='ocrx_word' id='word_1_110' title='bbox 1975 1747 2108 1785; x_wconf 88' lang='lat' dir='ltr'><strong>sen-</strong></span> 
     </span>
    </p>
   </div>
   <div class='ocr_carea' id='block_1_20' title="bbox 412 1821 2109 1892">
    <p class='ocr_par' dir='ltr' id='par_1_20' title="bbox 412 1821 2109 1892">
     <span class='ocr_line' id='line_1_20' title="bbox 412 1821 2109 1892; baseline -0.002 -16"><span class='ocrx_word' id='word_1_111' title='bbox 412 1823 566 1888; x_wconf 83' lang='lat' dir='ltr'><strong>tiret,</strong></span> <span class='ocrx_word' id='word_1_112' title='bbox 599 1824 904 1878; x_wconf 83' lang='lat' dir='ltr'><strong>diaconum</strong></span> <span class='ocrx_word' id='word_1_113' title='bbox 945 1823 1106 1877; x_wconf 90' lang='lat' dir='ltr'><strong>illum</strong></span> <span class='ocrx_word' id='word_1_114' title='bbox 1163 1821 1467 1876; x_wconf 85' lang='lat' dir='ltr'><strong>ordinavit.</strong></span> <span class='ocrx_word' id='word_1_115' title='bbox 1527 1823 1830 1891; x_wconf 89' lang='lat' dir='ltr'><strong>Interjecto</strong></span> <span class='ocrx_word' id='word_1_116' title='bbox 1880 1835 2109 1892; x_wconf 91' lang='lat' dir='ltr'><strong>quoque</strong></span> 
     </span>
    </p>
   </div>
   <div class='ocr_carea' id='block_1_21' title="bbox 413 1909 2107 1982">
    <p class='ocr_par' dir='ltr' id='par_1_21' title="bbox 413 1909 2107 1982">
     <span class='ocr_line' id='line_1_21' title="bbox 413 1909 2107 1982; baseline -0.002 -18"><span class='ocrx_word' id='word_1_117' title='bbox 413 1927 531 1966; x_wconf 91' lang='lat' dir='ltr'><strong>non</strong></span> <span class='ocrx_word' id='word_1_118' title='bbox 561 1914 734 1982; x_wconf 92' lang='lat' dir='ltr'><strong>longo</strong></span> <span class='ocrx_word' id='word_1_119' title='bbox 765 1912 978 1982; x_wconf 89' lang='lat' dir='ltr'><strong>spacio,</strong></span> <span class='ocrx_word' id='word_1_120' title='bbox 1033 1910 1356 1981; x_wconf 86' lang='lat' dir='ltr'><strong>presbiterii</strong></span> <span class='ocrx_word' id='word_1_121' title='bbox 1398 1926 1529 1964; x_wconf 89' lang='lat' dir='ltr'><strong>eum</strong></span> <span class='ocrx_word' id='word_1_122' title='bbox 1579 1909 1798 1964; x_wconf 88' lang='lat' dir='ltr'><strong>honore</strong></span> <span class='ocrx_word' id='word_1_123' title='bbox 1832 1909 2107 1962; x_wconf 89' lang='lat' dir='ltr'><strong>sublima-</strong></span> 
     </span>
    </p>
   </div>
   <div class='ocr_carea' id='block_1_22' title="bbox 411 1997 2109 2070">
    <p class='ocr_par' dir='ltr' id='par_1_22' title="bbox 411 1997 2109 2070">
     <span class='ocr_line' id='line_1_22' title="bbox 411 1997 2109 2070; baseline -0.001 -18"><span class='ocrx_word' id='word_1_124' title='bbox 411 1999 509 2054; x_wconf 91' lang='lat' dir='ltr'><strong>vit.</strong></span> <span class='ocrx_word' id='word_1_125' title='bbox 542 2001 936 2070; x_wconf 80' lang='lat' dir='ltr'><strong>Reversusque</strong></span> <span class='ocrx_word' id='word_1_126' title='bbox 970 1999 1039 2053; x_wconf 90' lang='lat' dir='ltr'><strong>ad</strong></span> <span class='ocrx_word' id='word_1_127' title='bbox 1074 1999 1378 2069; x_wconf 69' lang='lat' dir='ltr'><strong>prmfatum</strong></span> <span class='ocrx_word' id='word_1_128' title='bbox 1417 1997 1708 2061; x_wconf 88' lang='lat' dir='ltr'><strong>comitem,</strong></span> <span class='ocrx_word' id='word_1_129' title='bbox 1745 2013 1914 2051; x_wconf 90' lang='lat' dir='ltr'><strong>suum</strong></span> <span class='ocrx_word' id='word_1_130' title='bbox 1949 1997 2109 2051; x_wconf 88' lang='lat' dir='ltr'><strong>vide-</strong></span> 
     </span>
    </p>
   </div>
   <div class='ocr_carea' id='block_1_23' title="bbox 412 2087 2106 2156">
    <p class='ocr_par' dir='ltr' id='par_1_23' title="bbox 412 2087 2106 2156">
     <span class='ocr_line' id='line_1_23' title="bbox 412 2087 2106 2156; baseline -0.002 -14"><span class='ocrx_word' id='word_1_131' title='bbox 412 2087 543 2143; x_wconf 88' lang='lat' dir='ltr'><strong>licet</strong></span> <span class='ocrx_word' id='word_1_132' title='bbox 597 2105 790 2156; x_wconf 90' lang='lat' dir='ltr'><strong>avum,</strong></span> <span class='ocrx_word' id='word_1_133' title='bbox 855 2087 1323 2142; x_wconf 77' lang='lat' dir='ltr'><strong>atfectuosissime</strong></span> <span class='ocrx_word' id='word_1_134' title='bbox 1373 2087 1443 2141; x_wconf 90' lang='lat' dir='ltr'><strong>ab</strong></span> <span class='ocrx_word' id='word_1_135' title='bbox 1500 2087 1599 2141; x_wconf 91' lang='lat' dir='ltr'><strong>illo</strong></span> <span class='ocrx_word' id='word_1_136' title='bbox 1657 2092 1954 2156; x_wconf 90' lang='lat' dir='ltr'><strong>susceptus</strong></span> <span class='ocrx_word' id='word_1_137' title='bbox 2000 2090 2106 2151; x_wconf 90' lang='lat' dir='ltr'><strong>est,</strong></span> 
     </span>
    </p>
   </div>
   <div class='ocr_carea' id='block_1_24' title="bbox 414 2174 2107 2247">
    <p class='ocr_par' dir='ltr' id='par_1_24' title="bbox 414 2174 2107 2247">
     <span class='ocr_line' id='line_1_24' title="bbox 414 2174 2107 2247; baseline -0.002 -17"><span class='ocrx_word' id='word_1_138' title='bbox 414 2175 844 2247; x_wconf 87' lang='lat' dir='ltr'><strong>plurimumque</strong></span> <span class='ocrx_word' id='word_1_139' title='bbox 890 2183 1120 2245; x_wconf 87' lang='lat' dir='ltr'><strong>rogatus</strong></span> <span class='ocrx_word' id='word_1_140' title='bbox 1174 2191 1244 2228; x_wconf 92' lang='lat' dir='ltr'><strong>ne</strong></span> <span class='ocrx_word' id='word_1_141' title='bbox 1289 2174 1357 2228; x_wconf 88' lang='lat' dir='ltr'><strong>ab</strong></span> <span class='ocrx_word' id='word_1_142' title='bbox 1415 2189 1484 2228; x_wconf 90' lang='lat' dir='ltr'><strong>eo</strong></span> <span class='ocrx_word' id='word_1_143' title='bbox 1535 2175 1870 2240; x_wconf 89' lang='lat' dir='ltr'><strong>discederet,</strong></span> <span class='ocrx_word' id='word_1_144' title='bbox 1944 2174 2107 2228; x_wconf 87' lang='lat' dir='ltr'><strong>facile</strong></span> 
     </span>
    </p>
   </div>
   <div class='ocr_carea' id='block_1_25' title="bbox 413 2264 2105 2334">
    <p class='ocr_par' dir='ltr' id='par_1_25' title="bbox 413 2264 2105 2334">
     <span class='ocr_line' id='line_1_25' title="bbox 413 2264 2105 2334; baseline 0 -16"><span class='ocrx_word' id='word_1_145' title='bbox 413 2265 726 2334; x_wconf 77' lang='lat' dir='ltr'><strong>acquievit;</strong></span> <span class='ocrx_word' id='word_1_146' title='bbox 774 2265 867 2318; x_wconf 93' lang='lat' dir='ltr'><strong>cui</strong></span> <span class='ocrx_word' id='word_1_147' title='bbox 893 2270 1049 2318; x_wconf 89' lang='lat' dir='ltr'><strong>tanta</strong></span> <span class='ocrx_word' id='word_1_148' title='bbox 1079 2264 1403 2318; x_wconf 86' lang='lat' dir='ltr'><strong>humilitate</strong></span> <span class='ocrx_word' id='word_1_149' title='bbox 1435 2280 1498 2317; x_wconf 89' lang='lat' dir='ltr'><strong>ac</strong></span> <span class='ocrx_word' id='word_1_150' title='bbox 1532 2264 1801 2318; x_wconf 89' lang='lat' dir='ltr'><strong>instantia</strong></span> <span class='ocrx_word' id='word_1_151' title='bbox 1851 2265 2105 2334; x_wconf 63' lang='lat' dir='ltr'><strong>{famula-</strong></span> 
     </span>
    </p>
   </div>
   <div class='ocr_carea' id='block_1_26' title="bbox 412 2353 2105 2423">
    <p class='ocr_par' dir='ltr' id='par_1_26' title="bbox 412 2353 2105 2423">
     <span class='ocr_line' id='line_1_26' title="bbox 412 2353 2105 2423; baseline 0 -16"><span class='ocrx_word' id='word_1_152' title='bbox 412 2354 602 2419; x_wconf 88' lang='lat' dir='ltr'><strong>batur,</strong></span> <span class='ocrx_word' id='word_1_153' title='bbox 642 2359 726 2419; x_wconf 91' lang='lat' dir='ltr'><strong>ut,</strong></span> <span class='ocrx_word' id='word_1_154' title='bbox 758 2353 976 2407; x_wconf 69' lang='lat' dir='ltr'><strong>cmteris</strong></span> <span class='ocrx_word' id='word_1_155' title='bbox 1028 2353 1408 2423; x_wconf 81' lang='lat' dir='ltr'><strong>refrigerandi</strong></span> <span class='ocrx_word' id='word_1_156' title='bbox 1455 2369 1624 2405; x_wconf 89' lang='lat' dir='ltr'><strong>causa</strong></span> <span class='ocrx_word' id='word_1_157' title='bbox 1670 2353 1956 2406; x_wconf 87' lang='lat' dir='ltr'><strong>interdum</strong></span> <span class='ocrx_word' id='word_1_158' title='bbox 2016 2369 2105 2407; x_wconf 87' lang='lat' dir='ltr'><strong>re-</strong></span> 
     </span>
    </p>
   </div>
   <div class='ocr_carea' id='block_1_27' title="bbox 411 2440 2108 2511">
    <p class='ocr_par' dir='ltr' id='par_1_27' title="bbox 411 2440 2108 2511">
     <span class='ocr_line' id='line_1_27' title="bbox 411 2440 2108 2511; baseline -0.002 -15"><span class='ocrx_word' id='word_1_159' title='bbox 411 2442 602 2506; x_wconf 88' lang='lat' dir='ltr'><strong>motis,</strong></span> <span class='ocrx_word' id='word_1_160' title='bbox 642 2442 765 2511; x_wconf 87' lang='lat' dir='ltr'><strong>ipse</strong></span> <span class='ocrx_word' id='word_1_161' title='bbox 813 2441 936 2496; x_wconf 89' lang='lat' dir='ltr'><strong>dies</strong></span> <span class='ocrx_word' id='word_1_162' title='bbox 995 2447 1310 2511; x_wconf 88' lang='lat' dir='ltr'><strong>noctesque</strong></span> <span class='ocrx_word' id='word_1_163' title='bbox 1364 2441 1729 2506; x_wconf 89' lang='lat' dir='ltr'><strong>continuans,</strong></span> <span class='ocrx_word' id='word_1_164' title='bbox 1788 2440 2108 2493; x_wconf 88' lang='lat' dir='ltr'><strong>indefessus</strong></span> 
     </span>
    </p>
   </div>
   <div class='ocr_carea' id='block_1_28' title="bbox 410 2528 2106 2600">
    <p class='ocr_par' dir='ltr' id='par_1_28' title="bbox 410 2528 2106 2600">
     <span class='ocr_line' id='line_1_28' title="bbox 410 2528 2106 2600; baseline -0.002 -16"><span class='ocrx_word' id='word_1_165' title='bbox 410 2532 463 2584; x_wconf 89' lang='lat' dir='ltr'><strong>ei</strong></span> <span class='ocrx_word' id='word_1_166' title='bbox 491 2531 830 2596; x_wconf 67' lang='lat' dir='ltr'><strong>adhaereret,</strong></span> <span class='ocrx_word' id='word_1_167' title='bbox 870 2529 1009 2600; x_wconf 68' lang='lat' dir='ltr'><strong>aegri</strong></span> <span class='ocrx_word' id='word_1_168' title='bbox 1041 2529 1190 2583; x_wconf 84' lang='lat' dir='ltr'><strong>senis</strong></span> <span class='ocrx_word' id='word_1_169' title='bbox 1221 2535 1278 2583; x_wconf 87' lang='lat' dir='ltr'><strong>et</strong></span> <span class='ocrx_word' id='word_1_170' title='bbox 1308 2545 1429 2582; x_wconf 63' lang='grc' dir='ltr'><strong>ξιξνο</strong></span> <span class='ocrx_word' id='word_1_171' title='bbox 1465 2529 1619 2598; x_wconf 90' lang='lat' dir='ltr'><strong>pleni</strong></span> <span class='ocrx_word' id='word_1_172' title='bbox 1650 2528 2106 2582; x_wconf 86' lang='lat' dir='ltr'><strong>imbecillitatem</strong></span> 
     </span>
    </p>
   </div>
   <div class='ocr_carea' id='block_1_29' title="bbox 410 2616 2109 2689">
    <p class='ocr_par' dir='ltr' id='par_1_29' title="bbox 410 2616 2109 2689">
     <span class='ocr_line' id='line_1_29' title="bbox 410 2616 2109 2689; baseline -0.001 -17"><span class='ocrx_word' id='word_1_173' title='bbox 410 2619 822 2689; x_wconf 87' lang='lat' dir='ltr'><strong>patientissime</strong></span> <span class='ocrx_word' id='word_1_174' title='bbox 875 2634 1176 2688; x_wconf 68' lang='lat' dir='ltr'><strong>moresque</strong></span> <span class='ocrx_word' id='word_1_175' title='bbox 1207 2622 1591 2688; x_wconf 88' lang='lat' dir='ltr'><strong>supportaret,</strong></span> <span class='ocrx_word' id='word_1_176' title='bbox 1622 2616 1772 2670; x_wconf 89' lang='lat' dir='ltr'><strong>inter</strong></span> <span class='ocrx_word' id='word_1_177' title='bbox 1823 2617 2011 2686; x_wconf 91' lang='lat' dir='ltr'><strong>ipsum</strong></span> <span class='ocrx_word' id='word_1_178' title='bbox 2053 2621 2109 2670; x_wconf 89' lang='lat' dir='ltr'><strong>et</strong></span> 
     </span>
    </p>
   </div>
   <div class='ocr_carea' id='block_1_30' title="bbox 408 2704 2106 2772">
    <p class='ocr_par' dir='ltr' id='par_1_30' title="bbox 408 2704 2106 2772">
     <span class='ocr_line' id='line_1_30' title="bbox 408 2704 2106 2772; baseline -0.001 -13"><span class='ocrx_word' id='word_1_179' title='bbox 408 2706 686 2760; x_wconf 83' lang='lat' dir='ltr'><strong>familiam</strong></span> <span class='ocrx_word' id='word_1_180' title='bbox 720 2706 945 2760; x_wconf 90' lang='lat' dir='ltr'><strong>medius</strong></span> <span class='ocrx_word' id='word_1_181' title='bbox 975 2707 1282 2772; x_wconf 85' lang='lat' dir='ltr'><strong>incederet,</strong></span> <span class='ocrx_word' id='word_1_182' title='bbox 1344 2706 1688 2759; x_wconf 87' lang='lat' dir='ltr'><strong>salutaribus</strong></span> <span class='ocrx_word' id='word_1_183' title='bbox 1721 2704 1958 2758; x_wconf 91' lang='lat' dir='ltr'><strong>monitis</strong></span> <span class='ocrx_word' id='word_1_184' title='bbox 1987 2708 2106 2757; x_wconf 89' lang='lat' dir='ltr'><strong>cot-</strong></span> 
     </span>
    </p>
   </div>
   <div class='ocr_carea' id='block_1_31' title="bbox 409 2791 2106 2865">
    <p class='ocr_par' dir='ltr' id='par_1_31' title="bbox 409 2791 2106 2865">
     <span class='ocr_line' id='line_1_31' title="bbox 409 2791 2106 2865; baseline -0.002 -17"><span class='ocrx_word' id='word_1_185' title='bbox 409 2795 550 2848; x_wconf 87' lang='lat' dir='ltr'><strong>tidie</strong></span> <span class='ocrx_word' id='word_1_186' title='bbox 577 2795 704 2848; x_wconf 92' lang='lat' dir='ltr'><strong>illos</strong></span> <span class='ocrx_word' id='word_1_187' title='bbox 729 2795 798 2848; x_wconf 91' lang='lat' dir='ltr'><strong>ad</strong></span> <span class='ocrx_word' id='word_1_188' title='bbox 822 2795 1044 2865; x_wconf 89' lang='lat' dir='ltr'><strong>agenda</strong></span> <span class='ocrx_word' id='word_1_189' title='bbox 1070 2794 1410 2860; x_wconf 85' lang='lat' dir='ltr'><strong>informaus,</strong></span> <span class='ocrx_word' id='word_1_190' title='bbox 1443 2809 1639 2847; x_wconf 91' lang='lat' dir='ltr'><strong>curam</strong></span> <span class='ocrx_word' id='word_1_191' title='bbox 1671 2793 1902 2847; x_wconf 90' lang='lat' dir='ltr'><strong>illorum</strong></span> <span class='ocrx_word' id='word_1_192' title='bbox 1956 2791 2106 2862; x_wconf 91' lang='lat' dir='ltr'><strong>apud</strong></span> 
     </span>
    </p>
   </div>
   <div class='ocr_carea' id='block_1_32' title="bbox 408 2881 2108 2952">
    <p class='ocr_par' dir='ltr' id='par_1_32' title="bbox 408 2881 2108 2952">
     <span class='ocr_line' id='line_1_32' title="bbox 408 2881 2108 2952; baseline -0.002 -16"><span class='ocrx_word' id='word_1_193' title='bbox 408 2882 675 2936; x_wconf 89' lang='lat' dir='ltr'><strong>comitem</strong></span> <span class='ocrx_word' id='word_1_194' title='bbox 727 2882 988 2952; x_wconf 87' lang='lat' dir='ltr'><strong>vigilanti</strong></span> <span class='ocrx_word' id='word_1_195' title='bbox 1028 2881 1384 2952; x_wconf 84' lang='lat' dir='ltr'><strong>benignitate</strong></span> <span class='ocrx_word' id='word_1_196' title='bbox 1439 2882 1834 2952; x_wconf 87' lang='lat' dir='ltr'><strong>frequentans.</strong></span> <span class='ocrx_word' id='word_1_197' title='bbox 1863 2881 1971 2934; x_wconf 90' lang='lat' dir='ltr'><strong>Pro</strong></span> <span class='ocrx_word' id='word_1_198' title='bbox 2001 2895 2108 2950; x_wconf 89' lang='lat' dir='ltr'><strong>pa-</strong></span> 
     </span>
    </p>
   </div>
   <div class='ocr_carea' id='block_1_33' title="bbox 2227 497 3966 572">
    <p class='ocr_par' dir='ltr' id='par_1_33' title="bbox 2227 497 3966 572">
     <span class='ocr_line' id='line_1_33' title="bbox 2227 497 3966 572; baseline 0.003 -20"><span class='ocrx_word' id='word_1_199' title='bbox 2227 499 2364 553; x_wconf 84' lang='lat' dir='ltr'><strong>foris</strong></span> <span class='ocrx_word' id='word_1_200' title='bbox 2393 499 2658 552; x_wconf 89' lang='lat' dir='ltr'><strong>obeunda</strong></span> <span class='ocrx_word' id='word_1_201' title='bbox 2702 497 3103 552; x_wconf 82' lang='lat' dir='ltr'><strong>liberalissimo</strong></span> <span class='ocrx_word' id='word_1_202' title='bbox 3159 499 3398 569; x_wconf 85' lang='lat' dir='ltr'><strong>negocio</strong></span> <span class='ocrx_word' id='word_1_203' title='bbox 3456 502 3578 570; x_wconf 83' lang='lat' dir='ltr'><strong>ejus</strong></span> <span class='ocrx_word' id='word_1_204' title='bbox 3629 501 3966 572; x_wconf 61' lang='lat' dir='ltr'><strong>ingeniums</strong></span> 
     </span>
    </p>
   </div>
   <div class='ocr_carea' id='block_1_34' title="bbox 2226 587 3965 662">
    <p class='ocr_par' dir='ltr' id='par_1_34' title="bbox 2226 587 3965 662">
     <span class='ocr_line' id='line_1_34' title="bbox 2226 587 3965 662; baseline 0.001 -20"><span class='ocrx_word' id='word_1_205' title='bbox 2226 588 2474 642; x_wconf 85' lang='lat' dir='ltr'><strong>feriaret.</strong></span> <span class='ocrx_word' id='word_1_206' title='bbox 2533 589 2596 642; x_wconf 89' lang='lat' dir='ltr'><strong>Et</strong></span> <span class='ocrx_word' id='word_1_207' title='bbox 2647 603 2775 640; x_wconf 92' lang='lat' dir='ltr'><strong>cum</strong></span> <span class='ocrx_word' id='word_1_208' title='bbox 2813 587 2908 640; x_wconf 87' lang='lat' dir='ltr'><strong>alii</strong></span> <span class='ocrx_word' id='word_1_209' title='bbox 2939 588 3062 657; x_wconf 87' lang='lat' dir='ltr'><strong>regi</strong></span> <span class='ocrx_word' id='word_1_210' title='bbox 3094 604 3273 658; x_wconf 87' lang='lat' dir='ltr'><strong>puero</strong></span> <span class='ocrx_word' id='word_1_211' title='bbox 3335 589 3621 643; x_wconf 87' lang='lat' dir='ltr'><strong>adulando</strong></span> <span class='ocrx_word' id='word_1_212' title='bbox 3651 591 3934 661; x_wconf 85' lang='lat' dir='ltr'><strong>obseque-</strong></span> <span class='ocrx_word' id='word_1_213' title='bbox 3964 655 3965 662; x_wconf 12' lang='grc' dir='ltr'>γ</span> 
     </span>
    </p>
   </div>
   <div class='ocr_carea' id='block_1_35' title="bbox 2229 675 3936 749">
    <p class='ocr_par' dir='ltr' id='par_1_35' title="bbox 2229 675 3936 749">
     <span class='ocr_line' id='line_1_35' title="bbox 2229 675 3936 749; baseline 0.002 -20"><span class='ocrx_word' id='word_1_214' title='bbox 2229 682 2447 742; x_wconf 89' lang='lat' dir='ltr'><strong>rentur,</strong></span> <span class='ocrx_word' id='word_1_215' title='bbox 2477 676 2618 730; x_wconf 87' lang='lat' dir='ltr'><strong>adeo</strong></span> <span class='ocrx_word' id='word_1_216' title='bbox 2649 681 2713 729; x_wconf 90' lang='lat' dir='ltr'><strong>ut</strong></span> <span class='ocrx_word' id='word_1_217' title='bbox 2744 675 2964 729; x_wconf 88' lang='lat' dir='ltr'><strong>ludicra</strong></span> <span class='ocrx_word' id='word_1_218' title='bbox 3017 682 3071 728; x_wconf 90' lang='lat' dir='ltr'><strong>et</strong></span> <span class='ocrx_word' id='word_1_219' title='bbox 3097 693 3227 746; x_wconf 70' lang='lat' dir='ltr'><strong>qua:</strong></span> <span class='ocrx_word' id='word_1_220' title='bbox 3261 682 3457 730; x_wconf 91' lang='lat' dir='ltr'><strong>tenera</strong></span> <span class='ocrx_word' id='word_1_221' title='bbox 3491 684 3630 731; x_wconf 67' lang='lat' dir='ltr'><strong>aetas</strong></span> <span class='ocrx_word' id='word_1_222' title='bbox 3661 681 3936 749; x_wconf 88' lang='lat' dir='ltr'><strong>poscebat</strong></span> 
     </span>
    </p>
   </div>
   <div class='ocr_carea' id='block_1_36' title="bbox 2230 739 3965 835">
    <p class='ocr_par' dir='ltr' id='par_1_36' title="bbox 2230 739 3965 835">
     <span class='ocr_line' id='line_1_36' title="bbox 2230 739 3965 835; baseline 0.002 -18"><span class='ocrx_word' id='word_1_223' title='bbox 2230 765 2313 818; x_wconf 92' lang='lat' dir='ltr'><strong>illi</strong></span> <span class='ocrx_word' id='word_1_224' title='bbox 2337 739 2768 835; x_wconf 79' lang='lat' dir='ltr'><strong>persuaderent,</strong></span> <span class='ocrx_word' id='word_1_225' title='bbox 2807 739 3140 832; x_wconf 55' lang='lat' dir='ltr'><strong>imperatris</strong></span> <span class='ocrx_word' id='word_1_226' title='bbox 3174 765 3378 833; x_wconf 86' lang='lat' dir='ltr'><strong>etiam,</strong></span> <span class='ocrx_word' id='word_1_227' title='bbox 3426 766 3606 820; x_wconf 88' lang='lat' dir='ltr'><strong>verita</strong></span> <span class='ocrx_word' id='word_1_228' title='bbox 3656 739 3930 821; x_wconf 73' lang='lat' dir='ltr'><strong>affectum</strong></span> <span class='ocrx_word' id='word_1_229' title='bbox 3963 739 3965 764; x_wconf 36' lang='lat'>‘</span> 
     </span>
    </p>
   </div>
   <div class='ocr_carea' id='block_1_37' title="bbox 2226 851 3932 923">
    <p class='ocr_par' dir='ltr' id='par_1_37' title="bbox 2226 851 3932 923">
     <span class='ocr_line' id='line_1_37' title="bbox 2226 851 3932 923; baseline 0.001 -15"><span class='ocrx_word' id='word_1_230' title='bbox 2226 853 2329 908; x_wconf 79' lang='lat' dir='ltr'><strong>filii</strong></span> <span class='ocrx_word' id='word_1_231' title='bbox 2363 853 2470 906; x_wconf 90' lang='lat' dir='ltr'><strong>sibi</strong></span> <span class='ocrx_word' id='word_1_232' title='bbox 2491 852 2748 923; x_wconf 61' lang='lat' dir='ltr'><strong>praeripi,</strong></span> <span class='ocrx_word' id='word_1_233' title='bbox 2782 851 2840 905; x_wconf 92' lang='lat' dir='ltr'><strong>in</strong></span> <span class='ocrx_word' id='word_1_234' title='bbox 2862 852 3149 922; x_wconf 85' lang='lat' dir='ltr'><strong>ejusmodi</strong></span> <span class='ocrx_word' id='word_1_235' title='bbox 3179 853 3370 907; x_wconf 80' lang='lat' dir='ltr'><strong>favore</strong></span> <span class='ocrx_word' id='word_1_236' title='bbox 3404 854 3461 907; x_wconf 91' lang='lat' dir='ltr'><strong>in</strong></span> <span class='ocrx_word' id='word_1_237' title='bbox 3494 860 3718 908; x_wconf 87' lang='lat' dir='ltr'><strong>tantum</strong></span> <span class='ocrx_word' id='word_1_238' title='bbox 3749 858 3932 910; x_wconf 82' lang='lat' dir='ltr'><strong>emol-</strong></span> 
     </span>
    </p>
   </div>
   <div class='ocr_carea' id='block_1_38' title="bbox 2226 940 3932 1011">
    <p class='ocr_par' dir='ltr' id='par_1_38' title="bbox 2226 940 3932 1011">
     <span class='ocr_line' id='line_1_38' title="bbox 2226 940 3932 1011; baseline 0.001 -16"><span class='ocrx_word' id='word_1_239' title='bbox 2226 943 2322 996; x_wconf 89' lang='lat' dir='ltr'><strong>lita</strong></span> <span class='ocrx_word' id='word_1_240' title='bbox 2357 946 2526 1007; x_wconf 89' lang='lat' dir='ltr'><strong>esset,</strong></span> <span class='ocrx_word' id='word_1_241' title='bbox 2583 945 2648 995; x_wconf 90' lang='lat' dir='ltr'><strong>ut</strong></span> <span class='ocrx_word' id='word_1_242' title='bbox 2699 940 3051 1010; x_wconf 70' lang='lat' dir='ltr'><strong>omniaquae</strong></span> <span class='ocrx_word' id='word_1_243' title='bbox 3106 943 3348 1011; x_wconf 86' lang='lat' dir='ltr'><strong>puerilis</strong></span> <span class='ocrx_word' id='word_1_244' title='bbox 3393 949 3531 996; x_wconf 68' lang='lat' dir='ltr'><strong>tetas</strong></span> <span class='ocrx_word' id='word_1_245' title='bbox 3592 943 3758 997; x_wconf 90' lang='lat' dir='ltr'><strong>illum</strong></span> <span class='ocrx_word' id='word_1_246' title='bbox 3811 945 3932 998; x_wconf 91' lang='lat' dir='ltr'><strong>im-</strong></span> 
     </span>
    </p>
   </div>
   <div class='ocr_carea' id='block_1_39' title="bbox 2223 1028 3931 1100">
    <p class='ocr_par' dir='ltr' id='par_1_39' title="bbox 2223 1028 3931 1100">
     <span class='ocr_line' id='line_1_39' title="bbox 2223 1028 3931 1100; baseline 0.002 -18"><span class='ocrx_word' id='word_1_247' title='bbox 2223 1029 2464 1099; x_wconf 89' lang='lat' dir='ltr'><strong>pelleret</strong></span> <span class='ocrx_word' id='word_1_248' title='bbox 2544 1029 2668 1100; x_wconf 89' lang='lat' dir='ltr'><strong>ipsa</strong></span> <span class='ocrx_word' id='word_1_249' title='bbox 2737 1028 3062 1098; x_wconf 89' lang='lat' dir='ltr'><strong>gratissimo</strong></span> <span class='ocrx_word' id='word_1_250' title='bbox 3127 1028 3326 1083; x_wconf 75' lang='lat' dir='ltr'><strong>affectu</strong></span> <span class='ocrx_word' id='word_1_251' title='bbox 3407 1031 3782 1098; x_wconf 85' lang='lat' dir='ltr'><strong>consentiret,</strong></span> <span class='ocrx_word' id='word_1_252' title='bbox 3836 1032 3931 1085; x_wconf 84' lang='lat' dir='ltr'><strong>hic</strong></span> 
     </span>
    </p>
   </div>
   <div class='ocr_carea' id='block_1_40' title="bbox 2223 1117 3965 1182">
    <p class='ocr_par' dir='ltr' id='par_1_40' title="bbox 2223 1117 3965 1182">
     <span class='ocr_line' id='line_1_40' title="bbox 2223 1117 3965 1182; baseline 0.002 -12"><span class='ocrx_word' id='word_1_253' title='bbox 2223 1119 2380 1172; x_wconf 88' lang='lat' dir='ltr'><strong>solus</strong></span> <span class='ocrx_word' id='word_1_254' title='bbox 2412 1123 2574 1172; x_wconf 89' lang='lat' dir='ltr'><strong>tanta</strong></span> <span class='ocrx_word' id='word_1_255' title='bbox 2618 1122 2739 1172; x_wconf 89' lang='lat' dir='ltr'><strong>arte</strong></span> <span class='ocrx_word' id='word_1_256' title='bbox 2797 1117 3022 1182; x_wconf 89' lang='lat' dir='ltr'><strong>institit,</strong></span> <span class='ocrx_word' id='word_1_257' title='bbox 3069 1122 3134 1171; x_wconf 91' lang='lat' dir='ltr'><strong>ut</strong></span> <span class='ocrx_word' id='word_1_258' title='bbox 3177 1134 3210 1171; x_wconf 90' lang='lat' dir='ltr'><strong>a</strong></span> <span class='ocrx_word' id='word_1_259' title='bbox 3273 1135 3391 1172; x_wconf 91' lang='lat' dir='ltr'><strong>non</strong></span> <span class='ocrx_word' id='word_1_260' title='bbox 3432 1119 3704 1174; x_wconf 81' lang='lat' dir='ltr'><strong>faciendis</strong></span> <span class='ocrx_word' id='word_1_261' title='bbox 3764 1118 3965 1174; x_wconf 77' lang='lat' dir='ltr'><strong>metu‘</strong></span> 
     </span>
    </p>
   </div>
   <div class='ocr_carea' id='block_1_41' title="bbox 2223 1206 3931 1280">
    <p class='ocr_par' dir='ltr' id='par_1_41' title="bbox 2223 1206 3931 1280">
     <span class='ocr_line' id='line_1_41' title="bbox 2223 1206 3931 1280; baseline 0.002 -20"><span class='ocrx_word' id='word_1_262' title='bbox 2223 1206 2386 1261; x_wconf 91' lang='lat' dir='ltr'><strong>illum</strong></span> <span class='ocrx_word' id='word_1_263' title='bbox 2418 1207 2768 1278; x_wconf 74' lang='lat' dir='ltr'><strong>prohiberet,</strong></span> <span class='ocrx_word' id='word_1_264' title='bbox 2829 1212 2884 1260; x_wconf 91' lang='lat' dir='ltr'><strong>et</strong></span> <span class='ocrx_word' id='word_1_265' title='bbox 2926 1211 3120 1261; x_wconf 89' lang='lat' dir='ltr'><strong>tamen</strong></span> <span class='ocrx_word' id='word_1_266' title='bbox 3173 1207 3510 1278; x_wconf 89' lang='lat' dir='ltr'><strong>plenissimo</strong></span> <span class='ocrx_word' id='word_1_267' title='bbox 3562 1209 3765 1264; x_wconf 79' lang='lat' dir='ltr'><strong>affectu</strong></span> <span class='ocrx_word' id='word_1_268' title='bbox 3801 1210 3931 1280; x_wconf 88' lang='lat' dir='ltr'><strong>ejus</strong></span> 
     </span>
    </p>
   </div>
   <div class='ocr_carea' id='block_1_42' title="bbox 2223 1292 2978 1364">
    <p class='ocr_par' dir='ltr' id='par_1_42' title="bbox 2223 1292 2978 1364">
     <span class='ocr_line' id='line_1_42' title="bbox 2223 1292 2978 1364; baseline 0 -18"><span class='ocrx_word' id='word_1_269' title='bbox 2223 1293 2481 1347; x_wconf 91' lang='lat' dir='ltr'><strong>animum</strong></span> <span class='ocrx_word' id='word_1_270' title='bbox 2514 1292 2622 1346; x_wconf 92' lang='lat' dir='ltr'><strong>sibi</strong></span> <span class='ocrx_word' id='word_1_271' title='bbox 2665 1293 2978 1364; x_wconf 87' lang='lat' dir='ltr'><strong>colligaret.</strong></span> 
     </span>
    </p>
   </div>
   <div class='ocr_carea' id='block_1_43' title="bbox 2293 1381 3930 1454">
    <p class='ocr_par' dir='ltr' id='par_1_43' title="bbox 2293 1381 3930 1454">
     <span class='ocr_line' id='line_1_43' title="bbox 2293 1381 3930 1454; baseline 0.001 -18"><span class='ocrx_word' id='word_1_272' title='bbox 2293 1384 2346 1436; x_wconf 86' lang='lat'><strong>3.</strong></span> <span class='ocrx_word' id='word_1_273' title='bbox 2406 1381 2629 1435; x_wconf 89' lang='lat' dir='ltr'><strong>Interea</strong></span> <span class='ocrx_word' id='word_1_274' title='bbox 2686 1381 2896 1436; x_wconf 90' lang='lat' dir='ltr'><strong>domna</strong></span> <span class='ocrx_word' id='word_1_275' title='bbox 2958 1381 3311 1450; x_wconf 86' lang='lat' dir='ltr'><strong>Theuphanu</strong></span> <span class='ocrx_word' id='word_1_276' title='bbox 3374 1381 3708 1454; x_wconf 80' lang='lat' dir='ltr'><strong>imperatrix</strong></span> <span class='ocrx_word' id='word_1_277' title='bbox 3771 1384 3930 1454; x_wconf 89' lang='lat' dir='ltr'><strong>apud</strong></span> 
     </span>
    </p>
   </div>
   <div class='ocr_carea' id='block_1_44' title="bbox 2224 1470 3930 1541">
    <p class='ocr_par' dir='ltr' id='par_1_44' title="bbox 2224 1470 3930 1541">
     <span class='ocr_line' id='line_1_44' title="bbox 2224 1470 3930 1541; baseline 0.002 -19"><span class='ocrx_word' id='word_1_278' title='bbox 2224 1470 2576 1540; x_wconf 81' lang='lat' dir='ltr'><strong>Neomagum</strong></span> <span class='ocrx_word' id='word_1_279' title='bbox 2609 1471 2859 1523; x_wconf 85' lang='lat' dir='ltr'><strong>maximo</strong></span> <span class='ocrx_word' id='word_1_280' title='bbox 2919 1471 3116 1524; x_wconf 90' lang='lat' dir='ltr'><strong>dolore</strong></span> <span class='ocrx_word' id='word_1_281' title='bbox 3179 1471 3356 1524; x_wconf 88' lang='lat' dir='ltr'><strong>totius</strong></span> <span class='ocrx_word' id='word_1_282' title='bbox 3403 1471 3566 1541; x_wconf 88' lang='lat' dir='ltr'><strong>regni</strong></span> <span class='ocrx_word' id='word_1_283' title='bbox 3613 1471 3787 1526; x_wconf 87' lang='lat' dir='ltr'><strong>rebus</strong></span> <span class='ocrx_word' id='word_1_284' title='bbox 3826 1488 3930 1525; x_wconf 82' lang='lat' dir='ltr'><strong>ex-</strong></span> 
     </span>
    </p>
   </div>
   <div class='ocr_carea' id='block_1_45' title="bbox 2221 1558 3930 1631">
    <p class='ocr_par' dir='ltr' id='par_1_45' title="bbox 2221 1558 3930 1631">
     <span class='ocr_line' id='line_1_45' title="bbox 2221 1558 3930 1631; baseline 0.001 -20"><span class='ocrx_word' id='word_1_285' title='bbox 2221 1558 2390 1612; x_wconf 92' lang='lat' dir='ltr'><strong>cessit</strong></span> <span class='ocrx_word' id='word_1_286' title='bbox 2412 1559 2527 1627; x_wconf 89' lang='lat' dir='ltr'><strong>(an.</strong></span> <span class='ocrx_word' id='word_1_287' title='bbox 2561 1560 2684 1624; x_wconf 91' lang='lat' dir='ltr'><strong>99l,</strong></span> <span class='ocrx_word' id='word_1_288' title='bbox 2716 1560 2857 1613; x_wconf 85' lang='lat' dir='ltr'><strong>Jun.</strong></span> <span class='ocrx_word' id='word_1_289' title='bbox 2895 1560 2996 1626; x_wconf 83' lang='lat' dir='ltr'><strong>t6).</strong></span> <span class='ocrx_word' id='word_1_290' title='bbox 3050 1558 3208 1613; x_wconf 89' lang='lat' dir='ltr'><strong>Unde</strong></span> <span class='ocrx_word' id='word_1_291' title='bbox 3233 1559 3477 1614; x_wconf 90' lang='lat' dir='ltr'><strong>domnus</strong></span> <span class='ocrx_word' id='word_1_292' title='bbox 3517 1576 3618 1613; x_wconf 84' lang='lat' dir='ltr'><strong>rex</strong></span> <span class='ocrx_word' id='word_1_293' title='bbox 3676 1565 3930 1631; x_wconf 88' lang='lat' dir='ltr'><strong>utroque</strong></span> 
     </span>
    </p>
   </div>
   <div class='ocr_carea' id='block_1_46' title="bbox 2222 1647 3926 1718">
    <p class='ocr_par' dir='ltr' id='par_1_46' title="bbox 2222 1647 3926 1718">
     <span class='ocr_line' id='line_1_46' title="bbox 2222 1647 3926 1718; baseline 0.002 -19"><span class='ocrx_word' id='word_1_294' title='bbox 2222 1651 2458 1716; x_wconf 91' lang='lat' dir='ltr'><strong>parente</strong></span> <span class='ocrx_word' id='word_1_295' title='bbox 2483 1647 2763 1713; x_wconf 91' lang='lat' dir='ltr'><strong>desertus,</strong></span> <span class='ocrx_word' id='word_1_296' title='bbox 2825 1653 3009 1700; x_wconf 90' lang='lat' dir='ltr'><strong>totum</strong></span> <span class='ocrx_word' id='word_1_297' title='bbox 3044 1663 3102 1700; x_wconf 91' lang='lat' dir='ltr'><strong>se</strong></span> <span class='ocrx_word' id='word_1_298' title='bbox 3151 1647 3467 1718; x_wconf 89' lang='lat' dir='ltr'><strong>regendum</strong></span> <span class='ocrx_word' id='word_1_299' title='bbox 3519 1648 3577 1701; x_wconf 91' lang='lat' dir='ltr'><strong>in</strong></span> <span class='ocrx_word' id='word_1_300' title='bbox 3612 1649 3926 1702; x_wconf 86' lang='lat' dir='ltr'><strong>stationem</strong></span> 
     </span>
    </p>
   </div>
   <div class='ocr_carea' id='block_1_47' title="bbox 2221 1735 3927 1804">
    <p class='ocr_par' dir='ltr' id='par_1_47' title="bbox 2221 1735 3927 1804">
     <span class='ocr_line' id='line_1_47' title="bbox 2221 1735 3927 1804; baseline 0.001 -16"><span class='ocrx_word' id='word_1_301' title='bbox 2221 1735 2483 1788; x_wconf 81' lang='lat' dir='ltr'><strong>ﬁdissimi</strong></span> <span class='ocrx_word' id='word_1_302' title='bbox 2531 1735 2790 1803; x_wconf 89' lang='lat' dir='ltr'><strong>magistri</strong></span> <span class='ocrx_word' id='word_1_303' title='bbox 2829 1735 3090 1789; x_wconf 90' lang='lat' dir='ltr'><strong>contulit.</strong></span> <span class='ocrx_word' id='word_1_304' title='bbox 3121 1736 3300 1804; x_wconf 84' lang='lat' dir='ltr'><strong>Hujus</strong></span> <span class='ocrx_word' id='word_1_305' title='bbox 3354 1736 3593 1790; x_wconf 90' lang='lat' dir='ltr'><strong>consilio</strong></span> <span class='ocrx_word' id='word_1_306' title='bbox 3635 1738 3927 1792; x_wconf 86' lang='lat' dir='ltr'><strong>examina-</strong></span> 
     </span>
    </p>
   </div>
   <div class='ocr_carea' id='block_1_48' title="bbox 2219 1823 3922 1896">
    <p class='ocr_par' dir='ltr' id='par_1_48' title="bbox 2219 1823 3922 1896">
     <span class='ocr_line' id='line_1_48' title="bbox 2219 1823 3922 1896; baseline 0 -18"><span class='ocrx_word' id='word_1_307' title='bbox 2219 1824 2316 1878; x_wconf 88' lang='lat' dir='ltr'><strong>bat</strong></span> <span class='ocrx_word' id='word_1_308' title='bbox 2347 1823 2752 1894; x_wconf 88' lang='lat' dir='ltr'><strong>quodcumque</strong></span> <span class='ocrx_word' id='word_1_309' title='bbox 2810 1824 2906 1876; x_wconf 87' lang='lat' dir='ltr'><strong>alii</strong></span> <span class='ocrx_word' id='word_1_310' title='bbox 2947 1823 3238 1877; x_wconf 88' lang='lat' dir='ltr'><strong>adulando</strong></span> <span class='ocrx_word' id='word_1_311' title='bbox 3284 1824 3735 1893; x_wconf 89' lang='lat' dir='ltr'><strong>persuadebant;</strong></span> <span class='ocrx_word' id='word_1_312' title='bbox 3780 1825 3922 1896; x_wconf 89' lang='lat' dir='ltr'><strong>quia</strong></span> 
     </span>
    </p>
   </div>
   <div class='ocr_carea' id='block_1_49' title="bbox 2219 1910 3926 1981">
    <p class='ocr_par' dir='ltr' id='par_1_49' title="bbox 2219 1910 3926 1981">
     <span class='ocr_line' id='line_1_49' title="bbox 2219 1910 3926 1981; baseline 0.001 -17"><span class='ocrx_word' id='word_1_313' title='bbox 2219 1910 2481 1981; x_wconf 87' lang='lat' dir='ltr'><strong>quamvis</strong></span> <span class='ocrx_word' id='word_1_314' title='bbox 2539 1910 2596 1963; x_wconf 92' lang='lat' dir='ltr'><strong>in</strong></span> <span class='ocrx_word' id='word_1_315' title='bbox 2654 1910 2974 1980; x_wconf 87' lang='lat' dir='ltr'><strong>puerilibus</strong></span> <span class='ocrx_word' id='word_1_316' title='bbox 3041 1910 3310 1981; x_wconf 87' lang='lat' dir='ltr'><strong>auspiciis</strong></span> <span class='ocrx_word' id='word_1_317' title='bbox 3357 1911 3663 1979; x_wconf 89' lang='lat' dir='ltr'><strong>ociaretur,</strong></span> <span class='ocrx_word' id='word_1_318' title='bbox 3722 1912 3926 1966; x_wconf 89' lang='lat' dir='ltr'><strong>altiori</strong></span> 
     </span>
    </p>
   </div>
   <div class='ocr_carea' id='block_1_50' title="bbox 2218 1998 3928 2070">
    <p class='ocr_par' dir='ltr' id='par_1_50' title="bbox 2218 1998 3928 2070">
     <span class='ocr_line' id='line_1_50' title="bbox 2218 1998 3928 2070; baseline 0.002 -18"><span class='ocrx_word' id='word_1_319' title='bbox 2218 2004 2411 2052; x_wconf 84' lang='lat' dir='ltr'><strong>tamen</strong></span> <span class='ocrx_word' id='word_1_320' title='bbox 2446 1998 2728 2052; x_wconf 87' lang='lat' dir='ltr'><strong>industria</strong></span> <span class='ocrx_word' id='word_1_321' title='bbox 2761 1998 3126 2069; x_wconf 90' lang='lat' dir='ltr'><strong>quorundam</strong></span> <span class='ocrx_word' id='word_1_322' title='bbox 3185 1998 3584 2055; x_wconf 84' lang='lat' dir='ltr'><strong>simulationes</strong></span> <span class='ocrx_word' id='word_1_323' title='bbox 3644 2001 3928 2070; x_wconf 60' lang='lat' dir='ltr'><strong>praevide-</strong></span> 
     </span>
    </p>
   </div>
   <div class='ocr_carea' id='block_1_51' title="bbox 2217 2085 3923 2157">
    <p class='ocr_par' dir='ltr' id='par_1_51' title="bbox 2217 2085 3923 2157">
     <span class='ocr_line' id='line_1_51' title="bbox 2217 2085 3923 2157; baseline 0.001 -17"><span class='ocrx_word' id='word_1_324' title='bbox 2217 2085 2331 2140; x_wconf 87' lang='lat' dir='ltr'><strong>bat.</strong></span> <span class='ocrx_word' id='word_1_325' title='bbox 2357 2085 2652 2156; x_wconf 68' lang='lat' dir='ltr'><strong>Praecipua</strong></span> <span class='ocrx_word' id='word_1_326' title='bbox 2691 2085 2884 2149; x_wconf 87' lang='lat' dir='ltr'><strong>itaque</strong></span> <span class='ocrx_word' id='word_1_327' title='bbox 2926 2085 3312 2140; x_wconf 85' lang='lat' dir='ltr'><strong>familiaritate</strong></span> <span class='ocrx_word' id='word_1_328' title='bbox 3354 2087 3696 2157; x_wconf 88' lang='lat' dir='ltr'><strong>magistrum</strong></span> <span class='ocrx_word' id='word_1_329' title='bbox 3745 2104 3923 2141; x_wconf 89' lang='lat' dir='ltr'><strong>suum</strong></span> 
     </span>
    </p>
   </div>
   <div class='ocr_carea' id='block_1_52' title="bbox 2219 2174 3919 2244">
    <p class='ocr_par' dir='ltr' id='par_1_52' title="bbox 2219 2174 3919 2244">
     <span class='ocr_line' id='line_1_52' title="bbox 2219 2174 3919 2244; baseline 0 -16"><span class='ocrx_word' id='word_1_330' title='bbox 2219 2175 2688 2244; x_wconf 86' lang='lat' dir='ltr'><strong>amplectebatur,</strong></span> <span class='ocrx_word' id='word_1_331' title='bbox 2753 2190 2856 2228; x_wconf 90' lang='lat' dir='ltr'><strong>nec</strong></span> <span class='ocrx_word' id='word_1_332' title='bbox 2913 2174 2985 2228; x_wconf 88' lang='lat' dir='ltr'><strong>ab</strong></span> <span class='ocrx_word' id='word_1_333' title='bbox 3070 2175 3186 2228; x_wconf 91' lang='lat' dir='ltr'><strong>ullo</strong></span> <span class='ocrx_word' id='word_1_334' title='bbox 3245 2174 3484 2228; x_wconf 89' lang='lat' dir='ltr'><strong>inferius</strong></span> <span class='ocrx_word' id='word_1_335' title='bbox 3539 2176 3919 2243; x_wconf 88' lang='lat' dir='ltr'><strong>tractabatur,</strong></span> 
     </span>
    </p>
   </div>
   <div class='ocr_carea' id='block_1_53' title="bbox 2216 2261 3919 2334">
    <p class='ocr_par' dir='ltr' id='par_1_53' title="bbox 2216 2261 3919 2334">
     <span class='ocr_line' id='line_1_53' title="bbox 2216 2261 3919 2334; baseline 0.003 -20"><span class='ocrx_word' id='word_1_336' title='bbox 2216 2278 2390 2334; x_wconf 89' lang='lat' dir='ltr'><strong>quem</strong></span> <span class='ocrx_word' id='word_1_337' title='bbox 2417 2261 2722 2316; x_wconf 82' lang='lat' dir='ltr'><strong>universali</strong></span> <span class='ocrx_word' id='word_1_338' title='bbox 2756 2262 3033 2316; x_wconf 87' lang='lat' dir='ltr'><strong>virtutum</strong></span> <span class='ocrx_word' id='word_1_339' title='bbox 3063 2262 3268 2317; x_wconf 88' lang='lat' dir='ltr'><strong>decore</strong></span> <span class='ocrx_word' id='word_1_340' title='bbox 3311 2279 3640 2334; x_wconf 88' lang='lat' dir='ltr'><strong>respersum</strong></span> <span class='ocrx_word' id='word_1_341' title='bbox 3681 2281 3919 2319; x_wconf 89' lang='lat' dir='ltr'><strong>venera-</strong></span> 
     </span>
    </p>
   </div>
   <div class='ocr_carea' id='block_1_54' title="bbox 2216 2350 2404 2404">
    <p class='ocr_par' dir='ltr' id='par_1_54' title="bbox 2216 2350 2404 2404">
     <span class='ocr_line' id='line_1_54' title="bbox 2216 2350 2404 2404; baseline 0 0"><span class='ocrx_word' id='word_1_342' title='bbox 2216 2350 2404 2404; x_wconf 89' lang='lat' dir='ltr'><strong>batur.</strong></span> 
     </span>
    </p>
   </div>
   <div class='ocr_carea' id='block_1_55' title="bbox 2286 2436 3912 2512">
    <p class='ocr_par' dir='ltr' id='par_1_55' title="bbox 2286 2436 3912 2512">
     <span class='ocr_line' id='line_1_55' title="bbox 2286 2436 3912 2512; baseline 0.002 -20"><span class='ocrx_word' id='word_1_343' title='bbox 2286 2438 2338 2492; x_wconf 81' lang='grc'><strong>4.</strong></span> <span class='ocrx_word' id='word_1_344' title='bbox 2370 2439 2477 2491; x_wconf 90' lang='lat' dir='ltr'><strong>Per</strong></span> <span class='ocrx_word' id='word_1_345' title='bbox 2506 2436 2659 2491; x_wconf 88' lang='lat' dir='ltr'><strong>idem</strong></span> <span class='ocrx_word' id='word_1_346' title='bbox 2709 2443 2936 2508; x_wconf 89' lang='lat' dir='ltr'><strong>tempus</strong></span> <span class='ocrx_word' id='word_1_347' title='bbox 2983 2439 3297 2493; x_wconf 87' lang='lat' dir='ltr'><strong>venerabili</strong></span> <span class='ocrx_word' id='word_1_348' title='bbox 3326 2439 3597 2510; x_wconf 82' lang='lat' dir='ltr'><strong>episcopo</strong></span> <span class='ocrx_word' id='word_1_349' title='bbox 3645 2441 3912 2512; x_wconf 84' lang='lat' dir='ltr'><strong>Gerdago</strong></span> 
     </span>
    </p>
   </div>
   <div class='ocr_carea' id='block_1_56' title="bbox 2217 2526 3917 2600">
    <p class='ocr_par' dir='ltr' id='par_1_56' title="bbox 2217 2526 3917 2600">
     <span class='ocr_line' id='line_1_56' title="bbox 2217 2526 3917 2600; baseline 0.002 -20"><span class='ocrx_word' id='word_1_350' title='bbox 2217 2526 2526 2580; x_wconf 88' lang='lat' dir='ltr'><strong>decedente</strong></span> <span class='ocrx_word' id='word_1_351' title='bbox 2549 2526 2666 2596; x_wconf 86' lang='lat' dir='ltr'><strong>(an.</strong></span> <span class='ocrx_word' id='word_1_352' title='bbox 2693 2529 2818 2590; x_wconf 84' lang='lat'><strong>993,</strong></span> <span class='ocrx_word' id='word_1_353' title='bbox 2873 2529 2995 2580; x_wconf 85' lang='lat' dir='ltr'><strong>Jan.</strong></span> <span class='ocrx_word' id='word_1_354' title='bbox 3047 2529 3155 2592; x_wconf 77' lang='lat' dir='ltr'><strong>t5),</strong></span> <span class='ocrx_word' id='word_1_355' title='bbox 3211 2527 3300 2581; x_wconf 82' lang='lat' dir='ltr'><strong>liis</strong></span> <span class='ocrx_word' id='word_1_356' title='bbox 3337 2528 3641 2599; x_wconf 88' lang='lat' dir='ltr'><strong>religiosus</strong></span> <span class='ocrx_word' id='word_1_357' title='bbox 3677 2531 3917 2600; x_wconf 83' lang='lat' dir='ltr'><strong>juvenis</strong></span> 
     </span>
    </p>
   </div>
   <div class='ocr_carea' id='block_1_57' title="bbox 2220 2616 3920 2689">
    <p class='ocr_par' dir='ltr' id='par_1_57' title="bbox 2220 2616 3920 2689">
     <span class='ocr_line' id='line_1_57' title="bbox 2220 2616 3920 2689; baseline 0.001 -18"><span class='ocrx_word' id='word_1_358' title='bbox 2220 2616 2591 2671; x_wconf 68' lang='lat' dir='ltr'><strong>Berea-ardus</strong></span> <span class='ocrx_word' id='word_1_359' title='bbox 2631 2617 2774 2669; x_wconf 84' lang='lat' dir='ltr'><strong>votis</strong></span> <span class='ocrx_word' id='word_1_360' title='bbox 2801 2616 3063 2669; x_wconf 80' lang='lat' dir='ltr'><strong>omnium</strong></span> <span class='ocrx_word' id='word_1_361' title='bbox 3095 2617 3162 2671; x_wconf 90' lang='lat' dir='ltr'><strong>ad</strong></span> <span class='ocrx_word' id='word_1_362' title='bbox 3205 2618 3604 2687; x_wconf 75' lang='lat' dir='ltr'><strong>pontificatum</strong></span> <span class='ocrx_word' id='word_1_363' title='bbox 3654 2619 3920 2689; x_wconf 84' lang='lat' dir='ltr'><strong>eligitur.</strong></span> 
     </span>
    </p>
   </div>
   <div class='ocr_carea' id='block_1_58' title="bbox 2219 2705 3921 2775">
    <p class='ocr_par' dir='ltr' id='par_1_58' title="bbox 2219 2705 3921 2775">
     <span class='ocr_line' id='line_1_58' title="bbox 2219 2705 3921 2775; baseline 0.002 -17"><span class='ocrx_word' id='word_1_364' title='bbox 2219 2705 2284 2759; x_wconf 87' lang='lat' dir='ltr'><strong>Et</strong></span> <span class='ocrx_word' id='word_1_365' title='bbox 2313 2721 2441 2758; x_wconf 92' lang='lat' dir='ltr'><strong>eum</strong></span> <span class='ocrx_word' id='word_1_366' title='bbox 2475 2705 2736 2775; x_wconf 90' lang='lat' dir='ltr'><strong>plerique</strong></span> <span class='ocrx_word' id='word_1_367' title='bbox 2767 2705 2987 2758; x_wconf 92' lang='lat' dir='ltr'><strong>nobiles</strong></span> <span class='ocrx_word' id='word_1_368' title='bbox 3034 2705 3226 2759; x_wconf 90' lang='lat' dir='ltr'><strong>clerici</strong></span> <span class='ocrx_word' id='word_1_369' title='bbox 3267 2706 3520 2774; x_wconf 87' lang='lat' dir='ltr'><strong>palatina</strong></span> <span class='ocrx_word' id='word_1_370' title='bbox 3563 2707 3768 2762; x_wconf 88' lang='lat' dir='ltr'><strong>militia</strong></span> <span class='ocrx_word' id='word_1_371' title='bbox 3819 2710 3921 2762; x_wconf 90' lang='lat' dir='ltr'><strong>diu</strong></span> 
     </span>
    </p>
   </div>
   <div class='ocr_carea' id='block_1_59' title="bbox 2218 2793 3922 2864">
    <p class='ocr_par' dir='ltr' id='par_1_59' title="bbox 2218 2793 3922 2864">
     <span class='ocr_line' id='line_1_59' title="bbox 2218 2793 3922 2864; baseline 0.003 -17"><span class='ocrx_word' id='word_1_372' title='bbox 2218 2798 2500 2848; x_wconf 89' lang='lat' dir='ltr'><strong>certantes</strong></span> <span class='ocrx_word' id='word_1_373' title='bbox 2576 2793 2909 2848; x_wconf 87' lang='lat' dir='ltr'><strong>missionem</strong></span> <span class='ocrx_word' id='word_1_374' title='bbox 2989 2799 3279 2864; x_wconf 88' lang='lat' dir='ltr'><strong>optarent,</strong></span> <span class='ocrx_word' id='word_1_375' title='bbox 3336 2812 3648 2850; x_wconf 89' lang='lat' dir='ltr'><strong>consensus</strong></span> <span class='ocrx_word' id='word_1_376' title='bbox 3720 2802 3922 2852; x_wconf 88' lang='lat' dir='ltr'><strong>tamen</strong></span> 
     </span>
    </p>
   </div>
   <div class='ocr_carea' id='block_1_60' title="bbox 2220 2881 3966 2954">
    <p class='ocr_par' dir='ltr' id='par_1_60' title="bbox 2220 2881 3966 2954">
     <span class='ocr_line' id='line_1_60' title="bbox 2220 2881 3966 2954; baseline 0.003 -19"><span class='ocrx_word' id='word_1_377' title='bbox 2220 2882 2481 2942; x_wconf 87' lang='lat' dir='ltr'><strong>omnium</strong></span> <span class='ocrx_word' id='word_1_378' title='bbox 2528 2881 2587 2936; x_wconf 90' lang='lat' dir='ltr'><strong>in</strong></span> <span class='ocrx_word' id='word_1_379' title='bbox 2643 2882 2798 2936; x_wconf 88' lang='lat' dir='ltr'><strong>hunc</strong></span> <span class='ocrx_word' id='word_1_380' title='bbox 2855 2884 2969 2937; x_wconf 89' lang='lat' dir='ltr'><strong>Deo</strong></span> <span class='ocrx_word' id='word_1_381' title='bbox 3011 2886 3256 2937; x_wconf 89' lang='lat' dir='ltr'><strong>electum</strong></span> <span class='ocrx_word' id='word_1_382' title='bbox 3321 2885 3596 2954; x_wconf 86' lang='lat' dir='ltr'><strong>juvenem</strong></span> <span class='ocrx_word' id='word_1_383' title='bbox 3676 2901 3966 2941; x_wconf 74' lang='lat' dir='ltr'><strong>concor-.</strong></span> 
     </span>
    </p>
   </div>
   <div class='ocr_carea' id='block_1_61' title="bbox 3951 2325 3966 2356">
    <p class='ocr_par' dir='ltr' id='par_1_61' title="bbox 3951 2325 3966 2356">
     <span class='ocr_line' id='line_1_61' title="bbox 3951 2325 3966 2356; baseline 0 -7"><span class='ocrx_word' id='word_1_384' title='bbox 3951 2325 3966 2356; x_wconf 66' lang='grc'><strong><em>4</em></strong></span> 
     </span>
    </p>
   </div>
   <div class='ocr_carea' id='block_1_62' title="bbox 409 2968 3921 3043">
    <p class='ocr_par' dir='ltr' id='par_1_62' title="bbox 409 2968 3921 3043">
     <span class='ocr_line' id='line_1_62' title="bbox 409 2968 3921 3043; baseline 0.001 -18"><span class='ocrx_word' id='word_1_385' title='bbox 409 2975 572 3025; x_wconf 84' lang='lat' dir='ltr'><strong>terno</strong></span> <span class='ocrx_word' id='word_1_386' title='bbox 607 2987 838 3043; x_wconf 89' lang='lat' dir='ltr'><strong>quoque</strong></span> <span class='ocrx_word' id='word_1_387' title='bbox 864 2971 1064 3024; x_wconf 84' lang='lat' dir='ltr'><strong>ati‘ectu</strong></span> <span class='ocrx_word' id='word_1_388' title='bbox 1095 2971 1162 3024; x_wconf 91' lang='lat' dir='ltr'><strong>ad</strong></span> <span class='ocrx_word' id='word_1_389' title='bbox 1190 2971 1338 3024; x_wconf 90' lang='lat' dir='ltr'><strong>tilios</strong></span> <span class='ocrx_word' id='word_1_390' title='bbox 1380 2975 1559 3024; x_wconf 91' lang='lat' dir='ltr'><strong>totum</strong></span> <span class='ocrx_word' id='word_1_391' title='bbox 1593 2986 1651 3024; x_wconf 89' lang='lat' dir='ltr'><strong>se</strong></span> <span class='ocrx_word' id='word_1_392' title='bbox 1672 2968 1952 3040; x_wconf 89' lang='lat' dir='ltr'><strong>profudit,</strong></span> <span class='ocrx_word' id='word_1_393' title='bbox 1990 2984 2108 3022; x_wconf 89' lang='lat' dir='ltr'><strong>ma-</strong></span> <span class='ocrx_word' id='word_1_394' title='bbox 2143 2971 2182 3027; x_wconf 91' lang='lat' dir='ltr'>C</span> <span class='ocrx_word' id='word_1_395' title='bbox 2221 2969 2410 3024; x_wconf 88' lang='lat' dir='ltr'><strong>dabat.</strong></span> <span class='ocrx_word' id='word_1_396' title='bbox 2445 2970 2751 3025; x_wconf 90' lang='lat' dir='ltr'><strong>Communi</strong></span> <span class='ocrx_word' id='word_1_397' title='bbox 2783 2970 2961 3040; x_wconf 84' lang='lat' dir='ltr'><strong>igitur</strong></span> <span class='ocrx_word' id='word_1_398' title='bbox 3017 2971 3296 3025; x_wconf 89' lang='lat' dir='ltr'><strong>electione</strong></span> <span class='ocrx_word' id='word_1_399' title='bbox 3357 2977 3567 3025; x_wconf 74' lang='lat' dir='ltr'><strong>sancta:</strong></span> <span class='ocrx_word' id='word_1_400' title='bbox 3643 2973 3921 3028; x_wconf 85' lang='lat' dir='ltr'><strong>Ilildene-</strong></span> 
     </span>
    </p>
   </div>
   <div class='ocr_carea' id='block_1_63' title="bbox 408 3056 3922 3133">
    <p class='ocr_par' dir='ltr' id='par_1_63' title="bbox 408 3056 3922 3133">
     <span class='ocr_line' id='line_1_63' title="bbox 408 3056 3922 3133; baseline 0.001 -20"><span class='ocrx_word' id='word_1_401' title='bbox 408 3075 697 3130; x_wconf 89' lang='lat' dir='ltr'><strong>gnamque</strong></span> <span class='ocrx_word' id='word_1_402' title='bbox 727 3060 970 3130; x_wconf 86' lang='lat' dir='ltr'><strong>gratiam</strong></span> <span class='ocrx_word' id='word_1_403' title='bbox 998 3060 1148 3113; x_wconf 89' lang='lat' dir='ltr'><strong>inter</strong></span> <span class='ocrx_word' id='word_1_404' title='bbox 1176 3059 1306 3113; x_wconf 91' lang='lat' dir='ltr'><strong>illos</strong></span> <span class='ocrx_word' id='word_1_405' title='bbox 1359 3058 1718 3112; x_wconf 89' lang='lat' dir='ltr'><strong>conciliabat.</strong></span> <span class='ocrx_word' id='word_1_406' title='bbox 1757 3058 1820 3111; x_wconf 91' lang='lat' dir='ltr'><strong>Et</strong></span> <span class='ocrx_word' id='word_1_407' title='bbox 1849 3056 2110 3127; x_wconf 86' lang='lat' dir='ltr'><strong>quamvis</strong></span> <span class='ocrx_word' id='word_1_408' title='bbox 2216 3059 2528 3112; x_wconf 88' lang='lat' dir='ltr'><strong>sheimensi</strong></span> <span class='ocrx_word' id='word_1_409' title='bbox 2559 3059 2828 3112; x_wconf 66' lang='lat' dir='ltr'><strong>aecclesia:</strong></span> <span class='ocrx_word' id='word_1_410' title='bbox 2861 3059 3158 3113; x_wconf 88' lang='lat' dir='ltr'><strong>ordinatur</strong></span> <span class='ocrx_word' id='word_1_411' title='bbox 3185 3059 3486 3130; x_wconf 87' lang='lat' dir='ltr'><strong>episcopus</strong></span> <span class='ocrx_word' id='word_1_412' title='bbox 3545 3077 3576 3114; x_wconf 90' lang='lat' dir='ltr'><strong>a</strong></span> <span class='ocrx_word' id='word_1_413' title='bbox 3623 3062 3922 3133; x_wconf 81' lang='lat' dir='ltr'><strong>Willegiso</strong></span> 
     </span>
    </p>
   </div>
   <div class='ocr_carea' id='block_1_64' title="bbox 408 3144 2102 3218">
    <p class='ocr_par' dir='ltr' id='par_1_64' title="bbox 408 3144 2102 3218">
     <span class='ocr_line' id='line_1_64' title="bbox 408 3144 2102 3218; baseline -0.001 -18"><span class='ocrx_word' id='word_1_414' title='bbox 408 3147 467 3200; x_wconf 91' lang='lat' dir='ltr'><strong>in</strong></span> <span class='ocrx_word' id='word_1_415' title='bbox 491 3147 823 3218; x_wconf 86' lang='lat' dir='ltr'><strong>bujusmodi</strong></span> <span class='ocrx_word' id='word_1_416' title='bbox 878 3147 1270 3200; x_wconf 88' lang='lat' dir='ltr'><strong>familiaritate</strong></span> <span class='ocrx_word' id='word_1_417' title='bbox 1331 3145 1544 3200; x_wconf 88' lang='lat' dir='ltr'><strong>invidia</strong></span> <span class='ocrx_word' id='word_1_418' title='bbox 1589 3144 1754 3199; x_wconf 89' lang='lat' dir='ltr'><strong>facile</strong></span> <span class='ocrx_word' id='word_1_419' title='bbox 1811 3145 2102 3215; x_wconf 89' lang='lat' dir='ltr'><strong>subrepat,</strong></span> 
     </span>
    </p>
   </div>
   <div class='ocr_carea' id='block_1_65' title="bbox 409 3233 2108 3306">
    <p class='ocr_par' dir='ltr' id='par_1_65' title="bbox 409 3233 2108 3306">
     <span class='ocr_line' id='line_1_65' title="bbox 409 3233 2108 3306; baseline -0.001 -18"><span class='ocrx_word' id='word_1_420' title='bbox 409 3235 558 3290; x_wconf 88' lang='lat' dir='ltr'><strong>hanc</strong></span> <span class='ocrx_word' id='word_1_421' title='bbox 590 3235 837 3289; x_wconf 82' lang='lat' dir='ltr'><strong>maxima</strong></span> <span class='ocrx_word' id='word_1_422' title='bbox 862 3236 1086 3290; x_wconf 87' lang='lat' dir='ltr'><strong>cautela</strong></span> <span class='ocrx_word' id='word_1_423' title='bbox 1134 3235 1193 3288; x_wconf 91' lang='lat' dir='ltr'><strong>in</strong></span> <span class='ocrx_word' id='word_1_424' title='bbox 1228 3235 1516 3306; x_wconf 86' lang='lat' dir='ltr'><strong>plerisque</strong></span> <span class='ocrx_word' id='word_1_425' title='bbox 1555 3233 1896 3289; x_wconf 87' lang='lat' dir='ltr'><strong>declinabat.</strong></span> <span class='ocrx_word' id='word_1_426' title='bbox 1953 3234 2108 3287; x_wconf 87' lang='lat' dir='ltr'><strong>Inter</strong></span> 
     </span>
    </p>
   </div>
   <div class='ocr_carea' id='block_1_66' title="bbox 407 3321 2106 3394">
    <p class='ocr_par' dir='ltr' id='par_1_66' title="bbox 407 3321 2106 3394">
     <span class='ocr_line' id='line_1_66' title="bbox 407 3321 2106 3394; baseline 0 -18"><span class='ocrx_word' id='word_1_427' title='bbox 407 3329 627 3393; x_wconf 87' lang='lat' dir='ltr'><strong>patrem</strong></span> <span class='ocrx_word' id='word_1_428' title='bbox 657 3339 886 3394; x_wconf 89' lang='lat' dir='ltr'><strong>quoque</strong></span> <span class='ocrx_word' id='word_1_429' title='bbox 913 3329 969 3377; x_wconf 90' lang='lat' dir='ltr'><strong>et</strong></span> <span class='ocrx_word' id='word_1_430' title='bbox 997 3323 1202 3388; x_wconf 85' lang='lat' dir='ltr'><strong>lilium,</strong></span> <span class='ocrx_word' id='word_1_431' title='bbox 1237 3324 1516 3377; x_wconf 85' lang='lat' dir='ltr'><strong>domuum</strong></span> <span class='ocrx_word' id='word_1_432' title='bbox 1573 3321 1834 3376; x_wconf 88' lang='lat' dir='ltr'><strong>videlicet</strong></span> <span class='ocrx_word' id='word_1_433' title='bbox 1889 3321 2106 3392; x_wconf 88' lang='lat' dir='ltr'><strong>episco-</strong></span> 
     </span>
    </p>
   </div>
   <div class='ocr_carea' id='block_1_67' title="bbox 407 3411 2104 3482">
    <p class='ocr_par' dir='ltr' id='par_1_67' title="bbox 407 3411 2104 3482">
     <span class='ocr_line' id='line_1_67' title="bbox 407 3411 2104 3482; baseline -0.001 -17"><span class='ocrx_word' id='word_1_434' title='bbox 407 3428 545 3482; x_wconf 88' lang='lat' dir='ltr'><strong>pum</strong></span> <span class='ocrx_word' id='word_1_435' title='bbox 578 3415 616 3476; x_wconf 72' lang='grc'><strong>⁸,</strong></span> <span class='ocrx_word' id='word_1_436' title='bbox 651 3412 1050 3466; x_wconf 87' lang='lat' dir='ltr'><strong>internuncius</strong></span> <span class='ocrx_word' id='word_1_437' title='bbox 1085 3426 1235 3482; x_wconf 73' lang='lat' dir='ltr'><strong>stepe</strong></span> <span class='ocrx_word' id='word_1_438' title='bbox 1283 3411 1655 3476; x_wconf 88' lang='lat' dir='ltr'><strong>discurrebat,</strong></span> <span class='ocrx_word' id='word_1_439' title='bbox 1717 3426 2104 3480; x_wconf 86' lang='lat' dir='ltr'><strong>magnamque</strong></span> 
     </span>
    </p>
   </div>
   <div class='ocr_carea' id='block_1_68' title="bbox 407 3497 2104 3568">
    <p class='ocr_par' dir='ltr' id='par_1_68' title="bbox 407 3497 2104 3568">
     <span class='ocr_line' id='line_1_68' title="bbox 407 3497 2104 3568; baseline -0.001 -16"><span class='ocrx_word' id='word_1_440' title='bbox 407 3501 560 3552; x_wconf 87' lang='lat' dir='ltr'><strong>inter</strong></span> <span class='ocrx_word' id='word_1_441' title='bbox 614 3499 740 3552; x_wconf 90' lang='lat' dir='ltr'><strong>illos</strong></span> <span class='ocrx_word' id='word_1_442' title='bbox 796 3499 1206 3554; x_wconf 78' lang='lat' dir='ltr'><strong>familiaritatis</strong></span> <span class='ocrx_word' id='word_1_443' title='bbox 1272 3499 1518 3568; x_wconf 84' lang='lat' dir='ltr'><strong>gratiam</strong></span> <span class='ocrx_word' id='word_1_444' title='bbox 1573 3498 1934 3552; x_wconf 89' lang='lat' dir='ltr'><strong>conciliabat.</strong></span> <span class='ocrx_word' id='word_1_445' title='bbox 1995 3497 2104 3568; x_wconf 91' lang='lat' dir='ltr'><strong>lpsi</strong></span> 
     </span>
    </p>
   </div>
   <div class='ocr_carea' id='block_1_69' title="bbox 405 3586 2104 3658">
    <p class='ocr_par' dir='ltr' id='par_1_69' title="bbox 405 3586 2104 3658">
     <span class='ocr_line' id='line_1_69' title="bbox 405 3586 2104 3658; baseline 0 -18"><span class='ocrx_word' id='word_1_446' title='bbox 405 3603 544 3657; x_wconf 92' lang='lat' dir='ltr'><strong>ergo</strong></span> <span class='ocrx_word' id='word_1_447' title='bbox 589 3587 858 3658; x_wconf 88' lang='lat' dir='ltr'><strong>episcopo</strong></span> <span class='ocrx_word' id='word_1_448' title='bbox 901 3593 1124 3642; x_wconf 90' lang='lat' dir='ltr'><strong>tantum</strong></span> <span class='ocrx_word' id='word_1_449' title='bbox 1178 3587 1542 3658; x_wconf 91' lang='lat' dir='ltr'><strong>complacuit,</strong></span> <span class='ocrx_word' id='word_1_450' title='bbox 1598 3592 1664 3640; x_wconf 90' lang='lat' dir='ltr'><strong>ut</strong></span> <span class='ocrx_word' id='word_1_451' title='bbox 1731 3586 2104 3640; x_wconf 89' lang='lat' dir='ltr'><strong>Daventrensi</strong></span> 
     </span>
    </p>
   </div>
   <div class='ocr_carea' id='block_1_70' title="bbox 403 3675 2104 3748">
    <p class='ocr_par' dir='ltr' id='par_1_70' title="bbox 403 3675 2104 3748">
     <span class='ocr_line' id='line_1_70' title="bbox 403 3675 2104 3748; baseline -0.001 -18"><span class='ocrx_word' id='word_1_452' title='bbox 403 3675 665 3730; x_wconf 66' lang='lat' dir='ltr'><strong>coenobio</strong></span> <span class='ocrx_word' id='word_1_453' title='bbox 687 3693 789 3730; x_wconf 89' lang='lat' dir='ltr'><strong>sua</strong></span> <span class='ocrx_word' id='word_1_454' title='bbox 829 3676 1133 3730; x_wconf 88' lang='lat' dir='ltr'><strong>viceillum</strong></span> <span class='ocrx_word' id='word_1_455' title='bbox 1179 3691 1520 3748; x_wconf 69' lang='lat' dir='ltr'><strong>praaponere</strong></span> <span class='ocrx_word' id='word_1_456' title='bbox 1579 3676 1770 3741; x_wconf 88' lang='lat' dir='ltr'><strong>vellet,</strong></span> <span class='ocrx_word' id='word_1_457' title='bbox 1804 3675 1984 3746; x_wconf 82' lang='lat' dir='ltr'><strong>fitque</strong></span> <span class='ocrx_word' id='word_1_458' title='bbox 2018 3675 2104 3728; x_wconf 90' lang='lat' dir='ltr'><strong>in-</strong></span> 
     </span>
    </p>
   </div>
   <div class='ocr_carea' id='block_1_71' title="bbox 401 3763 2101 3835">
    <p class='ocr_par' dir='ltr' id='par_1_71' title="bbox 401 3763 2101 3835">
     <span class='ocr_line' id='line_1_71' title="bbox 401 3763 2101 3835; baseline -0.001 -17"><span class='ocrx_word' id='word_1_459' title='bbox 401 3769 491 3819; x_wconf 90' lang='lat' dir='ltr'><strong>ter</strong></span> <span class='ocrx_word' id='word_1_460' title='bbox 519 3764 851 3835; x_wconf 85' lang='lat' dir='ltr'><strong>episcopum</strong></span> <span class='ocrx_word' id='word_1_461' title='bbox 888 3769 944 3819; x_wconf 92' lang='lat' dir='ltr'><strong>et</strong></span> <span class='ocrx_word' id='word_1_462' title='bbox 971 3766 1240 3818; x_wconf 89' lang='lat' dir='ltr'><strong>comitem</strong></span> <span class='ocrx_word' id='word_1_463' title='bbox 1294 3765 1362 3819; x_wconf 91' lang='lat' dir='ltr'><strong>de</strong></span> <span class='ocrx_word' id='word_1_464' title='bbox 1420 3769 1594 3818; x_wconf 71' lang='lat' dir='ltr'><strong>tanta:</strong></span> <span class='ocrx_word' id='word_1_465' title='bbox 1651 3763 1858 3818; x_wconf 88' lang='lat' dir='ltr'><strong>indolis</strong></span> <span class='ocrx_word' id='word_1_466' title='bbox 1889 3764 2101 3834; x_wconf 88' lang='lat' dir='ltr'><strong>juvene</strong></span> 
     </span>
    </p>
   </div>
   <div class='ocr_carea' id='block_1_72' title="bbox 402 3851 2102 3923">
    <p class='ocr_par' dir='ltr' id='par_1_72' title="bbox 402 3851 2102 3923">
     <span class='ocr_line' id='line_1_72' title="bbox 402 3851 2102 3923; baseline -0.002 -16"><span class='ocrx_word' id='word_1_467' title='bbox 402 3853 672 3923; x_wconf 84' lang='lat' dir='ltr'><strong>religiosa</strong></span> <span class='ocrx_word' id='word_1_468' title='bbox 701 3853 1070 3919; x_wconf 83' lang='lat' dir='ltr'><strong>concertatio,</strong></span> <span class='ocrx_word' id='word_1_469' title='bbox 1127 3858 1186 3907; x_wconf 91' lang='lat' dir='ltr'><strong>ut</strong></span> <span class='ocrx_word' id='word_1_470' title='bbox 1220 3858 1463 3923; x_wconf 89' lang='lat' dir='ltr'><strong>uterque</strong></span> <span class='ocrx_word' id='word_1_471' title='bbox 1498 3868 1602 3923; x_wconf 91' lang='lat' dir='ltr'><strong>pro</strong></span> <span class='ocrx_word' id='word_1_472' title='bbox 1653 3867 1882 3906; x_wconf 91' lang='lat' dir='ltr'><strong>morum</strong></span> <span class='ocrx_word' id='word_1_473' title='bbox 1916 3851 2102 3922; x_wconf 90' lang='lat' dir='ltr'><strong>gratia</strong></span> 
     </span>
    </p>
   </div>
   <div class='ocr_carea' id='block_1_73' title="bbox 401 3939 2099 4011">
    <p class='ocr_par' dir='ltr' id='par_1_73' title="bbox 401 3939 2099 4011">
     <span class='ocr_line' id='line_1_73' title="bbox 401 3939 2099 4011; baseline -0.001 -17"><span class='ocrx_word' id='word_1_474' title='bbox 401 3941 566 3995; x_wconf 93' lang='lat' dir='ltr'><strong>illum</strong></span> <span class='ocrx_word' id='word_1_475' title='bbox 589 3941 695 3995; x_wconf 90' lang='lat' dir='ltr'><strong>sibi</strong></span> <span class='ocrx_word' id='word_1_476' title='bbox 725 3942 997 4011; x_wconf 90' lang='lat' dir='ltr'><strong>adoptare</strong></span> <span class='ocrx_word' id='word_1_477' title='bbox 1039 3941 1386 3995; x_wconf 86' lang='lat' dir='ltr'><strong>intenderet.</strong></span> <span class='ocrx_word' id='word_1_478' title='bbox 1447 3940 1556 3996; x_wconf 85' lang='lat' dir='ltr'><strong>Sed</strong></span> <span class='ocrx_word' id='word_1_479' title='bbox 1616 3940 1739 4010; x_wconf 89' lang='lat' dir='ltr'><strong>ipse</strong></span> <span class='ocrx_word' id='word_1_480' title='bbox 1794 3939 2099 3994; x_wconf 88' lang='lat' dir='ltr'><strong>imbecillis</strong></span> 
     </span>
    </p>
   </div>
   <div class='ocr_carea' id='block_1_74' title="bbox 401 4026 2096 4098">
    <p class='ocr_par' dir='ltr' id='par_1_74' title="bbox 401 4026 2096 4098">
     <span class='ocr_line' id='line_1_74' title="bbox 401 4026 2096 4098; baseline -0.001 -17"><span class='ocrx_word' id='word_1_481' title='bbox 401 4027 489 4082; x_wconf 92' lang='lat' dir='ltr'><strong>avi</strong></span> <span class='ocrx_word' id='word_1_482' title='bbox 517 4028 912 4082; x_wconf 79' lang='lat' dir='ltr'><strong>inﬁrmitatem</strong></span> <span class='ocrx_word' id='word_1_483' title='bbox 949 4032 1286 4095; x_wconf 89' lang='lat' dir='ltr'><strong>sustentare,</strong></span> <span class='ocrx_word' id='word_1_484' title='bbox 1317 4043 1490 4098; x_wconf 89' lang='lat' dir='ltr'><strong>quam</strong></span> <span class='ocrx_word' id='word_1_485' title='bbox 1530 4026 1886 4096; x_wconf 88' lang='lat' dir='ltr'><strong>episcopales</strong></span> <span class='ocrx_word' id='word_1_486' title='bbox 1937 4026 2096 4094; x_wconf 46' lang='lat' dir='ltr'><strong>ﬁdeli-</strong></span> 
     </span>
    </p>
   </div>
   <div class='ocr_carea' id='block_1_75' title="bbox 400 4115 2096 4186">
    <p class='ocr_par' dir='ltr' id='par_1_75' title="bbox 400 4115 2096 4186">
     <span class='ocr_line' id='line_1_75' title="bbox 400 4115 2096 4186; baseline -0.001 -16"><span class='ocrx_word' id='word_1_487' title='bbox 400 4116 516 4170; x_wconf 90' lang='lat' dir='ltr'><strong>cias</strong></span> <span class='ocrx_word' id='word_1_488' title='bbox 563 4121 834 4186; x_wconf 86' lang='lat' dir='ltr'><strong>appetere</strong></span> <span class='ocrx_word' id='word_1_489' title='bbox 897 4116 1166 4170; x_wconf 88' lang='lat' dir='ltr'><strong>malebat.</strong></span> <span class='ocrx_word' id='word_1_490' title='bbox 1214 4116 1355 4170; x_wconf 92' lang='lat' dir='ltr'><strong>Cum</strong></span> <span class='ocrx_word' id='word_1_491' title='bbox 1396 4131 1510 4186; x_wconf 90' lang='lat' dir='ltr'><strong>quo</strong></span> <span class='ocrx_word' id='word_1_492' title='bbox 1555 4129 1736 4186; x_wconf 87' lang='lat' dir='ltr'><strong>usque</strong></span> <span class='ocrx_word' id='word_1_493' title='bbox 1795 4115 1866 4168; x_wconf 91' lang='lat' dir='ltr'><strong>ad</strong></span> <span class='ocrx_word' id='word_1_494' title='bbox 1942 4115 2096 4169; x_wconf 90' lang='lat' dir='ltr'><strong>diem</strong></span> 
     </span>
    </p>
   </div>
   <div class='ocr_carea' id='block_1_76' title="bbox 399 4203 2089 4266">
    <p class='ocr_par' dir='ltr' id='par_1_76' title="bbox 399 4203 2089 4266">
     <span class='ocr_line' id='line_1_76' title="bbox 399 4203 2089 4266; baseline 0 -10"><span class='ocrx_word' id='word_1_495' title='bbox 399 4203 488 4257; x_wconf 86' lang='lat' dir='ltr'><strong>sui</strong></span> <span class='ocrx_word' id='word_1_496' title='bbox 567 4203 749 4257; x_wconf 83' lang='lat' dir='ltr'><strong>exitus</strong></span> <span class='ocrx_word' id='word_1_497' title='bbox 803 4204 956 4258; x_wconf 79' lang='lat' dir='ltr'><strong>fideli</strong></span> <span class='ocrx_word' id='word_1_498' title='bbox 1024 4203 1328 4258; x_wconf 89' lang='lat' dir='ltr'><strong>devotione</strong></span> <span class='ocrx_word' id='word_1_499' title='bbox 1405 4203 1738 4258; x_wconf 88' lang='lat' dir='ltr'><strong>desudabat.</strong></span> <span class='ocrx_word' id='word_1_500' title='bbox 1799 4203 1922 4266; x_wconf 89' lang='lat' dir='ltr'><strong>Quo</strong></span> <span class='ocrx_word' id='word_1_501' title='bbox 1987 4203 2089 4256; x_wconf 86' lang='lat' dir='ltr'><strong>de-</strong></span> 
     </span>
    </p>
   </div>
   <div class='ocr_carea' id='block_1_77' title="bbox 396 4291 2090 4364">
    <p class='ocr_par' dir='ltr' id='par_1_77' title="bbox 396 4291 2090 4364">
     <span class='ocr_line' id='line_1_77' title="bbox 396 4291 2090 4364; baseline -0.001 -18"><span class='ocrx_word' id='word_1_502' title='bbox 396 4292 590 4346; x_wconf 90' lang='lat' dir='ltr'><strong>functo</strong></span> <span class='ocrx_word' id='word_1_503' title='bbox 615 4297 726 4357; x_wconf 88' lang='lat' dir='ltr'><strong>(an.</strong></span> <span class='ocrx_word' id='word_1_504' title='bbox 762 4296 905 4360; x_wconf 82' lang='lat'><strong>987),</strong></span> <span class='ocrx_word' id='word_1_505' title='bbox 949 4293 1018 4347; x_wconf 89' lang='lat' dir='ltr'><strong>ad</strong></span> <span class='ocrx_word' id='word_1_506' title='bbox 1056 4292 1336 4364; x_wconf 90' lang='lat' dir='ltr'><strong>palatium</strong></span> <span class='ocrx_word' id='word_1_507' title='bbox 1396 4308 1455 4346; x_wconf 91' lang='lat' dir='ltr'><strong>se</strong></span> <span class='ocrx_word' id='word_1_508' title='bbox 1505 4293 1770 4358; x_wconf 89' lang='lat' dir='ltr'><strong>contulit,</strong></span> <span class='ocrx_word' id='word_1_509' title='bbox 1824 4295 1882 4346; x_wconf 89' lang='lat' dir='ltr'><strong>in</strong></span> <span class='ocrx_word' id='word_1_510' title='bbox 1916 4291 2090 4345; x_wconf 87' lang='lat' dir='ltr'><strong>servi-</strong></span> 
     </span>
    </p>
   </div>
   <div class='ocr_carea' id='block_1_78' title="bbox 395 4379 2091 4451">
    <p class='ocr_par' dir='ltr' id='par_1_78' title="bbox 395 4379 2091 4451">
     <span class='ocr_line' id='line_1_78' title="bbox 395 4379 2091 4451; baseline 0 -17"><span class='ocrx_word' id='word_1_511' title='bbox 395 4380 539 4434; x_wconf 90' lang='lat' dir='ltr'><strong>tium</strong></span> <span class='ocrx_word' id='word_1_512' title='bbox 568 4383 681 4451; x_wconf 80' lang='lat'><strong>(27)</strong></span> <span class='ocrx_word' id='word_1_513' title='bbox 739 4381 1007 4435; x_wconf 89' lang='lat' dir='ltr'><strong>videlicet</strong></span> <span class='ocrx_word' id='word_1_514' title='bbox 1065 4380 1228 4435; x_wconf 88' lang='lat' dir='ltr'><strong>tercii</strong></span> <span class='ocrx_word' id='word_1_515' title='bbox 1277 4381 1497 4436; x_wconf 91' lang='lat' dir='ltr'><strong>Ottonis</strong></span> <span class='ocrx_word' id='word_1_516' title='bbox 1553 4379 1941 4451; x_wconf 89' lang='lat' dir='ltr'><strong>imperatoris,</strong></span> <span class='ocrx_word' id='word_1_517' title='bbox 1991 4380 2091 4450; x_wconf 90' lang='lat' dir='ltr'><strong>qui</strong></span> 
     </span>
    </p>
   </div>
   <div class='ocr_carea' id='block_1_79' title="bbox 393 4468 2087 4539">
    <p class='ocr_par' dir='ltr' id='par_1_79' title="bbox 393 4468 2087 4539">
     <span class='ocr_line' id='line_1_79' title="bbox 393 4468 2087 4539; baseline -0.001 -17"><span class='ocrx_word' id='word_1_518' title='bbox 393 4469 684 4538; x_wconf 85' lang='lat' dir='ltr'><strong>septennis</strong></span> <span class='ocrx_word' id='word_1_519' title='bbox 707 4469 894 4523; x_wconf 87' lang='lat' dir='ltr'><strong>adhuc</strong></span> <span class='ocrx_word' id='word_1_520' title='bbox 926 4485 1089 4539; x_wconf 88' lang='lat' dir='ltr'><strong>puer,</strong></span> <span class='ocrx_word' id='word_1_521' title='bbox 1125 4485 1254 4522; x_wconf 90' lang='lat' dir='ltr'><strong>eum</strong></span> <span class='ocrx_word' id='word_1_522' title='bbox 1311 4468 1624 4522; x_wconf 90' lang='lat' dir='ltr'><strong>venerabili</strong></span> <span class='ocrx_word' id='word_1_523' title='bbox 1681 4472 1737 4522; x_wconf 90' lang='lat' dir='ltr'><strong>et</strong></span> <span class='ocrx_word' id='word_1_524' title='bbox 1784 4468 2087 4538; x_wconf 89' lang='lat' dir='ltr'><strong>sapientis-</strong></span> 
     </span>
    </p>
   </div>
   <div class='ocr_carea' id='block_1_80' title="bbox 393 4557 2090 4628">
    <p class='ocr_par' dir='ltr' id='par_1_80' title="bbox 393 4557 2090 4628">
     <span class='ocr_line' id='line_1_80' title="bbox 393 4557 2090 4628; baseline 0.001 -18"><span class='ocrx_word' id='word_1_525' title='bbox 393 4557 536 4610; x_wconf 90' lang='lat' dir='ltr'><strong>sima</strong></span> <span class='ocrx_word' id='word_1_526' title='bbox 567 4562 746 4612; x_wconf 88' lang='lat' dir='ltr'><strong>matre</strong></span> <span class='ocrx_word' id='word_1_527' title='bbox 775 4557 986 4612; x_wconf 92' lang='lat' dir='ltr'><strong>domna</strong></span> <span class='ocrx_word' id='word_1_528' title='bbox 1025 4558 1386 4628; x_wconf 89' lang='lat' dir='ltr'><strong>Theuphanu</strong></span> <span class='ocrx_word' id='word_1_529' title='bbox 1438 4561 1683 4627; x_wconf 87' lang='lat' dir='ltr'><strong>augusta</strong></span> <span class='ocrx_word' id='word_1_530' title='bbox 1729 4557 1898 4610; x_wconf 89' lang='lat' dir='ltr'><strong>rebus</strong></span> <span class='ocrx_word' id='word_1_531' title='bbox 1945 4573 2090 4626; x_wconf 72' lang='lat' dir='ltr'><strong>prie-</strong></span> 
     </span>
    </p>
   </div>
   <div class='ocr_carea' id='block_1_81' title="bbox 392 4644 2086 4716">
    <p class='ocr_par' dir='ltr' id='par_1_81' title="bbox 392 4644 2086 4716">
     <span class='ocr_line' id='line_1_81' title="bbox 392 4644 2086 4716; baseline 0.001 -18"><span class='ocrx_word' id='word_1_532' title='bbox 392 4650 533 4698; x_wconf 89' lang='lat' dir='ltr'><strong>erat.</strong></span> <span class='ocrx_word' id='word_1_533' title='bbox 587 4650 631 4698; x_wconf 85' lang='lat' dir='ltr'><strong>A</strong></span> <span class='ocrx_word' id='word_1_534' title='bbox 705 4662 820 4716; x_wconf 89' lang='lat' dir='ltr'><strong>qua</strong></span> <span class='ocrx_word' id='word_1_535' title='bbox 890 4645 982 4699; x_wconf 90' lang='lat' dir='ltr'><strong>hic</strong></span> <span class='ocrx_word' id='word_1_536' title='bbox 1027 4646 1371 4700; x_wconf 90' lang='lat' dir='ltr'><strong>venerabilis</strong></span> <span class='ocrx_word' id='word_1_537' title='bbox 1424 4645 1653 4716; x_wconf 91' lang='lat' dir='ltr'><strong>juvenis</strong></span> <span class='ocrx_word' id='word_1_538' title='bbox 1714 4644 2086 4699; x_wconf 83' lang='lat' dir='ltr'><strong>Bernwardus</strong></span> 
     </span>
    </p>
   </div>
   <div class='ocr_carea' id='block_1_82' title="bbox 390 4732 2085 4805">
    <p class='ocr_par' dir='ltr' id='par_1_82' title="bbox 390 4732 2085 4805">
     <span class='ocr_line' id='line_1_82' title="bbox 390 4732 2085 4805; baseline 0 -19"><span class='ocrx_word' id='word_1_539' title='bbox 390 4732 804 4801; x_wconf 86' lang='lat' dir='ltr'><strong>benignissime</strong></span> <span class='ocrx_word' id='word_1_540' title='bbox 873 4733 1201 4805; x_wconf 86' lang='lat' dir='ltr'><strong>suscipitur,</strong></span> <span class='ocrx_word' id='word_1_541' title='bbox 1281 4738 1452 4805; x_wconf 88' lang='lat' dir='ltr'><strong>atque</strong></span> <span class='ocrx_word' id='word_1_542' title='bbox 1497 4733 1558 4786; x_wconf 91' lang='lat' dir='ltr'><strong>in</strong></span> <span class='ocrx_word' id='word_1_543' title='bbox 1619 4733 1777 4786; x_wconf 90' lang='lat' dir='ltr'><strong>brevi</strong></span> <span class='ocrx_word' id='word_1_544' title='bbox 1841 4748 2085 4786; x_wconf 85' lang='lat' dir='ltr'><strong>summae</strong></span> 
     </span>
    </p>
   </div>
   <div class='ocr_carea' id='block_1_83' title="bbox 389 4818 2085 4888">
    <p class='ocr_par' dir='ltr' id='par_1_83' title="bbox 389 4818 2085 4888">
     <span class='ocr_line' id='line_1_83' title="bbox 389 4818 2085 4888; baseline 0.001 -16"><span class='ocrx_word' id='word_1_545' title='bbox 389 4818 794 4874; x_wconf 86' lang='lat' dir='ltr'><strong>familiaritatis</strong></span> <span class='ocrx_word' id='word_1_546' title='bbox 840 4821 1028 4874; x_wconf 92' lang='lat' dir='ltr'><strong>locum</strong></span> <span class='ocrx_word' id='word_1_547' title='bbox 1085 4821 1240 4888; x_wconf 89' lang='lat' dir='ltr'><strong>apud</strong></span> <span class='ocrx_word' id='word_1_548' title='bbox 1297 4821 1457 4874; x_wconf 90' lang='lat' dir='ltr'><strong>illam</strong></span> <span class='ocrx_word' id='word_1_549' title='bbox 1516 4819 1785 4887; x_wconf 90' lang='lat' dir='ltr'><strong>obtinuit,</strong></span> <span class='ocrx_word' id='word_1_550' title='bbox 1837 4820 1980 4873; x_wconf 89' lang='lat' dir='ltr'><strong>adeo</strong></span> <span class='ocrx_word' id='word_1_551' title='bbox 2021 4823 2085 4873; x_wconf 90' lang='lat' dir='ltr'><strong>ut</strong></span> 
     </span>
    </p>
   </div>
   <div class='ocr_carea' id='block_1_84' title="bbox 389 4906 2082 4977">
    <p class='ocr_par' dir='ltr' id='par_1_84' title="bbox 389 4906 2082 4977">
     <span class='ocr_line' id='line_1_84' title="bbox 389 4906 2082 4977; baseline -0.001 -15"><span class='ocrx_word' id='word_1_552' title='bbox 389 4907 666 4962; x_wconf 91' lang='lat' dir='ltr'><strong>domnum</strong></span> <span class='ocrx_word' id='word_1_553' title='bbox 699 4924 894 4977; x_wconf 89' lang='lat' dir='ltr'><strong>regem</strong></span> <span class='ocrx_word' id='word_1_554' title='bbox 929 4909 1063 4962; x_wconf 76' lang='lat' dir='ltr'><strong>fidei</strong></span> <span class='ocrx_word' id='word_1_555' title='bbox 1091 4910 1245 4962; x_wconf 90' lang='lat' dir='ltr'><strong>illius</strong></span> <span class='ocrx_word' id='word_1_556' title='bbox 1267 4908 1450 4962; x_wconf 88' lang='lat' dir='ltr'><strong>literis</strong></span> <span class='ocrx_word' id='word_1_557' title='bbox 1486 4908 1866 4962; x_wconf 90' lang='lat' dir='ltr'><strong>imbuendum</strong></span> <span class='ocrx_word' id='word_1_558' title='bbox 1898 4906 2082 4961; x_wconf 88' lang='lat' dir='ltr'><strong>mori-</strong></span> 
     </span>
    </p>
   </div>
   <div class='ocr_carea' id='block_1_85' title="bbox 388 4995 2080 5066">
    <p class='ocr_par' dir='ltr' id='par_1_85' title="bbox 388 4995 2080 5066">
     <span class='ocr_line' id='line_1_85' title="bbox 388 4995 2080 5066; baseline 0 -17"><span class='ocrx_word' id='word_1_559' title='bbox 388 4997 609 5064; x_wconf 89' lang='lat' dir='ltr'><strong>busque</strong></span> <span class='ocrx_word' id='word_1_560' title='bbox 659 4995 1078 5050; x_wconf 87' lang='lat' dir='ltr'><strong>instituendum</strong></span> <span class='ocrx_word' id='word_1_561' title='bbox 1146 5011 1426 5050; x_wconf 89' lang='lat' dir='ltr'><strong>consensu</strong></span> <span class='ocrx_word' id='word_1_562' title='bbox 1481 5001 1818 5050; x_wconf 91' lang='lat' dir='ltr'><strong>cunctorum</strong></span> <span class='ocrx_word' id='word_1_563' title='bbox 1876 5011 2080 5066; x_wconf 91' lang='lat' dir='ltr'><strong>proce-</strong></span> 
     </span>
    </p>
   </div>
   <div class='ocr_carea' id='block_1_86' title="bbox 385 5083 2081 5154">
    <p class='ocr_par' dir='ltr' id='par_1_86' title="bbox 385 5083 2081 5154">
     <span class='ocr_line' id='line_1_86' title="bbox 385 5083 2081 5154; baseline -0.001 -16"><span class='ocrx_word' id='word_1_564' title='bbox 385 5099 517 5138; x_wconf 83' lang='lat' dir='ltr'><strong>rum</strong></span> <span class='ocrx_word' id='word_1_565' title='bbox 551 5085 1000 5138; x_wconf 90' lang='lat' dir='ltr'><strong>commendaret.</strong></span> <span class='ocrx_word' id='word_1_566' title='bbox 1046 5084 1108 5137; x_wconf 90' lang='lat' dir='ltr'><strong>In</strong></span> <span class='ocrx_word' id='word_1_567' title='bbox 1129 5100 1242 5154; x_wconf 92' lang='lat' dir='ltr'><strong>quo</strong></span> <span class='ocrx_word' id='word_1_568' title='bbox 1273 5084 1351 5137; x_wconf 90' lang='lat' dir='ltr'><strong>ita</strong></span> <span class='ocrx_word' id='word_1_569' title='bbox 1395 5083 1677 5150; x_wconf 81' lang='lat' dir='ltr'><strong>excelluit,</strong></span> <span class='ocrx_word' id='word_1_570' title='bbox 1733 5083 1865 5137; x_wconf 90' lang='lat' dir='ltr'><strong>licet</strong></span> <span class='ocrx_word' id='word_1_571' title='bbox 1929 5099 2081 5154; x_wconf 91' lang='lat' dir='ltr'><strong>quo-</strong></span> 
     </span>
    </p>
   </div>
   <div class='ocr_carea' id='block_1_87' title="bbox 383 5170 2080 5241">
    <p class='ocr_par' dir='ltr' id='par_1_87' title="bbox 383 5170 2080 5241">
     <span class='ocr_line' id='line_1_87' title="bbox 383 5170 2080 5241; baseline -0.001 -15"><span class='ocrx_word' id='word_1_572' title='bbox 383 5171 631 5226; x_wconf 85' lang='lat' dir='ltr'><strong>rundam</strong></span> <span class='ocrx_word' id='word_1_573' title='bbox 669 5171 886 5226; x_wconf 89' lang='lat' dir='ltr'><strong>invidia</strong></span> <span class='ocrx_word' id='word_1_574' title='bbox 914 5171 1294 5238; x_wconf 88' lang='lat' dir='ltr'><strong>morderetur,</strong></span> <span class='ocrx_word' id='word_1_575' title='bbox 1363 5175 1427 5225; x_wconf 91' lang='lat' dir='ltr'><strong>ut</strong></span> <span class='ocrx_word' id='word_1_576' title='bbox 1464 5187 1608 5241; x_wconf 89' lang='lat' dir='ltr'><strong>puer</strong></span> <span class='ocrx_word' id='word_1_577' title='bbox 1655 5170 1972 5241; x_wconf 88' lang='lat' dir='ltr'><strong>imperialis</strong></span> <span class='ocrx_word' id='word_1_578' title='bbox 2018 5171 2080 5224; x_wconf 89' lang='lat' dir='ltr'><strong>in</strong></span> 
     </span>
    </p>
   </div>
   <div class='ocr_carea' id='block_1_88' title="bbox 2216 3146 3922 3219">
    <p class='ocr_par' dir='ltr' id='par_1_88' title="bbox 2216 3146 3922 3219">
     <span class='ocr_line' id='line_1_88' title="bbox 2216 3146 3922 3219; baseline 0.003 -19"><span class='ocrx_word' id='word_1_579' title='bbox 2216 3146 2564 3217; x_wconf 85' lang='lat' dir='ltr'><strong>archiepisco</strong></span> <span class='ocrx_word' id='word_1_580' title='bbox 2595 3148 2763 3213; x_wconf 83' lang='lat' dir='ltr'><strong>(Ann.</strong></span> <span class='ocrx_word' id='word_1_581' title='bbox 2823 3147 2992 3201; x_wconf 73' lang='lat' dir='ltr'><strong>Hili.</strong></span> <span class='ocrx_word' id='word_1_582' title='bbox 3050 3163 3143 3200; x_wconf 88' lang='lat' dir='ltr'><strong>an.</strong></span> <span class='ocrx_word' id='word_1_583' title='bbox 3203 3148 3349 3219; x_wconf 87' lang='lat'><strong>993),</strong></span> <span class='ocrx_word' id='word_1_584' title='bbox 3396 3165 3546 3202; x_wconf 92' lang='lat' dir='ltr'><strong>anno</strong></span> <span class='ocrx_word' id='word_1_585' title='bbox 3601 3150 3922 3205; x_wconf 71' lang='lat' dir='ltr'><strong>Dominicm</strong></span> 
     </span>
    </p>
   </div>
   <div class='ocr_carea' id='block_1_89' title="bbox 2213 3234 3920 3306">
    <p class='ocr_par' dir='ltr' id='par_1_89' title="bbox 2213 3234 3920 3306">
     <span class='ocr_line' id='line_1_89' title="bbox 2213 3234 3920 3306; baseline 0.002 -17"><span class='ocrx_word' id='word_1_586' title='bbox 2213 3234 2626 3290; x_wconf 88' lang='lat' dir='ltr'><strong>incarnationis</strong></span> <span class='ocrx_word' id='word_1_587' title='bbox 2670 3235 3107 3301; x_wconf 82' lang='lat' dir='ltr'><strong>nongentesimo</strong></span> <span class='ocrx_word' id='word_1_588' title='bbox 3138 3237 3511 3306; x_wconf 87' lang='lat' dir='ltr'><strong>nonagesimo</strong></span> <span class='ocrx_word' id='word_1_589' title='bbox 3550 3239 3775 3305; x_wconf 84' lang='lat' dir='ltr'><strong>.tercio,</strong></span> <span class='ocrx_word' id='word_1_590' title='bbox 3827 3238 3920 3293; x_wconf 86' lang='lat' dir='ltr'><strong>in-</strong></span> 
     </span>
    </p>
   </div>
   <div class='ocr_carea' id='block_1_90' title="bbox 2211 3321 3622 3385">
    <p class='ocr_par' dir='ltr' id='par_1_90' title="bbox 2211 3321 3622 3385">
     <span class='ocr_line' id='line_1_90' title="bbox 2211 3321 3622 3385; baseline 0.003 -10"><span class='ocrx_word' id='word_1_591' title='bbox 2211 3321 2458 3376; x_wconf 90' lang='lat' dir='ltr'><strong>dictione</strong></span> <span class='ocrx_word' id='word_1_592' title='bbox 2481 3327 2652 3385; x_wconf 84' lang='lat' dir='ltr'><strong>sexta.</strong></span> <span class='ocrx_word' id='word_1_593' title='bbox 2689 3327 2884 3376; x_wconf 88' lang='lat' dir='ltr'><strong>octava</strong></span> <span class='ocrx_word' id='word_1_594' title='bbox 2911 3323 3134 3376; x_wconf 87' lang='lat' dir='ltr'><strong>decima</strong></span> <span class='ocrx_word' id='word_1_595' title='bbox 3157 3324 3278 3378; x_wconf 86' lang='lat' dir='ltr'><strong>Kal.</strong></span> <span class='ocrx_word' id='word_1_596' title='bbox 3309 3325 3622 3380; x_wconf 84' lang='lat' dir='ltr'><strong>Februarii.</strong></span> 
     </span>
    </p>
   </div>
   <div class='ocr_carea' id='block_1_91' title="bbox 2282 3411 3918 3483">
    <p class='ocr_par' dir='ltr' id='par_1_91' title="bbox 2282 3411 3918 3483">
     <span class='ocr_line' id='line_1_91' title="bbox 2282 3411 3918 3483; baseline 0.003 -19"><span class='ocrx_word' id='word_1_597' title='bbox 2282 3413 2333 3464; x_wconf 86' lang='lat'><strong>5.</strong></span> <span class='ocrx_word' id='word_1_598' title='bbox 2379 3411 2634 3480; x_wconf 83' lang='lat' dir='ltr'><strong>Adeptus</strong></span> <span class='ocrx_word' id='word_1_599' title='bbox 2690 3411 2882 3481; x_wconf 88' lang='lat' dir='ltr'><strong>itaque</strong></span> <span class='ocrx_word' id='word_1_600' title='bbox 2913 3413 3332 3482; x_wconf 77' lang='lat' dir='ltr'><strong>pontiﬁcatum,</strong></span> <span class='ocrx_word' id='word_1_601' title='bbox 3379 3419 3593 3483; x_wconf 89' lang='lat' dir='ltr'><strong>quanta</strong></span> <span class='ocrx_word' id='word_1_602' title='bbox 3615 3415 3918 3469; x_wconf 84' lang='lat' dir='ltr'><strong>continen-</strong></span> 
     </span>
    </p>
   </div>
   <div class='ocr_carea' id='block_1_92' title="bbox 2209 3497 3910 3574">
    <p class='ocr_par' dir='ltr' id='par_1_92' title="bbox 2209 3497 3910 3574">
     <span class='ocr_line' id='line_1_92' title="bbox 2209 3497 3910 3574; baseline 0.004 -23"><span class='ocrx_word' id='word_1_603' title='bbox 2209 3497 2289 3552; x_wconf 91' lang='lat' dir='ltr'><strong>tia</strong></span> <span class='ocrx_word' id='word_1_604' title='bbox 2328 3498 2582 3568; x_wconf 89' lang='lat' dir='ltr'><strong>juvenile</strong></span> <span class='ocrx_word' id='word_1_605' title='bbox 2630 3515 2837 3570; x_wconf 88' lang='lat' dir='ltr'><strong>corpus</strong></span> <span class='ocrx_word' id='word_1_606' title='bbox 2868 3500 2939 3553; x_wconf 92' lang='lat' dir='ltr'><strong>ad</strong></span> <span class='ocrx_word' id='word_1_607' title='bbox 2993 3501 3271 3554; x_wconf 90' lang='lat' dir='ltr'><strong>virtutum</strong></span> <span class='ocrx_word' id='word_1_608' title='bbox 3331 3502 3558 3556; x_wconf 90' lang='lat' dir='ltr'><strong>culmen</strong></span> <span class='ocrx_word' id='word_1_609' title='bbox 3629 3505 3910 3574; x_wconf 88' lang='lat' dir='ltr'><strong>coegerit,</strong></span> 
     </span>
    </p>
   </div>
   <div class='ocr_carea' id='block_1_93' title="bbox 2207 3585 3914 3662">
    <p class='ocr_par' dir='ltr' id='par_1_93' title="bbox 2207 3585 3914 3662">
     <span class='ocr_line' id='line_1_93' title="bbox 2207 3585 3914 3662; baseline 0.004 -23"><span class='ocrx_word' id='word_1_610' title='bbox 2207 3585 2317 3640; x_wconf 91' lang='lat' dir='ltr'><strong>diei</strong></span> <span class='ocrx_word' id='word_1_611' title='bbox 2344 3603 2462 3640; x_wconf 89' lang='lat' dir='ltr'><strong>non</strong></span> <span class='ocrx_word' id='word_1_612' title='bbox 2505 3592 2714 3657; x_wconf 90' lang='lat' dir='ltr'><strong>potest,</strong></span> <span class='ocrx_word' id='word_1_613' title='bbox 2745 3587 2977 3641; x_wconf 91' lang='lat' dir='ltr'><strong>modum</strong></span> <span class='ocrx_word' id='word_1_614' title='bbox 3034 3587 3096 3642; x_wconf 89' lang='lat' dir='ltr'><strong>in</strong></span> <span class='ocrx_word' id='word_1_615' title='bbox 3150 3589 3371 3643; x_wconf 88' lang='lat' dir='ltr'><strong>cunctis</strong></span> <span class='ocrx_word' id='word_1_616' title='bbox 3417 3590 3654 3659; x_wconf 87' lang='lat' dir='ltr'><strong>agendis</strong></span> <span class='ocrx_word' id='word_1_617' title='bbox 3712 3595 3914 3662; x_wconf 63' lang='lat' dir='ltr'><strong>praeci-</strong></span> 
     </span>
    </p>
   </div>
   <div class='ocr_carea' id='block_1_94' title="bbox 2209 3675 3964 3749">
    <p class='ocr_par' dir='ltr' id='par_1_94' title="bbox 2209 3675 3964 3749">
     <span class='ocr_line' id='line_1_94' title="bbox 2209 3675 3964 3749; baseline 0.005 -22"><span class='ocrx_word' id='word_1_618' title='bbox 2209 3689 2319 3744; x_wconf 90' lang='lat' dir='ltr'><strong>pue</strong></span> <span class='ocrx_word' id='word_1_619' title='bbox 2350 3675 2720 3744; x_wconf 90' lang='lat' dir='ltr'><strong>amplectens,</strong></span> <span class='ocrx_word' id='word_1_620' title='bbox 2747 3675 3072 3744; x_wconf 83' lang='lat' dir='ltr'><strong>juxtaillud</strong></span> <span class='ocrx_word' id='word_1_621' title='bbox 3096 3676 3202 3730; x_wconf 91' lang='lat' dir='ltr'><strong>viri</strong></span> <span class='ocrx_word' id='word_1_622' title='bbox 3229 3677 3506 3747; x_wconf 90' lang='lat' dir='ltr'><strong>sapientis</strong></span> <span class='ocrx_word' id='word_1_623' title='bbox 3539 3678 3694 3749; x_wconf 73' lang='lat' dir='ltr'><strong>(Ten.</strong></span> <span class='ocrx_word' id='word_1_624' title='bbox 3720 3682 3910 3736; x_wconf 82' lang='lat' dir='ltr'><strong>Andr.</strong></span> <span class='ocrx_word' id='word_1_625' title='bbox 3955 3680 3964 3694; x_wconf 84' lang='grc'><em>⁴</em></span> 
     </span>
    </p>
   </div>
   <div class='ocr_carea' id='block_1_95' title="bbox 2209 3763 3910 3839">
    <p class='ocr_par' dir='ltr' id='par_1_95' title="bbox 2209 3763 3910 3839">
     <span class='ocr_line' id='line_1_95' title="bbox 2209 3763 3910 3839; baseline 0.005 -23"><span class='ocrx_word' id='word_1_626' title='bbox 2209 3763 2470 3832; x_wconf 65' lang='lat'><strong>1,1,34):</strong></span> <span class='ocrx_word' id='word_1_627' title='bbox 2506 3765 2584 3818; x_wconf 88' lang='lat' dir='ltr'><strong>Ne</strong></span> <span class='ocrx_word' id='word_1_628' title='bbox 2639 3763 2776 3831; x_wconf 83' lang='lat' dir='ltr'><strong>quid</strong></span> <span class='ocrx_word' id='word_1_629' title='bbox 2830 3766 3014 3818; x_wconf 79' lang='lat' dir='ltr'><strong>nimis.</strong></span> <span class='ocrx_word' id='word_1_630' title='bbox 3051 3766 3272 3819; x_wconf 81' lang='lat' dir='ltr'><strong>Morum</strong></span> <span class='ocrx_word' id='word_1_631' title='bbox 3335 3782 3568 3838; x_wconf 89' lang='lat' dir='ltr'><strong>quoque</strong></span> <span class='ocrx_word' id='word_1_632' title='bbox 3628 3770 3910 3839; x_wconf 88' lang='lat' dir='ltr'><strong>gravitate</strong></span> 
     </span>
    </p>
   </div>
   <div class='ocr_carea' id='block_1_96' title="bbox 2206 3849 3905 3922">
    <p class='ocr_par' dir='ltr' id='par_1_96' title="bbox 2206 3849 3905 3922">
     <span class='ocr_line' id='line_1_96' title="bbox 2206 3849 3905 3922; baseline 0.005 -19"><span class='ocrx_word' id='word_1_633' title='bbox 2206 3849 2449 3904; x_wconf 76' lang='lat' dir='ltr'><strong>mirifice</strong></span> <span class='ocrx_word' id='word_1_634' title='bbox 2471 3866 2634 3904; x_wconf 89' lang='lat' dir='ltr'><strong>senes</strong></span> <span class='ocrx_word' id='word_1_635' title='bbox 2673 3850 2828 3922; x_wconf 87' lang='lat' dir='ltr'><strong>ipsos</strong></span> <span class='ocrx_word' id='word_1_636' title='bbox 2849 3851 3178 3922; x_wconf 88' lang='lat' dir='ltr'><strong>superabat,</strong></span> <span class='ocrx_word' id='word_1_637' title='bbox 3211 3853 3352 3907; x_wconf 90' lang='lat' dir='ltr'><strong>adeo</strong></span> <span class='ocrx_word' id='word_1_638' title='bbox 3395 3859 3458 3908; x_wconf 90' lang='lat' dir='ltr'><strong>ut.</strong></span> <span class='ocrx_word' id='word_1_639' title='bbox 3507 3855 3768 3910; x_wconf 86' lang='lat' dir='ltr'><strong>subditos</strong></span> <span class='ocrx_word' id='word_1_640' title='bbox 3816 3875 3905 3912; x_wconf 86' lang='lat' dir='ltr'><strong>se-</strong></span> 
     </span>
    </p>
   </div>
   <div class='ocr_carea' id='block_1_97' title="bbox 2207 3938 3906 4012">
    <p class='ocr_par' dir='ltr' id='par_1_97' title="bbox 2207 3938 3906 4012">
     <span class='ocr_line' id='line_1_97' title="bbox 2207 3938 3906 4012; baseline 0.005 -21"><span class='ocrx_word' id='word_1_641' title='bbox 2207 3938 2459 3991; x_wconf 87' lang='lat' dir='ltr'><strong>veritatis</strong></span> <span class='ocrx_word' id='word_1_642' title='bbox 2477 3953 2718 3992; x_wconf 90' lang='lat' dir='ltr'><strong>censura</strong></span> <span class='ocrx_word' id='word_1_643' title='bbox 2740 3939 2809 3992; x_wconf 89' lang='lat' dir='ltr'><strong>ad</strong></span> <span class='ocrx_word' id='word_1_644' title='bbox 2839 3939 3064 4010; x_wconf 91' lang='lat' dir='ltr'><strong>agenda</strong></span> <span class='ocrx_word' id='word_1_645' title='bbox 3094 3941 3154 3993; x_wconf 92' lang='lat' dir='ltr'><strong>in</strong></span> <span class='ocrx_word' id='word_1_646' title='bbox 3205 3940 3495 4012; x_wconf 87' lang='lat' dir='ltr'><strong>plerisque</strong></span> <span class='ocrx_word' id='word_1_647' title='bbox 3554 3942 3906 4000; x_wconf 87' lang='lat' dir='ltr'><strong>institueret.</strong></span> 
     </span>
    </p>
   </div>
   <div class='ocr_carea' id='block_1_98' title="bbox 2208 4026 3908 4098">
    <p class='ocr_par' dir='ltr' id='par_1_98' title="bbox 2208 4026 3908 4098">
     <span class='ocr_line' id='line_1_98' title="bbox 2208 4026 3908 4098; baseline 0.005 -18"><span class='ocrx_word' id='word_1_648' title='bbox 2208 4026 2615 4095; x_wconf 86' lang='lat' dir='ltr'><strong>Frugalitatem</strong></span> <span class='ocrx_word' id='word_1_649' title='bbox 2674 4043 2807 4080; x_wconf 88' lang='lat' dir='ltr'><strong>vero</strong></span> <span class='ocrx_word' id='word_1_650' title='bbox 2873 4027 2934 4081; x_wconf 89' lang='lat' dir='ltr'><strong>in</strong></span> <span class='ocrx_word' id='word_1_651' title='bbox 2990 4029 3329 4098; x_wconf 88' lang='lat' dir='ltr'><strong>appetendis</strong></span> <span class='ocrx_word' id='word_1_652' title='bbox 3383 4030 3643 4085; x_wconf 87' lang='lat' dir='ltr'><strong>ciborum</strong></span> <span class='ocrx_word' id='word_1_653' title='bbox 3685 4033 3908 4088; x_wconf 89' lang='lat' dir='ltr'><strong>deliciis</strong></span> 
     </span>
    </p>
   </div>
   <div class='ocr_carea' id='block_1_99' title="bbox 2204 4115 3908 4187">
    <p class='ocr_par' dir='ltr' id='par_1_99' title="bbox 2204 4115 3908 4187">
     <span class='ocr_line' id='line_1_99' title="bbox 2204 4115 3908 4187; baseline 0.006 -20"><span class='ocrx_word' id='word_1_654' title='bbox 2204 4115 2264 4168; x_wconf 89' lang='lat' dir='ltr'><strong>in</strong></span> <span class='ocrx_word' id='word_1_655' title='bbox 2295 4131 2363 4168; x_wconf 92' lang='lat' dir='ltr'><strong>eo</strong></span> <span class='ocrx_word' id='word_1_656' title='bbox 2397 4115 2629 4168; x_wconf 89' lang='lat' dir='ltr'><strong>laudare</strong></span> <span class='ocrx_word' id='word_1_657' title='bbox 2652 4115 2742 4168; x_wconf 84' lang='lat' dir='ltr'><strong>vix</strong></span> <span class='ocrx_word' id='word_1_658' title='bbox 2791 4115 2940 4169; x_wconf 90' lang='lat' dir='ltr'><strong>ullus</strong></span> <span class='ocrx_word' id='word_1_659' title='bbox 2971 4115 3208 4182; x_wconf 86' lang='lat' dir='ltr'><strong>sufticit;</strong></span> <span class='ocrx_word' id='word_1_660' title='bbox 3236 4123 3438 4187; x_wconf 92' lang='lat' dir='ltr'><strong>potum</strong></span> <span class='ocrx_word' id='word_1_661' title='bbox 3492 4123 3650 4174; x_wconf 86' lang='lat' dir='ltr'><strong>tanto</strong></span> <span class='ocrx_word' id='word_1_662' title='bbox 3706 4124 3908 4177; x_wconf 89' lang='lat' dir='ltr'><strong>mode-</strong></span> 
     </span>
    </p>
   </div>
   <div class='ocr_carea' id='block_1_100' title="bbox 2207 4201 3906 4277">
    <p class='ocr_par' dir='ltr' id='par_1_100' title="bbox 2207 4201 3906 4277">
     <span class='ocr_line' id='line_1_100' title="bbox 2207 4201 3906 4277; baseline 0.006 -23"><span class='ocrx_word' id='word_1_663' title='bbox 2207 4201 2427 4254; x_wconf 90' lang='lat' dir='ltr'><strong>ramine</strong></span> <span class='ocrx_word' id='word_1_664' title='bbox 2457 4204 2836 4271; x_wconf 85' lang='lat' dir='ltr'><strong>temperabat,</strong></span> <span class='ocrx_word' id='word_1_665' title='bbox 2868 4207 2932 4256; x_wconf 95' lang='lat' dir='ltr'><strong>ut</strong></span> <span class='ocrx_word' id='word_1_666' title='bbox 2956 4209 3086 4273; x_wconf 90' lang='lat' dir='ltr'><strong>post</strong></span> <span class='ocrx_word' id='word_1_667' title='bbox 3117 4220 3338 4260; x_wconf 65' lang='lat' dir='ltr'><strong>caenam</strong></span> <span class='ocrx_word' id='word_1_668' title='bbox 3395 4211 3707 4277; x_wconf 88' lang='lat' dir='ltr'><strong>antequam</strong></span> <span class='ocrx_word' id='word_1_669' title='bbox 3765 4215 3906 4264; x_wconf 87' lang='lat' dir='ltr'><strong>stra-</strong></span> 
     </span>
    </p>
   </div>
   <div class='ocr_carea' id='block_1_101' title="bbox 2203 4282 3964 4366">
    <p class='ocr_par' dir='ltr' id='par_1_101' title="bbox 2203 4282 3964 4366">
     <span class='ocr_line' id='line_1_101' title="bbox 2203 4282 3964 4366; baseline 0.005 -23"><span class='ocrx_word' id='word_1_670' title='bbox 2203 4293 2327 4344; x_wconf 86' lang='lat' dir='ltr'><strong>tum</strong></span> <span class='ocrx_word' id='word_1_671' title='bbox 2343 4296 2628 4359; x_wconf 87' lang='lat' dir='ltr'><strong>pergeret,</strong></span> <span class='ocrx_word' id='word_1_672' title='bbox 2653 4290 2765 4344; x_wconf 90' lang='lat' dir='ltr'><strong>nisi</strong></span> <span class='ocrx_word' id='word_1_673' title='bbox 2795 4290 3166 4346; x_wconf 86' lang='lat' dir='ltr'><strong>familiarium</strong></span> <span class='ocrx_word' id='word_1_674' title='bbox 3198 4294 3282 4346; x_wconf 87' lang='lat' dir='ltr'><strong>vel</strong></span> <span class='ocrx_word' id='word_1_675' title='bbox 3316 4294 3611 4364; x_wconf 87' lang='lat' dir='ltr'><strong>hospitum</strong></span> <span class='ocrx_word' id='word_1_676' title='bbox 3642 4312 3900 4366; x_wconf 73' lang='lat' dir='ltr'><strong>praesen-</strong></span> <span class='ocrx_word' id='word_1_677' title='bbox 3961 4282 3964 4288; x_wconf 50' lang='grc'><em>’</em></span> 
     </span>
    </p>
   </div>
   <div class='ocr_carea' id='block_1_102' title="bbox 2200 4377 3900 4457">
    <p class='ocr_par' dir='ltr' id='par_1_102' title="bbox 2200 4377 3900 4457">
     <span class='ocr_line' id='line_1_102' title="bbox 2200 4377 3900 4457; baseline 0.006 -27"><span class='ocrx_word' id='word_1_678' title='bbox 2200 4377 2278 4430; x_wconf 92' lang='lat' dir='ltr'><strong>tia</strong></span> <span class='ocrx_word' id='word_1_679' title='bbox 2298 4383 2545 4445; x_wconf 89' lang='lat' dir='ltr'><strong>coactus,</strong></span> <span class='ocrx_word' id='word_1_680' title='bbox 2597 4378 2776 4432; x_wconf 88' lang='lat' dir='ltr'><strong>semel</strong></span> <span class='ocrx_word' id='word_1_681' title='bbox 2833 4382 3058 4434; x_wconf 90' lang='lat' dir='ltr'><strong>tantum</strong></span> <span class='ocrx_word' id='word_1_682' title='bbox 3106 4379 3347 4446; x_wconf 90' lang='lat' dir='ltr'><strong>biberet,</strong></span> <span class='ocrx_word' id='word_1_683' title='bbox 3399 4381 3609 4452; x_wconf 76' lang='lat' dir='ltr'><strong>saepius</strong></span> <span class='ocrx_word' id='word_1_684' title='bbox 3665 4399 3900 4457; x_wconf 90' lang='lat' dir='ltr'><strong>quoque</strong></span> 
     </span>
    </p>
   </div>
   <div class='ocr_carea' id='block_1_103' title="bbox 2199 4466 3902 4539">
    <p class='ocr_par' dir='ltr' id='par_1_103' title="bbox 2199 4466 3902 4539">
     <span class='ocr_line' id='line_1_103' title="bbox 2199 4466 3902 4539; baseline 0.007 -22"><span class='ocrx_word' id='word_1_685' title='bbox 2199 4467 2427 4536; x_wconf 91' lang='lat' dir='ltr'><strong>penitus</strong></span> <span class='ocrx_word' id='word_1_686' title='bbox 2466 4466 2796 4520; x_wconf 88' lang='lat' dir='ltr'><strong>abstineret.</strong></span> <span class='ocrx_word' id='word_1_687' title='bbox 2834 4466 3036 4521; x_wconf 90' lang='lat' dir='ltr'><strong>Stratis</strong></span> <span class='ocrx_word' id='word_1_688' title='bbox 3065 4483 3197 4521; x_wconf 89' lang='lat' dir='ltr'><strong>vero</strong></span> <span class='ocrx_word' id='word_1_689' title='bbox 3227 4470 3600 4539; x_wconf 89' lang='lat' dir='ltr'><strong>compositus,</strong></span> <span class='ocrx_word' id='word_1_690' title='bbox 3664 4472 3902 4529; x_wconf 91' lang='lat' dir='ltr'><strong>lectioni</strong></span> 
     </span>
    </p>
   </div>
   <div class='ocr_carea' id='block_1_104' title="bbox 2198 4553 3901 4630">
    <p class='ocr_par' dir='ltr' id='par_1_104' title="bbox 2198 4553 3901 4630">
     <span class='ocr_line' id='line_1_104' title="bbox 2198 4553 3901 4630; baseline 0.006 -24"><span class='ocrx_word' id='word_1_691' title='bbox 2198 4553 2490 4608; x_wconf 89' lang='lat' dir='ltr'><strong>interdum</strong></span> <span class='ocrx_word' id='word_1_692' title='bbox 2519 4553 2667 4608; x_wconf 88' lang='lat' dir='ltr'><strong>circa</strong></span> <span class='ocrx_word' id='word_1_693' title='bbox 2722 4553 2859 4624; x_wconf 89' lang='lat' dir='ltr'><strong>galli</strong></span> <span class='ocrx_word' id='word_1_694' title='bbox 2890 4561 3119 4610; x_wconf 90' lang='lat' dir='ltr'><strong>cantum</strong></span> <span class='ocrx_word' id='word_1_695' title='bbox 3151 4556 3501 4621; x_wconf 86' lang='lat' dir='ltr'><strong>intendebat,</strong></span> <span class='ocrx_word' id='word_1_696' title='bbox 3548 4575 3701 4630; x_wconf 69' lang='lat' dir='ltr'><strong>saepe</strong></span> <span class='ocrx_word' id='word_1_697' title='bbox 3742 4579 3901 4617; x_wconf 89' lang='lat' dir='ltr'><strong>sum-</strong></span> 
     </span>
    </p>
   </div>
   <div class='ocr_carea' id='block_1_105' title="bbox 2198 4641 3902 4713">
    <p class='ocr_par' dir='ltr' id='par_1_105' title="bbox 2198 4641 3902 4713">
     <span class='ocr_line' id='line_1_105' title="bbox 2198 4641 3902 4713; baseline 0.006 -18"><span class='ocrx_word' id='word_1_698' title='bbox 2198 4658 2340 4696; x_wconf 91' lang='lat' dir='ltr'><strong>num</strong></span> <span class='ocrx_word' id='word_1_699' title='bbox 2391 4641 2842 4713; x_wconf 89' lang='lat' dir='ltr'><strong>interrumpens,</strong></span> <span class='ocrx_word' id='word_1_700' title='bbox 2876 4644 3099 4698; x_wconf 68' lang='lat' dir='ltr'><strong>furtivae</strong></span> <span class='ocrx_word' id='word_1_701' title='bbox 3152 4645 3419 4712; x_wconf 88' lang='lat' dir='ltr'><strong>orationi,</strong></span> <span class='ocrx_word' id='word_1_702' title='bbox 3468 4647 3653 4702; x_wconf 90' lang='lat' dir='ltr'><strong>donec</strong></span> <span class='ocrx_word' id='word_1_703' title='bbox 3705 4651 3902 4706; x_wconf 90' lang='lat' dir='ltr'><strong>clerici</strong></span> 
     </span>
    </p>
   </div>
   <div class='ocr_carea' id='block_1_106' title="bbox 2199 4730 3898 4806">
    <p class='ocr_par' dir='ltr' id='par_1_106' title="bbox 2199 4730 3898 4806">
     <span class='ocr_line' id='line_1_106' title="bbox 2199 4730 3898 4806; baseline 0.005 -23"><span class='ocrx_word' id='word_1_704' title='bbox 2199 4730 2268 4784; x_wconf 91' lang='lat' dir='ltr'><strong>ad</strong></span> <span class='ocrx_word' id='word_1_705' title='bbox 2298 4730 2612 4784; x_wconf 89' lang='lat' dir='ltr'><strong>matutinos</strong></span> <span class='ocrx_word' id='word_1_706' title='bbox 2641 4746 2848 4801; x_wconf 83' lang='lat' dir='ltr'><strong>ymnos</strong></span> <span class='ocrx_word' id='word_1_707' title='bbox 2879 4738 3317 4802; x_wconf 90' lang='lat' dir='ltr'><strong>consurgerent,</strong></span> <span class='ocrx_word' id='word_1_708' title='bbox 3363 4734 3618 4801; x_wconf 89' lang='lat' dir='ltr'><strong>vacabat,</strong></span> <span class='ocrx_word' id='word_1_709' title='bbox 3675 4738 3898 4806; x_wconf 87' lang='lat' dir='ltr'><strong>ymnis-</strong></span> 
     </span>
    </p>
   </div>
   <div class='ocr_carea' id='block_1_107' title="bbox 2195 4819 3958 4890">
    <p class='ocr_par' dir='ltr' id='par_1_107' title="bbox 2195 4819 3958 4890">
     <span class='ocr_line' id='line_1_107' title="bbox 2195 4819 3958 4890; baseline 0.005 -18"><span class='ocrx_word' id='word_1_710' title='bbox 2195 4833 2308 4889; x_wconf 89' lang='lat' dir='ltr'><strong>que</strong></span> <span class='ocrx_word' id='word_1_711' title='bbox 2380 4819 2637 4889; x_wconf 85' lang='lat' dir='ltr'><strong>expletis,</strong></span> <span class='ocrx_word' id='word_1_712' title='bbox 2701 4819 3041 4873; x_wconf 90' lang='lat' dir='ltr'><strong>multociens</strong></span> <span class='ocrx_word' id='word_1_713' title='bbox 3096 4821 3476 4890; x_wconf 89' lang='lat' dir='ltr'><strong>psalmodiam</strong></span> <span class='ocrx_word' id='word_1_714' title='bbox 3525 4823 3584 4876; x_wconf 90' lang='lat' dir='ltr'><strong>in</strong></span> <span class='ocrx_word' id='word_1_715' title='bbox 3617 4823 3896 4879; x_wconf 91' lang='lat' dir='ltr'><strong>diurnum</strong></span> <span class='ocrx_word' id='word_1_716' title='bbox 3947 4883 3958 4890; x_wconf 81' lang='lat'><strong><em>_</em></strong></span> 
     </span>
    </p>
   </div>
   <div class='ocr_carea' id='block_1_108' title="bbox 2194 4907 3900 4982">
    <p class='ocr_par' dir='ltr' id='par_1_108' title="bbox 2194 4907 3900 4982">
     <span class='ocr_line' id='line_1_108' title="bbox 2194 4907 3900 4982; baseline 0.005 -23"><span class='ocrx_word' id='word_1_717' title='bbox 2194 4922 2379 4976; x_wconf 90' lang='lat' dir='ltr'><strong>usque</strong></span> <span class='ocrx_word' id='word_1_718' title='bbox 2435 4907 2837 4976; x_wconf 88' lang='lat' dir='ltr'><strong>crepusculum</strong></span> <span class='ocrx_word' id='word_1_719' title='bbox 2891 4908 3262 4977; x_wconf 82' lang='lat' dir='ltr'><strong>extendebat;</strong></span> <span class='ocrx_word' id='word_1_720' title='bbox 3309 4910 3515 4965; x_wconf 89' lang='lat' dir='ltr'><strong>deinde</strong></span> <span class='ocrx_word' id='word_1_721' title='bbox 3563 4913 3900 4982; x_wconf 88' lang='lat' dir='ltr'><strong>aliquantu-</strong></span> 
     </span>
    </p>
   </div>
   <div class='ocr_carea' id='block_1_109' title="bbox 2193 4995 3899 5065">
    <p class='ocr_par' dir='ltr' id='par_1_109' title="bbox 2193 4995 3899 5065">
     <span class='ocr_line' id='line_1_109' title="bbox 2193 4995 3899 5065; baseline 0.004 -16"><span class='ocrx_word' id='word_1_722' title='bbox 2193 4995 2315 5049; x_wconf 91' lang='lat' dir='ltr'><strong>lum</strong></span> <span class='ocrx_word' id='word_1_723' title='bbox 2364 5010 2614 5064; x_wconf 89' lang='lat' dir='ltr'><strong>pausans</strong></span> <span class='ocrx_word' id='word_1_724' title='bbox 2672 4995 3076 5065; x_wconf 88' lang='lat' dir='ltr'><strong>corpusculum</strong></span> <span class='ocrx_word' id='word_1_725' title='bbox 3129 4998 3443 5064; x_wconf 88' lang='lat' dir='ltr'><strong>recreabat,</strong></span> <span class='ocrx_word' id='word_1_726' title='bbox 3502 4998 3687 5054; x_wconf 90' lang='lat' dir='ltr'><strong>donec</strong></span> <span class='ocrx_word' id='word_1_727' title='bbox 3759 5002 3899 5056; x_wconf 90' lang='lat' dir='ltr'><strong>item</strong></span> 
     </span>
    </p>
   </div>
   <div class='ocr_carea' id='block_1_110' title="bbox 2194 5082 3900 5154">
    <p class='ocr_par' dir='ltr' id='par_1_110' title="bbox 2194 5082 3900 5154">
     <span class='ocr_line' id='line_1_110' title="bbox 2194 5082 3900 5154; baseline 0.004 -17"><span class='ocrx_word' id='word_1_728' title='bbox 2194 5083 2447 5138; x_wconf 90' lang='lat' dir='ltr'><strong>diluculo</strong></span> <span class='ocrx_word' id='word_1_729' title='bbox 2479 5082 2816 5136; x_wconf 88' lang='lat' dir='ltr'><strong>canonicum</strong></span> <span class='ocrx_word' id='word_1_730' title='bbox 2847 5099 3079 5138; x_wconf 89' lang='lat' dir='ltr'><strong>cursum</strong></span> <span class='ocrx_word' id='word_1_731' title='bbox 3125 5085 3330 5154; x_wconf 62' lang='lat' dir='ltr'><strong>prima;</strong></span> <span class='ocrx_word' id='word_1_732' title='bbox 3361 5086 3520 5139; x_wconf 61' lang='lat' dir='ltr'><strong>horas</strong></span> <span class='ocrx_word' id='word_1_733' title='bbox 3549 5087 3609 5140; x_wconf 89' lang='lat' dir='ltr'><strong>in</strong></span> <span class='ocrx_word' id='word_1_734' title='bbox 3640 5091 3900 5144; x_wconf 70' lang='lat' dir='ltr'><strong>aacclesia</strong></span> 
     </span>
    </p>
   </div>
   <div class='ocr_carea' id='block_1_111' title="bbox 2192 5168 3898 5244">
    <p class='ocr_par' dir='ltr' id='par_1_111' title="bbox 2192 5168 3898 5244">
     <span class='ocr_line' id='line_1_111' title="bbox 2192 5168 3898 5244; baseline 0.005 -21"><span class='ocrx_word' id='word_1_735' title='bbox 2192 5168 2572 5241; x_wconf 85' lang='lat' dir='ltr'><strong>persolvebat.</strong></span> <span class='ocrx_word' id='word_1_736' title='bbox 2652 5169 2776 5234; x_wconf 86' lang='lat' dir='ltr'><strong>Quo</strong></span> <span class='ocrx_word' id='word_1_737' title='bbox 2846 5170 3092 5242; x_wconf 84' lang='lat' dir='ltr'><strong>expleto,</strong></span> <span class='ocrx_word' id='word_1_738' title='bbox 3167 5173 3330 5244; x_wconf 85' lang='lat' dir='ltr'><strong>quasi</strong></span> <span class='ocrx_word' id='word_1_739' title='bbox 3387 5175 3733 5244; x_wconf 86' lang='lat' dir='ltr'><strong>regulariter</strong></span> <span class='ocrx_word' id='word_1_740' title='bbox 3793 5181 3898 5234; x_wconf 90' lang='lat' dir='ltr'><strong>sub</strong></span> 
     </span>
    </p>
   </div>
   <div class='ocr_carea' id='block_1_112' title="bbox 1788 5291 2475 5348">
    <p class='ocr_par' dir='ltr' id='par_1_112' title="bbox 1788 5291 2475 5348">
     <span class='ocr_line' id='line_1_112' title="bbox 1788 5291 2475 5348; baseline 0.001 -2"><span class='ocrx_word' id='word_1_741' title='bbox 1788 5292 2022 5347; x_wconf 79' lang='lat' dir='ltr'><strong>VARle</strong></span> <span class='ocrx_word' id='word_1_742' title='bbox 2068 5291 2475 5348; x_wconf 74' lang='lat' dir='ltr'><strong>LECTIONES.</strong></span> 
     </span>
    </p>
   </div>
   <div class='ocr_carea' id='block_1_113' title="bbox 450 5366 1024 5420">
    <p class='ocr_par' dir='ltr' id='par_1_113' title="bbox 450 5366 1024 5420">
     <span class='ocr_line' id='line_1_113' title="bbox 450 5366 1024 5420; baseline 0 0"><span class='ocrx_word' id='word_1_743' title='bbox 450 5371 472 5402; x_wconf 79' lang='grc'><strong><em>⁸</em></strong></span> <span class='ocrx_word' id='word_1_744' title='bbox 497 5382 545 5420; x_wconf 92' lang='lat' dir='ltr'><strong>e.</strong></span> <span class='ocrx_word' id='word_1_745' title='bbox 582 5366 941 5420; x_wconf 81' lang='lat' dir='ltr'><strong>Folcmarum</strong></span> <span class='ocrx_word' id='word_1_746' title='bbox 972 5367 1024 5420; x_wconf 90' lang='lat'><strong>3.</strong></span> 
     </span>
    </p>
   </div>
   <div class='ocr_carea' id='block_1_114' title="bbox 455 5441 3441 5606">
    <p class='ocr_par' dir='ltr' id='par_1_114' title="bbox 455 5441 3441 5606">
     <span class='ocr_line' id='line_1_114' title="bbox 455 5441 3441 5606; baseline 0.002 -23"><span class='ocrx_word' id='word_1_747' title='bbox 455 5531 564 5599; x_wconf 74' lang='lat'><strong>(27)</strong></span> <span class='ocrx_word' id='word_1_748' title='bbox 599 5551 624 5581; x_wconf 71' lang='grc' dir='ltr'>π</span> <span class='ocrx_word' id='word_1_749' title='bbox 661 5532 860 5587; x_wconf 87' lang='lat' dir='ltr'><strong>Factus</strong></span> <span class='ocrx_word' id='word_1_750' title='bbox 889 5535 974 5586; x_wconf 87' lang='lat' dir='ltr'><strong>est</strong></span> <span class='ocrx_word' id='word_1_751' title='bbox 1002 5530 1221 5586; x_wconf 90' lang='lat' dir='ltr'><strong>aulicus</strong></span> <span class='ocrx_word' id='word_1_752' title='bbox 1251 5529 1434 5585; x_wconf 88' lang='lat' dir='ltr'><strong>scriba</strong></span> <span class='ocrx_word' id='word_1_753' title='bbox 1465 5529 1664 5585; x_wconf 84' lang='lat' dir='ltr'><strong>doctus</strong></span> <span class='ocrx_word' id='word_1_754' title='bbox 1703 5529 1928 5586; x_wconf 88' lang='lat' dir='ltr'><strong>Ottonis</strong></span> <span class='ocrx_word' id='word_1_755' title='bbox 1959 5441 2381 5586; x_wconf 43' lang='lat' dir='ltr'><strong>llﬁggﬁcalus</strong></span> <span class='ocrx_word' id='word_1_756' title='bbox 2411 5535 2468 5586; x_wconf 92' lang='lat' dir='ltr'><strong>et</strong></span> <span class='ocrx_word' id='word_1_757' title='bbox 2494 5529 2950 5601; x_wconf 76' lang='lat' dir='ltr'><strong>primiscrinius;</strong></span> <span class='ocrx_word' id='word_1_758' title='bbox 2987 5551 3015 5581; x_wconf 83' lang='lat'><strong>»</strong></span> <span class='ocrx_word' id='word_1_759' title='bbox 3049 5531 3198 5588; x_wconf 87' lang='lat' dir='ltr'><strong>infra</strong></span> <span class='ocrx_word' id='word_1_760' title='bbox 3219 5550 3342 5606; x_wconf 89' lang='lat' dir='ltr'><strong>cap.</strong></span> <span class='ocrx_word' id='word_1_761' title='bbox 3391 5537 3441 5588; x_wconf 73' lang='lat' dir='ltr'><strong>ti.</strong></span> 
     </span>
    </p>
   </div>
  </div>
