3968 6436
78 338 203 391 397
1504 340 1658 395 VITA
1699 342 1757 397 S.
1802 341 2250 397 BERNWARDI.
3534 354 3640 406 398

81 460 429 532 disciplina
476 460 840 527 constitutus,
893 460 1210 532 capitulum
1234 478 1363 515 cum
1404 461 1676 516 fratribus
1726 464 1827 535 qui
1855 468 1901 520 A
1940 481 2132 518 secum
2160 464 2244 518 vel
2275 464 2345 519 ad
2373 466 2592 519 curtem
2635 465 2876 521 ducebat
2904 467 2992 521 vel
3024 483 3388 540 quocumque
3414 470 3645 543 longius

81 566 315 603 secum
373 551 867 605 conversabantur
937 550 1096 605 adiit.
1182 550 1396 605 Ferirm
1456 568 1689 623 quoque
1773 558 1831 607 et
1938 553 2318 620 commeabat,
2386 570 2550 625 quos,
2613 555 2887 626 quicquid
2947 556 3178 626 dignius
3230 558 3291 611 in
3350 560 3469 612 ulla
3525 566 3644 614 arte

81 638 503 705 lunationem,
566 640 805 692 nomina
860 655 1091 711 quoque
1149 639 1394 693 fratrum
1452 656 1699 711 quorum
1731 657 1823 695 an-
1936 642 2289 707 occurrebat,
2325 643 2392 696 ad
2424 642 2757 698 exercitium
2786 644 3141 714 impellebat.
3176 646 3450 701 Musivum
3494 665 3640 718 prae-

80 727 308 780 nualis
340 727 625 781 memoria
682 727 950 795 instabat,
1014 728 1242 782 cottidie
1290 727 1517 782 recitari
1562 729 1822 798 jubebat.
1935 735 2093 785 terea
2128 730 2187 784 in
2212 732 2558 801 pavimentis
2598 733 2871 787 ornandis
2903 734 3180 802 studium,
3230 752 3455 790 necnon
3505 738 3641 791 late-

86 815 390 870 Oratione
446 833 579 870 vero
636 821 888 888 peracta,
963 817 1112 870 circa
1165 816 1367 871 horam
1449 817 1684 872 terciam
1753 818 1823 873 ad
1934 835 2023 873 res
2046 819 2115 873 ad
2148 820 2402 889 tegulam
2432 820 2669 891 propria
2718 820 3001 875 industria
3063 824 3224 878 nullo
3284 830 3641 880 monstrante

85 904 455 958 misssarum
514 906 857 976 sollempnia
915 905 1117 960 festiva
1173 906 1559 960 celebratione
1620 922 1823 977 proce-
1933 908 2275 977 composuit.
2309 908 2377 962 Et
2406 914 2470 962 ut
2492 909 2744 964 breviter
2766 910 3202 982 prerstringam,
3228 929 3332 967 nec
3361 918 3639 984 punctum

86 992 273 1059 dens,
340 1010 551 1064 magna
607 994 785 1048 animi
841 995 1188 1048 contritione
1246 1010 1305 1049 se
1386 994 1577 1066 ipsum
1637 1001 1823 1050 totum
1931 996 2211 1067 temporis
2233 998 2660 1067 supersedebat,
2692 999 2789 1053 sed
2820 999 3005 1053 ﬁdelis
3047 1002 3349 1055 dominicae
3406 1002 3639 1057 familiae

40 1081 364 1148 _Domino
440 1082 718 1153 profudit.
780 1082 917 1137 Inde
989 1084 1049 1136 in
1106 1082 1402 1154 publicum
1464 1099 1819 1154 progressus,

86 1170 370 1224 forenses
387 1187 584 1225 causas
605 1175 661 1224 et
692 1188 1098 1242 oppressorum
1130 1172 1369 1241 negocia
1398 1171 1651 1226 breviter
1695 1189 1824 1226 exa-

86 1259 397 1326 minabat,
431 1260 569 1331 quia
607 1265 663 1314 et
691 1260 924 1331 ingenio
955 1276 1019 1313 ac
1048 1260 1315 1314 facundia
1347 1260 1609 1332 adprime
1646 1261 1817 1315 calle-

88 1347 222 1402 bat.
288 1348 495 1418 Sicque
555 1349 927 1420 operiebatur
1008 1350 1280 1403 clericum
1340 1349 1815 1420 dispensatorem,

88 1437 202 1506 qui
230 1437 564 1492 elemosinae
592 1444 649 1492 et
700 1438 1050 1509 pauperibus
1080 1444 1346 1509 praeerat,
1381 1455 1629 1510 quorum
1661 1441 1817 1493 mul-

88 1524 442 1591 titudinem,
477 1532 751 1580 centenos
784 1526 1048 1581 videlicet
1077 1529 1161 1581 vel
1204 1545 1271 1581 eo
1306 1528 1573 1597 amplius,
1615 1528 1815 1583 diatim

93 1613 653 1669 babundantissime
688 1616 867 1669 victus
902 1616 1124 1683 refecit;
1148 1617 1452 1687 plerosque
1494 1615 1667 1669 etiam
1726 1617 1811 1669 vel

90 1708 351 1772 argento
414 1705 500 1757 vel
551 1706 771 1757 caeteris
818 1704 1108 1771 subsidiis,
1160 1710 1333 1776 prout
1388 1705 1624 1759 facultas
1671 1721 1813 1758 con-

91 1792 301 1854 cessit,
355 1791 706 1846 sublevabat.
744 1793 881 1847 Inde
935 1793 1191 1847 ofﬁcinas
1246 1793 1345 1847 ubi
1402 1793 1611 1847 diversi
1674 1808 1813 1845 usus

94 1882 343 1933 metalla
377 1880 590 1935 fiebant
644 1882 945 1949 circuiens,
989 1882 1348 1951 singulorum
1404 1898 1578 1953 opera
1636 1881 1809 1935 libra-

93 1968 220 2032 bat,
255 1969 440 2023 donec
470 1970 616 2023 circa
651 1987 886 2038 nonam,
914 1970 1022 2025 rite
1050 1971 1317 2025 omnibus
1356 1970 1620 2042 peractis,
1680 1986 1809 2023 cum

96 2057 316 2111 timore
368 2064 423 2112 et
478 2059 877 2114 benedictione
937 2060 1181 2125 Domini,
1232 2061 1303 2114 ad
1359 2076 1638 2125 mensam,
1696 2059 1810 2112 fra-

95 2151 260 2201 trum
294 2148 614 2220 populique
647 2148 888 2220 stipatus
935 2149 1284 2220 frequentia,
1345 2148 1632 2214 consedit;
1693 2164 1808 2201 non

97 2238 435 2306 pompatice
492 2238 745 2309 quidem,
801 2238 897 2292 sed
970 2237 1242 2308 religioso
1294 2236 1540 2303 silentio,
1592 2237 1810 2290 cunctis

98 2326 169 2379 ad
224 2326 532 2380 lectionem
574 2326 982 2381 honestissima
1036 2326 1335 2396 disciplina
1366 2326 1623 2393 intentis,
1679 2342 1808 2396 quae

97 2414 258 2468 inter
317 2416 660 2470 coenandum
723 2433 841 2469 non
925 2416 1113 2470 brevis
1170 2414 1485 2484 legebatur.
1557 2412 1808 2467 Intirmis

96 2503 341 2574 quidem
401 2505 673 2559 fratribus
713 2510 770 2559 et
821 2505 977 2559 senio
1026 2504 1295 2558 confectis
1350 2501 1807 2557 benedictionem

97 2592 170 2647 de
206 2609 380 2646 manu
414 2610 515 2647 sua
544 2594 828 2664 dirigebat
859 2594 1138 2659 hilariter,
1176 2608 1305 2646 cum
1337 2596 1533 2645 tamen
1581 2590 1806 2644 nullum

96 2695 350 2746 egenum
383 2680 442 2733 in
476 2681 618 2735 urbe
648 2681 735 2735 vel
775 2681 835 2735 in
878 2680 1174 2744 suburbio,
1212 2694 1385 2748 quem
1413 2677 1555 2730 scire
1595 2681 1803 2746 posset,

96 2767 435 2837 hujusmodi
466 2769 677 2839 pietate
708 2769 978 2839 privaret.
1013 2770 1095 2822 Ita
1126 2768 1340 2838 quippe
1365 2766 1526 2835 juxta
1565 2767 1805 2835 Aposto-

96 2856 221 2909 lum
264 2858 319 2925 (Ῑ
341 2859 469 2911 Cor.
494 2874 569 2924 1x,
603 2860 690 2926 22)
721 2858 916 2912 omnia
949 2856 1219 2910 omnibus
1252 2871 1373 2909 esse
1423 2852 1802 2919 desiderabat,

96 2949 157 2997 ut
191 2960 391 2998 omnes
418 2946 476 2998 in
500 2946 724 3000 Christo
746 2946 1127 3000 lucrifaceret.

1932 1084 2315 1155 dispensator,
2357 1086 2644 1140 conservis
2672 1087 2790 1140 suis
2841 1089 3162 1142 necessaria
3194 1090 3449 1145 subsidia
3504 1091 3639 1145 ﬁde-

1930 1172 2059 1227 liter
2106 1173 2598 1228 subministrabat.
2639 1176 2701 1228 Et
2736 1192 2865 1229 cum
2904 1176 2961 1229 in
2995 1177 3202 1231 Christi
3244 1179 3636 1249 gazophilacio

1931 1277 2177 1332 quaeque
2232 1261 2440 1315 idonea
2515 1262 2677 1315 scivit
2704 1262 2861 1317 fideli
2926 1264 3224 1318 devotione
3280 1272 3633 1335 congereret,

1929 1366 2045 1403 non
2073 1348 2263 1403 minus
2295 1354 2489 1404 tamen
2523 1350 2731 1403 Ctesari
2763 1367 2866 1404 sua
2892 1351 3059 1420 juxta
3094 1353 3461 1422 Evangelium
3503 1370 3631 1423 per-

1928 1438 2199 1492 solvebat.
2245 1439 2384 1492 Nam
2438 1439 2616 1492 tercio
2660 1438 2855 1492 Ottoni
2886 1440 3223 1509 imperatori
3273 1442 3632 1496 affectuosis-

1927 1526 2074 1580 simo
2106 1525 2301 1580 animo
2332 1543 2434 1597 pro
2467 1526 2611 1580 scire
2634 1543 2698 1580 ac
2754 1543 2920 1596 posse
2961 1528 3406 1599 obsequebatur.
3475 1531 3633 1586 Unde

1926 1621 1983 1668 ct
2013 1616 2330 1668 multorum
2366 1615 2640 1669 invidiam
2674 1615 2733 1668 in
2766 1631 2825 1669 se
2874 1617 3272 1672 commovebat
3330 1619 3430 1689 qui
3478 1620 3628 1673 indi-

1928 1702 2275 1770 gnabantur,
2331 1704 2496 1758 illum
2574 1703 2925 1775 vigilantiori
2984 1705 3177 1759 studio
3243 1707 3327 1761 rei
3383 1706 3629 1778 publicae

1928 1791 2165 1861 negocia
2196 1792 2374 1845 obire.

1996 1885 2049 1933 7.
2086 1880 2222 1949 (An.
2264 1882 2387 1946 994,
2436 1880 2583 1951 995.)
2615 1880 2856 1935 Saxonia
2879 1882 3093 1952 quippe
3122 1898 3331 1954 magna
3370 1900 3434 1938 ex
3468 1891 3628 1955 parte

1923 1976 2260 2039 pyratarum
2291 1974 2748 2040 caeterorumquc
2780 1970 3156 2025 barbarorum
3178 1972 3402 2026 feritate
3442 1973 3627 2044 depo-

1921 2059 2138 2127 pulata,
2174 2058 2464 2111 continuis
2495 2058 2964 2113 latrocinantium
3020 2060 3444 2115 incursionibus
3501 2063 3625 2117 sine

1922 2146 2349 2201 intermissione
2398 2147 2646 2217 patebat.
2703 2147 2885 2211 Quam
2943 2152 3164 2219 pestem
3244 2151 3329 2204 rei
3378 2152 3623 2221 publicas

1923 2235 2209 2305 depellere
2268 2251 2479 2306 magno
2538 2235 2627 2289 sui
2697 2252 3052 2308 suorumque
3103 2238 3355 2308 periculo
3396 2255 3625 2309 semper

1920 2323 2191 2390 instabat,
2225 2330 2282 2377 et
2321 2340 2472 2378 nunc
2521 2340 2650 2378 cum
2683 2324 2830 2392 aliis,
2881 2326 3170 2380 interdum
3215 2344 3444 2398 quoque
3492 2345 3623 2383 cum

1920 2413 2036 2465 suis
2064 2414 2219 2466 solus
2250 2429 2424 2482 super
2452 2430 2548 2466 eos
2589 2414 2834 2480 irruens,
2868 2415 3090 2470 fortiter
3119 2416 3248 2470 illos
3298 2417 3613 2473 attriverat.

1918 2502 2024 2557 Sed
2057 2518 2188 2555 cum
2236 2501 2571 2571 hujusmodi
2601 2503 2953 2572 irruptiones
3007 2504 3194 2558 sedari
3243 2506 3401 2559 nullo
3450 2507 3623 2559 modo

1918 2596 2173 2661 possent,
2233 2591 2448 2662 quippe
2501 2608 2630 2645 cum
2690 2591 2921 2645 barbari
2970 2592 3065 2663 qui
3124 2599 3439 2664 utrumque
3486 2595 3623 2648 litus

1916 2679 2169 2733 Albiaaet
2198 2695 2367 2733 naves
2424 2696 2624 2733 omnes
2675 2697 2777 2734 sua
2825 2681 3044 2735 ditione
3093 2682 3383 2747 tenebant,
3437 2684 3625 2737 navali

1919 2770 2211 2825 evectione
2251 2787 2356 2841 per
2387 2787 2621 2826 omnem
2650 2772 2953 2826 Saxoniam
3002 2772 3273 2826 facillime
3310 2789 3366 2826 se
3421 2772 3621 2827 infun-

1920 2860 2140 2925 derent,
2174 2858 2649 2929 vigilantissimus
2674 2859 2773 2912 Dei
2803 2859 3062 2929 pontifex
3088 2875 3282 2913 curam
3327 2860 3437 2913 sibi
3463 2858 3625 2914 com;

1917 2946 2105 3001 missa:
2132 2946 2313 3018 plebis
2344 2963 2539 3017 agens,
2573 2947 2865 3018 quomodo
2898 2948 3177 3017 populum
3216 2948 3313 3001 Dei
3340 2948 3408 3001 de
3459 2948 3620 3002 suavi-

172 3035 230 3087 6.
272 3033 528 3088 Arduum
552 3040 609 3088 et
654 3035 886 3088 difficile
934 3039 1019 3088 est
1070 3031 1450 3087 cottidianum
1504 3030 1627 3100 ejus
1682 3031 1799 3082 stu-
1836 3034 1877 3089 C
1915 3036 2003 3090 cia
2023 3035 2398 3090 barbarorum
2432 3036 2698 3105 eriperet,
2732 3036 2925 3089 animo
2957 3036 3289 3089 tluctuabat.
3347 3037 3616 3090 Furorem

98 3120 261 3175 dium
294 3122 482 3176 verbis
515 3123 926 3195 perstringere,
954 3123 1087 3195 quia
1123 3123 1236 3176 Deo
1268 3127 1410 3175 teste
1467 3118 1625 3173 omni
1675 3118 1806 3172 nisu

96 3210 250 3263 inter
273 3210 427 3265 diem
488 3217 831 3283 noctemque
889 3212 950 3266 in
1006 3210 1214 3266 divinis
1262 3208 1570 3281 perstabat.
1613 3207 1804 3261 Nichi-

98 3304 347 3358 lominus
379 3323 609 3378 quoque
645 3313 884 3361 cunctos
916 3307 1024 3361 sibi
1074 3306 1432 3360 adhaerentes
1462 3304 1533 3358 ad
1597 3303 1804 3373 hujus—

103 3393 259 3446 modi
297 3396 626 3465 negocium,
661 3401 722 3448 ut
750 3396 827 3449 ita
884 3396 1091 3461 dicam,
1126 3396 1280 3449 ultra
1336 3394 1488 3447 vires
1536 3392 1803 3463 impelle-

102 3480 219 3544 bat,
252 3498 356 3537 nec
394 3484 609 3555 aliquid
650 3486 789 3539 artis
820 3490 962 3553 erat,
1022 3484 1175 3556 quod
1231 3499 1351 3537 non
1410 3484 1800 3552 attemptaret,

110 3570 279 3624 etiam
310 3571 357 3625 si
383 3572 451 3627 ad
486 3588 739 3643 unguem
773 3572 1101 3644 pertingere
1124 3588 1239 3626 non
1264 3572 1493 3624 valeret.
1550 3569 1799 3640 Scripto-

100 3657 185 3711 ria
215 3674 464 3730 namque
496 3676 612 3713 non
664 3660 721 3713 in
776 3660 1124 3714 monasterio
1162 3663 1410 3723 tantum,
1469 3658 1563 3710 sed
1613 3656 1672 3709 in
1713 3655 1800 3709 di-

96 3747 274 3800 versis
305 3748 442 3801 locis
510 3749 797 3815 studebat,
858 3749 1010 3803 unde
1044 3753 1100 3803 et
1155 3748 1445 3820 copiosam
1495 3744 1800 3800 bibliothe-

97 3851 219 3889 cam
250 3840 366 3889 tam
400 3836 728 3891 divinorum
762 3854 935 3908 quam
973 3836 1507 3909 pbilosophicorum
1535 3834 1799 3887 codicum

96 3927 447 3995 comparavit
485 3927 618 3997 (28).
683 3927 971 3982 Picturam
1036 3944 1171 3982 vero
1240 3930 1296 3979 et
1338 3925 1689 3995 sculpturam
1745 3924 1801 3975 et

96 4015 358 4069 fabrilem
400 4021 575 4087 atque
607 4016 913 4070 clusoriam
962 4021 1142 4071 artem
1196 4014 1329 4087 (29),
1408 4018 1465 4067 et
1524 4009 1800 4082 quicquid

97 4103 413 4175 elegantius
460 4105 519 4159 in
552 4105 885 4176 hujusmodi
945 4110 1065 4159 arte
1114 4104 1437 4174 excogitare
1472 4099 1494 4135 ⁵
1551 4104 1796 4171 poterat,

98 4208 413 4263 numquam
446 4195 772 4264 neglectum
803 4194 1151 4266 patiebatur,
1193 4194 1332 4248 adeo
1389 4196 1454 4245 ut
1506 4205 1569 4243 ex
1620 4193 1801 4244 trans-

97 4282 331 4335 marinis
362 4286 419 4336 et
439 4298 503 4336 ex
536 4283 799 4337 Scotticis
830 4284 997 4349 vasis,
1053 4299 1181 4354 quae
1239 4281 1449 4353 regalis
1508 4275 1795 4349 majestati

96 4370 373 4441 singulari
433 4371 585 4425 dono
647 4371 1057 4426 deferebantur
1106 4370 1380 4442 quicquid
1457 4383 1654 4422 rarum
1708 4366 1796 4418 vel

97 4459 371 4512 eximium
403 4460 705 4529 reperiret,
756 4460 1036 4514 incultum
1090 4459 1337 4513 transire
1391 4474 1507 4511 non
1562 4455 1793 4509 sineret.

96 4546 426 4618 Ingeniosos
470 4564 723 4620 namque
776 4564 987 4620 pueros
1034 4547 1147 4619 (30)
1202 4553 1260 4601 et
1307 4545 1533 4601 eximiae
1584 4540 1797 4596 indolis

1915 3140 2165 3195 namque
2196 3123 2283 3176 sui
2304 3123 2554 3194 impetus
2583 3139 2729 3193 pene
2764 3123 3185 3176 llildenesbeim
3217 3139 3396 3193 nsque
3428 3124 3614 3177 inten-

1912 3214 2133 3277 tabant,
2168 3217 2224 3267 et
2254 3212 2441 3283 ipsum
2475 3218 2735 3265 sanctum
2797 3212 2985 3265 locum
3018 3212 3272 3281 prmdam
3330 3212 3433 3265 sibi
3490 3229 3619 3282 pro-

1913 3301 2235 3355 mittebant.
2288 3301 2487 3355 Divino
2524 3300 2719 3371 itaque
2775 3300 3049 3354 instinctu
3085 3300 3143 3354 in
3196 3306 3453 3354 extremo
3501 3302 3618 3355 fere

1913 3390 2001 3444 sui
2032 3390 2413 3461 episcopatus,
2451 3390 2552 3443 ubi
2600 3389 2842 3444 ﬂumina
2871 3391 3037 3443 Alera
3069 3396 3126 3443 et
3177 3390 3435 3444 Ovokare
3492 3406 3621 3444 con-

1912 3480 2118 3542 ﬂuunt,
2189 3478 2677 3532 munitiunculam
2751 3479 3065 3532 admodum
3142 3478 3428 3532 munitam
3506 3479 3617 3549 (31)

1911 3566 2179 3633 extruxit,
2209 3566 2269 3620 in
2291 3582 2405 3637 qua
2430 3565 2609 3637 copiis
2633 3566 2880 3619 militum
2904 3566 3214 3635 dispositis,
3242 3566 3617 3620 barbarorum

1910 3654 2193 3724 impetum
2229 3654 2465 3724 repulit,
2508 3655 2907 3724 populumque
2940 3653 3040 3707 Dei
3065 3653 3138 3707 ab
3170 3653 3363 3707 hostili
3391 3654 3619 3708 feritate

1909 3742 2193 3797 liberavit.
2248 3741 2349 3796 Dei
2397 3756 2649 3811 namque
2690 3742 2875 3810 gratia
2928 3745 3086 3794 tanta
3141 3741 3418 3795 securitas
3464 3741 3618 3811 pacis

1908 3847 2012 3902 per
2042 3830 2207 3884 illum
2240 3829 2298 3883 in
2338 3829 2477 3883 locis
2506 3829 2619 3882 illis
2650 3830 2917 3883 fidelibus
2946 3828 3271 3882 condonata
3300 3835 3404 3895 est,
3437 3835 3501 3882 ut
3526 3828 3615 3882 ni-

1909 3919 2017 3973 chil
2048 3917 2284 3988 dampni
2312 3918 2400 3971 Vel
2443 3916 2685 3988 periculi
2737 3921 2991 3987 posteaa
3048 3916 3308 3971 barbaris
3347 3923 3615 3987 pateren-

1907 4015 2019 4062 tur.
2073 4008 2188 4062 llac
2242 4005 2525 4061 industria
2573 4005 2783 4060 Christi
2838 4006 3147 4060 sacerdotis
3196 4006 3493 4059 barbarico
3532 4010 3617 4060 tu-

1910 4095 2097 4150 multu
2148 4094 2209 4148 in
2241 4094 2354 4147 illis
2407 4094 2548 4148 locis
2600 4094 2916 4161 eliminato,
2962 4093 3150 4147 acrius
3206 4093 3264 4147 in
3294 4093 3620 4147 circumsita

1910 4184 2031 4237 loca
2089 4183 2391 4237 debacbati
2460 4188 2611 4238 sunt.
2698 4183 2855 4238 Unde
2905 4183 3384 4253 vigilantissimus
3436 4182 3617 4237 divini

1911 4272 2102 4343 gregis
2142 4277 2339 4343 pastor
2386 4278 2523 4343 typo
2582 4272 2813 4339 Christi,
2848 4272 2935 4325 sui
2995 4272 3236 4340 domini,
3278 4272 3617 4326 adversariis

1911 4361 2204 4424 aecclesize,
2239 4362 2498 4415 exultans
2552 4361 2621 4416 ad
2653 4362 2995 4415 currendam
3025 4363 3177 4414 viam
3230 4365 3293 4414 ut
3320 4360 3482 4413 fortis
3513 4376 3615 4430 gy-

1908 4464 2030 4519 gas,
2064 4466 2122 4503 se
2142 4450 2436 4519 opposuit,
2460 4454 2517 4503 et
2541 4450 2601 4503 in
2624 4464 2755 4503 rure
2789 4448 3095 4501 Wirinholt
3117 4447 3230 4516 (32)
3259 4451 3614 4516 nuncupata,

1908 4537 2006 4591 ubi
2038 4538 2327 4592 tutissima
2352 4538 2585 4593 illorum
2648 4536 2817 4592 statio
2842 4536 3048 4602 fuerat,
3082 4535 3230 4589 liber
3255 4550 3485 4606 quoque
3532 4534 3613 4588 la-

1500 4639 1735 4693 VARle
1787 4630 2193 4686 LECTIONES.

166 4713 188 4748 ⁵
218 4714 303 4769 vel
332 4714 524 4786 aliquo
558 4715 902 4787 investigare
923 4712 1137 4768 addunt
1168 4714 1218 4767 3.
1262 4712 1314 4766 4.
1341 4714 1391 4765 5.

1729 4785 1769 4838 I\'
1781 4785 1955 4842 ΟΤΑΞ.

168 4873 274 4943 (28)
316 4874 388 4927 Ex
418 4873 772 4944 librisjussu
802 4873 924 4943 ejus
984 4871 1209 4941 scriptis
1247 4868 1478 4924 missale
1519 4885 1570 4922 a.
1638 4871 1792 4927 1014.

99 4946 294 5002 Biblia.
330 4952 385 4998 et
430 4945 539 4998 tria
568 4945 984 5015 Evangeliaria,
1025 4958 1272 5013 quorum
1324 4957 1503 5015 unum
1552 4957 1605 4994 a.
1660 4944 1787 4997 1011

95 5024 155 5070 et
184 5016 564 5070 Guntbaldum
604 5012 938 5086 scriptorem
984 5012 1235 5085 praefert,
1291 5012 1531 5086 picturis
1593 5022 1797 5068 ornata

92 5088 155 5141 in
184 5087 411 5140 ecclesia
459 5083 768 5158 episcopali
827 5083 1671 5164 Hildeslieimensi“hodieque.
1710 5100 1795 5138 as-

97 5164 415 5221 servantur;
450 5155 611 5211 adest
652 5155 982 5228 praetereaa
1031 5156 1196 5210 Liber
1225 5155 1725 5228 mathematicalis,
1763 5175 1790 5207 ι)

97 5244 210 5299 quo
253 5226 673 5283 Bernwardum'
708 5229 770 5282 in
819 5230 1030 5283 Ottone
1084 5228 1159 5281 ΙΙΙ
1219 5226 1564 5299 instruendo
1623 5241 1791 5299 usum

98 5296 266 5353 fuisse
310 5300 527 5353 dicunt.
596 5300 658 5351 V.
723 5300 888 5353 Kratz
940 5299 1043 5352 der
1110 5299 1256 5351 Dum
1316 5314 1383 5350 zu
1443 5296 1792 5351 Hildesheim

98 5371 333 5437 a.18i0,
375 5373 424 5423 1.
485 5371 554 5435 ll,
598 5386 658 5440 p.
730 5372 987 5423 {Oi-128.
1055 5369 1222 5423 Liber
1276 5368 1623 5423 alchemicus
1679 5384 1793 5422 ste-

96 5441 221 5495 culo
250 5457 355 5511 xvu
384 5442 579 5510 periit,
606 5448 656 5494 t.
691 5442 789 5506 Ill,
826 5444 997 5511 p.11,
1031 5443 1116 5511 12.

191 5510 279 5580 29]
309 5508 505 5565 Artem
540 5528 797 5580 gemmas
827 5508 1071 5566 metallis
1100 5508 1456 5564 includendi.

191 5515 255 5565 29
309 5515 505 5565 Artem
540 5528 797 5580 gemmas
828 5515 1071 5566 metallis
1100 5515 1456 5564 includendi.

164 5515 279 5651 230i
322 5582 744 5638 Candelabrum
810 5584 957 5638 banc
1010 5581 1446 5652 inscriptionem
1505 5578 1788 5650 praefert:

1906 4872 2271 4929 Bernwardus
2328 4871 2531 4939 praesul
2576 4870 2966 4925 candelabrum
3017 4871 3114 4925 hoc
3167 4887 3401 4941 puerum
3457 4889 3614 4929 suum

1903 4947 2082 5013 primo
2121 4944 2285 5011 hujus
2338 4946 2477 4996 artis
2515 4945 2644 5009 ﬂore
2680 4958 2786 4996 non
2837 4958 2972 4996 auro
3019 4959 3124 4996 non
3168 4951 3393 5011 argento
3431 4950 3479 4999 et
3536 4951 3616 4999 ta-

1904 5031 2028 5069 men
2091 5018 2152 5068 ut
2216 5016 2392 5068 cernis
2445 5018 2677 5082 conﬂare
2745 5013 2992 5083 jubebat.
3073 5014 3135 5069 V.
3209 5016 3373 5069 Kratz
3440 5022 3481 5070 t.
3541 5017 3611 5083 Il,

1903 5102 2091 5226 p.83?)
2151 5155 2516 5226 Mundburg;
2569 5154 2637 5208 cf.
2702 5154 2931 5209 IIenrici
3002 5156 3047 5210 ll
3114 5156 3613 5211 confirmationem

1904 5243 1955 5281 ε.
2004 5228 2158 5281 1013.
2194 5227 2389 5297 Origg.
2424 5227 2606 5280 Guelf.
2642 5227 2729 5293 ιν,
2758 5228 2881 5280 435.

1976 5299 2085 5367 (32)
2121 5294 2319 5367 Neque
2342 5294 2647 5367 Wiringen
2678 5313 2865 5367 neque
2900 5296 3233 5351 Warenholz
3288 5312 3407 5350 esse
3457 5294 3611 5350 vide-

1903 5372 2019 5435 tur,
2055 5384 2233 5438 quum
2266 5368 2398 5421 villa
2425 5374 2669 5439 utraque
2698 5369 2934 5421 nonnisi
2969 5369 3151 5421 multo
3182 5374 3308 5439 post
3351 5374 3612 5435 tempore

1903 5440 1974 5492 ab
2014 5437 2265 5492 ecclesiis
2314 5437 2597 5493 matribus
2629 5439 2887 5507 sejuncta
2943 5440 3035 5491 sit.
3090 5437 3406 5491 Varenholz
3462 5440 3611 5491 infra

1904 5510 2136 5565 R'nteln
2158 5526 2274 5565 non
2299 5508 2362 5564 in
2392 5509 2622 5565 dioecesi
2656 5508 2983 5564 Bernwardi
3011 5508 3184 5562 situm
3216 5515 3359 5561 erat.
