4166 6376
603 376 706 432 309

1594 370 2001 429 THANGIARI
2042 370 2474 429 PRESBYTERI
2519 365 3109 426 HlLDESHElNENS.
3986 367 4043 420 4οι

602 498 834 556 trocinii
861 513 1152 568 excursus,
1200 513 1563 571 quocumque
1612 514 1730 552 suae
1786 497 2002 553 fraudis
2058 497 2296 553 insidias
2325 500 2369 553 Α
2409 496 2763 568 persedenda
2796 496 3139 569 putavimus,
3160 510 3233 550 ne
3256 493 3547 551 fastidium
3582 493 3906 567 prolixitate
3941 495 4041 566 inge

606 590 978 657 intentarent,
1011 587 1349 659 presidium
1388 586 1838 641 munitissimum
1871 586 2141 649 instituit,
2191 587 2303 641 fos-

608 679 801 749 sisque
825 693 1221 748 aquarumque
1255 677 1533 731 meatibus
1570 692 1675 746 per
1694 676 1878 729 rivum
1926 674 2305 730 inﬂuentibus

610 766 961 821 tutissimum
1001 766 1271 829 reddidit,
1303 765 1493 835 copias
1520 780 1747 835 quoque
1793 764 2037 817 militum
2069 764 2222 817 victu
2252 769 2308 818 et

612 855 786 908 armis
828 854 1165 924 caeterisque
1220 854 1552 907 necessariis
1604 853 1914 907 instructas
1964 853 2303 907 habundan-

609 942 831 995 tissime
862 942 1177 996 collocavit.
1214 940 1415 995 Divina
1477 940 1670 1010 itaque
1702 941 1889 1011 gratia
1942 941 2305 1011 periculosis-

613 1029 824 1083 simum
854 1028 1042 1083 locum
1068 1029 1164 1082 Dei
1194 1029 1410 1098 populo
1443 1028 1742 1098 paciﬁcum
1786 1029 1917 1082 fecit
1948 1034 2004 1082 et
2035 1030 2310 1099 tranquil-

613 1118 755 1185 lum,
799 1117 861 1171 in
911 1122 1134 1171 tantum
1156 1122 1220 1171 ut
1247 1118 1403 1170 omni
1435 1117 1713 1188 spurcicia
1743 1117 2039 1171 diabolicm
2070 1133 2136 1171 ac
2176 1117 2308 1170 bar-

613 1205 816 1260 barica
880 1205 1097 1260 fraudis
1150 1203 1468 1271 eliminata,
1525 1206 1821 1260 baratrum
1868 1206 2209 1276 irruptionis
2254 1210 2312 1258 et

611 1294 832 1348 hostilis
870 1293 1213 1348 incursionis
1246 1295 1434 1347 locum
1466 1294 1679 1348 faceret
1700 1294 2001 1359 orationis,
2032 1298 2088 1347 et
2109 1310 2309 1347 oracu-

609 1382 728 1436 lum
760 1380 937 1435 sancti
959 1380 1244 1436 Lamberti
1276 1382 1561 1452 pontiﬁcis
1591 1388 1649 1436 et
1689 1383 1942 1437 martiris
2011 1384 2127 1436 Deo
2173 1399 2307 1435 con-

612 1473 874 1536 sacraret,
934 1476 1107 1540 atque
1159 1470 1228 1523 ab
1275 1471 1373 1523 illo
1422 1470 1513 1524 die
1575 1486 1801 1524 summa
1855 1486 1993 1541 pace
2041 1471 2310 1523 (ecclesia:

613 1555 818 1610 Christi
848 1555 1088 1622 reddita,
1118 1557 1188 1610 ab
1219 1557 1381 1611 omni
1412 1558 1606 1611 hostili
1639 1560 1860 1629 impetu
1905 1559 2002 1612 Dei
2058 1560 2311 1628 populus

611 1643 950 1697 vivacissimi
983 1644 1293 1714 provisoris
1324 1645 1604 1700 industria
1646 1647 2003 1717 quietissime
2057 1647 2305 1700 feriaret.

614 1731 721 1785 Pro
750 1730 839 1783 his
868 1736 923 1784 et
952 1733 1170 1785 caeteris
1202 1734 1518 1801 beneﬁciis,
1567 1751 1695 1805 qua:
1730 1735 2093 1788 devotissimo
2121 1736 2308 1787 studio

612 1820 672 1873 in
695 1835 814 1873 rem
841 1820 1129 1890 publicam
1161 1823 1559 1893 populumque
1591 1824 1820 1877 ﬁdelem
1845 1825 2118 1889 exercuit,
2167 1826 2311 1877 mul-

614 1912 804 1962 torum
836 1915 893 1962 et
941 1910 1194 1964 maxime
1242 1911 1569 1982 principum
1611 1913 1667 1966 in
1697 1930 1755 1965 se
1787 1913 2058 1966 invidiam
2091 1918 2145 1966 et
2173 1914 2315 1966 indi-

613 1997 947 2066 gnationem
984 2000 1319 2053 commovit.
1371 2000 1530 2053 Unde
1571 2005 1628 2053 et
1675 2016 1708 2053 a
1755 2001 2079 2070 Magontino
2138 2002 2314 2054 archi-

615 2084 885 2156 episcopo
900 2086 1068 2155 plura
1090 2092 1146 2140 et
1166 2085 1512 2153 miseranda,
1535 2094 1596 2141 ut
1615 2089 1676 2142 in
1698 2090 2072 2159 sequentibus
2091 2090 2314 2159 plenius

614 2172 894 2239 dicemus,
918 2174 1133 2243 apertis
1162 2173 1486 2228 inimiciciis
1525 2192 1829 2247 perpessus
1859 2181 1958 2230 est.
1992 2178 2167 2247 Cujus
2201 2178 2315 2230 ani-

616 2261 947 2315 mositatem
991 2263 1405 2331 patientissime
1449 2263 1657 2331 ferens,
1713 2265 1907 2319 divina
1988 2282 2051 2318 ac
2102 2266 2314 2335 regalia

617 2349 1033 2418 benignissime
1063 2351 1536 2407 amministrabat.

693 2439 746 2493 8.
780 2438 844 2491 Et
872 2438 1002 2492 licet
1032 2440 1197 2509 plura
1236 2440 1644 2510 copiosissimis
1679 2440 1953 2511 impensis
2001 2443 2066 2497 ad
2124 2443 2314 2513 repel-

622 2524 851 2580 lendam
893 2527 1176 2581 sasviciam
1209 2528 1564 2583 barbaricam
1596 2529 1734 2583 foris
1764 2530 2139 2601 impenderet,
2203 2532 2313 2585 dici

621 2617 815 2668 tamen
849 2631 965 2668 non
1018 2622 1222 2686 potest,
1270 2622 1483 2687 quanta
1528 2618 1587 2671 in
1645 2619 1971 2689 episcopatu
2025 2620 2092 2673 ad
2146 2636 2313 2673 usum

620 2718 737 2756 sum
769 2703 1037 2757 ascclesiaa
1062 2706 1322 2759 contulit.
1348 2707 1411 2760 In
1438 2706 1670 2777 praediis
1705 2723 1953 2779 namque
1991 2713 2152 2761 tanta
2179 2725 2314 2761 con-

619 2791 814 2860 gessit,
846 2797 910 2846 ut
937 2792 1175 2863 triginta
1204 2794 1290 2847 vel
1323 2796 1486 2864 plura
1531 2796 1851 2866 praecipuos
1903 2798 2135 2851 curtiles
2184 2814 2315 2851 cum

615 2879 851 2934 litorum
884 2897 949 2934 ac
973 2881 1311 2936 colonorum
1364 2883 1617 2948 familiis,
1671 2884 2005 2938 clarissimis
2058 2886 2315 2939 aediﬁciis

614 2968 1004 3037 praenitentes,
1051 2976 1430 3040 compararet,
1464 2988 1593 3026 cum
1624 2971 1686 3026 in
1732 2973 1859 3025 aliis
1892 2974 2319 3027 innumerabili-

2414 602 2627 641 ramus.
2661 586 2931 641 Sanctum
2980 600 3213 656 quoque
3263 584 3450 639 locum
3485 589 3750 639 nostrum
3815 599 4048 639 murorua

2414 676 2634 730 ambitu
2665 677 2876 730 vallare
2907 690 3131 728 summa
3162 674 3430 727 instantia
3466 689 3792 744 aggressus,
3823 674 4044 744 dispositi

2414 781 2517 835 per
2547 780 2753 835 gyrum
2785 764 3058 828 turribus,
3093 768 3248 815 tanta
3280 763 3582 832 prudentia
3616 780 3763 832 opus
3798 763 4046 817 inchoavit

2417 858 2477 905 ut
2504 853 2705 906 decore
2738 853 2905 904 simul
2932 868 2993 903 ac
3028 850 3372 915 munimine,
3400 850 3556 904 velut
3589 851 3759 904 hodie
3789 856 3960 921 patet,
4012 852 4044 903 si

2419 941 2550 992 mile
2573 940 2652 994 nil
2686 940 2745 993 in
2772 940 2930 993 omni
2960 939 3203 993 Saxonia
3253 938 3531 993 invenias.
3589 939 3874 993 Sacellum
3930 941 4048 993 etiam

2416 1029 2779 1097 splendidum
2820 1028 3001 1094 valde,
3030 1027 3167 1080 foris
3217 1042 3446 1080 murum
3490 1027 3554 1081 in
3616 1027 3838 1081 honore
3875 1027 4047 1081 vivilira

2416 1119 2599 1172 crucis
2642 1116 2937 1171 exstruxit.
3006 1116 3180 1184 Cujus
3244 1120 3418 1169 etiam
3457 1115 3811 1187 aliquantam
3864 1123 4047 1187 partem

2418 1206 2695 1275 largiente
2727 1204 2938 1259 domno
2981 1204 3154 1259 tercio
3197 1204 3405 1259 Ottone
3448 1209 3691 1274 augusto
3744 1205 4048 1275 imperatore

2419 1296 2628 1349 ibidem
2664 1293 2995 1347 clarissimis
3027 1292 3273 1362 gemmis
3293 1308 3549 1362 auroque
3583 1292 3890 1363 purissimo
3925 1294 4048 1345 inclu

2420 1399 2540 1437 sam
2572 1382 2825 1436 condidit
2852 1384 3000 1451 (35);
3034 1382 3129 1435 ubi
3154 1381 3328 1435 etiam
3376 1381 3567 1435 divina
3625 1382 3809 1452 pietas
3863 1382 4046 1451 plurim

2419 1488 2535 1525 sua:
2566 1469 2789 1541 pietatis
2819 1469 3030 1522 indicia
3062 1469 3276 1538 apertis
3308 1468 3607 1537 signorum
3659 1469 3946 1523 miraculis
3996 1486 4047 1539 pe

2420 1560 2687 1613 virtutem
2718 1564 2926 1611 sanctas
2957 1558 3139 1610 crucis
3178 1557 3440 1610 ostendit.

2492 1652 2542 1701 9.
2580 1648 2730 1700 lnter
2753 1662 2879 1717 quae
2935 1646 3074 1700 illud
3110 1647 3364 1711 unicum,
3395 1661 3508 1716 quo
3543 1646 3817 1699 Dominus
3847 1646 4048 1699 antistiti

2422 1736 2600 1788 nostri
2656 1735 3017 1787 devotionem
3075 1733 3358 1787 consolari
3405 1733 3671 1800 dignatus
3715 1738 3820 1801 est,
3867 1734 4047 1786 inserer

2423 1824 2579 1878 libet.
2616 1826 2754 1879 Nam
2792 1823 3130 1876 venerabilis
3179 1822 3435 1892 pontifex
3489 1823 3853 1876 Bernwardus
3891 1823 4048 1875 theca:

2423 1930 2563 1966 auro
2598 1912 2958 1982 gemmisque
3014 1911 3413 1977 lautissimam,
3447 1912 3506 1964 in
3561 1927 3676 1982 qua
3729 1911 3993 1964 viviﬁcum
4027 1913 4048 1963 li

2423 2018 2600 2071 gnum
2635 2001 2973 2064 includeret,
3005 2000 3247 2070 paravit,
3280 2006 3335 2053 et
3364 2016 3494 2053 cum
3525 2016 3586 2053 ex
3610 2000 3793 2053 tribus
3823 2002 4048 2069 particuli

2424 2091 2604 2143 sancti
2636 2089 2777 2159 ligni
2807 2094 3068 2158 quartam
3099 2088 3144 2141 si
3189 2087 3313 2142 ﬁeri
3345 2093 3535 2159 posset
3585 2089 3842 2143 excidere
3873 2095 4048 2156 tempta

2424 2185 2529 2243 ret,
2562 2184 2623 2231 ut
2650 2196 2753 2248 per
2784 2178 3036 2243 singulas
3068 2177 3288 2230 absides
3310 2178 3564 2246 singulas
3596 2177 3865 2229 conderet
3891 2179 4047 2246 portio

2425 2286 2544 2333 nes,
2578 2284 2681 2321 nec
2711 2268 2995 2335 gracilitas
3027 2266 3112 2319 vel
3142 2266 3390 2335 parvitas
3413 2281 3796 2344 .quacumque
3843 2281 3903 2318 ex
3942 2281 4045 2316 caus

2424 2356 2730 2409 sectionem
2762 2356 3111 2420 admitteret,
3157 2370 3286 2408 cum
3317 2354 3716 2407 devotissimus
3744 2353 3838 2409 Dei
3870 2353 4048 2406 {amulo

2423 2445 2615 2498 animo
2648 2446 2977 2497 fluctuaret:
3011 2460 3139 2496 ecce
3172 2443 3358 2495 subito
3395 2442 3545 2496 inter
3574 2458 3777 2495 manus
3818 2442 3982 2512 ipsius
4003 2457 4047 2492 ar

2424 2534 2618 2586 tistitis
2649 2539 2852 2603 quarta
2879 2533 3155 2601 particula
3177 2531 3539 2585 sacratissimi
3576 2531 3717 2601 ligni
3745 2532 3989 2601 angelico
4036 2546 4047 2579 i

2423 2622 2678 2674 creditur
2700 2620 3019 2673 ministerio
3052 2620 3239 2673 delata
3268 2619 3551 2690 apparuit.
3601 2620 3723 2673 on
3757 2619 3927 2688 igitur
3964 2633 4047 2687 pra

2424 2711 2509 2762 sul
2544 2710 2708 2763 laetus
2732 2710 2951 2775 lignum
2986 2716 3244 2761 sanctum
3278 2724 3380 2779 per
3425 2716 3675 2779 quatuor
3703 2707 3916 2761 absides
3948 2721 4048 2776 pari

2425 2800 2527 2853 vit.
2568 2799 2611 2851 0
2644 2799 2845 2868 quanti
2870 2798 3003 2850 inde
3024 2802 3285 2866 potantes
3305 2796 3570 2850 ardorem
3604 2796 4048 2850 vehementissimi

2422 2886 2597 2940 febris
2644 2885 2851 2953 sumius
2909 2885 3115 2937 virtute
3164 2889 3373 2937 sanctas
3421 2884 3603 2937 crucis
3660 2882 4048 2953 restinguebanl

2425 2974 2756 3029 Multociens
2795 2973 3058 3025 obortam
3122 2972 3269 3025 aeris
3318 2972 3704 3042 inaequalitate
3734 2972 4048 3041 pestilentiai

614 3054 721 3109 bus
752 3056 887 3110 locis
921 3058 1116 3112 decem
1150 3075 1382 3113 mansos
1410 3061 1496 3114 vel
1527 3066 1673 3127 octo,
1709 3066 1805 3115 aut
1833 3062 1962 3132 plus
1991 3067 2089 3116 aut
2123 3062 2313 3116 minus
2348 3062 2387 3118 C
2426 3064 2622 3117 ﬁdeles
2650 3062 2757 3114 hoc
2778 3062 2998 3114 viviﬁco
3032 3061 3186 3130 ligno
3212 3078 3269 3113 se
3328 3077 3544 3132 suaque
3599 3060 3897 3115 lustrantes
3948 3059 4048 3111 seda

614 3150 791 3213 prout
818 3161 984 3199 causa
1017 3145 1320 3213 acciderat,
1379 3147 1440 3202 in
1480 3149 1899 3219 possessionem
1955 3167 2073 3204 sua:
2129 3152 2317 3204 (eccle-

617 3231 717 3284 sias
738 3233 1018 3286 conferret
1048 3234 1204 3305 (32').
1248 3236 1504 3307 Antiqua
1532 3238 1745 3308 quippe
1790 3239 1911 3293 loca
1944 3239 2013 3293 ab
2061 3246 2313 3294 anteces-

620 3318 847 3374 soribus
878 3321 997 3374 suis
1022 3338 1298 3392 possessa,
1332 3341 1462 3395 qua:
1503 3325 1598 3380 ille
1630 3327 1844 3381 inculta
1897 3330 2134 3398 reperit,
2173 3333 2316 3400 opti-

620 3407 733 3460 mis
763 3408 1020 3462 aediﬁciis
1040 3410 1410 3480 collustravit,
1434 3412 1585 3467 inter
1610 3431 1737 3485 quas
1768 3417 2031 3486 quaedam
2092 3418 2315 3488 elegan-

620 3495 756 3550 tiori
787 3502 1034 3551 scemate
1066 3499 1195 3552 albo
1223 3515 1288 3553 ac
1314 3502 1488 3555 rubro
1522 3502 1708 3572 lapide
1735 3504 2151 3571 intermiscens,
2188 3523 2313 3561 mu-

622 3584 741 3638 siva
788 3585 1013 3655 pictura
1069 3587 1223 3641 varia
1306 3590 1764 3659 pulcherrimum
1823 3610 1968 3664 opus
2041 3594 2310 3650 reddidit.

620 3673 765 3738 Quid
787 3674 994 3741 dicam,
1024 3691 1139 3746 quo
1169 3677 1361 3731 studio
1393 3680 1479 3733 vel
1535 3680 1751 3735 ambitu
1808 3687 2071 3736 sanctum
2124 3684 2310 3738 locum

619 3768 879 3818 nostrum
932 3765 1019 3818 vel
1093 3765 1469 3837 principalem
1534 3769 1847 3823 ecclesiam
1902 3770 2310 3838 nobilitaverit,

618 3864 750 3904 cum
783 3866 842 3903 se
873 3851 1060 3920 ipsum
1082 3859 1141 3907 et
1184 3859 1388 3908 cuncta
1413 3872 1541 3925 quas
1582 3857 1795 3911 habere
1833 3858 2024 3927 potuit
2074 3859 2133 3913 in
2189 3862 2313 3928 ejus

617 3953 788 3993 usum
816 3939 1103 4009 impertiri
1132 3942 1428 3999 maluerit.
1464 3946 1768 3999 Testantur
1797 3948 1920 4016 ejus
1958 3962 2134 4017 opera
2181 3950 2311 4018 (33),

620 4041 753 4096 quas
784 4025 977 4080 futuro
1008 4044 1131 4081 aevo
1160 4028 1320 4098 pium
1348 4030 1499 4085 illius
1528 4032 1704 4086 animi
1733 4038 1928 4089 votum
1959 4037 2171 4106 apertis
2222 4038 2303 4091 lo-

618 4119 829 4167 cuntur
860 4114 958 4177 (34)
993 4115 1234 4171 indiciis.
1280 4119 1579 4174 Ecclesiam
1625 4137 1872 4194 namque
1903 4124 2051 4178 miro
2122 4126 2311 4180 studio

621 4200 893 4255 decorare
920 4203 1190 4258 ardenter
1225 4205 1489 4262 instabat.
1526 4209 1682 4263 Unde
1712 4212 1995 4281 exquisita
2029 4228 2091 4265 ac
2126 4214 2310 4269 lucida

614 4288 902 4359 picturam
933 4294 1049 4346 tam
1097 4293 1344 4363 parietes
1400 4312 1574 4366 quam
1629 4298 1919 4368 laquearia
1974 4302 2305 4366 exornabat,

616 4382 681 4432 ut
708 4394 773 4432 ex
804 4381 979 4433 veteri
1006 4398 1211 4435 novam
1243 4388 1489 4454 putares.
1532 4386 1688 4440 Fecit
1717 4392 1773 4440 et
1801 4387 1872 4441 ad
1924 4389 2305 4459 sollempnem

609 4467 1031 4536 processionem
1062 4470 1124 4524 in
1157 4472 1462 4541 precipuis
1492 4472 1651 4527 festis
1697 4476 1997 4543 evangelia
2052 4492 2191 4529 auro
2251 4482 2308 4530 et

609 4555 854 4624 gemmis
886 4557 1222 4627 clarissima,
1255 4560 1711 4616 thimiamateria
1766 4579 1999 4635 quoque
2029 4564 2205 4633 precii
2249 4569 2308 4619 et

608 4645 876 4714 ponderis
913 4648 1225 4717 magniﬁci,
1294 4651 1498 4705 calices
1528 4651 1942 4705 nichilominus
1993 4653 2205 4723 plures,
2249 4658 2308 4708 et.

607 4746 784 4786 unum
817 4749 883 4787 ex
912 4736 1206 4802 onichino,
1238 4738 1485 4793 alterum
1526 4755 1661 4793 vero
1713 4738 2094 4794 cristallinum
2155 4742 2305 4795 mira

608 4818 885 4876 industria
914 4824 1259 4895 composuit.
1292 4826 1490 4880 Adhuc
1547 4833 1737 4882 autem
1799 4844 1979 4884 unum
2035 4844 2299 4884 aureum.

607 4908 889 4965 valentem
914 4911 1089 4966 libras
1138 4912 1342 4983 viginti
1385 4914 1603 4985 publici
1644 4916 1934 4985 ponderis,
1966 4934 2030 4972 ex
2063 4918 2303 4987 purissi-

604 5011 701 5050 mo
732 5014 870 5053 auro
900 4999 962 5053 in
991 5017 1161 5054 usum
1198 5001 1504 5056 ministerii
1525 5005 1807 5059 conflavit.
1852 5007 2129 5061 Coronam
2161 5024 2303 5078 quo-

603 5100 714 5155 que
741 5093 981 5157 argento
1001 5104 1260 5159 auroque
1317 5090 1640 5147 radiantem
1676 5093 1838 5146 mirae
1886 5095 2301 5165 magnitudinis

603 5173 662 5227 in
689 5174 830 5229 facie
859 5177 1062 5248 templi
1092 5178 1410 5247 suspendit,
1443 5185 1500 5233 et
1547 5181 1661 5234 alia
1684 5182 1958 5252 perplura
2011 5199 2162 5254 qum,
2202 5202 2298 5237 su-

2423 3156 2647 3203 verunt.
2684 3149 2928 3203 Nimiam
2975 3149 3148 3202 etiam
3203 3149 3535 3217 siccitatem,
3576 3150 3794 3220 prolato
3822 3148 3881 3203 in
3919 3146 4048 3218 publi

2424 3256 2552 3293 cum
2588 3240 2693 3293 hoc
2734 3239 3009 3307 singulari
3036 3239 3215 3305 ligno,
3249 3255 3347 3291 ceu
3372 3238 3577 3309 pluviis
3606 3239 3967 3308 imperantes,
4012 3251 4045 3288 τι

2424 3327 2699 3397 pulimus,
2731 3329 3024 3397 multaque
3047 3328 3254 3380 virtute
3275 3327 3445 3397 hujus
3480 3326 3815 3380 sanctissimi
3836 3325 4045 3393 triumpl

2424 3416 2572 3470 ﬁunt
2629 3416 2941 3469 cottidiana
3000 3416 3258 3469 remedia
3326 3416 3467 3470 dum
3551 3416 3793 3487 quisque
3867 3428 4045 3468 moeret

2424 3504 2502 3557 ibi
2525 3510 2865 3575 prostratus,
2901 3509 3169 3575 prompta
3200 3504 3441 3574 percipit
3468 3505 3690 3558 solatia.

2500 3596 2580 3647 l0.
2616 3594 2807 3663 Ipsum
2840 3610 2972 3647 vero
3005 3594 3275 3647 sacellum
3317 3598 3525 3646 sanctas
3565 3593 3765 3659 crucis,
3808 3591 3959 3646 vario
4002 3590 4046 3643 de

2424 3699 2552 3735 core
2605 3682 2940 3752 perfectum,
2989 3682 3267 3735 dedicavit
3309 3697 3360 3735 iv
3400 3681 3529 3735 ldus
3556 3680 3922 3751 Septembris,
3956 3694 4046 3732 ann

2426 3770 2837 3824 incarnationis
2866 3770 3173 3825 Dominica:
3206 3772 3329 3835 996,
3364 3769 3677 3824 indictione
3705 3772 3758 3835 9,
3791 3768 3946 3839 regni
3974 3780 4046 3817 ver

2425 3858 2819 3929 gloriosissimi
2887 3859 3049 3913 tercii
3095 3859 3318 3913 Ottonis
3366 3857 3730 3929 imperatoris
3780 3860 3862 3923 l3,
3891 3858 4046 3925 imper

2423 3947 2633 4018 primo,
2684 3947 3061 4001 ordinationis
3110 3953 3301 4000 autem
3342 3963 3457 4000 suae
3497 3950 3743 4017 quarto;
3812 3946 4046 4011 locumqu

2422 4036 2711 4106 quondam
2737 4036 2924 4087 dumis
2956 4042 3011 4089 et
3028 4036 3296 4105 vepribus
3324 4035 3648 4101 horridum,
3680 4034 3881 4088 vicinis
3914 4034 4036 4086 incol

2420 4155 2487 4162 —
2519 4125 2700 4194 gloria
2756 4124 2883 4190 tibi,
2944 4124 3192 4180 Christe!
3251 4140 3413 4177 —-ex
3463 4124 3575 4177 tuis
3616 4124 3762 4177 datis
3818 4122 4040 4192 baptism

2421 4214 2752 4283 sepulturae,
2775 4214 3059 4267 unctionis
3090 4213 3223 4267 fecit
3252 4220 3530 4267 aeternum
3560 4212 3849 4266 solatium.

2496 4305 2579 4356 lt.
2615 4303 2723 4356 Pro
2754 4302 2966 4355 talibus
3000 4302 3180 4369 igitur
3206 4302 3447 4372 aliisque
3482 4302 3591 4372 pias
3619 4300 3935 4355 devotionis
3964 4296 4044 4351 acti

2418 4389 2546 4455 bus,
2597 4391 2804 4461 quibus
2854 4390 2921 4444 ad
2955 4391 3217 4445 mcclesiaz
3249 4391 3553 4445 utilitatem
3583 4389 3741 4444 omni
3773 4389 3897 4443 nisu
3943 4400 4044 4441 men

2413 4479 2487 4533 tis
2530 4484 2585 4533 et
2640 4479 2897 4550 corporis
2948 4479 3274 4545 insudabat,
3322 4485 3438 4534 tam
3487 4479 3600 4533 Deo
3655 4478 3812 4533 cordi
3863 4475 4044 4531 interiu

2412 4568 2763 4639 praesidenti,
2797 4584 2970 4639 quam
2999 4569 3269 4622 (Pcclesiae
3309 4568 3499 4638 operis
3539 4566 3806 4621 allectum
3860 4565 4044 4620 exteriu

2414 4657 2775 4727 approbanti,
2830 4658 3009 4711 felicis
3080 4657 3373 4711 memorim
3429 4657 3634 4728 praesul
3682 4654 4044 4726 acceptissima

2412 4751 2567 4813 erat;
2599 4751 2654 4801 et
2706 4746 2835 4800 ideo
2878 4763 3235 4817 consequens
3299 4746 3427 4808 fuit,
3489 4751 3553 4799 ut
3606 4746 3694 4799 vir
3740 4747 3956 4809 beatus,
3985 4740 4043 4795 cui

2411 4831 2556 4884 sicut
2584 4831 2654 4885 de
2688 4837 2881 4885 sancto
2899 4832 3005 4885 Job
3038 4833 3251 4902 legitur
3278 4832 3409 4899 (Job
3440 4848 3478 4895 ι,
3529 4832 3605 4902 8),
3640 4835 3777 4885 tunc
3831 4837 4041 4900 temporl

2410 4918 2468 4973 in
2508 4924 2661 4973 terra
2688 4919 2893 4973 similis
2935 4936 3051 4974 non
3108 4922 3282 4974 fuisse
3341 4925 3593 4992 putatur,
3652 4936 3757 4991 per
3784 4916 4042 4991 temptatit

2412 5007 2501 5060 nis
2543 5007 2929 5075 incommoda,
2991 5009 3136 5063 sicut
3185 5009 3430 5063 aliarum
3478 5009 3758 5063 virtutum
3808 5009 3889 5062 ita
3930 5007 4042 5060 etis!

2408 5095 2751 5150 humilitatis
2780 5103 2838 5151 et
2867 5098 3159 5168 patientia:
3211 5099 3521 5168 praeconio,
3574 5098 3852 5152 mirabilis
3891 5102 4042 5150 cuncti

2408 5185 2823 5240 ostenderetur.
2881 5190 3049 5241 Anno
3103 5188 3297 5258 itaque
3346 5187 3729 5242 ordinationis
3784 5203 3901 5242 suc
3942 5190 4041 5238 octa

2232 5263 2456 5318 NOTAS.

667 5334 915 5412 (32")Cf.
951 5336 1272 5412 Dernwardi
1325 5336 1585 5412 chartam
1631 5337 1955 5393 donationis
2001 5356 2107 5412 pro
2159 5359 2284 5398 mo-

602 5405 846 5457 nasterio
877 5405 928 5458 S.
967 5405 1252 5460 Michaelis
1273 5408 1507 5462 editam.

670 5472 795 5551 (3_3)_
832 5474 1148 5551 $upersunt
1202 5494 1337 5532 crux
1384 5495 1578 5544 aurea,
1636 5496 1770 5535 crux
1830 5486 2123 5551 argentea,
2176 5483 2289 5537 duo

601 5542 952 5615 candelabra:
981 5545 1247 5601 columna
1295 5565 1465 5615 aerea,
1498 5542 1759 5605 et'valvae
1816 5542 1982 5606 teram
2038 5542 2288 5608 ecclesiae

600 5612 963 5669 cathedralis.
1001 5615 1141 5671 Crux
1169 5620 1279 5674 alia
1328 5612 1648 5692 Heiningze,
1697 5628 1906 5693 patena
1936 5624 2286 5679 Hannoverse

2396 5344 2756 5401 adversatur.
2796 5346 2874 5399 De
2901 5345 3030 5399 aliis
3057 5344 3369 5415 deperditis
3400 5362 3453 5401 v.
3508 5347 3678 5400 Kratz
3705 5345 3742 5400 l.
3776 5362 3849 5413 c.,
3899 5361 3952 5414 p.
3998 5342 4042 5394 38

2471 5419 2524 5480 (3
2538 5417 2583 5479 i)
2616 5417 2674 5469 ld
2703 5423 2787 5469 est
2804 5417 3139 5487 loquuntur.

2470 5488 2582 5553 (35)
2615 5487 2760 5541 Crux
2791 5480 2898 5542 ista
2919 5487 3087 5542 hodie
3116 5488 3176 5541 in
3226 5487 3461 5541 ecclesia
3485 5487 3542 5541 S.
3592 5486 3938 5557 Magdalente
3987 5480 4038 5535 ad

2397 5562 2676 5611 servatur.
