3968 6414
48 387 129 437 101
1445 387 1604 440 νιΤΑ

1445 387 1604 440 νιΤΑ
1645 389 1698 441 S.
1748 390 1931 444 BERN
1944 390 2172 445 WARDI

3465 400 3570 453 402

20 524 100 561 -ςνο
136 514 251 572 (an.
313 508 492 579 1000),
544 507 814 578 gravibus
870 507 1297 562 insecutionum
1338 509 1615 563 molestiis
1647 527 1748 580 pro
1777 518 1822 566 Α
1862 512 2039 568 tiente
2070 513 2213 568 duce
2261 514 2535 568 fabricam
2592 516 2923 570 monasterii
2970 518 3179 588 majori
3226 519 3446 574 ambitu
3479 521 3568 575 in-

37 596 334 650 territorio
395 596 984 665 Gaudenesheimensi
1042 598 1113 651 ab
1151 596 1583 669 archiepiscopo
1616 600 1752 653 Wil-

36 686 217 756 legiso
273 688 446 757 plane
478 692 676 741 contra
706 687 1136 741 acclesiasticas
1167 688 1486 742 sanctiones
1516 690 1749 760 impeti-

36 780 148 840 tur,
185 776 285 829 sed
314 776 395 829 eis
438 777 677 831 minime
710 794 743 830 a
774 778 953 831 solita
1004 777 1345 831 humilitatis
1376 786 1432 832 et
1462 778 1752 849 patientia

34 862 225 916 tenaci
259 863 625 918 observantia
673 871 951 919 movetur.
1014 866 1108 920 His
1149 870 1365 933 tamen,
1402 884 1530 939 qua
1561 868 1753 921 archi-

34 952 347 1023 episcopus
402 968 520 1006 non
555 958 671 1006 tam
710 954 875 1023 justa
912 955 1151 1007 rationis
1205 956 1540 1009 executione
1578 971 1753 1026 quam

34 1041 235 1096 libera
302 1042 600 1110 potestatis
650 1043 1109 1113 prasumptione
1156 1044 1536 1114 attemptabat
1560 1048 1749 1097 aucto-

14 1130 225 1183 Titatis
256 1131 598 1195 constantia,
651 1147 767 1184 non
825 1131 1166 1185 temeritatis
1213 1132 1471 1200 audacia,
1539 1132 1753 1204 sagacis

34 1218 262 1288 ingenii
320 1220 407 1272 vir
492 1220 777 1285 obviabat,
840 1225 895 1273 et
951 1220 1267 1273 secundum
1346 1221 1487 1275 illud
1557 1221 1748 1276 Pauli:

34 1306 315 1369 Quamdiu
364 1310 605 1375 gentium
663 1309 939 1377 apostolus
996 1324 1134 1373 sum,
1169 1312 1532 1364 ministerium
1578 1326 1753 1364 meum

34 1396 402 1464 honoriﬁcabo
462 1397 633 1467 (Rom.
701 1414 774 1463 χι,
858 1400 964 1463 13),
1024 1398 1399 1469 quoadusque
1480 1400 1750 1453 acelesia

33 1483 249 1537 Christi
280 1484 524 1554 pastoris
579 1484 698 1539 vice
731 1485 979 1554 prafuit,
1016 1486 1375 1556 episcopatus
1413 1488 1499 1539 sui
1534 1488 1663 1558 jura
1692 1488 1750 1542 in

32 1572 263 1642 proprii
300 1572 537 1626 honoris
577 1578 725 1627 statu
751 1574 1076 1628 conservari
1109 1590 1333 1628 summa
1365 1575 1749 1630 sollicitudine

30 1661 392 1729 procuravit,
448 1663 602 1732 quod
635 1666 690 1715 et
724 1663 835 1715 Deo
886 1667 1198 1730 annuente,
1258 1664 1538 1717 laboriose
1592 1664 1745 1731 licet,

12 1750 307 1803 ’obtinuit.
365 1750 473 1805 Sed
511 1767 580 1804 ne
614 1750 819 1804 similis
848 1752 1234 1806 controversia
1277 1753 1345 1806 de
1366 1752 1491 1822 ipsa
1525 1753 1747 1807 Gande-

34 1838 428 1893 nesheimensi
498 1839 750 1893 acclesia
818 1841 1188 1911 postmodum
1258 1842 1443 1894 valeat
1511 1840 1744 1910 oboriri,

36 1944 273 1981 omnem
308 1928 737 1999 disceptationis
786 1930 1046 1983 ordinem
1106 1930 1256 1983 inter
1297 1930 1749 2000 Mogontieusem

37 2017 354 2069 antistitem
411 2022 466 2070 et
515 2017 902 2071 venerabilem
959 2017 1148 2071 virum
1201 2018 1482 2071 domuum
1541 2021 1562 2053 ⁶
1614 2020 1747 2093 Der-

35 2105 338 2159 nwardum
391 2105 482 2159 hic
535 2104 788 2159 inserere
831 2107 1199 2160 commodum
1262 2106 1417 2162 duxi.
1479 2107 1749 2161 Necessa-

36 2194 187 2247 rium
216 2198 413 2247 autem
466 2210 597 2247 reor
654 2195 760 2248 ista
794 2195 968 2265 paulo
1006 2195 1177 2248 altius
1204 2191 1533 2266 indagando
1559 2205 1748 2266 'repe-

15 2286 150 2355 .tere
205 2282 366 2353 quod
407 2288 601 2336 tamen
660 2283 858 2337 lectori
890 2283 1129 2337 minime
1159 2284 1331 2338 debet
1358 2300 1479 2338 esse
1540 2300 1747 2337 onero-

36 2386 183 2433 sum,
218 2371 358 2442 quia
412 2370 655 2441 posteris
709 2372 944 2426 fortasse
996 2372 1055 2426 in
1086 2372 1285 2425 multis
1341 2370 1742 2443 erit-profutu-

39 2476 183 2514 rum.
1224 2504 1227 2507 ,

105 2552 188 2601 12.
221 2547 605 2602 Territorium
641 2547 1258 2613 Gandenesheimense,
1284 2548 1459 2602 situm
1494 2548 1553 2601 in
1596 2563 1745 2617 pago

41 2636 309 2704 Flenithi,
370 2652 501 2690 cum
566 2636 957 2707 adjacentibus
1015 2636 1164 2689 villis
1226 2637 1295 2690 ad
1354 2636 1746 2706 provisionem

39 2725 703 2780 llildenesheimensium
759 2724 1181 2795 episcoporum,
1237 2741 1302 2778 ex
1347 2742 1461 2795 quo
1492 2725 1748 2795 primum

33 2814 327 2884 episcopia
376 2830 478 2884 per
532 2813 840 2868 Saxoniam
872 2813 1274 2868 disterminata
1315 2819 1465 2881 sunt,
1525 2817 1747 2866 certum

36 2908 117 2957 est
164 2902 480 2973 pertinere.
539 2902 699 2966 Quod
769 2918 834 2956 ex
866 2902 974 2955 hoc
1022 2902 1235 2956 cunctis
1280 2902 1422 2955 scire
1459 2900 1746 2971 cupienti-

37 2991 139 3045 bus
171 2989 399 3060 liquido
431 2995 687 3060 apparet,
724 2990 861 3060 quia
889 2990 959 3043 ab
1005 2989 1131 3061 ipso
1190 2989 1473 3060 principio
1504 2990 1747 3043 novella

41 3078 485 3135 Christianitatis
550 3083 761 3132 nostra
805 3079 1014 3148 gentis,
1074 3078 1249 3133 etiam
1308 3084 1439 3132 ante
1488 3083 1741 3132 constru-
1778 3076 1818 3130 C

38 3169 283 3222 ctionem
315 3166 539 3238 prafati
573 3166 926 3231 monasterii,
951 3167 1019 3221 ad
1051 3183 1247 3221 curam
1280 3168 1457 3221 nostri
1491 3167 1742 3238 episcopi

38 3257 387 3326 pertinebat.
449 3255 827 3326 Temporibus
870 3272 1121 3327 namque
1180 3257 1376 3310 domui
1423 3259 1444 3291 τ
1492 3256 1741 3322 Altfridi,

40 3347 134 3416 qui
164 3349 407 3417 quartus
451 3349 661 3398 nostra
714 3345 980 3398 acclesia
1015 3344 1251 3399 antistes
1282 3345 1484 3411 extitit,
1516 3344 1743 3400 Liudol-

34 3436 117 3488 fus
157 3435 276 3488 dux
305 3450 437 3487 cum
470 3433 740 3503 religiosa
787 3434 1089 3487 contectali
1120 3431 1143 3467 ⁸
1198 3450 1301 3487 sua
1350 3434 1491 3499 Oda,
1534 3449 1745 3503 magno

38 3523 218 3577 studio
288 3521 351 3576 in
398 3522 594 3576 divino
648 3522 807 3576 cultu
848 3521 1090 3586 accensi,
1141 3521 1381 3575 consilio
1427 3521 1743 3591 prascripti

39 3612 316 3665 antistitis
351 3613 596 3665 Romam
652 3610 922 3681 perrexit,
978 3609 1175 3681 ibique
1215 3627 1248 3663 a
1298 3610 1509 3663 domno
1550 3609 1746 3679 Sergio

12 3704 182 3771 'papa
229 3700 541 3770 magniﬁce
575 3699 853 3767 suscepti;
904 3704 960 3753 et
1018 3715 1149 3752 cum
1189 3702 1388 3752 votum
1416 3698 1647 3751 illorum
1686 3698 1748 3751 in

48 3788 255 3842 divinis
292 3788 548 3858 agnovit,
581 3787 729 3841 datis
782 3786 1042 3858 reliquiis
1076 3794 1400 3841 sanctorum
1432 3786 1747 3856 prasulum

42 3877 325 3931 Anastasii
350 3882 409 3931 et
443 3875 758 3931 Innocentii
807 3892 938 3929 cum
981 3875 1383 3929 benedictione
1423 3892 1455 3928 a
1489 3890 1547 3929 se
1578 3874 1746 3929 dimi-

44 3966 131 4020 sit.
195 3966 282 4021 Ad
335 3965 585 4035 patriam
648 3964 843 4035 itaque
918 3963 1020 4018 Dei
1089 3963 1274 4034 gratia
1350 3962 1749 4033 pervenientes

48 4055 285 4109 consilio
360 4054 561 4107 domui
628 4053 859 4107 Altfridi
913 4052 1239 4107 coenobium
1297 4051 1586 4122 virginum
1647 4051 1749 4105 Dei

48 4142 230 4213 primo
283 4142 775 4196 Brunesteshusen
829 4142 1245 4205 adunaverunt,
1296 4140 1477 4193 ﬁliam
1519 4156 1749 4211 quoque

47 4247 206 4285 suam
238 4232 509 4286 domnam
574 4230 1021 4295 Hathumodam,
1080 4228 1385 4283 duodecim
1443 4244 1623 4283 annos
1653 4228 1751 4282 ba-

12 4308 13 4313 “
45 4319 298 4387 bentem,
361 4319 597 4388 prafato
654 4319 923 4390 episcopo
979 4320 1039 4371 in
1071 4317 1331 4389 regimen
1367 4316 1751 4371 iutromitten-
1776 4358 1819 4410 Β

47 4408 174 4462 dam
224 4408 683 4477 assignaverunt,
744 4423 897 4461 anno
960 4407 1269 4461 Dominica
1339 4405 1749 4460 incarnationis

55 4500 154 4551 852
185 4496 281 4565 (cf.
315 4500 465 4550 Ann.
496 4496 744 4563 Quedl.),
779 4495 1012 4551 Rabano
1042 4496 1351 4565 Mogoncia
1384 4494 1748 4565 prasidente,

49 4600 275 4639 omnem
307 4590 503 4639 autem
528 4584 911 4655 provisionem
944 4584 1201 4656 pradicti
1249 4583 1357 4638 lOei
1386 4582 1410 4617 9
1441 4588 1497 4637 et
1516 4598 1753 4653 congre-

49 4673 296 4742 gationis
328 4674 538 4727 domno
569 4674 813 4728 Altfrido
870 4672 1305 4727 commiserunt.
1355 4670 1515 4725 Unde
1558 4672 1751 4726 evolu-

50 4762 119 4814 tis
149 4762 373 4833 aliquot
402 4762 587 4827 annis,
640 4762 850 4817 Karolo
902 4762 1136 4817 Rabano
1186 4759 1547 4825 succedente,
1602 4775 1753 4813 anno

12 4850 361 4919 ,singularis
436 4850 750 4904 nativitatis
813 4850 1021 4905 Christi
1100 4852 1223 4917 856,
1275 4846 1599 4919 auspicatus
1673 4851 1759 4901 est

48 4938 168 5009 ipse
198 4939 512 5010 quemdam
545 4940 734 4993 locum
768 4954 941 5009 super
986 4938 1224 4994 fluvium
1255 4937 1485 5004 Ganda,
1526 4952 1698 5007 quem
1726 4953 1759 4990 a

54 5028 225 5082 ﬂuvio
275 5028 734 5083 Gandenesheim
776 5026 824 5065 ¹⁰
875 5026 1227 5081 nominavit:
1284 5025 1479 5096 ibique
1527 5040 1760 5079 consen-

1862 602 2107 669 choavit,
2145 602 2452 657 Liudberto
2502 604 2834 674 Mogontino
2888 605 3166 660 existente
3203 608 3244 644 ¹¹
3277 608 3571 679 episcopo,

1863 690 1962 760 qui
2043 695 2169 762 post
2247 692 2521 745 Karolum
2600 693 2961 747 subintravit.
3059 695 3238 750 Locus
3318 713 3571 768 namque

1863 782 2158 849 pratorum
2233 796 2294 833 ac
2357 796 2659 833 nemorum
2714 782 3041 837 amanitate
3116 785 3321 853 aptior,
3392 786 3571 840 tutior

1863 882 2097 938 quoque
2166 867 2439 922 silvarum
2493 869 2774 923 densitate
2805 886 2870 924 ac
2906 872 3149 942 palustri
3190 874 3466 928 munitate
3497 874 3570 929 ad

1862 956 2275 1010 habitationem
2335 958 2461 1029 Deo
2501 958 2877 1013 militantium
2932 960 3085 1014 visus
3135 966 3239 1015 est.
3306 963 3570 1018 Defuncti

1861 1042 2058 1115 itaque
2116 1050 2249 1099 sunt
2313 1050 2444 1099 ante
2498 1052 2953 1101 consummatam
3011 1049 3285 1103 fabricam
3343 1051 3568 1105 Gande-

1861 1132 2276 1188 nesheimensis
2307 1133 2353 1171 ¹²
2408 1135 2680 1189 acclesia
2731 1141 2783 1190 et
2831 1136 2946 1190 dux
3002 1154 3067 1190 ac
3102 1138 3313 1192 domna
3345 1140 3570 1195 Hathu-

1862 1222 1997 1277 mod
2032 1223 2095 1289 “,
2130 1222 2453 1293 sepultique
2485 1223 2546 1277 in
2587 1224 2824 1295 antiqua
2855 1225 3109 1279 acclesia
3162 1228 3570 1283 Brunesteshu-

1861 1328 1963 1365 sen
1990 1312 2054 1377 ίι,
2087 1311 2388 1382 positaque
2416 1311 2475 1365 in
2507 1312 2768 1381 regimen
2789 1313 3002 1366 domna
3032 1314 3339 1384 Gerburgis
3365 1313 3409 1353 ¹⁸
3440 1317 3566 1387 pri-

1862 1399 2039 1466 ma”,
2065 1416 2227 1453 soror
2252 1400 2480 1453 domna
2511 1400 2835 1455 Hathumod
2870 1400 2933 1467 ‘7,
2979 1402 3223 1455 Altfrido
3255 1404 3567 1459 venerabili

1861 1488 2131 1559 episcopo
2189 1488 2496 1554 mediante,
2537 1488 2846 1543 Liudberto
2900 1506 3130 1560 quoque
3163 1490 3209 1526 ¹⁸
3240 1491 3566 1561 Mogontino

1861 1576 2309 1647 archiepiscopo,
2360 1577 2460 1647 qui
2490 1577 2700 1631 Karolo
2750 1578 3037 1632 successit.
3088 1579 3199 1632 Nec
3225 1580 3405 1633 multo
3436 1586 3569 1653 post

1862 1665 2123 1731 decessit,
2156 1665 2390 1718 biennio
2448 1670 2674 1719 tantum
2731 1682 2987 1731 emenso,
3024 1667 3365 1720 venerabilis
3395 1666 3567 1723 dom-

1862 1770 1968 1807 nus
2000 1754 2302 1807 Altfridus.
2344 1754 2615 1809 Consedit
2665 1758 2858 1807 autem
2906 1770 3036 1808 cum
3067 1755 3411 1825 Mogontinis
3443 1757 3566 1827 epi-

1860 1843 2064 1913 scopis,
2125 1842 2359 1896 Rabano
2419 1839 2484 1907 *9,
2519 1842 2751 1910 Karolo,
2799 1851 2857 1896 et
2887 1843 3190 1898 duodecim
3223 1860 3403 1898 annos
3432 1862 3563 1900 cum

1859 1930 2188 1985 Liudberto.
2216 1930 2621 1984 Consummata
2645 1946 2873 2003 quoque
2897 1948 3026 1985 cum
3048 1933 3206 1986 omni
3229 1933 3433 1987 decore
3451 1934 3564 1988 Hil-

1858 2017 2321 2073 denesbeimensi
2368 2018 2657 2088 acclesia,
2717 2036 2892 2090 quam
2935 2020 3053 2089 ipse
3109 2037 3142 2074 a
3172 2021 3562 2077 fundamentis

1858 2111 2270 2173 construxerat,
2327 2111 2385 2160 et
2416 2107 2516 2161 Dei
2574 2107 2757 2177 gratia
2786 2113 3137 2173 consecrata,
3172 2110 3375 2179 plenus
3424 2127 3562 2181 ope-

1859 2197 2016 2251 ribus
2060 2195 2231 2250 bonis
2299 2195 2557 2249 decessit.
2616 2196 2718 2250 Cui
2776 2197 3047 2251 successit
3104 2198 3474 2251 Marcwardus
3511 2197 3561 2232 ³ο

1857 2285 2091 2355 quintus
2148 2284 2357 2353 prasul
2408 2282 2450 2320 ³1
2511 2284 2782 2338 acclesia
2838 2289 3070 2353 nostra,
3130 2291 3492 2357 quatuorque
3515 2285 3563 2320 ³³

1858 2377 2082 2427 tantum
2138 2388 2321 2426 annos
2376 2372 2598 2438 sedens,
2654 2373 2843 2425 trabes
2876 2372 3143 2428 acclesia
3174 2374 3383 2443 posuit.
3431 2376 3563 2428 Post

1854 2463 2010 2516 hunc
2049 2460 2391 2514 subintravit
2442 2460 2687 2514 domnus
2735 2461 3067 2526 Wicbertus,
3118 2466 3310 2515 sextus
3341 2461 3563 2531 episco-

1855 2567 1983 2620 pus.
2049 2549 2476 2625 Iiic‘fabricam
2532 2549 2973 2614 consummavit,
3028 2553 3084 2603 et
3134 2550 3448 2603 acclesiam
3474 2549 3560 2602 ni-

1857 2638 2203 2693 chilominus
2251 2636 2628 2691 consecravit.
2680 2636 2779 2690 Hic
2822 2652 3053 2691 omnem
3115 2638 3455 2707 religionem
3507 2642 3564 2691 et

1858 2726 2220 2797 disciplinam
2251 2740 2380 2778 cum
2409 2725 2620 2778 domna
2650 2725 2770 2779 Oda
2798 2728 2854 2778 et
2882 2726 3178 2795 Gerburga
3206 2723 3252 2759 ³³
3279 2724 3563 2779 abbatissa

1858 2816 1918 2869 in
1964 2814 2200 2885 prafato
2257 2814 2383 2867 loco
2432 2812 2720 2867 inchoavit
2750 2818 2807 2867 et
2858 2814 3128 2882 perfecit;
3157 2813 3278 2883 ejus
3325 2813 3561 2867 consilio

1858 2904 2053 2959 omnia
2131 2900 2519 2972 disponebant
2577 2906 2634 2956 et
2713 2902 2977 2971 agebant.
3061 2903 3310 2955 Praerat
3365 2906 3558 2956 autem

1859 2994 2073 3048 domna
2125 2989 2429 3061 Gerburgis
2480 2989 2528 3026 ³⁴
2585 2989 3015 3061 congregationi
3061 2992 3131 3043 22
3161 3006 3360 3054 annos,
3409 2990 3561 3060 posi-

1858 3087 2030 3151 taque
2062 3084 2147 3135 est
2171 3078 2230 3132 in
2263 3094 2408 3132 nova
2438 3076 2714 3143 acclesia,
2749 3078 2911 3147 juxta
2941 3078 3216 3131 domnam
3254 3077 3559 3133 Hathumo-

1858 3172 1988 3225 dam
2002 3172 2073 3221 ³⁵.
2102 3169 2369 3222 Sororem
2383 3172 2576 3220 autem
2593 3168 2714 3237 ejus
2732 3166 3036 3221 Cristinam
3052 3168 3299 3220 domnus
3310 3167 3561 3236 Wigber-

1856 3265 1947 3314 tus
1979 3259 2038 3313 in
2067 3257 2327 3327 regimen
2356 3255 2671 3309 intromisit
2690 3260 2746 3308 et
2776 3254 3141 3309 consecravit.
3170 3256 3391 3309 Domna
3417 3271 3556 3325 quo-

1858 3364 1970 3418 que
2019 3346 2140 3400 Oda
2183 3344 2495 3398 centesimo
2555 3344 2798 3413 septimo
2846 3343 3028 3398 atatis
3074 3359 3246 3409 anno,
3294 3342 3560 3396 omnibus

1857 3437 1992 3491 iiliis
2032 3433 2361 3505 pramissis,
2396 3432 2657 3497 decessit,
2708 3432 2954 3487 Cristina
2980 3436 3201 3485 tantum
3234 3430 3559 3501 superstite,

1856 3524 2158 3595 positaque
2186 3528 2271 3576 est
2290 3522 2455 3591 juxta
2493 3520 2639 3575 ﬁlias
2669 3536 2826 3574 suas.
2866 3520 2973 3575 Sed
3026 3524 3082 3573 et
3105 3520 3232 3590 ipsa
3275 3518 3562 3574 Christina

1857 3629 1951 3667 sex
1984 3616 2208 3665 tantum
2260 3625 2442 3663 annos
2490 3608 2660 3661 matri
2709 3609 3096 3679 supervivens,
3148 3607 3297 3662 felici
3327 3608 3559 3661 decessu

1860 3699 2127 3770 migravit
2165 3698 2233 3751 ad
2268 3697 2599 3751 Dominum.
2649 3698 2901 3750 Domnu‘s
2951 3711 3185 3767 quoque
3236 3695 3560 3764 Wigbertus

1857 3788 2115 3844 consedit
2145 3802 2276 3839 cum
2329 3784 2671 3855 Mogontinis
2723 3785 3009 3855 episcopis
3068 3784 3390 3845 Liudberto.
3420 3782 3561 3837 Sun-

1856 3878 2111 3942 deraldo,
2162 3880 2217 3929 et
2266 3877 2529 3929 Hattone.
2580 3875 2714 3928 Post
2770 3875 2923 3927 hunc
2988 3873 3306 3927 Walbertus
3361 3887 3558 3926 succe-

1859 3965 2019 4031 dens,
2067 3964 2345 4035 septimus
2388 3962 2710 4033 episcopus,
2760 3961 3121 4017 Rotsuitham
3166 3960 3561 4016 venerabilem

1859 4053 2156 4118 feminam,
2179 4052 2248 4106 de
2279 4051 2403 4122 ipsa
2427 4051 2876 4121 congregatione
2905 4051 3167 4115 electam,
3201 4050 3262 4104 in
3302 4049 3560 4119 regimen

1858 4141 2191 4207 intromisit,
2245 4140 2696 4195 consecrationes
2753 4155 2983 4211 quoque
3022 4139 3083 4193 in
3135 4137 3387 4193 acclesia
3413 4152 3558 4209 pra-

1859 4231 2072 4301 scripta
2121 4233 2177 4283 et
2235 4228 2575 4283 ancillarum
2626 4228 2729 4282 Dei
2789 4228 3101 4282 velationes
3159 4230 3217 4281 et
3256 4230 3461 4281 catera
3489 4225 3563 4279 ad

1862 4318 2180 4372 ministeria
2234 4316 2627 4371 acclesiastica
2658 4315 3006 4386 pertinentia
3037 4314 3192 4370 fecit.
3244 4316 3378 4369 Post
3412 4312 3561 4367 Wal-

1860 4408 2086 4461 bertum
2146 4403 2194 4442 ²⁶
2225 4405 2530 4468 Sehardus,
2566 4404 2906 4459 venerabilis
2939 4403 3042 4470 vir,
3097 4394 3294 4474 pastor
3332 4406 3564 4455 octavus

1859 4500 2070 4550 nostra
2100 4493 2367 4548 acclesia
2398 4493 2717 4547 ordinatur.
2752 4493 2852 4546 Hic
2882 4491 3095 4561 absque
3116 4489 3297 4550 .omni
3344 4493 3566 4543 contra-

1860 4582 2106 4638 dictione
2135 4597 2515 4651 quacumque
2570 4580 2641 4634 ad
2674 4578 3135 4634 acclesiasticum
3178 4576 3563 4631 ministerium

1861 4671 2231 4744 pertinebant
2282 4669 2341 4723 in
2398 4669 2638 4740 prafato
2702 4670 2825 4724 loco
2879 4666 3316 4722 administravit.
3371 4666 3567 4720 Nonus

1863 4764 1991 4831 post
2037 4759 2356 4825 Sebardum
2412 4757 2795 4812 Thiethardus
2846 4758 2891 4793 ιτ
2918 4755 3151 4809 antistes
3210 4754 3376 4809 nobis
3416 4770 3566 4824 pra-

1866 4847 2075 4912 ﬁcitur,
2128 4845 2437 4900 Fritherico
2484 4844 2910 4915 archiepiscopo
2956 4843 3255 4913 Mogontia
3284 4842 3333 4880 ³⁸
3362 4841 3569 4912 prasi-

1868 4936 2059 4991 dente.
2106 4934 2206 4987 Hic
2252 4933 2603 4999 consecravit
2649 4949 2857 4987 novam
2906 4932 3243 5000 acclesiam,
3300 4929 3403 4986 ubi
3439 4946 3569 4985 mo-

1868 5024 2066 5079 nacba
2113 5038 2266 5097 nunc
2315 5022 2539 5077 Christo
2585 5021 2859 5089 militant,
2895 5026 2952 5077 et
2982 5021 3179 5077 omnia
3225 5018 3573 5092 episcOpalia

1475 5175 1708 5229 VARle
1758 5172 2049 5228 LECTION
2058 5172 2155 5225 ES.

126 5282 151 5319 ⁸
205 5284 507 5339 dominum
571 5288 625 5338 1.
684 5285 705 5319 ’⁷
762 5282 982 5338 domini
1044 5286 1091 5335 1.
1152 5280 1176 5315 ⁸
1227 5281 1394 5335 eodem
1452 5282 1719 5349 lacunam,
1754 5280 1980 5349 praefert
2023 5293 2188 5345 quam
2241 5276 2547 5331 contectali
2600 5275 2941 5349 capiendam
2979 5288 3091 5349 esse

3153 5277 3303 5341 patet
3322 5288 3335 5337 ;
3395 5284 3573 5325 recens

62 5360 235 5410 tamen
282 5356 462 5410 scriba
521 5355 860 5409 contectrice
892 5356 1143 5418 inseruit,
1184 5353 1328 5421 quod
1361 5357 1411 5406 et
1440 5354 1490 5406 3.
1536 5352 1588 5404 4.
1692 5340 1894 5417 legunt.
1958 5347 1982 5383 °
2014 5340 2114 5403 [iac
2156 5364 2279 5402 voce
2309 5350 2501 5421 incipit
2530 5350 2590 5421 2.
2630 5340 2683 5421 ξσ
2709 5344 3082 5421 gandesheim
3138 5340 3199 5421 2._
3227 5340 3271 5380 ¹¹
3308 5340 3474 5395 deest.

59 5424 107 5496 ⁸³
157 5426 788 5496 gandeshemensisﬂ.
833 5424 880 5460 ⁸³
936 5412 1268 5496 Ιλαῑὶιρὰιὰἀί
1298 5426 1358 5478 2.
1432 5421 1477 5458 ⁸⁸
1532 5412 2036 5496 brunisteshusum
2086 5412 2576 5496 2.}{gerbergis
2620 5412 2777 5496 2.__'“
2830 5431 2997 5496 manu
3055 5417 3109 5496 2.
3175 5415 3248 5496 ἰρ-
3289 5426 3466 5496 marg.
3518 5412 3571 5463 2.

65 5495 107 5533 ⁸⁷
156 5486 472 5551 batbomod
539 5500 598 5551 2.
658 5495 707 5530 ⁸⁸
754 5494 900 5550 deest
946 5499 1000 5550 2.
1053 5492 1101 5531 ¹⁹
1152 5495 1411 5549 brabono
1472 5496 1524 5547 2.
1585 5490 2102 5562 20'marquuardns
2155 5493 2209 5562 2.
2244 5486 2508 5562 quaeest
2560 5491 2609 5542 1.
2664 5486 2717 5562 ³³

2780 5491 3029 5558 quatuor
3088 5487 3135 5537 1.
3202 5480 3252 5516 ³⁸
3298 5482 3579 5607 μή)πῖ

2813 5554 3111 5607 ωοαοιιιὶα
3165 5556 3221 5607 2.
3273 5553 3331 5607 F.
3392 5567 3443 5607 δ.
3560 5592 3573 5605 .

62 5570 115 5619 2.
161 5566 209 5604 ³⁸
252 5568 546 5659 εει-ἱκετεῑὲ
707 5564 755 5603 ³⁵
804 5566 1216 5659 ὴειῑξωωοάεῐη
1274 5567 1328 5619 2.
1390 5562 1439 5598 ³⁸
1496 5553 1887 5618 uualtbertuin
1944 5565 1997 5617 2.
2066 5559 2112 5597 ³⁷
2170 5560 2540 5615 thiuthardus
2592 5562 2645 5614 2.
2704 5556 2754 5592 ³³
2796 5553 3111 5659 ’ωοειοιιῐὶα
3165 5556 3221 5607 2.
3273 5553 3331 5608 F.
3392 5567 3443 5607 δ.

68 5656 121 5707 p.
148 5655 314 5693 manu
341 5638 579 5694 secunda
615 5640 674 5692 in
696 5654 873 5707 marg.
898 5641 948 5691 2.
