  <div class='ocr_page' id='page_1' title='image "/cluster/home/n/w/nwhite01/storage/ocr_20150623/140-141/uc1.31175018559917/209.png"; bbox 0 0 3968 6392; ppageno 0'>
   <div class='ocr_carea' id='block_1_1' title="bbox 389 456 492 508">
    <p class='ocr_par' dir='ltr' id='par_1_1' title="bbox 389 456 492 508">
     <span class='ocr_line' id='line_1_1' title="bbox 389 456 492 508; baseline 0 0"><span class='ocrx_word' id='word_1_1' title='bbox 389 456 492 508; x_wconf 76' lang='grc'><strong>403</strong></span> 
     </span>
    </p>
   </div>
   <div class='ocr_carea' id='block_1_2' title="bbox 1390 429 2892 500">
    <p class='ocr_par' dir='ltr' id='par_1_2' title="bbox 1390 429 2892 500">
     <span class='ocr_line' id='line_1_2' title="bbox 1390 429 2892 500; baseline -0.012 -1"><span class='ocrx_word' id='word_1_2' title='bbox 1390 441 1792 500; x_wconf 72' lang='grc' dir='ltr'><strong>ΤΙΙΑΝΟΜΑΒΙ</strong></span> <span class='ocrx_word' id='word_1_3' title='bbox 1833 436 2272 495; x_wconf 77' lang='lat' dir='ltr'><strong>PRESBYTERI</strong></span> <span class='ocrx_word' id='word_1_4' title='bbox 2313 429 2892 491; x_wconf 65' lang='lat' dir='ltr'><strong>IlILDESllEIllENS.</strong></span> 
     </span>
    </p>
   </div>
   <div class='ocr_carea' id='block_1_3' title="bbox 3807 421 3921 473">
    <p class='ocr_par' dir='ltr' id='par_1_3' title="bbox 3807 421 3921 473">
     <span class='ocr_line' id='line_1_3' title="bbox 3807 421 3921 473; baseline -0.009 0"><span class='ocrx_word' id='word_1_5' title='bbox 3807 421 3921 473; x_wconf 63' lang='lat' dir='ltr'><strong>itii</strong></span> 
     </span>
    </p>
   </div>
   <div class='ocr_carea' id='block_1_4' title="bbox 389 553 3921 644">
    <p class='ocr_par' dir='ltr' id='par_1_4' title="bbox 389 553 3921 644">
     <span class='ocr_line' id='line_1_4' title="bbox 389 553 3921 644; baseline -0.009 -16"><span class='ocrx_word' id='word_1_6' title='bbox 389 573 450 628; x_wconf 91' lang='lat' dir='ltr'><strong>in</strong></span> <span class='ocrx_word' id='word_1_7' title='bbox 483 571 720 644; x_wconf 81' lang='lat' dir='ltr'><strong>prafato</strong></span> <span class='ocrx_word' id='word_1_8' title='bbox 748 571 872 624; x_wconf 94' lang='lat' dir='ltr'><strong>loco</strong></span> <span class='ocrx_word' id='word_1_9' title='bbox 919 569 1028 623; x_wconf 89' lang='lat' dir='ltr'><strong>rite</strong></span> <span class='ocrx_word' id='word_1_10' title='bbox 1072 565 1422 639; x_wconf 87' lang='lat' dir='ltr'><strong>procuravit,</strong></span> <span class='ocrx_word' id='word_1_11' title='bbox 1453 565 1612 619; x_wconf 91' lang='lat' dir='ltr'><strong>nullo</strong></span> <span class='ocrx_word' id='word_1_12' title='bbox 1653 563 1937 618; x_wconf 87' lang='lat' dir='ltr'><strong>obviante.</strong></span> <span class='ocrx_word' id='word_1_13' title='bbox 1981 563 2086 615; x_wconf 88' lang='lat' dir='ltr'><strong>De-</strong></span> <span class='ocrx_word' id='word_1_14' title='bbox 2118 562 2163 614; x_wconf 81' lang='grc' dir='ltr'><strong>Α</strong></span> <span class='ocrx_word' id='word_1_15' title='bbox 2201 558 2545 614; x_wconf 90' lang='lat' dir='ltr'><strong>velationem</strong></span> <span class='ocrx_word' id='word_1_16' title='bbox 2638 553 2811 608; x_wconf 85' lang='lat' dir='ltr'><strong>simul</strong></span> <span class='ocrx_word' id='word_1_17' title='bbox 2899 555 3156 623; x_wconf 82' lang='lat' dir='ltr'><strong>agerent,</strong></span> <span class='ocrx_word' id='word_1_18' title='bbox 3242 554 3579 603; x_wconf 88' lang='lat' dir='ltr'><strong>caterarum</strong></span> <span class='ocrx_word' id='word_1_19' title='bbox 3671 560 3921 617; x_wconf 86' lang='lat' dir='ltr'><strong>quoque</strong></span> 
     </span>
    </p>
   </div>
   <div class='ocr_carea' id='block_1_5' title="bbox 393 650 2090 731">
    <p class='ocr_par' dir='ltr' id='par_1_5' title="bbox 393 650 2090 731">
     <span class='ocr_line' id='line_1_5' title="bbox 393 650 2090 731; baseline -0.007 -15"><span class='ocrx_word' id='word_1_20' title='bbox 393 662 577 716; x_wconf 86' lang='lat' dir='ltr'><strong>cimus</strong></span> <span class='ocrx_word' id='word_1_21' title='bbox 603 665 733 731; x_wconf 87' lang='lat' dir='ltr'><strong>post</strong></span> <span class='ocrx_word' id='word_1_22' title='bbox 761 657 1174 714; x_wconf 84' lang='lat' dir='ltr'><strong>Thiethardum</strong></span> <span class='ocrx_word' id='word_1_23' title='bbox 1196 655 1243 690; x_wconf 69' lang='lat'><strong>’9</strong></span> <span class='ocrx_word' id='word_1_24' title='bbox 1265 656 1510 710; x_wconf 91' lang='lat' dir='ltr'><strong>domnus</strong></span> <span class='ocrx_word' id='word_1_25' title='bbox 1541 652 1792 708; x_wconf 84' lang='lat' dir='ltr'><strong>Otwinus</strong></span> <span class='ocrx_word' id='word_1_26' title='bbox 1841 650 2090 722; x_wconf 86' lang='lat' dir='ltr'><strong>prafuit.</strong></span> 
     </span>
    </p>
   </div>
   <div class='ocr_carea' id='block_1_6' title="bbox 395 739 2094 815">
    <p class='ocr_par' dir='ltr' id='par_1_6' title="bbox 395 739 2094 815">
     <span class='ocr_line' id='line_1_6' title="bbox 395 739 2094 815; baseline -0.009 -9"><span class='ocrx_word' id='word_1_27' title='bbox 395 751 494 806; x_wconf 85' lang='lat' dir='ltr'><strong>Hic</strong></span> <span class='ocrx_word' id='word_1_28' title='bbox 523 751 793 804; x_wconf 90' lang='lat' dir='ltr'><strong>domnam</strong></span> <span class='ocrx_word' id='word_1_29' title='bbox 843 748 1198 815; x_wconf 81' lang='lat' dir='ltr'><strong>Gerburgam</strong></span> <span class='ocrx_word' id='word_1_30' title='bbox 1243 744 1290 780; x_wconf 89' lang='grc'>³⁰</span> <span class='ocrx_word' id='word_1_31' title='bbox 1314 742 1620 797; x_wconf 90' lang='lat' dir='ltr'><strong>secundam</strong></span> <span class='ocrx_word' id='word_1_32' title='bbox 1669 739 1714 776; x_wconf 75' lang='lat'>“</span> <span class='ocrx_word' id='word_1_33' title='bbox 1745 741 1802 794; x_wconf 94' lang='lat' dir='ltr'><strong>in</strong></span> <span class='ocrx_word' id='word_1_34' title='bbox 1835 739 2094 810; x_wconf 84' lang='lat' dir='ltr'><strong>regimen</strong></span> 
     </span>
    </p>
   </div>
   <div class='ocr_carea' id='block_1_7' title="bbox 393 827 2098 899">
    <p class='ocr_par' dir='ltr' id='par_1_7' title="bbox 393 827 2098 899">
     <span class='ocr_line' id='line_1_7' title="bbox 393 827 2098 899; baseline -0.008 -6"><span class='ocrx_word' id='word_1_35' title='bbox 393 837 690 893; x_wconf 74' lang='lat' dir='ltr'><strong>constituit</strong></span> <span class='ocrx_word' id='word_1_36' title='bbox 720 841 776 890; x_wconf 92' lang='lat' dir='ltr'><strong>et</strong></span> <span class='ocrx_word' id='word_1_37' title='bbox 798 834 1166 898; x_wconf 80' lang='lat' dir='ltr'><strong>consecravit,</strong></span> <span class='ocrx_word' id='word_1_38' title='bbox 1216 837 1274 886; x_wconf 91' lang='lat' dir='ltr'><strong>et</strong></span> <span class='ocrx_word' id='word_1_39' title='bbox 1293 830 1489 884; x_wconf 83' lang='lat' dir='ltr'><strong>omnia</strong></span> <span class='ocrx_word' id='word_1_40' title='bbox 1527 827 1874 899; x_wconf 90' lang='lat' dir='ltr'><strong>episcopalia</strong></span> <span class='ocrx_word' id='word_1_41' title='bbox 1919 827 2098 881; x_wconf 90' lang='lat' dir='ltr'><strong>ﬁdeli-</strong></span> 
     </span>
    </p>
   </div>
   <div class='ocr_carea' id='block_1_8' title="bbox 396 915 2098 996">
    <p class='ocr_par' dir='ltr' id='par_1_8' title="bbox 396 915 2098 996">
     <span class='ocr_line' id='line_1_8' title="bbox 396 915 2098 996; baseline -0.007 -16"><span class='ocrx_word' id='word_1_42' title='bbox 396 931 484 980; x_wconf 97' lang='lat' dir='ltr'><strong>ter</strong></span> <span class='ocrx_word' id='word_1_43' title='bbox 515 924 782 996; x_wconf 80' lang='lat' dir='ltr'><strong>providit,</strong></span> <span class='ocrx_word' id='word_1_44' title='bbox 840 923 1052 976; x_wconf 91' lang='lat' dir='ltr'><strong>domno</strong></span> <span class='ocrx_word' id='word_1_45' title='bbox 1109 920 1465 974; x_wconf 87' lang='lat' dir='ltr'><strong>Willehelmo</strong></span> <span class='ocrx_word' id='word_1_46' title='bbox 1513 915 1562 954; x_wconf 76' lang='grc'><strong>⁸³</strong></span> <span class='ocrx_word' id='word_1_47' title='bbox 1619 916 1815 986; x_wconf 89' lang='lat' dir='ltr'><strong>magni</strong></span> <span class='ocrx_word' id='word_1_48' title='bbox 1875 915 2098 969; x_wconf 90' lang='lat' dir='ltr'><strong>Ottonis</strong></span> 
     </span>
    </p>
   </div>
   <div class='ocr_carea' id='block_1_9' title="bbox 395 1005 2101 1069">
    <p class='ocr_par' dir='ltr' id='par_1_9' title="bbox 395 1005 2101 1069">
     <span class='ocr_line' id='line_1_9' title="bbox 395 1005 2101 1069; baseline -0.007 0"><span class='ocrx_word' id='word_1_49' title='bbox 395 1014 516 1069; x_wconf 90' lang='lat' dir='ltr'><strong>ﬁlio</strong></span> <span class='ocrx_word' id='word_1_50' title='bbox 595 1013 652 1066; x_wconf 93' lang='lat' dir='ltr'><strong>iu</strong></span> <span class='ocrx_word' id='word_1_51' title='bbox 715 1012 873 1065; x_wconf 92' lang='lat' dir='ltr'><strong>nullo</strong></span> <span class='ocrx_word' id='word_1_52' title='bbox 945 1010 1028 1064; x_wconf 91' lang='lat' dir='ltr'><strong>illi</strong></span> <span class='ocrx_word' id='word_1_53' title='bbox 1083 1010 1437 1063; x_wconf 79' lang='lat' dir='ltr'><strong>adversante.</strong></span> <span class='ocrx_word' id='word_1_54' title='bbox 1502 1005 1778 1060; x_wconf 79' lang='lat' dir='ltr'><strong>Similiter</strong></span> <span class='ocrx_word' id='word_1_55' title='bbox 1831 1005 1995 1058; x_wconf 85' lang='lat' dir='ltr'><strong>Hatto</strong></span> <span class='ocrx_word' id='word_1_56' title='bbox 2044 1007 2101 1057; x_wconf 91' lang='lat' dir='ltr'><strong>et</strong></span> 
     </span>
    </p>
   </div>
   <div class='ocr_carea' id='block_1_10' title="bbox 398 1092 2098 1158">
    <p class='ocr_par' dir='ltr' id='par_1_10' title="bbox 398 1092 2098 1158">
     <span class='ocr_line' id='line_1_10' title="bbox 398 1092 2098 1158; baseline -0.008 0"><span class='ocrx_word' id='word_1_57' title='bbox 398 1101 717 1158; x_wconf 82' lang='lat' dir='ltr'><strong>Bodbertus</strong></span> <span class='ocrx_word' id='word_1_58' title='bbox 779 1100 838 1153; x_wconf 94' lang='lat' dir='ltr'><strong>in</strong></span> <span class='ocrx_word' id='word_1_59' title='bbox 907 1099 1066 1152; x_wconf 92' lang='lat' dir='ltr'><strong>nullo</strong></span> <span class='ocrx_word' id='word_1_60' title='bbox 1118 1097 1202 1150; x_wconf 91' lang='lat' dir='ltr'><strong>illi</strong></span> <span class='ocrx_word' id='word_1_61' title='bbox 1265 1096 1631 1150; x_wconf 82' lang='lat' dir='ltr'><strong>adversantes</strong></span> <span class='ocrx_word' id='word_1_62' title='bbox 1687 1092 2098 1146; x_wconf 90' lang='lat' dir='ltr'><strong>amicissimum</strong></span> 
     </span>
    </p>
   </div>
   <div class='ocr_carea' id='block_1_11' title="bbox 399 1179 2097 1256">
    <p class='ocr_par' dir='ltr' id='par_1_11' title="bbox 399 1179 2097 1256">
     <span class='ocr_line' id='line_1_11' title="bbox 399 1179 2097 1256; baseline -0.007 -10"><span class='ocrx_word' id='word_1_63' title='bbox 399 1192 744 1246; x_wconf 85' lang='lat' dir='ltr'><strong>habuerunt.</strong></span> <span class='ocrx_word' id='word_1_64' title='bbox 795 1186 1118 1256; x_wconf 84' lang='lat' dir='ltr'><strong>Willegisus</strong></span> <span class='ocrx_word' id='word_1_65' title='bbox 1155 1183 1204 1218; x_wconf 75' lang='grc'><strong>⁸³</strong></span> <span class='ocrx_word' id='word_1_66' title='bbox 1262 1199 1495 1255; x_wconf 90' lang='lat' dir='ltr'><strong>quoque</strong></span> <span class='ocrx_word' id='word_1_67' title='bbox 1548 1182 1634 1235; x_wconf 88' lang='lat' dir='ltr'><strong>illi</strong></span> <span class='ocrx_word' id='word_1_68' title='bbox 1677 1179 1728 1216; x_wconf 71' lang='grc'>⁸⁸</span> <span class='ocrx_word' id='word_1_69' title='bbox 1771 1181 2097 1248; x_wconf 83' lang='lat' dir='ltr'><strong>succedens,</strong></span> 
     </span>
    </p>
   </div>
   <div class='ocr_carea' id='block_1_12' title="bbox 397 1270 2100 1340">
    <p class='ocr_par' dir='ltr' id='par_1_12' title="bbox 397 1270 2100 1340">
     <span class='ocr_line' id='line_1_12' title="bbox 397 1270 2100 1340; baseline -0.004 -9"><span class='ocrx_word' id='word_1_70' title='bbox 397 1279 610 1333; x_wconf 89' lang='lat' dir='ltr'><strong>veritus</strong></span> <span class='ocrx_word' id='word_1_71' title='bbox 655 1275 796 1330; x_wconf 89' lang='lat' dir='ltr'><strong>tanti</strong></span> <span class='ocrx_word' id='word_1_72' title='bbox 863 1275 972 1328; x_wconf 90' lang='lat' dir='ltr'><strong>viri</strong></span> <span class='ocrx_word' id='word_1_73' title='bbox 1002 1278 1351 1328; x_wconf 86' lang='lat' dir='ltr'><strong>senectutem</strong></span> <span class='ocrx_word' id='word_1_74' title='bbox 1383 1277 1440 1326; x_wconf 93' lang='lat' dir='ltr'><strong>et</strong></span> <span class='ocrx_word' id='word_1_75' title='bbox 1479 1286 1707 1324; x_wconf 91' lang='lat' dir='ltr'><strong>morum</strong></span> <span class='ocrx_word' id='word_1_76' title='bbox 1738 1270 2100 1340; x_wconf 79' lang='lat' dir='ltr'><strong>gravitatem,</strong></span> 
     </span>
    </p>
   </div>
   <div class='ocr_carea' id='block_1_13' title="bbox 398 1357 2103 1438">
    <p class='ocr_par' dir='ltr' id='par_1_13' title="bbox 398 1357 2103 1438">
     <span class='ocr_line' id='line_1_13' title="bbox 398 1357 2103 1438; baseline -0.005 -18"><span class='ocrx_word' id='word_1_77' title='bbox 398 1366 626 1438; x_wconf 87' lang='lat' dir='ltr'><strong>publice</strong></span> <span class='ocrx_word' id='word_1_78' title='bbox 649 1365 812 1418; x_wconf 91' lang='lat' dir='ltr'><strong>illum</strong></span> <span class='ocrx_word' id='word_1_79' title='bbox 837 1361 1136 1433; x_wconf 90' lang='lat' dir='ltr'><strong>percoluit,</strong></span> <span class='ocrx_word' id='word_1_80' title='bbox 1169 1361 1390 1414; x_wconf 89' lang='lat' dir='ltr'><strong>occulte</strong></span> <span class='ocrx_word' id='word_1_81' title='bbox 1420 1375 1554 1413; x_wconf 91' lang='lat' dir='ltr'><strong>vero</strong></span> <span class='ocrx_word' id='word_1_82' title='bbox 1580 1364 1752 1428; x_wconf 89' lang='lat' dir='ltr'><strong>paulo</strong></span> <span class='ocrx_word' id='word_1_83' title='bbox 1781 1357 2103 1412; x_wconf 87' lang='lat' dir='ltr'><strong>mordacius</strong></span> 
     </span>
    </p>
   </div>
   <div class='ocr_carea' id='block_1_14' title="bbox 399 1447 2101 1526">
    <p class='ocr_par' dir='ltr' id='par_1_14' title="bbox 399 1447 2101 1526">
     <span class='ocr_line' id='line_1_14' title="bbox 399 1447 2101 1526; baseline -0.005 -19"><span class='ocrx_word' id='word_1_84' title='bbox 399 1454 647 1526; x_wconf 88' lang='lat' dir='ltr'><strong>quadam</strong></span> <span class='ocrx_word' id='word_1_85' title='bbox 679 1451 858 1505; x_wconf 89' lang='lat' dir='ltr'><strong>animi</strong></span> <span class='ocrx_word' id='word_1_86' title='bbox 898 1449 1300 1520; x_wconf 83' lang='lat' dir='ltr'><strong>indignatione</strong></span> <span class='ocrx_word' id='word_1_87' title='bbox 1328 1448 1412 1502; x_wconf 90' lang='lat' dir='ltr'><strong>illi</strong></span> <span class='ocrx_word' id='word_1_88' title='bbox 1443 1447 1844 1514; x_wconf 87' lang='lat' dir='ltr'><strong>adbellicabat,</strong></span> <span class='ocrx_word' id='word_1_89' title='bbox 1885 1447 1966 1500; x_wconf 93' lang='lat' dir='ltr'><strong>nil</strong></span> <span class='ocrx_word' id='word_1_90' title='bbox 2016 1450 2101 1500; x_wconf 87' lang='lat' dir='ltr'><strong>ta-</strong></span> 
     </span>
    </p>
   </div>
   <div class='ocr_carea' id='block_1_15' title="bbox 399 1535 2105 1609">
    <p class='ocr_par' dir='ltr' id='par_1_15' title="bbox 399 1535 2105 1609">
     <span class='ocr_line' id='line_1_15' title="bbox 399 1535 2105 1609; baseline -0.005 -12"><span class='ocrx_word' id='word_1_91' title='bbox 399 1558 533 1597; x_wconf 81' lang='lat' dir='ltr'><strong>nien</strong></span> <span class='ocrx_word' id='word_1_92' title='bbox 594 1541 654 1595; x_wconf 90' lang='lat' dir='ltr'><strong>in</strong></span> <span class='ocrx_word' id='word_1_93' title='bbox 708 1539 990 1608; x_wconf 90' lang='lat' dir='ltr'><strong>regimine</strong></span> <span class='ocrx_word' id='word_1_94' title='bbox 1046 1537 1268 1609; x_wconf 85' lang='lat' dir='ltr'><strong>prafati</strong></span> <span class='ocrx_word' id='word_1_95' title='bbox 1324 1535 1572 1590; x_wconf 83' lang='lat' dir='ltr'><strong>canobii</strong></span> <span class='ocrx_word' id='word_1_96' title='bbox 1648 1551 1941 1604; x_wconf 90' lang='lat' dir='ltr'><strong>asperum,</strong></span> <span class='ocrx_word' id='word_1_97' title='bbox 1999 1550 2105 1589; x_wconf 88' lang='lat' dir='ltr'><strong>nec</strong></span> 
     </span>
    </p>
   </div>
   <div class='ocr_carea' id='block_1_16' title="bbox 397 1623 2104 1694">
    <p class='ocr_par' dir='ltr' id='par_1_16' title="bbox 397 1623 2104 1694">
     <span class='ocr_line' id='line_1_16' title="bbox 397 1623 2104 1694; baseline -0.005 -9"><span class='ocrx_word' id='word_1_98' title='bbox 397 1630 584 1685; x_wconf 77' lang='lat' dir='ltr'><strong>verbis</strong></span> <span class='ocrx_word' id='word_1_99' title='bbox 634 1630 808 1682; x_wconf 74' lang='lat' dir='ltr'><strong>nec&quot;</strong></span> <span class='ocrx_word' id='word_1_100' title='bbox 838 1626 1000 1681; x_wconf 87' lang='lat' dir='ltr'><strong>factis</strong></span> <span class='ocrx_word' id='word_1_101' title='bbox 1053 1625 1323 1680; x_wconf 88' lang='lat' dir='ltr'><strong>ostendit.</strong></span> <span class='ocrx_word' id='word_1_102' title='bbox 1355 1627 1482 1679; x_wconf 81' lang='lat' dir='ltr'><strong>[lac</strong></span> <span class='ocrx_word' id='word_1_103' title='bbox 1531 1624 1724 1694; x_wconf 87' lang='lat' dir='ltr'><strong>itaque</strong></span> <span class='ocrx_word' id='word_1_104' title='bbox 1774 1623 1905 1677; x_wconf 90' lang='lat' dir='ltr'><strong>ideo</strong></span> <span class='ocrx_word' id='word_1_105' title='bbox 1963 1639 2104 1694; x_wconf 75' lang='lat' dir='ltr'><strong>pro-</strong></span> 
     </span>
    </p>
   </div>
   <div class='ocr_carea' id='block_1_17' title="bbox 399 1711 2104 1792">
    <p class='ocr_par' dir='ltr' id='par_1_17' title="bbox 399 1711 2104 1792">
     <span class='ocr_line' id='line_1_17' title="bbox 399 1711 2104 1792; baseline -0.005 -20"><span class='ocrx_word' id='word_1_106' title='bbox 399 1718 586 1792; x_wconf 87' lang='lat' dir='ltr'><strong>posui,</strong></span> <span class='ocrx_word' id='word_1_107' title='bbox 612 1722 676 1771; x_wconf 90' lang='lat' dir='ltr'><strong>ut</strong></span> <span class='ocrx_word' id='word_1_108' title='bbox 733 1716 919 1769; x_wconf 91' lang='lat' dir='ltr'><strong>cuncti</strong></span> <span class='ocrx_word' id='word_1_109' title='bbox 951 1715 1280 1786; x_wconf 78' lang='lat' dir='ltr'><strong>intelligant</strong></span> <span class='ocrx_word' id='word_1_110' title='bbox 1307 1711 1376 1780; x_wconf 75' lang='grc'><strong>³⁵,</strong></span> <span class='ocrx_word' id='word_1_111' title='bbox 1411 1718 1626 1783; x_wconf 87' lang='lat' dir='ltr'><strong>quanta</strong></span> <span class='ocrx_word' id='word_1_112' title='bbox 1667 1712 1895 1767; x_wconf 89' lang='lat' dir='ltr'><strong>levitate</strong></span> <span class='ocrx_word' id='word_1_113' title='bbox 1925 1727 1990 1764; x_wconf 91' lang='lat' dir='ltr'><strong>ac</strong></span> <span class='ocrx_word' id='word_1_114' title='bbox 2019 1717 2104 1765; x_wconf 82' lang='lat' dir='ltr'><strong>te-</strong></span> 
     </span>
    </p>
   </div>
   <div class='ocr_carea' id='block_1_18' title="bbox 401 1800 2105 1873">
    <p class='ocr_par' dir='ltr' id='par_1_18' title="bbox 401 1800 2105 1873">
     <span class='ocr_line' id='line_1_18' title="bbox 401 1800 2105 1873; baseline -0.006 -10"><span class='ocrx_word' id='word_1_115' title='bbox 401 1806 666 1863; x_wconf 87' lang='lat' dir='ltr'><strong>meritate</strong></span> <span class='ocrx_word' id='word_1_116' title='bbox 691 1803 762 1858; x_wconf 86' lang='lat' dir='ltr'><strong>sit</strong></span> <span class='ocrx_word' id='word_1_117' title='bbox 790 1804 1087 1869; x_wconf 89' lang='lat' dir='ltr'><strong>violatum,</strong></span> <span class='ocrx_word' id='word_1_118' title='bbox 1122 1803 1276 1873; x_wconf 90' lang='lat' dir='ltr'><strong>quod</strong></span> <span class='ocrx_word' id='word_1_119' title='bbox 1308 1801 1425 1855; x_wconf 89' lang='lat' dir='ltr'><strong>fere</strong></span> <span class='ocrx_word' id='word_1_120' title='bbox 1473 1816 1576 1872; x_wconf 89' lang='lat' dir='ltr'><strong>per</strong></span> <span class='ocrx_word' id='word_1_121' title='bbox 1621 1800 1896 1854; x_wconf 89' lang='lat' dir='ltr'><strong>ducentos</strong></span> <span class='ocrx_word' id='word_1_122' title='bbox 1923 1815 2105 1854; x_wconf 90' lang='lat' dir='ltr'><strong>annos</strong></span> 
     </span>
    </p>
   </div>
   <div class='ocr_carea' id='block_1_19' title="bbox 402 1888 2104 1962">
    <p class='ocr_par' dir='ltr' id='par_1_19' title="bbox 402 1888 2104 1962">
     <span class='ocr_line' id='line_1_19' title="bbox 402 1888 2104 1962; baseline -0.004 -14"><span class='ocrx_word' id='word_1_123' title='bbox 402 1900 520 1949; x_wconf 91' lang='lat' dir='ltr'><strong>tam</strong></span> <span class='ocrx_word' id='word_1_124' title='bbox 551 1893 596 1929; x_wconf 76' lang='grc'>³⁷</span> <span class='ocrx_word' id='word_1_125' title='bbox 619 1892 1037 1946; x_wconf 87' lang='lat' dir='ltr'><strong>venerabilium</strong></span> <span class='ocrx_word' id='word_1_126' title='bbox 1103 1896 1334 1962; x_wconf 90' lang='lat' dir='ltr'><strong>patrum</strong></span> <span class='ocrx_word' id='word_1_127' title='bbox 1386 1889 1685 1959; x_wconf 90' lang='lat' dir='ltr'><strong>utriusque</strong></span> <span class='ocrx_word' id='word_1_128' title='bbox 1736 1889 1847 1942; x_wconf 83' lang='lat' dir='ltr'><strong>loci</strong></span> <span class='ocrx_word' id='word_1_129' title='bbox 1876 1888 2104 1942; x_wconf 89' lang='lat' dir='ltr'><strong>antisti-</strong></span> 
     </span>
    </p>
   </div>
   <div class='ocr_carea' id='block_1_20' title="bbox 402 1975 2106 2041">
    <p class='ocr_par' dir='ltr' id='par_1_20' title="bbox 402 1975 2106 2041">
     <span class='ocr_line' id='line_1_20' title="bbox 402 1975 2106 2041; baseline -0.005 -4"><span class='ocrx_word' id='word_1_130' title='bbox 402 1987 526 2037; x_wconf 90' lang='lat' dir='ltr'><strong>tum</strong></span> <span class='ocrx_word' id='word_1_131' title='bbox 559 1980 866 2036; x_wconf 88' lang='lat' dir='ltr'><strong>concordia</strong></span> <span class='ocrx_word' id='word_1_132' title='bbox 896 1978 1251 2041; x_wconf 90' lang='lat' dir='ltr'><strong>roboratum,</strong></span> <span class='ocrx_word' id='word_1_133' title='bbox 1283 1976 1442 2032; x_wconf 91' lang='lat' dir='ltr'><strong>omni</strong></span> <span class='ocrx_word' id='word_1_134' title='bbox 1471 1976 1746 2031; x_wconf 89' lang='lat' dir='ltr'><strong>canonica</strong></span> <span class='ocrx_word' id='word_1_135' title='bbox 1772 1975 2106 2031; x_wconf 86' lang='lat' dir='ltr'><strong>auctoritate</strong></span> 
     </span>
    </p>
   </div>
   <div class='ocr_carea' id='block_1_21' title="bbox 405 2065 1288 2138">
    <p class='ocr_par' dir='ltr' id='par_1_21' title="bbox 405 2065 1288 2138">
     <span class='ocr_line' id='line_1_21' title="bbox 405 2065 1288 2138; baseline -0.01 -12"><span class='ocrx_word' id='word_1_136' title='bbox 405 2071 586 2126; x_wconf 80' lang='lat' dir='ltr'><strong>ﬁxum</strong></span> <span class='ocrx_word' id='word_1_137' title='bbox 616 2073 788 2138; x_wconf 88' lang='lat' dir='ltr'><strong>atque</strong></span> <span class='ocrx_word' id='word_1_138' title='bbox 817 2071 1010 2120; x_wconf 88' lang='lat' dir='ltr'><strong>ratum</strong></span> <span class='ocrx_word' id='word_1_139' title='bbox 1042 2065 1288 2120; x_wconf 91' lang='lat' dir='ltr'><strong>duravit.</strong></span> 
     </span>
    </p>
   </div>
   <div class='ocr_carea' id='block_1_22' title="bbox 480 2151 2110 2223">
    <p class='ocr_par' dir='ltr' id='par_1_22' title="bbox 480 2151 2110 2223">
     <span class='ocr_line' id='line_1_22' title="bbox 480 2151 2110 2223; baseline -0.005 -9"><span class='ocrx_word' id='word_1_140' title='bbox 480 2163 564 2214; x_wconf 84' lang='lat' dir='ltr'><strong>t3.</strong></span> <span class='ocrx_word' id='word_1_141' title='bbox 600 2156 707 2212; x_wconf 87' lang='lat' dir='ltr'><strong>Sed</strong></span> <span class='ocrx_word' id='word_1_142' title='bbox 731 2154 968 2209; x_wconf 89' lang='lat' dir='ltr'><strong>secundi</strong></span> <span class='ocrx_word' id='word_1_143' title='bbox 1017 2151 1382 2223; x_wconf 85' lang='lat' dir='ltr'><strong>imperatoris</strong></span> <span class='ocrx_word' id='word_1_144' title='bbox 1413 2151 1636 2207; x_wconf 85' lang='lat' dir='ltr'><strong>Ottonis</strong></span> <span class='ocrx_word' id='word_1_145' title='bbox 1669 2151 1805 2218; x_wconf 91' lang='lat' dir='ltr'><strong>ﬁlia,</strong></span> <span class='ocrx_word' id='word_1_146' title='bbox 1839 2151 2018 2206; x_wconf 86' lang='lat' dir='ltr'><strong>fomes</strong></span> <span class='ocrx_word' id='word_1_147' title='bbox 2046 2157 2110 2206; x_wconf 89' lang='lat' dir='ltr'><strong>ut</strong></span> 
     </span>
    </p>
   </div>
   <div class='ocr_carea' id='block_1_23' title="bbox 403 2239 2110 2318">
    <p class='ocr_par' dir='ltr' id='par_1_23' title="bbox 403 2239 2110 2318">
     <span class='ocr_line' id='line_1_23' title="bbox 403 2239 2110 2318; baseline -0.004 -17"><span class='ocrx_word' id='word_1_148' title='bbox 403 2263 543 2318; x_wconf 89' lang='lat' dir='ltr'><strong>pace</strong></span> <span class='ocrx_word' id='word_1_149' title='bbox 565 2243 824 2299; x_wconf 88' lang='lat' dir='ltr'><strong>omnium</strong></span> <span class='ocrx_word' id='word_1_150' title='bbox 857 2243 1044 2297; x_wconf 90' lang='lat' dir='ltr'><strong>dicam</strong></span> <span class='ocrx_word' id='word_1_151' title='bbox 1092 2241 1422 2310; x_wconf 85' lang='lat' dir='ltr'><strong>hujusmodi</strong></span> <span class='ocrx_word' id='word_1_152' title='bbox 1477 2239 1871 2308; x_wconf 87' lang='lat' dir='ltr'><strong>dissensionis,</strong></span> <span class='ocrx_word' id='word_1_153' title='bbox 1907 2241 2044 2294; x_wconf 94' lang='lat' dir='ltr'><strong>dum</strong></span> <span class='ocrx_word' id='word_1_154' title='bbox 2078 2259 2110 2294; x_wconf 90' lang='lat' dir='ltr'><strong>a</strong></span> 
     </span>
    </p>
   </div>
   <div class='ocr_carea' id='block_1_24' title="bbox 407 2326 2109 2401">
    <p class='ocr_par' dir='ltr' id='par_1_24' title="bbox 407 2326 2109 2401">
     <span class='ocr_line' id='line_1_24' title="bbox 407 2326 2109 2401; baseline -0.004 -14"><span class='ocrx_word' id='word_1_155' title='bbox 407 2348 512 2387; x_wconf 91' lang='lat' dir='ltr'><strong>suo</strong></span> <span class='ocrx_word' id='word_1_156' title='bbox 565 2330 860 2401; x_wconf 90' lang='lat' dir='ltr'><strong>episcopo,</strong></span> <span class='ocrx_word' id='word_1_157' title='bbox 893 2328 1108 2382; x_wconf 91' lang='lat' dir='ltr'><strong>domno</strong></span> <span class='ocrx_word' id='word_1_158' title='bbox 1143 2326 1403 2381; x_wconf 86' lang='lat' dir='ltr'><strong>videlicet</strong></span> <span class='ocrx_word' id='word_1_159' title='bbox 1427 2327 1668 2397; x_wconf 88' lang='lat' dir='ltr'><strong>Osdago,</strong></span> <span class='ocrx_word' id='word_1_160' title='bbox 1705 2343 1930 2380; x_wconf 91' lang='lat' dir='ltr'><strong>sacrum</strong></span> <span class='ocrx_word' id='word_1_161' title='bbox 1962 2327 2109 2380; x_wconf 89' lang='lat' dir='ltr'><strong>vela-</strong></span> 
     </span>
    </p>
   </div>
   <div class='ocr_carea' id='block_1_25' title="bbox 406 2416 2109 2489">
    <p class='ocr_par' dir='ltr' id='par_1_25' title="bbox 406 2416 2109 2489">
     <span class='ocr_line' id='line_1_25' title="bbox 406 2416 2109 2489; baseline -0.002 -15"><span class='ocrx_word' id='word_1_162' title='bbox 406 2436 542 2474; x_wconf 86' lang='lat' dir='ltr'><strong>men</strong></span> <span class='ocrx_word' id='word_1_163' title='bbox 573 2418 830 2489; x_wconf 89' lang='lat' dir='ltr'><strong>accipere</strong></span> <span class='ocrx_word' id='word_1_164' title='bbox 861 2417 1097 2488; x_wconf 87' lang='lat' dir='ltr'><strong>spernit,</strong></span> <span class='ocrx_word' id='word_1_165' title='bbox 1128 2416 1509 2486; x_wconf 74' lang='lat' dir='ltr'><strong>Willegisuml</strong></span> <span class='ocrx_word' id='word_1_166' title='bbox 1533 2416 1776 2486; x_wconf 89' lang='lat' dir='ltr'><strong>appetit,</strong></span> <span class='ocrx_word' id='word_1_167' title='bbox 1803 2416 2109 2486; x_wconf 89' lang='lat' dir='ltr'><strong>indignum</strong></span> 
     </span>
    </p>
   </div>
   <div class='ocr_carea' id='block_1_26' title="bbox 409 2505 2113 2576">
    <p class='ocr_par' dir='ltr' id='par_1_26' title="bbox 409 2505 2113 2576">
     <span class='ocr_line' id='line_1_26' title="bbox 409 2505 2113 2576; baseline -0.002 -14"><span class='ocrx_word' id='word_1_168' title='bbox 409 2507 700 2562; x_wconf 83' lang='lat' dir='ltr'><strong>astimans</strong></span> <span class='ocrx_word' id='word_1_169' title='bbox 758 2505 866 2559; x_wconf 85' lang='lat' dir='ltr'><strong>nisi</strong></span> <span class='ocrx_word' id='word_1_170' title='bbox 895 2522 927 2559; x_wconf 92' lang='lat' dir='ltr'><strong>a</strong></span> <span class='ocrx_word' id='word_1_171' title='bbox 971 2505 1252 2575; x_wconf 82' lang='lat' dir='ltr'><strong>palligero</strong></span> <span class='ocrx_word' id='word_1_172' title='bbox 1300 2505 1636 2559; x_wconf 89' lang='lat' dir='ltr'><strong>consecrari.</strong></span> <span class='ocrx_word' id='word_1_173' title='bbox 1687 2505 1846 2569; x_wconf 86' lang='lat' dir='ltr'><strong>Quod</strong></span> <span class='ocrx_word' id='word_1_174' title='bbox 1895 2505 2020 2576; x_wconf 91' lang='lat' dir='ltr'><strong>ipse</strong></span> <span class='ocrx_word' id='word_1_175' title='bbox 2049 2505 2113 2559; x_wconf 87' lang='lat' dir='ltr'><strong>li-</strong></span> 
     </span>
    </p>
   </div>
   <div class='ocr_carea' id='block_1_27' title="bbox 411 2592 2113 2664">
    <p class='ocr_par' dir='ltr' id='par_1_27' title="bbox 411 2592 2113 2664">
     <span class='ocr_line' id='line_1_27' title="bbox 411 2592 2113 2664; baseline -0.002 -13"><span class='ocrx_word' id='word_1_176' title='bbox 411 2597 555 2652; x_wconf 89' lang='lat' dir='ltr'><strong>bens</strong></span> <span class='ocrx_word' id='word_1_177' title='bbox 608 2594 831 2660; x_wconf 90' lang='lat' dir='ltr'><strong>annuit,</strong></span> <span class='ocrx_word' id='word_1_178' title='bbox 901 2594 1040 2647; x_wconf 86' lang='lat' dir='ltr'><strong>haut</strong></span> <span class='ocrx_word' id='word_1_179' title='bbox 1117 2592 1485 2646; x_wconf 86' lang='lat' dir='ltr'><strong>considerans</strong></span> <span class='ocrx_word' id='word_1_180' title='bbox 1535 2598 1816 2663; x_wconf 91' lang='lat' dir='ltr'><strong>quantum</strong></span> <span class='ocrx_word' id='word_1_181' title='bbox 1873 2593 2113 2664; x_wconf 89' lang='lat' dir='ltr'><strong>antiqua</strong></span> 
     </span>
    </p>
   </div>
   <div class='ocr_carea' id='block_1_28' title="bbox 409 2680 2111 2740">
    <p class='ocr_par' dir='ltr' id='par_1_28' title="bbox 409 2680 2111 2740">
     <span class='ocr_line' id='line_1_28' title="bbox 409 2680 2111 2740; baseline -0.002 -1"><span class='ocrx_word' id='word_1_182' title='bbox 409 2699 697 2740; x_wconf 89' lang='lat' dir='ltr'><strong>canonum</strong></span> <span class='ocrx_word' id='word_1_183' title='bbox 729 2687 936 2736; x_wconf 84' lang='lat' dir='ltr'><strong>statuta</strong></span> <span class='ocrx_word' id='word_1_184' title='bbox 974 2680 1024 2716; x_wconf 74' lang='grc'><strong>⁵⁸</strong></span> <span class='ocrx_word' id='word_1_185' title='bbox 1065 2681 1384 2736; x_wconf 82' lang='lat' dir='ltr'><strong>temeravit.</strong></span> <span class='ocrx_word' id='word_1_186' title='bbox 1447 2683 1559 2736; x_wconf 77' lang='lat' dir='ltr'><strong>Nec</strong></span> <span class='ocrx_word' id='word_1_187' title='bbox 1593 2681 1846 2736; x_wconf 89' lang='lat' dir='ltr'><strong>fraterna</strong></span> <span class='ocrx_word' id='word_1_188' title='bbox 1875 2682 2111 2736; x_wconf 89' lang='lat' dir='ltr'><strong>caritate</strong></span> 
     </span>
    </p>
   </div>
   <div class='ocr_carea' id='block_1_29' title="bbox 411 2769 2112 2842">
    <p class='ocr_par' dir='ltr' id='par_1_29' title="bbox 411 2769 2112 2842">
     <span class='ocr_line' id='line_1_29' title="bbox 411 2769 2112 2842; baseline -0.002 -14"><span class='ocrx_word' id='word_1_189' title='bbox 411 2773 632 2828; x_wconf 86' lang='lat' dir='ltr'><strong>aditum</strong></span> <span class='ocrx_word' id='word_1_190' title='bbox 657 2771 940 2842; x_wconf 87' lang='lat' dir='ltr'><strong>quasivit,</strong></span> <span class='ocrx_word' id='word_1_191' title='bbox 960 2777 966 2782; x_wconf 88' lang='lat'>&#39;</span> <span class='ocrx_word' id='word_1_192' title='bbox 990 2770 1089 2824; x_wconf 90' lang='lat' dir='ltr'><strong>sed</strong></span> <span class='ocrx_word' id='word_1_193' title='bbox 1111 2770 1272 2823; x_wconf 80' lang='lat' dir='ltr'><strong>fratri</strong></span> <span class='ocrx_word' id='word_1_194' title='bbox 1297 2775 1353 2824; x_wconf 92' lang='lat' dir='ltr'><strong>et</strong></span> <span class='ocrx_word' id='word_1_195' title='bbox 1381 2769 1716 2840; x_wconf 88' lang='lat' dir='ltr'><strong>coepiscopo</strong></span> <span class='ocrx_word' id='word_1_196' title='bbox 1745 2770 1899 2824; x_wconf 92' lang='lat' dir='ltr'><strong>diem</strong></span> <span class='ocrx_word' id='word_1_197' title='bbox 1919 2770 2112 2841; x_wconf 89' lang='lat' dir='ltr'><strong>impe—</strong></span> 
     </span>
    </p>
   </div>
   <div class='ocr_carea' id='block_1_30' title="bbox 408 2858 2112 2926">
    <p class='ocr_par' dir='ltr' id='par_1_30' title="bbox 408 2858 2112 2926">
     <span class='ocr_line' id='line_1_30' title="bbox 408 2858 2112 2926; baseline -0.002 -10"><span class='ocrx_word' id='word_1_198' title='bbox 408 2861 574 2926; x_wconf 87' lang='lat' dir='ltr'><strong>ravit,</strong></span> <span class='ocrx_word' id='word_1_199' title='bbox 607 2865 670 2914; x_wconf 89' lang='lat' dir='ltr'><strong>ut</strong></span> <span class='ocrx_word' id='word_1_200' title='bbox 699 2860 769 2914; x_wconf 89' lang='lat' dir='ltr'><strong>ad</strong></span> <span class='ocrx_word' id='word_1_201' title='bbox 817 2858 1166 2913; x_wconf 85' lang='lat' dir='ltr'><strong>velationem</strong></span> <span class='ocrx_word' id='word_1_202' title='bbox 1196 2858 1534 2912; x_wconf 86' lang='lat' dir='ltr'><strong>ancillarum</strong></span> <span class='ocrx_word' id='word_1_203' title='bbox 1577 2859 1677 2912; x_wconf 88' lang='lat' dir='ltr'><strong>Dei</strong></span> <span class='ocrx_word' id='word_1_204' title='bbox 1715 2858 1776 2912; x_wconf 91' lang='lat' dir='ltr'><strong>in</strong></span> <span class='ocrx_word' id='word_1_205' title='bbox 1806 2859 2112 2913; x_wconf 78' lang='lat' dir='ltr'><strong>festivitate</strong></span> 
     </span>
    </p>
   </div>
   <div class='ocr_carea' id='block_1_31' title="bbox 411 2944 2112 3015">
    <p class='ocr_par' dir='ltr' id='par_1_31' title="bbox 411 2944 2112 3015">
     <span class='ocr_line' id='line_1_31' title="bbox 411 2944 2112 3015; baseline -0.001 -15"><span class='ocrx_word' id='word_1_206' title='bbox 411 2946 592 3002; x_wconf 91' lang='lat' dir='ltr'><strong>sancti</strong></span> <span class='ocrx_word' id='word_1_207' title='bbox 627 2947 791 3002; x_wconf 88' lang='lat' dir='ltr'><strong>Luca</strong></span> <span class='ocrx_word' id='word_1_208' title='bbox 848 2945 1210 3015; x_wconf 88' lang='lat' dir='ltr'><strong>evangelista</strong></span> <span class='ocrx_word' id='word_1_209' title='bbox 1250 2944 1334 2998; x_wconf 94' lang='lat' dir='ltr'><strong>illi</strong></span> <span class='ocrx_word' id='word_1_210' title='bbox 1383 2949 1726 2998; x_wconf 90' lang='lat' dir='ltr'><strong>occurreret.</strong></span> <span class='ocrx_word' id='word_1_211' title='bbox 1779 2945 1984 2999; x_wconf 89' lang='lat' dir='ltr'><strong>Nactus</strong></span> <span class='ocrx_word' id='word_1_212' title='bbox 2007 2945 2112 2999; x_wconf 87' lang='lat' dir='ltr'><strong>ita-</strong></span> 
     </span>
    </p>
   </div>
   <div class='ocr_carea' id='block_1_32' title="bbox 413 3033 2114 3107">
    <p class='ocr_par' dir='ltr' id='par_1_32' title="bbox 413 3033 2114 3107">
     <span class='ocr_line' id='line_1_32' title="bbox 413 3033 2114 3107; baseline -0.001 -18"><span class='ocrx_word' id='word_1_213' title='bbox 413 3051 524 3107; x_wconf 90' lang='lat' dir='ltr'><strong>que</strong></span> <span class='ocrx_word' id='word_1_214' title='bbox 583 3039 977 3104; x_wconf 88' lang='lat' dir='ltr'><strong>opportunum</strong></span> <span class='ocrx_word' id='word_1_215' title='bbox 1024 3038 1252 3099; x_wconf 84' lang='lat' dir='ltr'><strong>tempus</strong></span> <span class='ocrx_word' id='word_1_216' title='bbox 1301 3034 1545 3087; x_wconf 91' lang='lat' dir='ltr'><strong>domnus</strong></span> <span class='ocrx_word' id='word_1_217' title='bbox 1597 3033 1873 3103; x_wconf 91' lang='lat' dir='ltr'><strong>Osdagus,</strong></span> <span class='ocrx_word' id='word_1_218' title='bbox 1927 3033 2114 3088; x_wconf 88' lang='lat' dir='ltr'><strong>archi-</strong></span> 
     </span>
    </p>
   </div>
   <div class='ocr_carea' id='block_1_33' title="bbox 2203 636 3928 714">
    <p class='ocr_par' dir='ltr' id='par_1_33' title="bbox 2203 636 3928 714">
     <span class='ocr_line' id='line_1_33' title="bbox 2203 636 3928 714; baseline -0.011 -12"><span class='ocrx_word' id='word_1_219' title='bbox 2203 648 2448 702; x_wconf 90' lang='lat' dir='ltr'><strong>domnus</strong></span> <span class='ocrx_word' id='word_1_220' title='bbox 2507 644 2765 714; x_wconf 86' lang='lat' dir='ltr'><strong>Osdagus</strong></span> <span class='ocrx_word' id='word_1_221' title='bbox 2815 642 2968 695; x_wconf 89' lang='lat' dir='ltr'><strong>solus</strong></span> <span class='ocrx_word' id='word_1_222' title='bbox 3024 637 3404 710; x_wconf 81' lang='lat' dir='ltr'><strong>prospiceret;</strong></span> <span class='ocrx_word' id='word_1_223' title='bbox 3440 636 3775 706; x_wconf 90' lang='lat' dir='ltr'><strong>factumque</strong></span> <span class='ocrx_word' id='word_1_224' title='bbox 3836 636 3928 685; x_wconf 89' lang='lat' dir='ltr'><strong>est</strong></span> 
     </span>
    </p>
   </div>
   <div class='ocr_carea' id='block_1_34' title="bbox 2203 720 3927 792">
    <p class='ocr_par' dir='ltr' id='par_1_34' title="bbox 2203 720 3927 792">
     <span class='ocr_line' id='line_1_34' title="bbox 2203 720 3927 792; baseline -0.01 -2"><span class='ocrx_word' id='word_1_225' title='bbox 2203 735 2498 790; x_wconf 89' lang='lat' dir='ltr'><strong>insolitum</strong></span> <span class='ocrx_word' id='word_1_226' title='bbox 2556 749 2660 787; x_wconf 92' lang='lat' dir='ltr'><strong>nec</strong></span> <span class='ocrx_word' id='word_1_227' title='bbox 2715 735 2847 785; x_wconf 90' lang='lat' dir='ltr'><strong>ante</strong></span> <span class='ocrx_word' id='word_1_228' title='bbox 2897 746 2931 782; x_wconf 88' lang='lat' dir='ltr'><strong>a</strong></span> <span class='ocrx_word' id='word_1_229' title='bbox 3003 728 3168 782; x_wconf 91' lang='lat' dir='ltr'><strong>nobis</strong></span> <span class='ocrx_word' id='word_1_230' title='bbox 3233 725 3437 792; x_wconf 90' lang='lat' dir='ltr'><strong>visum,</strong></span> <span class='ocrx_word' id='word_1_231' title='bbox 3501 729 3565 778; x_wconf 89' lang='lat' dir='ltr'><strong>ut</strong></span> <span class='ocrx_word' id='word_1_232' title='bbox 3615 724 3730 778; x_wconf 89' lang='lat' dir='ltr'><strong>duo</strong></span> <span class='ocrx_word' id='word_1_233' title='bbox 3793 720 3927 792; x_wconf 89' lang='lat' dir='ltr'><strong>epi-</strong></span> 
     </span>
    </p>
   </div>
   <div class='ocr_carea' id='block_1_35' title="bbox 2204 809 3930 894">
    <p class='ocr_par' dir='ltr' id='par_1_35' title="bbox 2204 809 3930 894">
     <span class='ocr_line' id='line_1_35' title="bbox 2204 809 3930 894; baseline -0.009 -16"><span class='ocrx_word' id='word_1_234' title='bbox 2204 824 2360 894; x_wconf 88' lang='lat' dir='ltr'><strong>scopi</strong></span> <span class='ocrx_word' id='word_1_235' title='bbox 2389 840 2454 876; x_wconf 88' lang='lat' dir='ltr'><strong>ex</strong></span> <span class='ocrx_word' id='word_1_236' title='bbox 2505 823 2677 875; x_wconf 89' lang='lat' dir='ltr'><strong>latere</strong></span> <span class='ocrx_word' id='word_1_237' title='bbox 2709 818 2903 872; x_wconf 80' lang='lat' dir='ltr'><strong>altaris</strong></span> <span class='ocrx_word' id='word_1_238' title='bbox 2941 817 3158 887; x_wconf 90' lang='lat' dir='ltr'><strong>pariter</strong></span> <span class='ocrx_word' id='word_1_239' title='bbox 3208 815 3494 877; x_wconf 88' lang='lat' dir='ltr'><strong>sederent,</strong></span> <span class='ocrx_word' id='word_1_240' title='bbox 3561 809 3930 883; x_wconf 84' lang='lat' dir='ltr'><strong>pontificali-</strong></span> 
     </span>
    </p>
   </div>
   <div class='ocr_carea' id='block_1_36' title="bbox 2206 901 3933 982">
    <p class='ocr_par' dir='ltr' id='par_1_36' title="bbox 2206 901 3933 982">
     <span class='ocr_line' id='line_1_36' title="bbox 2206 901 3933 982; baseline -0.01 -14"><span class='ocrx_word' id='word_1_241' title='bbox 2206 913 2312 968; x_wconf 87' lang='lat' dir='ltr'><strong>bus</strong></span> <span class='ocrx_word' id='word_1_242' title='bbox 2355 911 2703 982; x_wconf 79' lang='lat' dir='ltr'><strong>paramentis</strong></span> <span class='ocrx_word' id='word_1_243' title='bbox 2736 909 2928 961; x_wconf 59' lang='lat' dir='ltr'><strong>festive</strong></span> <span class='ocrx_word' id='word_1_244' title='bbox 2981 903 3229 959; x_wconf 83' lang='lat' dir='ltr'><strong>infulati.</strong></span> <span class='ocrx_word' id='word_1_245' title='bbox 3273 905 3517 956; x_wconf 86' lang='lat' dir='ltr'><strong>Ventum</strong></span> <span class='ocrx_word' id='word_1_246' title='bbox 3576 907 3663 958; x_wconf 88' lang='lat' dir='ltr'><strong>est</strong></span> <span class='ocrx_word' id='word_1_247' title='bbox 3718 901 3933 969; x_wconf 76' lang='lat' dir='ltr'><strong>itaque</strong></span> 
     </span>
    </p>
   </div>
   <div class='ocr_carea' id='block_1_37' title="bbox 2207 989 3928 1060">
    <p class='ocr_par' dir='ltr' id='par_1_37' title="bbox 2207 989 3928 1060">
     <span class='ocr_line' id='line_1_37' title="bbox 2207 989 3928 1060; baseline -0.01 -4"><span class='ocrx_word' id='word_1_248' title='bbox 2207 1002 2276 1056; x_wconf 92' lang='lat' dir='ltr'><strong>ad</strong></span> <span class='ocrx_word' id='word_1_249' title='bbox 2321 1000 2661 1055; x_wconf 88' lang='lat' dir='ltr'><strong>ancillarum</strong></span> <span class='ocrx_word' id='word_1_250' title='bbox 2720 997 2818 1051; x_wconf 91' lang='lat' dir='ltr'><strong>Dei</strong></span> <span class='ocrx_word' id='word_1_251' title='bbox 2845 993 3358 1059; x_wconf 78' lang='lat' dir='ltr'><strong>consecrationem,</strong></span> <span class='ocrx_word' id='word_1_252' title='bbox 3407 1007 3537 1045; x_wconf 91' lang='lat' dir='ltr'><strong>cum</strong></span> <span class='ocrx_word' id='word_1_253' title='bbox 3581 989 3928 1060; x_wconf 87' lang='lat' dir='ltr'><strong>episcopus,</strong></span> 
     </span>
    </p>
   </div>
   <div class='ocr_carea' id='block_1_38' title="bbox 2207 1077 3929 1161">
    <p class='ocr_par' dir='ltr' id='par_1_38' title="bbox 2207 1077 3929 1161">
     <span class='ocr_line' id='line_1_38' title="bbox 2207 1077 3929 1161; baseline -0.01 -17"><span class='ocrx_word' id='word_1_254' title='bbox 2207 1089 2307 1161; x_wconf 86' lang='lat' dir='ltr'><strong>qui</strong></span> <span class='ocrx_word' id='word_1_255' title='bbox 2329 1093 2495 1144; x_wconf 87' lang='lat' dir='ltr'><strong>antea</strong></span> <span class='ocrx_word' id='word_1_256' title='bbox 2526 1105 2558 1141; x_wconf 91' lang='lat' dir='ltr'><strong>a</strong></span> <span class='ocrx_word' id='word_1_257' title='bbox 2579 1083 2895 1158; x_wconf 87' lang='lat' dir='ltr'><strong>pontiﬁcali</strong></span> <span class='ocrx_word' id='word_1_258' title='bbox 2921 1085 3050 1154; x_wconf 82' lang='lat' dir='ltr'><strong>jure</strong></span> <span class='ocrx_word' id='word_1_259' title='bbox 3072 1081 3382 1135; x_wconf 84' lang='lat' dir='ltr'><strong>timebatur</strong></span> <span class='ocrx_word' id='word_1_260' title='bbox 3410 1079 3683 1150; x_wconf 75' lang='lat' dir='ltr'><strong>dejectus,</strong></span> <span class='ocrx_word' id='word_1_261' title='bbox 3719 1077 3929 1130; x_wconf 86' lang='lat' dir='ltr'><strong>subito</strong></span> 
     </span>
    </p>
   </div>
   <div class='ocr_carea' id='block_1_39' title="bbox 2209 1165 3934 1250">
    <p class='ocr_par' dir='ltr' id='par_1_39' title="bbox 2209 1165 3934 1250">
     <span class='ocr_line' id='line_1_39' title="bbox 2209 1165 3934 1250; baseline -0.009 -17"><span class='ocrx_word' id='word_1_262' title='bbox 2209 1178 2310 1234; x_wconf 90' lang='lat' dir='ltr'><strong>Dei</strong></span> <span class='ocrx_word' id='word_1_263' title='bbox 2335 1177 2520 1250; x_wconf 89' lang='lat' dir='ltr'><strong>gratia</strong></span> <span class='ocrx_word' id='word_1_264' title='bbox 2549 1182 2788 1236; x_wconf 84' lang='lat' dir='ltr'><strong>erectus,</strong></span> <span class='ocrx_word' id='word_1_265' title='bbox 2829 1173 2978 1227; x_wconf 90' lang='lat' dir='ltr'><strong>inter</strong></span> <span class='ocrx_word' id='word_1_266' title='bbox 3009 1171 3312 1225; x_wconf 88' lang='lat' dir='ltr'><strong>missarum</strong></span> <span class='ocrx_word' id='word_1_267' title='bbox 3351 1166 3693 1238; x_wconf 89' lang='lat' dir='ltr'><strong>sollempnia</strong></span> <span class='ocrx_word' id='word_1_268' title='bbox 3724 1165 3934 1236; x_wconf 89' lang='lat' dir='ltr'><strong>primo</strong></span> 
     </span>
    </p>
   </div>
   <div class='ocr_carea' id='block_1_40' title="bbox 2207 1254 3934 1334">
    <p class='ocr_par' dir='ltr' id='par_1_40' title="bbox 2207 1254 3934 1334">
     <span class='ocr_line' id='line_1_40' title="bbox 2207 1254 3934 1334; baseline -0.009 -13"><span class='ocrx_word' id='word_1_269' title='bbox 2207 1267 2487 1321; x_wconf 84' lang='lat' dir='ltr'><strong>domuum</strong></span> <span class='ocrx_word' id='word_1_270' title='bbox 2539 1279 2756 1334; x_wconf 87' lang='lat' dir='ltr'><strong>regem.</strong></span> <span class='ocrx_word' id='word_1_271' title='bbox 2788 1261 2836 1315; x_wconf 92' lang='lat' dir='ltr'><strong>si</strong></span> <span class='ocrx_word' id='word_1_272' title='bbox 2891 1260 2952 1314; x_wconf 93' lang='lat' dir='ltr'><strong>in</strong></span> <span class='ocrx_word' id='word_1_273' title='bbox 2999 1257 3339 1313; x_wconf 82' lang='lat' dir='ltr'><strong>velationem</strong></span> <span class='ocrx_word' id='word_1_274' title='bbox 3371 1273 3489 1310; x_wconf 86' lang='lat' dir='ltr'><strong>sua</strong></span> <span class='ocrx_word' id='word_1_275' title='bbox 3536 1254 3750 1308; x_wconf 89' lang='lat' dir='ltr'><strong>sororis</strong></span> <span class='ocrx_word' id='word_1_276' title='bbox 3784 1270 3934 1306; x_wconf 85' lang='lat' dir='ltr'><strong>con-</strong></span> 
     </span>
    </p>
   </div>
   <div class='ocr_carea' id='block_1_41' title="bbox 2208 1345 3933 1420">
    <p class='ocr_par' dir='ltr' id='par_1_41' title="bbox 2208 1345 3933 1420">
     <span class='ocr_line' id='line_1_41' title="bbox 2208 1345 3933 1420; baseline -0.009 -11"><span class='ocrx_word' id='word_1_277' title='bbox 2208 1355 2467 1417; x_wconf 91' lang='lat' dir='ltr'><strong>sentiret,</strong></span> <span class='ocrx_word' id='word_1_278' title='bbox 2501 1351 2800 1407; x_wconf 86' lang='lat' dir='ltr'><strong>humiliter</strong></span> <span class='ocrx_word' id='word_1_279' title='bbox 2856 1347 3174 1420; x_wconf 87' lang='lat' dir='ltr'><strong>requisivit,</strong></span> <span class='ocrx_word' id='word_1_280' title='bbox 3228 1345 3437 1400; x_wconf 93' lang='lat' dir='ltr'><strong>deindo</strong></span> <span class='ocrx_word' id='word_1_281' title='bbox 3470 1349 3710 1398; x_wconf 89' lang='lat' dir='ltr'><strong>cateros</strong></span> <span class='ocrx_word' id='word_1_282' title='bbox 3744 1358 3933 1395; x_wconf 90' lang='lat' dir='ltr'><strong>mun-</strong></span> 
     </span>
    </p>
   </div>
   <div class='ocr_carea' id='block_1_42' title="bbox 2209 1431 3935 1504">
    <p class='ocr_par' dir='ltr' id='par_1_42' title="bbox 2209 1431 3935 1504">
     <span class='ocr_line' id='line_1_42' title="bbox 2209 1431 3935 1504; baseline -0.008 -7"><span class='ocrx_word' id='word_1_283' title='bbox 2209 1442 2506 1498; x_wconf 88' lang='lat' dir='ltr'><strong>diburdos.</strong></span> <span class='ocrx_word' id='word_1_284' title='bbox 2550 1439 2767 1504; x_wconf 88' lang='lat' dir='ltr'><strong>Quibus</strong></span> <span class='ocrx_word' id='word_1_285' title='bbox 2787 1451 3130 1493; x_wconf 89' lang='lat' dir='ltr'><strong>consensum</strong></span> <span class='ocrx_word' id='word_1_286' title='bbox 3172 1433 3500 1498; x_wconf 86' lang='lat' dir='ltr'><strong>fatentibus,</strong></span> <span class='ocrx_word' id='word_1_287' title='bbox 3527 1432 3714 1504; x_wconf 91' lang='lat' dir='ltr'><strong>primo</strong></span> <span class='ocrx_word' id='word_1_288' title='bbox 3741 1431 3935 1484; x_wconf 85' lang='lat' dir='ltr'><strong>dom-</strong></span> 
     </span>
    </p>
   </div>
   <div class='ocr_carea' id='block_1_43' title="bbox 2210 1519 3935 1600">
    <p class='ocr_par' dir='ltr' id='par_1_43' title="bbox 2210 1519 3935 1600">
     <span class='ocr_line' id='line_1_43' title="bbox 2210 1519 3935 1600; baseline -0.009 -13"><span class='ocrx_word' id='word_1_289' title='bbox 2210 1547 2347 1587; x_wconf 90' lang='lat' dir='ltr'><strong>nam</strong></span> <span class='ocrx_word' id='word_1_290' title='bbox 2421 1529 2718 1600; x_wconf 90' lang='lat' dir='ltr'><strong>Sophiam,</strong></span> <span class='ocrx_word' id='word_1_291' title='bbox 2779 1527 2828 1580; x_wconf 93' lang='lat' dir='ltr'><strong>si</strong></span> <span class='ocrx_word' id='word_1_292' title='bbox 2878 1525 2951 1579; x_wconf 89' lang='lat' dir='ltr'><strong>ad</strong></span> <span class='ocrx_word' id='word_1_293' title='bbox 3013 1522 3643 1580; x_wconf 88' lang='lat' dir='ltr'><strong>llildenesheimensem</strong></span> <span class='ocrx_word' id='word_1_294' title='bbox 3718 1519 3935 1572; x_wconf 88' lang='lat' dir='ltr'><strong>sedem</strong></span> 
     </span>
    </p>
   </div>
   <div class='ocr_carea' id='block_1_44' title="bbox 2211 1608 3935 1689">
    <p class='ocr_par' dir='ltr' id='par_1_44' title="bbox 2211 1608 3935 1689">
     <span class='ocr_line' id='line_1_44' title="bbox 2211 1608 3935 1689; baseline -0.007 -16"><span class='ocrx_word' id='word_1_295' title='bbox 2211 1620 2321 1674; x_wconf 89' lang='lat' dir='ltr'><strong>sibi</strong></span> <span class='ocrx_word' id='word_1_296' title='bbox 2350 1618 2581 1689; x_wconf 89' lang='lat' dir='ltr'><strong>suisque</strong></span> <span class='ocrx_word' id='word_1_297' title='bbox 2615 1614 3038 1670; x_wconf 83' lang='lat' dir='ltr'><strong>successoribus</strong></span> <span class='ocrx_word' id='word_1_298' title='bbox 3084 1611 3499 1682; x_wconf 88' lang='lat' dir='ltr'><strong>subjectionem</strong></span> <span class='ocrx_word' id='word_1_299' title='bbox 3531 1615 3588 1662; x_wconf 90' lang='lat' dir='ltr'><strong>et</strong></span> <span class='ocrx_word' id='word_1_300' title='bbox 3618 1608 3935 1663; x_wconf 73' lang='lat' dir='ltr'><strong>oboedien-</strong></span> 
     </span>
    </p>
   </div>
   <div class='ocr_carea' id='block_1_45' title="bbox 2212 1697 3935 1777">
    <p class='ocr_par' dir='ltr' id='par_1_45' title="bbox 2212 1697 3935 1777">
     <span class='ocr_line' id='line_1_45' title="bbox 2212 1697 3935 1777; baseline -0.006 -16"><span class='ocrx_word' id='word_1_301' title='bbox 2212 1707 2351 1761; x_wconf 89' lang='lat' dir='ltr'><strong>tiam</strong></span> <span class='ocrx_word' id='word_1_302' title='bbox 2401 1708 2785 1777; x_wconf 87' lang='lat' dir='ltr'><strong>proﬁteretur,</strong></span> <span class='ocrx_word' id='word_1_303' title='bbox 2847 1701 3238 1772; x_wconf 83' lang='lat' dir='ltr'><strong>interrogavit,</strong></span> <span class='ocrx_word' id='word_1_304' title='bbox 3283 1699 3489 1753; x_wconf 88' lang='lat' dir='ltr'><strong>deinde</strong></span> <span class='ocrx_word' id='word_1_305' title='bbox 3528 1697 3668 1750; x_wconf 86' lang='lat' dir='ltr'><strong>alias</strong></span> <span class='ocrx_word' id='word_1_306' title='bbox 3715 1697 3935 1750; x_wconf 86' lang='lat' dir='ltr'><strong>velan-</strong></span> 
     </span>
    </p>
   </div>
   <div class='ocr_carea' id='block_1_46' title="bbox 2179 1786 3935 1860">
    <p class='ocr_par' dir='ltr' id='par_1_46' title="bbox 2179 1786 3935 1860">
     <span class='ocr_line' id='line_1_46' title="bbox 2179 1786 3935 1860; baseline -0.008 -9"><span class='ocrx_word' id='word_1_307' title='bbox 2179 1797 2333 1852; x_wconf 76' lang='lat' dir='ltr'><strong>‘das.</strong></span> <span class='ocrx_word' id='word_1_308' title='bbox 2367 1796 2504 1860; x_wconf 77' lang='lat' dir='ltr'><strong>Qua:</strong></span> <span class='ocrx_word' id='word_1_309' title='bbox 2549 1793 2809 1847; x_wconf 89' lang='lat' dir='ltr'><strong>unamini</strong></span> <span class='ocrx_word' id='word_1_310' title='bbox 2849 1807 3127 1845; x_wconf 91' lang='lat' dir='ltr'><strong>consensu</strong></span> <span class='ocrx_word' id='word_1_311' title='bbox 3183 1789 3520 1858; x_wconf 87' lang='lat' dir='ltr'><strong>religionem</strong></span> <span class='ocrx_word' id='word_1_312' title='bbox 3579 1791 3634 1839; x_wconf 91' lang='lat' dir='ltr'><strong>et</strong></span> <span class='ocrx_word' id='word_1_313' title='bbox 3689 1786 3935 1855; x_wconf 84' lang='lat' dir='ltr'><strong>subjec-</strong></span> 
     </span>
    </p>
   </div>
   <div class='ocr_carea' id='block_1_47' title="bbox 2215 1874 3936 1949">
    <p class='ocr_par' dir='ltr' id='par_1_47' title="bbox 2215 1874 3936 1949">
     <span class='ocr_line' id='line_1_47' title="bbox 2215 1874 3936 1949; baseline -0.008 -10"><span class='ocrx_word' id='word_1_314' title='bbox 2215 1885 2431 1939; x_wconf 89' lang='lat' dir='ltr'><strong>tionem</strong></span> <span class='ocrx_word' id='word_1_315' title='bbox 2487 1883 2753 1936; x_wconf 84' lang='lat' dir='ltr'><strong>confessa</strong></span> <span class='ocrx_word' id='word_1_316' title='bbox 2821 1884 2976 1947; x_wconf 89' lang='lat' dir='ltr'><strong>sunt,</strong></span> <span class='ocrx_word' id='word_1_317' title='bbox 3032 1877 3374 1949; x_wconf 90' lang='lat' dir='ltr'><strong>publiceque</strong></span> <span class='ocrx_word' id='word_1_318' title='bbox 3419 1879 3462 1912; x_wconf 73' lang='grc' dir='ltr'><strong>ιδ</strong></span> <span class='ocrx_word' id='word_1_319' title='bbox 3507 1874 3936 1929; x_wconf 88' lang='lat' dir='ltr'><strong>denunciatum</strong></span> 
     </span>
    </p>
   </div>
   <div class='ocr_carea' id='block_1_48' title="bbox 2217 1961 3936 2037">
    <p class='ocr_par' dir='ltr' id='par_1_48' title="bbox 2217 1961 3936 2037">
     <span class='ocr_line' id='line_1_48' title="bbox 2217 1961 3936 2037; baseline -0.007 -11"><span class='ocrx_word' id='word_1_320' title='bbox 2217 1977 2302 2028; x_wconf 90' lang='lat' dir='ltr'><strong>est</strong></span> <span class='ocrx_word' id='word_1_321' title='bbox 2360 1970 2520 2025; x_wconf 89' lang='lat' dir='ltr'><strong>omni</strong></span> <span class='ocrx_word' id='word_1_322' title='bbox 2569 1971 2721 2024; x_wconf 88' lang='lat' dir='ltr'><strong>clero</strong></span> <span class='ocrx_word' id='word_1_323' title='bbox 2767 1976 2824 2022; x_wconf 90' lang='lat' dir='ltr'><strong>et</strong></span> <span class='ocrx_word' id='word_1_324' title='bbox 2881 1967 3115 2037; x_wconf 90' lang='lat' dir='ltr'><strong>populo,</strong></span> <span class='ocrx_word' id='word_1_325' title='bbox 3149 1963 3644 2034; x_wconf 89' lang='lat' dir='ltr'><strong>archiepiscopum</strong></span> <span class='ocrx_word' id='word_1_326' title='bbox 3677 1961 3936 2032; x_wconf 86' lang='lat' dir='ltr'><strong>niljuris</strong></span> 
     </span>
    </p>
   </div>
   <div class='ocr_carea' id='block_1_49' title="bbox 2217 2050 3931 2123">
    <p class='ocr_par' dir='ltr' id='par_1_49' title="bbox 2217 2050 3931 2123">
     <span class='ocr_line' id='line_1_49' title="bbox 2217 2050 3931 2123; baseline -0.006 -8"><span class='ocrx_word' id='word_1_327' title='bbox 2217 2059 2326 2115; x_wconf 92' lang='lat' dir='ltr'><strong>sibi</strong></span> <span class='ocrx_word' id='word_1_328' title='bbox 2364 2059 2427 2114; x_wconf 92' lang='lat' dir='ltr'><strong>in</strong></span> <span class='ocrx_word' id='word_1_329' title='bbox 2473 2058 2571 2112; x_wconf 87' lang='lat' dir='ltr'><strong>illa</strong></span> <span class='ocrx_word' id='word_1_330' title='bbox 2613 2055 2868 2112; x_wconf 85' lang='lat' dir='ltr'><strong>acclesia</strong></span> <span class='ocrx_word' id='word_1_331' title='bbox 2907 2054 3206 2108; x_wconf 89' lang='lat' dir='ltr'><strong>vendicare</strong></span> <span class='ocrx_word' id='word_1_332' title='bbox 3236 2050 3284 2088; x_wconf 72' lang='grc'><strong>’⁸⁸</strong></span> <span class='ocrx_word' id='word_1_333' title='bbox 3333 2055 3542 2123; x_wconf 85' lang='lat' dir='ltr'><strong>prater</strong></span> <span class='ocrx_word' id='word_1_334' title='bbox 3566 2066 3931 2104; x_wconf 88' lang='lat' dir='ltr'><strong>consensum</strong></span> 
     </span>
    </p>
   </div>
   <div class='ocr_carea' id='block_1_50' title="bbox 2219 2139 3936 2220">
    <p class='ocr_par' dir='ltr' id='par_1_50' title="bbox 2219 2139 3936 2220">
     <span class='ocr_line' id='line_1_50' title="bbox 2219 2139 3936 2220; baseline -0.006 -17"><span class='ocrx_word' id='word_1_335' title='bbox 2219 2154 2275 2204; x_wconf 91' lang='lat' dir='ltr'><strong>et</strong></span> <span class='ocrx_word' id='word_1_336' title='bbox 2305 2147 2650 2220; x_wconf 88' lang='lat' dir='ltr'><strong>permissum</strong></span> <span class='ocrx_word' id='word_1_337' title='bbox 2702 2141 3280 2200; x_wconf 89' lang='lat' dir='ltr'><strong>Hildenesheimensis</strong></span> <span class='ocrx_word' id='word_1_338' title='bbox 3338 2139 3614 2211; x_wconf 86' lang='lat' dir='ltr'><strong>episcopi.</strong></span> <span class='ocrx_word' id='word_1_339' title='bbox 3641 2140 3936 2195; x_wconf 86' lang='lat' dir='ltr'><strong>Omnibus</strong></span> 
     </span>
    </p>
   </div>
   <div class='ocr_carea' id='block_1_51' title="bbox 2218 2226 3936 2307">
    <p class='ocr_par' dir='ltr' id='par_1_51' title="bbox 2218 2226 3936 2307">
     <span class='ocr_line' id='line_1_51' title="bbox 2218 2226 3936 2307; baseline -0.006 -17"><span class='ocrx_word' id='word_1_340' title='bbox 2218 2251 2449 2307; x_wconf 90' lang='lat' dir='ltr'><strong>quoque</strong></span> <span class='ocrx_word' id='word_1_341' title='bbox 2481 2235 2588 2288; x_wconf 91' lang='lat' dir='ltr'><strong>rite</strong></span> <span class='ocrx_word' id='word_1_342' title='bbox 2632 2231 2892 2305; x_wconf 87' lang='lat' dir='ltr'><strong>peractis,</strong></span> <span class='ocrx_word' id='word_1_343' title='bbox 2949 2246 3175 2285; x_wconf 88' lang='lat' dir='ltr'><strong>summa</strong></span> <span class='ocrx_word' id='word_1_344' title='bbox 3204 2243 3341 2299; x_wconf 91' lang='lat' dir='ltr'><strong>pace</strong></span> <span class='ocrx_word' id='word_1_345' title='bbox 3391 2230 3446 2284; x_wconf 88' lang='lat' dir='ltr'><strong>et</strong></span> <span class='ocrx_word' id='word_1_346' title='bbox 3475 2226 3783 2281; x_wconf 90' lang='lat' dir='ltr'><strong>concordia</strong></span> <span class='ocrx_word' id='word_1_347' title='bbox 3817 2227 3936 2281; x_wconf 91' lang='lat' dir='ltr'><strong>dis-</strong></span> 
     </span>
    </p>
   </div>
   <div class='ocr_carea' id='block_1_52' title="bbox 2218 2315 3936 2391">
    <p class='ocr_par' dir='ltr' id='par_1_52' title="bbox 2218 2315 3936 2391">
     <span class='ocr_line' id='line_1_52' title="bbox 2218 2315 3936 2391; baseline -0.006 -12"><span class='ocrx_word' id='word_1_348' title='bbox 2218 2341 2442 2380; x_wconf 88' lang='lat' dir='ltr'><strong>cessum</strong></span> <span class='ocrx_word' id='word_1_349' title='bbox 2525 2327 2636 2389; x_wconf 90' lang='lat' dir='ltr'><strong>est;</strong></span> <span class='ocrx_word' id='word_1_350' title='bbox 2707 2321 2976 2391; x_wconf 88' lang='lat' dir='ltr'><strong>stetitque</strong></span> <span class='ocrx_word' id='word_1_351' title='bbox 3059 2317 3410 2372; x_wconf 89' lang='lat' dir='ltr'><strong>unanimitas</strong></span> <span class='ocrx_word' id='word_1_352' title='bbox 3493 2316 3599 2370; x_wconf 91' lang='lat' dir='ltr'><strong>sub</strong></span> <span class='ocrx_word' id='word_1_353' title='bbox 3704 2315 3936 2369; x_wconf 89' lang='lat' dir='ltr'><strong>domno</strong></span> 
     </span>
    </p>
   </div>
   <div class='ocr_carea' id='block_1_53' title="bbox 2219 2403 3936 2484">
    <p class='ocr_par' dir='ltr' id='par_1_53' title="bbox 2219 2403 3936 2484">
     <span class='ocr_line' id='line_1_53' title="bbox 2219 2403 3936 2484; baseline -0.007 -16"><span class='ocrx_word' id='word_1_354' title='bbox 2219 2414 2442 2484; x_wconf 87' lang='lat' dir='ltr'><strong>Osdago</strong></span> <span class='ocrx_word' id='word_1_355' title='bbox 2475 2417 2530 2467; x_wconf 90' lang='lat' dir='ltr'><strong>et</strong></span> <span class='ocrx_word' id='word_1_356' title='bbox 2561 2410 2841 2480; x_wconf 89' lang='lat' dir='ltr'><strong>Gerdago,</strong></span> <span class='ocrx_word' id='word_1_357' title='bbox 2901 2413 2956 2462; x_wconf 91' lang='lat' dir='ltr'><strong>et</strong></span> <span class='ocrx_word' id='word_1_358' title='bbox 2998 2407 3219 2478; x_wconf 90' lang='lat' dir='ltr'><strong>aliquot</strong></span> <span class='ocrx_word' id='word_1_359' title='bbox 3265 2406 3429 2460; x_wconf 91' lang='lat' dir='ltr'><strong>anuis</strong></span> <span class='ocrx_word' id='word_1_360' title='bbox 3484 2403 3529 2440; x_wconf 82' lang='grc'><strong>’⁸⁷</strong></span> <span class='ocrx_word' id='word_1_361' title='bbox 3560 2405 3764 2459; x_wconf 93' lang='lat' dir='ltr'><strong>domni</strong></span> <span class='ocrx_word' id='word_1_362' title='bbox 3800 2406 3936 2458; x_wconf 89' lang='lat' dir='ltr'><strong>Ber-</strong></span> 
     </span>
    </p>
   </div>
   <div class='ocr_carea' id='block_1_54' title="bbox 2219 2493 3936 2568">
    <p class='ocr_par' dir='ltr' id='par_1_54' title="bbox 2219 2493 3936 2568">
     <span class='ocr_line' id='line_1_54' title="bbox 2219 2493 3936 2568; baseline -0.005 -14"><span class='ocrx_word' id='word_1_363' title='bbox 2219 2501 2458 2568; x_wconf 84' lang='lat' dir='ltr'><strong>nwardi,</strong></span> <span class='ocrx_word' id='word_1_364' title='bbox 2513 2500 2658 2554; x_wconf 90' lang='lat' dir='ltr'><strong>adeo</strong></span> <span class='ocrx_word' id='word_1_365' title='bbox 2705 2503 2770 2552; x_wconf 87' lang='lat' dir='ltr'><strong>ut</strong></span> <span class='ocrx_word' id='word_1_366' title='bbox 2817 2497 3098 2552; x_wconf 88' lang='lat' dir='ltr'><strong>acclesias</strong></span> <span class='ocrx_word' id='word_1_367' title='bbox 3140 2495 3362 2565; x_wconf 90' lang='lat' dir='ltr'><strong>aliquas</strong></span> <span class='ocrx_word' id='word_1_368' title='bbox 3401 2498 3683 2565; x_wconf 87' lang='lat' dir='ltr'><strong>prasente</strong></span> <span class='ocrx_word' id='word_1_369' title='bbox 3735 2493 3936 2546; x_wconf 89' lang='lat' dir='ltr'><strong>archi-</strong></span> 
     </span>
    </p>
   </div>
   <div class='ocr_carea' id='block_1_55' title="bbox 2221 2581 3936 2661">
    <p class='ocr_par' dir='ltr' id='par_1_55' title="bbox 2221 2581 3936 2661">
     <span class='ocr_line' id='line_1_55' title="bbox 2221 2581 3936 2661; baseline -0.008 -15"><span class='ocrx_word' id='word_1_370' title='bbox 2221 2589 2492 2661; x_wconf 87' lang='lat' dir='ltr'><strong>episcopo</strong></span> <span class='ocrx_word' id='word_1_371' title='bbox 2539 2588 2754 2643; x_wconf 88' lang='lat' dir='ltr'><strong>ibidem</strong></span> <span class='ocrx_word' id='word_1_372' title='bbox 2801 2589 3178 2650; x_wconf 90' lang='lat' dir='ltr'><strong>consecraret,</strong></span> <span class='ocrx_word' id='word_1_373' title='bbox 3235 2583 3516 2654; x_wconf 83' lang='lat' dir='ltr'><strong>synodum</strong></span> <span class='ocrx_word' id='word_1_374' title='bbox 3565 2581 3741 2636; x_wconf 83' lang='lat' dir='ltr'><strong>etiam</strong></span> <span class='ocrx_word' id='word_1_375' title='bbox 3813 2598 3936 2634; x_wconf 89' lang='lat' dir='ltr'><strong>ma-</strong></span> 
     </span>
    </p>
   </div>
   <div class='ocr_carea' id='block_1_56' title="bbox 2220 2668 3936 2750">
    <p class='ocr_par' dir='ltr' id='par_1_56' title="bbox 2220 2668 3936 2750">
     <span class='ocr_line' id='line_1_56' title="bbox 2220 2668 3936 2750; baseline -0.006 -18"><span class='ocrx_word' id='word_1_376' title='bbox 2220 2694 2392 2750; x_wconf 91' lang='lat' dir='ltr'><strong>gnam</strong></span> <span class='ocrx_word' id='word_1_377' title='bbox 2422 2677 2659 2732; x_wconf 88' lang='lat' dir='ltr'><strong>haberet</strong></span> <span class='ocrx_word' id='word_1_378' title='bbox 2687 2680 2970 2747; x_wconf 90' lang='lat' dir='ltr'><strong>prasente</strong></span> <span class='ocrx_word' id='word_1_379' title='bbox 3001 2675 3211 2728; x_wconf 89' lang='lat' dir='ltr'><strong>domno</strong></span> <span class='ocrx_word' id='word_1_380' title='bbox 3242 2687 3376 2741; x_wconf 87' lang='lat' dir='ltr'><strong>rege</strong></span> <span class='ocrx_word' id='word_1_381' title='bbox 3425 2670 3600 2725; x_wconf 91' lang='lat' dir='ltr'><strong>tercio</strong></span> <span class='ocrx_word' id='word_1_382' title='bbox 3632 2670 3852 2724; x_wconf 88' lang='lat' dir='ltr'><strong>Ottone</strong></span> <span class='ocrx_word' id='word_1_383' title='bbox 3898 2668 3936 2705; x_wconf 72' lang='grc' dir='ltr'><strong>ιε</strong></span> 
     </span>
    </p>
   </div>
   <div class='ocr_carea' id='block_1_57' title="bbox 2222 2758 3936 2831">
    <p class='ocr_par' dir='ltr' id='par_1_57' title="bbox 2222 2758 3936 2831">
     <span class='ocr_line' id='line_1_57' title="bbox 2222 2758 3936 2831; baseline -0.006 -9"><span class='ocrx_word' id='word_1_384' title='bbox 2222 2767 2506 2822; x_wconf 90' lang='lat' dir='ltr'><strong>assidente</strong></span> <span class='ocrx_word' id='word_1_385' title='bbox 2562 2765 2974 2820; x_wconf 90' lang='lat' dir='ltr'><strong>nichilominus</strong></span> <span class='ocrx_word' id='word_1_386' title='bbox 3031 2761 3268 2831; x_wconf 87' lang='lat' dir='ltr'><strong>prafato</strong></span> <span class='ocrx_word' id='word_1_387' title='bbox 3310 2758 3765 2828; x_wconf 78' lang='lat' dir='ltr'><strong>archiepiscopo,</strong></span> <span class='ocrx_word' id='word_1_388' title='bbox 3802 2774 3936 2812; x_wconf 90' lang='lat' dir='ltr'><strong>cum</strong></span> 
     </span>
    </p>
   </div>
   <div class='ocr_carea' id='block_1_58' title="bbox 2220 2847 3936 2917">
    <p class='ocr_par' dir='ltr' id='par_1_58' title="bbox 2220 2847 3936 2917">
     <span class='ocr_line' id='line_1_58' title="bbox 2220 2847 3936 2917; baseline -0.006 -7"><span class='ocrx_word' id='word_1_389' title='bbox 2220 2860 2415 2910; x_wconf 86' lang='lat' dir='ltr'><strong>tamen</strong></span> <span class='ocrx_word' id='word_1_390' title='bbox 2467 2854 2548 2908; x_wconf 90' lang='lat' dir='ltr'><strong>nil</strong></span> <span class='ocrx_word' id='word_1_391' title='bbox 2594 2870 2696 2907; x_wconf 88' lang='lat' dir='ltr'><strong>sua</strong></span> <span class='ocrx_word' id='word_1_392' title='bbox 2736 2852 3073 2906; x_wconf 87' lang='lat' dir='ltr'><strong>auctoritate</strong></span> <span class='ocrx_word' id='word_1_393' title='bbox 3125 2850 3476 2914; x_wconf 86' lang='lat' dir='ltr'><strong>decerneret,</strong></span> <span class='ocrx_word' id='word_1_394' title='bbox 3519 2853 3734 2917; x_wconf 91' lang='lat' dir='ltr'><strong>prater</strong></span> <span class='ocrx_word' id='word_1_395' title='bbox 3780 2847 3936 2916; x_wconf 91' lang='lat' dir='ltr'><strong>quod</strong></span> 
     </span>
    </p>
   </div>
   <div class='ocr_carea' id='block_1_59' title="bbox 2225 2936 3936 3013">
    <p class='ocr_par' dir='ltr' id='par_1_59' title="bbox 2225 2936 3936 3013">
     <span class='ocr_line' id='line_1_59' title="bbox 2225 2936 3936 3013; baseline -0.007 -14"><span class='ocrx_word' id='word_1_396' title='bbox 2225 2959 2523 2998; x_wconf 89' lang='lat' dir='ltr'><strong>assensum</strong></span> <span class='ocrx_word' id='word_1_397' title='bbox 2577 2957 2741 3013; x_wconf 91' lang='lat' dir='ltr'><strong>aque</strong></span> <span class='ocrx_word' id='word_1_398' title='bbox 2789 2945 2853 2994; x_wconf 91' lang='lat' dir='ltr'><strong>ut</strong></span> <span class='ocrx_word' id='word_1_399' title='bbox 2906 2940 3004 2993; x_wconf 89' lang='lat' dir='ltr'><strong>alii</strong></span> <span class='ocrx_word' id='word_1_400' title='bbox 3051 2939 3251 2992; x_wconf 88' lang='lat' dir='ltr'><strong>fratres</strong></span> <span class='ocrx_word' id='word_1_401' title='bbox 3307 2937 3521 2991; x_wconf 89' lang='lat' dir='ltr'><strong>domno</strong></span> <span class='ocrx_word' id='word_1_402' title='bbox 3564 2936 3936 3002; x_wconf 81' lang='lat' dir='ltr'><strong>Bernwardo,</strong></span> 
     </span>
    </p>
   </div>
   <div class='ocr_carea' id='block_1_60' title="bbox 2224 3025 3936 3106">
    <p class='ocr_par' dir='ltr' id='par_1_60' title="bbox 2224 3025 3936 3106">
     <span class='ocr_line' id='line_1_60' title="bbox 2224 3025 3936 3106; baseline -0.006 -18"><span class='ocrx_word' id='word_1_403' title='bbox 2224 3035 2323 3106; x_wconf 91' lang='lat' dir='ltr'><strong>qui</strong></span> <span class='ocrx_word' id='word_1_404' title='bbox 2354 3033 2572 3104; x_wconf 88' lang='lat' dir='ltr'><strong>synodo</strong></span> <span class='ocrx_word' id='word_1_405' title='bbox 2629 3030 2993 3102; x_wconf 65' lang='lat' dir='ltr'><strong>praesidebat,</strong></span> <span class='ocrx_word' id='word_1_406' title='bbox 3045 3027 3311 3098; x_wconf 85' lang='lat' dir='ltr'><strong>prabuit.</strong></span> <span class='ocrx_word' id='word_1_407' title='bbox 3371 3025 3771 3080; x_wconf 85' lang='lat' dir='ltr'><strong>lnterfuerunt</strong></span> <span class='ocrx_word' id='word_1_408' title='bbox 3806 3027 3936 3078; x_wconf 84' lang='lat' dir='ltr'><strong>Isla-</strong></span> 
     </span>
    </p>
   </div>
   <div class='ocr_carea' id='block_1_61' title="bbox 413 3113 3936 3194">
    <p class='ocr_par' dir='ltr' id='par_1_61' title="bbox 413 3113 3936 3194">
     <span class='ocr_line' id='line_1_61' title="bbox 413 3113 3936 3194; baseline -0.003 -17"><span class='ocrx_word' id='word_1_409' title='bbox 413 3123 746 3194; x_wconf 86' lang='lat' dir='ltr'><strong>episcopum</strong></span> <span class='ocrx_word' id='word_1_410' title='bbox 777 3121 1052 3176; x_wconf 88' lang='lat' dir='ltr'><strong>secretius</strong></span> <span class='ocrx_word' id='word_1_411' title='bbox 1101 3137 1216 3192; x_wconf 87' lang='lat' dir='ltr'><strong>qua</strong></span> <span class='ocrx_word' id='word_1_412' title='bbox 1241 3122 1576 3176; x_wconf 89' lang='lat' dir='ltr'><strong>auctoritate</strong></span> <span class='ocrx_word' id='word_1_413' title='bbox 1605 3120 1665 3175; x_wconf 93' lang='lat' dir='ltr'><strong>id</strong></span> <span class='ocrx_word' id='word_1_414' title='bbox 1686 3126 1882 3190; x_wconf 90' lang='lat' dir='ltr'><strong>ageret</strong></span> <span class='ocrx_word' id='word_1_415' title='bbox 1913 3121 2111 3193; x_wconf 88' lang='lat' dir='ltr'><strong>requi-</strong></span> <span class='ocrx_word' id='word_1_416' title='bbox 2147 3118 2188 3172; x_wconf 88' lang='lat' dir='ltr'>C</span> <span class='ocrx_word' id='word_1_417' title='bbox 2227 3123 2345 3179; x_wconf 89' lang='lat' dir='ltr'><strong>rius</strong></span> <span class='ocrx_word' id='word_1_418' title='bbox 2366 3121 2410 3160; x_wconf 73' lang='lat'><strong>‘9</strong></span> <span class='ocrx_word' id='word_1_419' title='bbox 2464 3120 2966 3192; x_wconf 83' lang='lat' dir='ltr'><strong>Magdaburgensis</strong></span> <span class='ocrx_word' id='word_1_420' title='bbox 3015 3116 3498 3185; x_wconf 90' lang='lat' dir='ltr'><strong>archiepiscopus,</strong></span> <span class='ocrx_word' id='word_1_421' title='bbox 3544 3113 3852 3169; x_wconf 82' lang='lat' dir='ltr'><strong>Liudolfus</strong></span> <span class='ocrx_word' id='word_1_422' title='bbox 3888 3114 3936 3149; x_wconf 78' lang='grc' dir='ltr'>⁵ο</span> 
     </span>
    </p>
   </div>
   <div class='ocr_carea' id='block_1_62' title="bbox 414 3207 2116 3276">
    <p class='ocr_par' dir='ltr' id='par_1_62' title="bbox 414 3207 2116 3276">
     <span class='ocr_line' id='line_1_62' title="bbox 414 3207 2116 3276; baseline -0.001 -12"><span class='ocrx_word' id='word_1_423' title='bbox 414 3210 574 3276; x_wconf 88' lang='lat' dir='ltr'><strong>sivit;</strong></span> <span class='ocrx_word' id='word_1_424' title='bbox 627 3226 758 3263; x_wconf 88' lang='lat' dir='ltr'><strong>cum</strong></span> <span class='ocrx_word' id='word_1_425' title='bbox 826 3210 922 3262; x_wconf 89' lang='lat' dir='ltr'><strong>ille</strong></span> <span class='ocrx_word' id='word_1_426' title='bbox 979 3207 1191 3262; x_wconf 88' lang='lat' dir='ltr'><strong>minaci</strong></span> <span class='ocrx_word' id='word_1_427' title='bbox 1253 3209 1411 3261; x_wconf 89' lang='lat' dir='ltr'><strong>vultu</strong></span> <span class='ocrx_word' id='word_1_428' title='bbox 1471 3207 1795 3262; x_wconf 82' lang='lat' dir='ltr'><strong>mordacius</strong></span> <span class='ocrx_word' id='word_1_429' title='bbox 1847 3208 1916 3263; x_wconf 92' lang='lat' dir='ltr'><strong>ad</strong></span> <span class='ocrx_word' id='word_1_430' title='bbox 1953 3225 2116 3262; x_wconf 90' lang='lat' dir='ltr'><strong>suam</strong></span> 
     </span>
    </p>
   </div>
   <div class='ocr_carea' id='block_1_63' title="bbox 415 3295 2118 3369">
    <p class='ocr_par' dir='ltr' id='par_1_63' title="bbox 415 3295 2118 3369">
     <span class='ocr_line' id='line_1_63' title="bbox 415 3295 2118 3369; baseline 0 -19"><span class='ocrx_word' id='word_1_431' title='bbox 415 3296 777 3369; x_wconf 90' lang='lat' dir='ltr'><strong>parrochiam</strong></span> <span class='ocrx_word' id='word_1_432' title='bbox 823 3295 1114 3366; x_wconf 89' lang='lat' dir='ltr'><strong>pertinere</strong></span> <span class='ocrx_word' id='word_1_433' title='bbox 1172 3295 1488 3366; x_wconf 87' lang='lat' dir='ltr'><strong>respondit,</strong></span> <span class='ocrx_word' id='word_1_434' title='bbox 1555 3300 1610 3348; x_wconf 90' lang='lat' dir='ltr'><strong>et</strong></span> <span class='ocrx_word' id='word_1_435' title='bbox 1662 3299 1874 3348; x_wconf 88' lang='lat' dir='ltr'><strong>statuta</strong></span> <span class='ocrx_word' id='word_1_436' title='bbox 1934 3296 2028 3351; x_wconf 93' lang='lat' dir='ltr'><strong>die</strong></span> <span class='ocrx_word' id='word_1_437' title='bbox 2060 3313 2118 3350; x_wconf 88' lang='lat' dir='ltr'><strong>se</strong></span> 
     </span>
    </p>
   </div>
   <div class='ocr_carea' id='block_1_64' title="bbox 415 3381 2119 3454">
    <p class='ocr_par' dir='ltr' id='par_1_64' title="bbox 415 3381 2119 3454">
     <span class='ocr_line' id='line_1_64' title="bbox 415 3381 2119 3454; baseline 0.001 -17"><span class='ocrx_word' id='word_1_438' title='bbox 415 3383 650 3437; x_wconf 88' lang='lat' dir='ltr'><strong>ancillas</strong></span> <span class='ocrx_word' id='word_1_439' title='bbox 685 3381 784 3437; x_wconf 87' lang='lat' dir='ltr'><strong>Dei</strong></span> <span class='ocrx_word' id='word_1_440' title='bbox 823 3384 1166 3450; x_wconf 83' lang='lat' dir='ltr'><strong>velatarum,</strong></span> <span class='ocrx_word' id='word_1_441' title='bbox 1201 3399 1548 3454; x_wconf 90' lang='lat' dir='ltr'><strong>omnemque</strong></span> <span class='ocrx_word' id='word_1_442' title='bbox 1592 3382 1972 3453; x_wconf 86' lang='lat' dir='ltr'><strong>episcopalem</strong></span> <span class='ocrx_word' id='word_1_443' title='bbox 2016 3401 2119 3454; x_wconf 91' lang='lat' dir='ltr'><strong>po-</strong></span> 
     </span>
    </p>
   </div>
   <div class='ocr_carea' id='block_1_65' title="bbox 415 3470 2119 3542">
    <p class='ocr_par' dir='ltr' id='par_1_65' title="bbox 415 3470 2119 3542">
     <span class='ocr_line' id='line_1_65' title="bbox 415 3470 2119 3542; baseline 0 -16"><span class='ocrx_word' id='word_1_444' title='bbox 415 3476 677 3526; x_wconf 87' lang='lat' dir='ltr'><strong>testatem</strong></span> <span class='ocrx_word' id='word_1_445' title='bbox 709 3470 770 3524; x_wconf 91' lang='lat' dir='ltr'><strong>in</strong></span> <span class='ocrx_word' id='word_1_446' title='bbox 800 3470 899 3525; x_wconf 92' lang='lat' dir='ltr'><strong>illo</strong></span> <span class='ocrx_word' id='word_1_447' title='bbox 948 3472 1070 3524; x_wconf 93' lang='lat' dir='ltr'><strong>loco</strong></span> <span class='ocrx_word' id='word_1_448' title='bbox 1103 3487 1162 3524; x_wconf 91' lang='lat' dir='ltr'><strong>se</strong></span> <span class='ocrx_word' id='word_1_449' title='bbox 1205 3471 1611 3541; x_wconf 88' lang='lat' dir='ltr'><strong>adempturum</strong></span> <span class='ocrx_word' id='word_1_450' title='bbox 1664 3472 1942 3542; x_wconf 90' lang='lat' dir='ltr'><strong>promisit.</strong></span> <span class='ocrx_word' id='word_1_451' title='bbox 1979 3473 2119 3526; x_wconf 89' lang='lat' dir='ltr'><strong>Cum</strong></span> 
     </span>
    </p>
   </div>
   <div class='ocr_carea' id='block_1_66' title="bbox 415 3559 2122 3630">
    <p class='ocr_par' dir='ltr' id='par_1_66' title="bbox 415 3559 2122 3630">
     <span class='ocr_line' id='line_1_66' title="bbox 415 3559 2122 3630; baseline -0.001 -15"><span class='ocrx_word' id='word_1_452' title='bbox 415 3560 610 3630; x_wconf 89' lang='lat' dir='ltr'><strong>itaque</strong></span> <span class='ocrx_word' id='word_1_453' title='bbox 637 3560 706 3614; x_wconf 87' lang='lat' dir='ltr'><strong>ad</strong></span> <span class='ocrx_word' id='word_1_454' title='bbox 736 3559 890 3614; x_wconf 90' lang='lat' dir='ltr'><strong>diem</strong></span> <span class='ocrx_word' id='word_1_455' title='bbox 924 3565 1158 3613; x_wconf 87' lang='lat' dir='ltr'><strong>ventum</strong></span> <span class='ocrx_word' id='word_1_456' title='bbox 1193 3565 1296 3624; x_wconf 90' lang='lat' dir='ltr'><strong>est,</strong></span> <span class='ocrx_word' id='word_1_457' title='bbox 1353 3560 1561 3614; x_wconf 88' lang='lat' dir='ltr'><strong>restitit</strong></span> <span class='ocrx_word' id='word_1_458' title='bbox 1590 3559 1674 3613; x_wconf 93' lang='lat' dir='ltr'><strong>illi</strong></span> <span class='ocrx_word' id='word_1_459' title='bbox 1721 3561 1890 3629; x_wconf 89' lang='lat' dir='ltr'><strong>plena</strong></span> <span class='ocrx_word' id='word_1_460' title='bbox 1921 3567 2122 3614; x_wconf 89' lang='lat' dir='ltr'><strong>aucto-</strong></span> 
     </span>
    </p>
   </div>
   <div class='ocr_carea' id='block_1_67' title="bbox 417 3648 2122 3718">
    <p class='ocr_par' dir='ltr' id='par_1_67' title="bbox 417 3648 2122 3718">
     <span class='ocr_line' id='line_1_67' title="bbox 417 3648 2122 3718; baseline 0 -16"><span class='ocrx_word' id='word_1_461' title='bbox 417 3650 583 3702; x_wconf 89' lang='lat' dir='ltr'><strong>ritate</strong></span> <span class='ocrx_word' id='word_1_462' title='bbox 615 3649 860 3702; x_wconf 86' lang='lat' dir='ltr'><strong>domnus</strong></span> <span class='ocrx_word' id='word_1_463' title='bbox 892 3648 1168 3718; x_wconf 87' lang='lat' dir='ltr'><strong>Osdagus,</strong></span> <span class='ocrx_word' id='word_1_464' title='bbox 1203 3653 1490 3718; x_wconf 91' lang='lat' dir='ltr'><strong>prasente</strong></span> <span class='ocrx_word' id='word_1_465' title='bbox 1539 3664 1674 3718; x_wconf 90' lang='lat' dir='ltr'><strong>rege</strong></span> <span class='ocrx_word' id='word_1_466' title='bbox 1707 3649 1917 3702; x_wconf 92' lang='lat' dir='ltr'><strong>domno</strong></span> <span class='ocrx_word' id='word_1_467' title='bbox 1947 3650 2122 3702; x_wconf 90' lang='lat' dir='ltr'><strong>tercio</strong></span> 
     </span>
    </p>
   </div>
   <div class='ocr_carea' id='block_1_68' title="bbox 419 3735 2124 3808">
    <p class='ocr_par' dir='ltr' id='par_1_68' title="bbox 419 3735 2124 3808">
     <span class='ocr_line' id='line_1_68' title="bbox 419 3735 2124 3808; baseline -0.002 -15"><span class='ocrx_word' id='word_1_468' title='bbox 419 3738 642 3800; x_wconf 88' lang='lat' dir='ltr'><strong>Ottone,</strong></span> <span class='ocrx_word' id='word_1_469' title='bbox 692 3753 821 3790; x_wconf 90' lang='lat' dir='ltr'><strong>cum</strong></span> <span class='ocrx_word' id='word_1_470' title='bbox 854 3741 1036 3790; x_wconf 87' lang='lat' dir='ltr'><strong>matre</strong></span> <span class='ocrx_word' id='word_1_471' title='bbox 1067 3735 1433 3805; x_wconf 84' lang='lat' dir='ltr'><strong>imperatrice</strong></span> <span class='ocrx_word' id='word_1_472' title='bbox 1485 3737 1698 3790; x_wconf 88' lang='lat' dir='ltr'><strong>domna</strong></span> <span class='ocrx_word' id='word_1_473' title='bbox 1724 3735 1773 3771; x_wconf 75' lang='grc'><strong>⁵9</strong></span> <span class='ocrx_word' id='word_1_474' title='bbox 1819 3738 2124 3808; x_wconf 88' lang='lat' dir='ltr'><strong>Theupha-</strong></span> 
     </span>
    </p>
   </div>
   <div class='ocr_carea' id='block_1_69' title="bbox 420 3823 2122 3894">
    <p class='ocr_par' dir='ltr' id='par_1_69' title="bbox 420 3823 2122 3894">
     <span class='ocr_line' id='line_1_69' title="bbox 420 3823 2122 3894; baseline -0.001 -15"><span class='ocrx_word' id='word_1_475' title='bbox 420 3841 497 3879; x_wconf 90' lang='lat' dir='ltr'><strong>nu</strong></span> <span class='ocrx_word' id='word_1_476' title='bbox 547 3823 615 3892; x_wconf 77' lang='lat'><strong>‘0,</strong></span> <span class='ocrx_word' id='word_1_477' title='bbox 671 3824 1055 3878; x_wconf 83' lang='lat' dir='ltr'><strong>assidentibus</strong></span> <span class='ocrx_word' id='word_1_478' title='bbox 1111 3840 1340 3894; x_wconf 89' lang='lat' dir='ltr'><strong>quoque</strong></span> <span class='ocrx_word' id='word_1_479' title='bbox 1393 3823 1692 3894; x_wconf 90' lang='lat' dir='ltr'><strong>episcopis,</strong></span> <span class='ocrx_word' id='word_1_480' title='bbox 1755 3825 2027 3878; x_wconf 82' lang='lat' dir='ltr'><strong>Rethario</strong></span> <span class='ocrx_word' id='word_1_481' title='bbox 2081 3823 2122 3861; x_wconf 78' lang='lat'>“</span> 
     </span>
    </p>
   </div>
   <div class='ocr_carea' id='block_1_70' title="bbox 422 3911 2122 3983">
    <p class='ocr_par' dir='ltr' id='par_1_70' title="bbox 422 3911 2122 3983">
     <span class='ocr_line' id='line_1_70' title="bbox 422 3911 2122 3983; baseline -0.001 -15"><span class='ocrx_word' id='word_1_482' title='bbox 422 3913 948 3968; x_wconf 86' lang='lat' dir='ltr'><strong>Patherbrunnensi</strong></span> <span class='ocrx_word' id='word_1_483' title='bbox 974 3911 1265 3982; x_wconf 87' lang='lat' dir='ltr'><strong>episcopo,</strong></span> <span class='ocrx_word' id='word_1_484' title='bbox 1301 3911 1506 3966; x_wconf 71' lang='lat' dir='ltr'><strong>Milone</strong></span> <span class='ocrx_word' id='word_1_485' title='bbox 1537 3913 1814 3966; x_wconf 82' lang='lat' dir='ltr'><strong>Mindensi</strong></span> <span class='ocrx_word' id='word_1_486' title='bbox 1835 3913 2122 3983; x_wconf 90' lang='lat' dir='ltr'><strong>episcopo,</strong></span> 
     </span>
    </p>
   </div>
   <div class='ocr_carea' id='block_1_71' title="bbox 423 3999 2126 4070">
    <p class='ocr_par' dir='ltr' id='par_1_71' title="bbox 423 3999 2126 4070">
     <span class='ocr_line' id='line_1_71' title="bbox 423 3999 2126 4070; baseline 0.001 -15"><span class='ocrx_word' id='word_1_487' title='bbox 423 4001 760 4056; x_wconf 83' lang='lat' dir='ltr'><strong>Hildebaldo</strong></span> <span class='ocrx_word' id='word_1_488' title='bbox 812 3999 860 4035; x_wconf 73' lang='grc'><strong>⁸³³</strong></span> <span class='ocrx_word' id='word_1_489' title='bbox 910 4001 1320 4054; x_wconf 78' lang='lat' dir='ltr'><strong>Wormaciensi</strong></span> <span class='ocrx_word' id='word_1_490' title='bbox 1378 4005 1422 4037; x_wconf 79' lang='grc'>⁴³</span> <span class='ocrx_word' id='word_1_491' title='bbox 1473 4001 1760 4070; x_wconf 89' lang='lat' dir='ltr'><strong>episcopo,</strong></span> <span class='ocrx_word' id='word_1_492' title='bbox 1813 4019 1945 4056; x_wconf 89' lang='lat' dir='ltr'><strong>cum</strong></span> <span class='ocrx_word' id='word_1_493' title='bbox 1998 4004 2126 4056; x_wconf 90' lang='lat' dir='ltr'><strong>aliis</strong></span> 
     </span>
    </p>
   </div>
   <div class='ocr_carea' id='block_1_72' title="bbox 425 4087 2126 4158">
    <p class='ocr_par' dir='ltr' id='par_1_72' title="bbox 425 4087 2126 4158">
     <span class='ocr_line' id='line_1_72' title="bbox 425 4087 2126 4158; baseline 0.002 -17"><span class='ocrx_word' id='word_1_494' title='bbox 425 4087 803 4158; x_wconf 89' lang='lat' dir='ltr'><strong>principibus,</strong></span> <span class='ocrx_word' id='word_1_495' title='bbox 837 4088 938 4158; x_wconf 88' lang='lat' dir='ltr'><strong>qui</strong></span> <span class='ocrx_word' id='word_1_496' title='bbox 986 4089 1052 4141; x_wconf 89' lang='lat' dir='ltr'><strong>ad</strong></span> <span class='ocrx_word' id='word_1_497' title='bbox 1085 4089 1571 4158; x_wconf 87' lang='lat' dir='ltr'><strong>sollempnitatem</strong></span> <span class='ocrx_word' id='word_1_498' title='bbox 1612 4091 1982 4146; x_wconf 90' lang='lat' dir='ltr'><strong>velandarum</strong></span> <span class='ocrx_word' id='word_1_499' title='bbox 2015 4092 2126 4145; x_wconf 88' lang='lat' dir='ltr'><strong>vir-</strong></span> 
     </span>
    </p>
   </div>
   <div class='ocr_carea' id='block_1_73' title="bbox 425 4175 2124 4248">
    <p class='ocr_par' dir='ltr' id='par_1_73' title="bbox 425 4175 2124 4248">
     <span class='ocr_line' id='line_1_73' title="bbox 425 4175 2124 4248; baseline 0.003 -20"><span class='ocrx_word' id='word_1_500' title='bbox 425 4175 628 4246; x_wconf 89' lang='lat' dir='ltr'><strong>ginum</strong></span> <span class='ocrx_word' id='word_1_501' title='bbox 647 4182 1054 4229; x_wconf 88' lang='lat' dir='ltr'><strong>convenerant.</strong></span> <span class='ocrx_word' id='word_1_502' title='bbox 1081 4177 1222 4230; x_wconf 87' lang='lat' dir='ltr'><strong>Cum</strong></span> <span class='ocrx_word' id='word_1_503' title='bbox 1248 4192 1385 4246; x_wconf 85' lang='lat' dir='ltr'><strong>ergo</strong></span> <span class='ocrx_word' id='word_1_504' title='bbox 1406 4178 1578 4246; x_wconf 87' lang='lat' dir='ltr'><strong>longa</strong></span> <span class='ocrx_word' id='word_1_505' title='bbox 1595 4177 1932 4248; x_wconf 86' lang='lat' dir='ltr'><strong>disceptatio</strong></span> <span class='ocrx_word' id='word_1_506' title='bbox 1960 4185 2124 4247; x_wconf 88' lang='lat' dir='ltr'><strong>esset,</strong></span> 
     </span>
    </p>
   </div>
   <div class='ocr_carea' id='block_1_74' title="bbox 426 4263 2130 4334">
    <p class='ocr_par' dir='ltr' id='par_1_74' title="bbox 426 4263 2130 4334">
     <span class='ocr_line' id='line_1_74' title="bbox 426 4263 2130 4334; baseline 0.002 -16"><span class='ocrx_word' id='word_1_507' title='bbox 426 4263 674 4318; x_wconf 90' lang='lat' dir='ltr'><strong>domnus</strong></span> <span class='ocrx_word' id='word_1_508' title='bbox 706 4263 982 4332; x_wconf 84' lang='lat' dir='ltr'><strong>Osdagus,</strong></span> <span class='ocrx_word' id='word_1_509' title='bbox 1016 4263 1295 4334; x_wconf 87' lang='lat' dir='ltr'><strong>simplicis</strong></span> <span class='ocrx_word' id='word_1_510' title='bbox 1328 4264 1506 4318; x_wconf 84' lang='lat' dir='ltr'><strong>animi</strong></span> <span class='ocrx_word' id='word_1_511' title='bbox 1536 4265 1643 4334; x_wconf 90' lang='lat' dir='ltr'><strong>vir,</strong></span> <span class='ocrx_word' id='word_1_512' title='bbox 1681 4266 1877 4320; x_wconf 88' lang='lat' dir='ltr'><strong>divino</strong></span> <span class='ocrx_word' id='word_1_513' title='bbox 1902 4267 2130 4322; x_wconf 90' lang='lat' dir='ltr'><strong>monitu</strong></span> 
     </span>
    </p>
   </div>
   <div class='ocr_carea' id='block_1_75' title="bbox 2227 3201 3934 3276">
    <p class='ocr_par' dir='ltr' id='par_1_75' title="bbox 2227 3201 3934 3276">
     <span class='ocr_line' id='line_1_75' title="bbox 2227 3201 3934 3276; baseline -0.004 -11"><span class='ocrx_word' id='word_1_514' title='bbox 2227 3209 2587 3266; x_wconf 88' lang='lat' dir='ltr'><strong>Treverensis</strong></span> <span class='ocrx_word' id='word_1_515' title='bbox 2638 3207 3116 3276; x_wconf 87' lang='lat' dir='ltr'><strong>archiepiscopus,</strong></span> <span class='ocrx_word' id='word_1_516' title='bbox 3179 3205 3308 3258; x_wconf 84' lang='lat' dir='ltr'><strong>Milo</strong></span> <span class='ocrx_word' id='word_1_517' title='bbox 3365 3201 3669 3258; x_wconf 82' lang='lat' dir='ltr'><strong>Mindensis</strong></span> <span class='ocrx_word' id='word_1_518' title='bbox 3713 3204 3934 3274; x_wconf 92' lang='lat' dir='ltr'><strong>episco-</strong></span> 
     </span>
    </p>
   </div>
   <div class='ocr_carea' id='block_1_76' title="bbox 2228 3291 3934 3371">
    <p class='ocr_par' dir='ltr' id='par_1_76' title="bbox 2228 3291 3934 3371">
     <span class='ocr_line' id='line_1_76' title="bbox 2228 3291 3934 3371; baseline -0.004 -18"><span class='ocrx_word' id='word_1_519' title='bbox 2228 3317 2355 3371; x_wconf 88' lang='lat' dir='ltr'><strong>pus,</strong></span> <span class='ocrx_word' id='word_1_520' title='bbox 2415 3298 2782 3353; x_wconf 79' lang='lat' dir='ltr'><strong>Iiildebaldus</strong></span> <span class='ocrx_word' id='word_1_521' title='bbox 2826 3294 3262 3350; x_wconf 85' lang='lat' dir='ltr'><strong>Wormaeiensis</strong></span> <span class='ocrx_word' id='word_1_522' title='bbox 3310 3291 3352 3328; x_wconf 72' lang='grc'><strong>⁵³</strong></span> <span class='ocrx_word' id='word_1_523' title='bbox 3409 3293 3732 3362; x_wconf 88' lang='lat' dir='ltr'><strong>episcopus,</strong></span> <span class='ocrx_word' id='word_1_524' title='bbox 3772 3294 3934 3364; x_wconf 83' lang='lat' dir='ltr'><strong>Hugc</strong></span> 
     </span>
    </p>
   </div>
   <div class='ocr_carea' id='block_1_77' title="bbox 2231 3381 3934 3453">
    <p class='ocr_par' dir='ltr' id='par_1_77' title="bbox 2231 3381 3934 3453">
     <span class='ocr_line' id='line_1_77' title="bbox 2231 3381 3934 3453; baseline -0.005 -12"><span class='ocrx_word' id='word_1_525' title='bbox 2231 3385 2525 3443; x_wconf 87' lang='lat' dir='ltr'><strong>Citicensis</strong></span> <span class='ocrx_word' id='word_1_526' title='bbox 2573 3384 2888 3453; x_wconf 84' lang='lat' dir='ltr'><strong>episcopus.</strong></span> <span class='ocrx_word' id='word_1_527' title='bbox 2951 3382 3071 3435; x_wconf 83' lang='lat' dir='ltr'><strong>Non</strong></span> <span class='ocrx_word' id='word_1_528' title='bbox 3139 3385 3331 3433; x_wconf 87' lang='lat' dir='ltr'><strong>tamen</strong></span> <span class='ocrx_word' id='word_1_529' title='bbox 3407 3384 3528 3433; x_wconf 86' lang='lat' dir='ltr'><strong>rata</strong></span> <span class='ocrx_word' id='word_1_530' title='bbox 3609 3381 3934 3449; x_wconf 84' lang='lat' dir='ltr'><strong>permansit</strong></span> 
     </span>
    </p>
   </div>
   <div class='ocr_carea' id='block_1_78' title="bbox 2229 3467 3934 3544">
    <p class='ocr_par' dir='ltr' id='par_1_78' title="bbox 2229 3467 3934 3544">
     <span class='ocr_line' id='line_1_78' title="bbox 2229 3467 3934 3544; baseline -0.005 -15"><span class='ocrx_word' id='word_1_531' title='bbox 2229 3472 2560 3544; x_wconf 87' lang='lat' dir='ltr'><strong>hujusmodi</strong></span> <span class='ocrx_word' id='word_1_532' title='bbox 2636 3470 2959 3537; x_wconf 90' lang='lat' dir='ltr'><strong>concordia,</strong></span> <span class='ocrx_word' id='word_1_533' title='bbox 3030 3469 3164 3539; x_wconf 88' lang='lat' dir='ltr'><strong>quia</strong></span> <span class='ocrx_word' id='word_1_534' title='bbox 3217 3468 3278 3522; x_wconf 89' lang='lat' dir='ltr'><strong>in</strong></span> <span class='ocrx_word' id='word_1_535' title='bbox 3337 3467 3588 3521; x_wconf 89' lang='lat' dir='ltr'><strong>medium</strong></span> <span class='ocrx_word' id='word_1_536' title='bbox 3661 3469 3934 3537; x_wconf 83' lang='lat' dir='ltr'><strong>quadam</strong></span> 
     </span>
    </p>
   </div>
   <div class='ocr_carea' id='block_1_79' title="bbox 2233 3555 3934 3630">
    <p class='ocr_par' dir='ltr' id='par_1_79' title="bbox 2233 3555 3934 3630">
     <span class='ocr_line' id='line_1_79' title="bbox 2233 3555 3934 3630; baseline -0.005 -13"><span class='ocrx_word' id='word_1_537' title='bbox 2233 3565 2611 3627; x_wconf 90' lang='lat' dir='ltr'><strong>emerserunt,</strong></span> <span class='ocrx_word' id='word_1_538' title='bbox 2698 3575 2827 3630; x_wconf 85' lang='lat' dir='ltr'><strong>qua</strong></span> <span class='ocrx_word' id='word_1_539' title='bbox 2911 3558 3192 3612; x_wconf 86' lang='lat' dir='ltr'><strong>orientem</strong></span> <span class='ocrx_word' id='word_1_540' title='bbox 3289 3555 3584 3610; x_wconf 89' lang='lat' dir='ltr'><strong>caritatem</strong></span> <span class='ocrx_word' id='word_1_541' title='bbox 3670 3557 3934 3611; x_wconf 78' lang='lat' dir='ltr'><strong>falsitatis</strong></span> 
     </span>
    </p>
   </div>
   <div class='ocr_carea' id='block_1_80' title="bbox 2232 3650 2861 3720">
    <p class='ocr_par' dir='ltr' id='par_1_80' title="bbox 2232 3650 2861 3720">
     <span class='ocr_line' id='line_1_80' title="bbox 2232 3650 2861 3720; baseline -0.011 -13"><span class='ocrx_word' id='word_1_542' title='bbox 2232 3652 2368 3707; x_wconf 90' lang='lat' dir='ltr'><strong>lolia</strong></span> <span class='ocrx_word' id='word_1_543' title='bbox 2397 3650 2446 3686; x_wconf 78' lang='grc'><strong>⁵³</strong></span> <span class='ocrx_word' id='word_1_544' title='bbox 2473 3651 2861 3720; x_wconf 88' lang='lat' dir='ltr'><strong>peremerunt.</strong></span> 
     </span>
    </p>
   </div>
   <div class='ocr_carea' id='block_1_81' title="bbox 2311 3735 3934 3808">
    <p class='ocr_par' dir='ltr' id='par_1_81' title="bbox 2311 3735 3934 3808">
     <span class='ocr_line' id='line_1_81' title="bbox 2311 3735 3934 3808; baseline -0.003 -15"><span class='ocrx_word' id='word_1_545' title='bbox 2311 3740 2393 3794; x_wconf 74' lang='grc'><strong>14.</strong></span> <span class='ocrx_word' id='word_1_546' title='bbox 2427 3739 2699 3794; x_wconf 89' lang='lat' dir='ltr'><strong>Odiosum</strong></span> <span class='ocrx_word' id='word_1_547' title='bbox 2743 3737 2959 3808; x_wconf 88' lang='lat' dir='ltr'><strong>quippe</strong></span> <span class='ocrx_word' id='word_1_548' title='bbox 3016 3740 3102 3789; x_wconf 85' lang='lat' dir='ltr'><strong>est</strong></span> <span class='ocrx_word' id='word_1_549' title='bbox 3143 3739 3337 3790; x_wconf 90' lang='lat' dir='ltr'><strong>nostro</strong></span> <span class='ocrx_word' id='word_1_550' title='bbox 3394 3739 3653 3806; x_wconf 90' lang='lat' dir='ltr'><strong>tempore</strong></span> <span class='ocrx_word' id='word_1_551' title='bbox 3692 3735 3934 3789; x_wconf 80' lang='lat' dir='ltr'><strong>veritate</strong></span> 
     </span>
    </p>
   </div>
   <div class='ocr_carea' id='block_1_82' title="bbox 2236 3823 3934 3898">
    <p class='ocr_par' dir='ltr' id='par_1_82' title="bbox 2236 3823 3934 3898">
     <span class='ocr_line' id='line_1_82' title="bbox 2236 3823 3934 3898; baseline -0.002 -16"><span class='ocrx_word' id='word_1_552' title='bbox 2236 3829 2488 3898; x_wconf 91' lang='lat' dir='ltr'><strong>aliquem</strong></span> <span class='ocrx_word' id='word_1_553' title='bbox 2520 3831 2742 3891; x_wconf 89' lang='lat' dir='ltr'><strong>notare,</strong></span> <span class='ocrx_word' id='word_1_554' title='bbox 2775 3827 2921 3878; x_wconf 87' lang='lat' dir='ltr'><strong>sicut</strong></span> <span class='ocrx_word' id='word_1_555' title='bbox 2962 3842 2990 3877; x_wconf 89' lang='lat' dir='ltr'><strong>a</strong></span> <span class='ocrx_word' id='word_1_556' title='bbox 3023 3824 3273 3894; x_wconf 87' lang='lat' dir='ltr'><strong>quodam</strong></span> <span class='ocrx_word' id='word_1_557' title='bbox 3303 3823 3519 3877; x_wconf 89' lang='lat' dir='ltr'><strong>dictum</strong></span> <span class='ocrx_word' id='word_1_558' title='bbox 3565 3829 3677 3876; x_wconf 89' lang='lat' dir='ltr'><strong>est:</strong></span> <span class='ocrx_word' id='word_1_559' title='bbox 3719 3825 3934 3878; x_wconf 68' lang='lat' dir='ltr'><strong>Verilai</strong></span> 
     </span>
    </p>
   </div>
   <div class='ocr_carea' id='block_1_83' title="bbox 2235 3911 3925 3984">
    <p class='ocr_par' dir='ltr' id='par_1_83' title="bbox 2235 3911 3925 3984">
     <span class='ocr_line' id='line_1_83' title="bbox 2235 3911 3925 3984; baseline -0.004 -13"><span class='ocrx_word' id='word_1_560' title='bbox 2235 3917 2421 3971; x_wconf 71' lang='lat' dir='ltr'><strong>odium</strong></span> <span class='ocrx_word' id='word_1_561' title='bbox 2469 3917 2643 3984; x_wconf 80' lang='lat' dir='ltr'><strong>parit,</strong></span> <span class='ocrx_word' id='word_1_562' title='bbox 2699 3914 2796 3968; x_wconf 91' lang='lat' dir='ltr'><strong>sed</strong></span> <span class='ocrx_word' id='word_1_563' title='bbox 2855 3912 3238 3966; x_wconf 88' lang='lat' dir='ltr'><strong>scribentibus</strong></span> <span class='ocrx_word' id='word_1_564' title='bbox 3292 3913 3478 3982; x_wconf 85' lang='lat' dir='ltr'><strong>gravis</strong></span> <span class='ocrx_word' id='word_1_565' title='bbox 3517 3911 3685 3981; x_wconf 90' lang='lat' dir='ltr'><strong>culpa</strong></span> <span class='ocrx_word' id='word_1_566' title='bbox 3733 3918 3823 3966; x_wconf 90' lang='lat' dir='ltr'><strong>est</strong></span> <span class='ocrx_word' id='word_1_567' title='bbox 3858 3930 3925 3965; x_wconf 89' lang='lat' dir='ltr'><strong>ve</strong></span> 
     </span>
    </p>
   </div>
   <div class='ocr_carea' id='block_1_84' title="bbox 2237 4001 3934 4070">
    <p class='ocr_par' dir='ltr' id='par_1_84' title="bbox 2237 4001 3934 4070">
     <span class='ocr_line' id='line_1_84' title="bbox 2237 4001 3934 4070; baseline -0.002 -12"><span class='ocrx_word' id='word_1_568' title='bbox 2237 4006 2377 4059; x_wconf 90' lang='lat' dir='ltr'><strong>falsa</strong></span> <span class='ocrx_word' id='word_1_569' title='bbox 2422 4004 2607 4058; x_wconf 83' lang='lat' dir='ltr'><strong>dicere</strong></span> <span class='ocrx_word' id='word_1_570' title='bbox 2649 4007 2750 4056; x_wconf 91' lang='lat' dir='ltr'><strong>aut</strong></span> <span class='ocrx_word' id='word_1_571' title='bbox 2794 4018 2928 4055; x_wconf 84' lang='lat' dir='ltr'><strong>vera</strong></span> <span class='ocrx_word' id='word_1_572' title='bbox 2963 4001 3362 4055; x_wconf 88' lang='lat' dir='ltr'><strong>intermittere.</strong></span> <span class='ocrx_word' id='word_1_573' title='bbox 3400 4001 3557 4055; x_wconf 91' lang='lat' dir='ltr'><strong>Unde</strong></span> <span class='ocrx_word' id='word_1_574' title='bbox 3597 4016 3738 4070; x_wconf 89' lang='lat' dir='ltr'><strong>pace</strong></span> <span class='ocrx_word' id='word_1_575' title='bbox 3763 4017 3934 4054; x_wconf 45' lang='lat' dir='ltr'><strong>cunc.</strong></span> 
     </span>
    </p>
   </div>
   <div class='ocr_carea' id='block_1_85' title="bbox 2238 4089 3934 4160">
    <p class='ocr_par' dir='ltr' id='par_1_85' title="bbox 2238 4089 3934 4160">
     <span class='ocr_line' id='line_1_85' title="bbox 2238 4089 3934 4160; baseline -0.002 -13"><span class='ocrx_word' id='word_1_576' title='bbox 2238 4099 2461 4147; x_wconf 86' lang='lat' dir='ltr'><strong>ctornm</strong></span> <span class='ocrx_word' id='word_1_577' title='bbox 2528 4091 2697 4146; x_wconf 88' lang='lat' dir='ltr'><strong>liceat</strong></span> <span class='ocrx_word' id='word_1_578' title='bbox 2771 4090 2901 4157; x_wconf 91' lang='lat' dir='ltr'><strong>dici,</strong></span> <span class='ocrx_word' id='word_1_579' title='bbox 2963 4091 3116 4160; x_wconf 90' lang='lat' dir='ltr'><strong>quod</strong></span> <span class='ocrx_word' id='word_1_580' title='bbox 3199 4090 3380 4143; x_wconf 90' lang='lat' dir='ltr'><strong>scelus</strong></span> <span class='ocrx_word' id='word_1_581' title='bbox 3436 4094 3520 4144; x_wconf 88' lang='lat' dir='ltr'><strong>est</strong></span> <span class='ocrx_word' id='word_1_582' title='bbox 3579 4089 3771 4143; x_wconf 87' lang='lat' dir='ltr'><strong>celari.</strong></span> <span class='ocrx_word' id='word_1_583' title='bbox 3840 4092 3934 4144; x_wconf 74' lang='lat' dir='ltr'><strong>Illa</strong></span> 
     </span>
    </p>
   </div>
   <div class='ocr_carea' id='block_1_86' title="bbox 2239 4175 3934 4252">
    <p class='ocr_par' dir='ltr' id='par_1_86' title="bbox 2239 4175 3934 4252">
     <span class='ocr_line' id='line_1_86' title="bbox 2239 4175 3934 4252; baseline -0.001 -18"><span class='ocrx_word' id='word_1_584' title='bbox 2239 4181 2453 4252; x_wconf 90' lang='lat' dir='ltr'><strong>quippe</strong></span> <span class='ocrx_word' id='word_1_585' title='bbox 2478 4181 2752 4250; x_wconf 86' lang='lat' dir='ltr'><strong>praclara</strong></span> <span class='ocrx_word' id='word_1_586' title='bbox 2783 4179 3117 4232; x_wconf 88' lang='lat' dir='ltr'><strong>ancillarum</strong></span> <span class='ocrx_word' id='word_1_587' title='bbox 3152 4177 3252 4232; x_wconf 91' lang='lat' dir='ltr'><strong>Dei</strong></span> <span class='ocrx_word' id='word_1_588' title='bbox 3297 4177 3667 4248; x_wconf 83' lang='lat' dir='ltr'><strong>congregatio</strong></span> <span class='ocrx_word' id='word_1_589' title='bbox 3699 4175 3745 4213; x_wconf 74' lang='grc'><strong>³³</strong></span> <span class='ocrx_word' id='word_1_590' title='bbox 3782 4183 3934 4232; x_wconf 78' lang='lat' dir='ltr'><strong>tantc</strong></span> 
     </span>
    </p>
   </div>
   <div class='ocr_carea' id='block_1_87' title="bbox 2239 4265 3931 4338">
    <p class='ocr_par' dir='ltr' id='par_1_87' title="bbox 2239 4265 3931 4338">
     <span class='ocr_line' id='line_1_87' title="bbox 2239 4265 3931 4338; baseline -0.002 -14"><span class='ocrx_word' id='word_1_591' title='bbox 2239 4269 2428 4324; x_wconf 89' lang='lat' dir='ltr'><strong>studio</strong></span> <span class='ocrx_word' id='word_1_592' title='bbox 2474 4273 2530 4323; x_wconf 92' lang='lat' dir='ltr'><strong>et</strong></span> <span class='ocrx_word' id='word_1_593' title='bbox 2571 4268 2866 4323; x_wconf 85' lang='lat' dir='ltr'><strong>devotione</strong></span> <span class='ocrx_word' id='word_1_594' title='bbox 2915 4265 3281 4321; x_wconf 91' lang='lat' dir='ltr'><strong>dominorum</strong></span> <span class='ocrx_word' id='word_1_595' title='bbox 3315 4272 3644 4320; x_wconf 89' lang='lat' dir='ltr'><strong>nostrorum</strong></span> <span class='ocrx_word' id='word_1_596' title='bbox 3703 4272 3931 4338; x_wconf 72' lang='lat' dir='ltr'><strong>patrna</strong></span> 
     </span>
    </p>
   </div>
   <div class='ocr_carea' id='block_1_88' title="bbox 424 4351 3932 4452">
    <p class='ocr_par' dir='ltr' id='par_1_88' title="bbox 424 4351 3932 4452">
     <span class='ocr_line' id='line_1_88' title="bbox 424 4351 3932 4452; baseline 0.001 -46"><span class='ocrx_word' id='word_1_597' title='bbox 424 4351 694 4450; x_wconf 75' lang='lat' dir='ltr'><strong>incitatus</strong></span> <span class='ocrx_word' id='word_1_598' title='bbox 729 4351 1113 4452; x_wconf 72' lang='lat' dir='ltr'><strong>episcopalem</strong></span> <span class='ocrx_word' id='word_1_599' title='bbox 1159 4353 1490 4452; x_wconf 74' lang='lat' dir='ltr'><strong>cathedram</strong></span> <span class='ocrx_word' id='word_1_600' title='bbox 1537 4354 1605 4408; x_wconf 91' lang='lat' dir='ltr'><strong>ad</strong></span> <span class='ocrx_word' id='word_1_601' title='bbox 1637 4355 1892 4410; x_wconf 91' lang='lat' dir='ltr'><strong>absidem</strong></span> <span class='ocrx_word' id='word_1_602' title='bbox 1934 4356 2128 4410; x_wconf 86' lang='lat' dir='ltr'><strong>altaris</strong></span> <span class='ocrx_word' id='word_1_603' title='bbox 2159 4399 2202 4452; x_wconf 70' lang='grc' dir='ltr'><strong>Β</strong></span> <span class='ocrx_word' id='word_1_604' title='bbox 2241 4359 2461 4430; x_wconf 89' lang='lat' dir='ltr'><strong>patria,</strong></span> <span class='ocrx_word' id='word_1_605' title='bbox 2523 4359 2732 4412; x_wconf 90' lang='lat' dir='ltr'><strong>ducum</strong></span> <span class='ocrx_word' id='word_1_606' title='bbox 2780 4373 2843 4410; x_wconf 91' lang='lat' dir='ltr'><strong>ac</strong></span> <span class='ocrx_word' id='word_1_607' title='bbox 2896 4371 3118 4425; x_wconf 88' lang='lat' dir='ltr'><strong>regum,</strong></span> <span class='ocrx_word' id='word_1_608' title='bbox 3169 4372 3271 4426; x_wconf 88' lang='lat' dir='ltr'><strong>per</strong></span> <span class='ocrx_word' id='word_1_609' title='bbox 3325 4355 3632 4410; x_wconf 87' lang='lat' dir='ltr'><strong>Altfridum</strong></span> <span class='ocrx_word' id='word_1_610' title='bbox 3697 4355 3932 4426; x_wconf 68' lang='lat' dir='ltr'><strong>ejusqui</strong></span> 
     </span>
    </p>
   </div>
   <div class='ocr_carea' id='block_1_89' title="bbox 425 4439 2129 4514">
    <p class='ocr_par' dir='ltr' id='par_1_89' title="bbox 425 4439 2129 4514">
     <span class='ocr_line' id='line_1_89' title="bbox 425 4439 2129 4514; baseline 0.002 -20"><span class='ocrx_word' id='word_1_611' title='bbox 425 4439 565 4510; x_wconf 90' lang='lat' dir='ltr'><strong>poni</strong></span> <span class='ocrx_word' id='word_1_612' title='bbox 591 4441 881 4510; x_wconf 89' lang='lat' dir='ltr'><strong>pracepit,</strong></span> <span class='ocrx_word' id='word_1_613' title='bbox 933 4441 1039 4494; x_wconf 84' lang='lat' dir='ltr'><strong>hac</strong></span> <span class='ocrx_word' id='word_1_614' title='bbox 1094 4440 1342 4495; x_wconf 90' lang='lat' dir='ltr'><strong>tuitione</strong></span> <span class='ocrx_word' id='word_1_615' title='bbox 1375 4442 1562 4495; x_wconf 91' lang='lat' dir='ltr'><strong>locum</strong></span> <span class='ocrx_word' id='word_1_616' title='bbox 1619 4457 1684 4496; x_wconf 90' lang='lat' dir='ltr'><strong>ac</strong></span> <span class='ocrx_word' id='word_1_617' title='bbox 1715 4443 1975 4514; x_wconf 89' lang='lat' dir='ltr'><strong>regimen</strong></span> <span class='ocrx_word' id='word_1_618' title='bbox 2021 4443 2129 4498; x_wconf 91' lang='lat' dir='ltr'><strong>sibi</strong></span> 
     </span>
    </p>
   </div>
   <div class='ocr_carea' id='block_1_90' title="bbox 425 4527 2132 4601">
    <p class='ocr_par' dir='ltr' id='par_1_90' title="bbox 425 4527 2132 4601">
     <span class='ocr_line' id='line_1_90' title="bbox 425 4527 2132 4601; baseline 0.002 -19"><span class='ocrx_word' id='word_1_619' title='bbox 425 4527 758 4590; x_wconf 89' lang='lat' dir='ltr'><strong>defendens,</strong></span> <span class='ocrx_word' id='word_1_620' title='bbox 788 4528 1112 4583; x_wconf 75' lang='lat' dir='ltr'><strong>faventibus</strong></span> <span class='ocrx_word' id='word_1_621' title='bbox 1170 4528 1255 4582; x_wconf 88' lang='lat' dir='ltr'><strong>illi</strong></span> <span class='ocrx_word' id='word_1_622' title='bbox 1287 4528 1406 4582; x_wconf 85' lang='lat' dir='ltr'><strong>fere</strong></span> <span class='ocrx_word' id='word_1_623' title='bbox 1433 4529 1720 4594; x_wconf 90' lang='lat' dir='ltr'><strong>omnibus,</strong></span> <span class='ocrx_word' id='word_1_624' title='bbox 1781 4530 1918 4601; x_wconf 90' lang='lat' dir='ltr'><strong>quia</strong></span> <span class='ocrx_word' id='word_1_625' title='bbox 1947 4531 2132 4585; x_wconf 84' lang='lat' dir='ltr'><strong>archi-</strong></span> 
     </span>
    </p>
   </div>
   <div class='ocr_carea' id='block_1_91' title="bbox 428 4615 2130 4686">
    <p class='ocr_par' dir='ltr' id='par_1_91' title="bbox 428 4615 2130 4686">
     <span class='ocr_line' id='line_1_91' title="bbox 428 4615 2130 4686; baseline 0.001 -16"><span class='ocrx_word' id='word_1_626' title='bbox 428 4615 684 4686; x_wconf 89' lang='lat' dir='ltr'><strong>episcopi</strong></span> <span class='ocrx_word' id='word_1_627' title='bbox 731 4615 1246 4682; x_wconf 71' lang='lat' dir='ltr'><strong>animositas,,etsi</strong></span> <span class='ocrx_word' id='word_1_628' title='bbox 1293 4621 1452 4671; x_wconf 90' lang='lat' dir='ltr'><strong>metu</strong></span> <span class='ocrx_word' id='word_1_629' title='bbox 1499 4617 1651 4670; x_wconf 89' lang='lat' dir='ltr'><strong>illius</strong></span> <span class='ocrx_word' id='word_1_630' title='bbox 1684 4617 2130 4684; x_wconf 88' lang='lat' dir='ltr'><strong>dissimularent,</strong></span> 
     </span>
    </p>
   </div>
   <div class='ocr_carea' id='block_1_92' title="bbox 429 4703 2133 4776">
    <p class='ocr_par' dir='ltr' id='par_1_92' title="bbox 429 4703 2133 4776">
     <span class='ocr_line' id='line_1_92' title="bbox 429 4703 2133 4776; baseline 0.002 -20"><span class='ocrx_word' id='word_1_631' title='bbox 429 4703 648 4756; x_wconf 87' lang='lat' dir='ltr'><strong>cunctis</strong></span> <span class='ocrx_word' id='word_1_632' title='bbox 711 4703 1087 4772; x_wconf 77' lang='lat' dir='ltr'><strong>displicebat..</strong></span> <span class='ocrx_word' id='word_1_633' title='bbox 1130 4704 1447 4759; x_wconf 66' lang='lat' dir='ltr'><strong>Restitutus</strong></span> <span class='ocrx_word' id='word_1_634' title='bbox 1497 4705 1694 4776; x_wconf 88' lang='lat' dir='ltr'><strong>itaque</strong></span> <span class='ocrx_word' id='word_1_635' title='bbox 1751 4706 2133 4776; x_wconf 89' lang='lat' dir='ltr'><strong>archiepisco-</strong></span> 
     </span>
    </p>
   </div>
   <div class='ocr_carea' id='block_1_93' title="bbox 428 4791 2134 4865">
    <p class='ocr_par' dir='ltr' id='par_1_93' title="bbox 428 4791 2134 4865">
     <span class='ocr_line' id='line_1_93' title="bbox 428 4791 2134 4865; baseline 0.004 -23"><span class='ocrx_word' id='word_1_636' title='bbox 428 4806 540 4860; x_wconf 91' lang='lat' dir='ltr'><strong>pus</strong></span> <span class='ocrx_word' id='word_1_637' title='bbox 585 4791 967 4844; x_wconf 68' lang='lat' dir='ltr'><strong>multitudinis</strong></span> <span class='ocrx_word' id='word_1_638' title='bbox 1019 4792 1232 4858; x_wconf 82' lang='lat' dir='ltr'><strong>favore,</strong></span> <span class='ocrx_word' id='word_1_639' title='bbox 1275 4793 1374 4863; x_wconf 76' lang='lat' dir='ltr'><strong>qui</strong></span> <span class='ocrx_word' id='word_1_640' title='bbox 1404 4793 1562 4864; x_wconf 87' lang='lat' dir='ltr'><strong>prius</strong></span> <span class='ocrx_word' id='word_1_641' title='bbox 1615 4811 1719 4848; x_wconf 91' lang='lat' dir='ltr'><strong>suo</strong></span> <span class='ocrx_word' id='word_1_642' title='bbox 1762 4794 1882 4865; x_wconf 89' lang='lat' dir='ltr'><strong>juri</strong></span> <span class='ocrx_word' id='word_1_643' title='bbox 1939 4794 2134 4849; x_wconf 90' lang='lat' dir='ltr'><strong>omnia</strong></span> 
     </span>
    </p>
   </div>
   <div class='ocr_carea' id='block_1_94' title="bbox 429 4876 2134 4953">
    <p class='ocr_par' dir='ltr' id='par_1_94' title="bbox 429 4876 2134 4953">
     <span class='ocr_line' id='line_1_94' title="bbox 429 4876 2134 4953; baseline 0.005 -26"><span class='ocrx_word' id='word_1_644' title='bbox 429 4876 719 4947; x_wconf 88' lang='lat' dir='ltr'><strong>promisit,</strong></span> <span class='ocrx_word' id='word_1_645' title='bbox 778 4878 866 4930; x_wconf 79' lang='lat' dir='ltr'><strong>vix</strong></span> <span class='ocrx_word' id='word_1_646' title='bbox 911 4879 1122 4932; x_wconf 87' lang='lat' dir='ltr'><strong>domna</strong></span> <span class='ocrx_word' id='word_1_647' title='bbox 1173 4879 1532 4950; x_wconf 79' lang='lat' dir='ltr'><strong>Tlieuphanu</strong></span> <span class='ocrx_word' id='word_1_648' title='bbox 1570 4887 1627 4936; x_wconf 90' lang='lat' dir='ltr'><strong>et</strong></span> <span class='ocrx_word' id='word_1_649' title='bbox 1671 4882 1953 4953; x_wconf 88' lang='lat' dir='ltr'><strong>episcopis</strong></span> <span class='ocrx_word' id='word_1_650' title='bbox 1993 4883 2134 4937; x_wconf 91' lang='lat' dir='ltr'><strong>obti-</strong></span> 
     </span>
    </p>
   </div>
   <div class='ocr_carea' id='block_1_95' title="bbox 431 4964 2135 5043">
    <p class='ocr_par' dir='ltr' id='par_1_95' title="bbox 431 4964 2135 5043">
     <span class='ocr_line' id='line_1_95' title="bbox 431 4964 2135 5043; baseline 0.004 -24"><span class='ocrx_word' id='word_1_651' title='bbox 431 4964 718 5030; x_wconf 89' lang='lat' dir='ltr'><strong>nentibus,</strong></span> <span class='ocrx_word' id='word_1_652' title='bbox 754 4964 878 5034; x_wconf 91' lang='lat' dir='ltr'><strong>ipso</strong></span> <span class='ocrx_word' id='word_1_653' title='bbox 925 4983 1156 5037; x_wconf 89' lang='lat' dir='ltr'><strong>quoque</strong></span> <span class='ocrx_word' id='word_1_654' title='bbox 1215 4969 1364 5022; x_wconf 89' lang='lat' dir='ltr'><strong>ultra</strong></span> <span class='ocrx_word' id='word_1_655' title='bbox 1403 4986 1578 5040; x_wconf 88' lang='lat' dir='ltr'><strong>quam</strong></span> <span class='ocrx_word' id='word_1_656' title='bbox 1607 4971 1762 5025; x_wconf 89' lang='lat' dir='ltr'><strong>credi</strong></span> <span class='ocrx_word' id='word_1_657' title='bbox 1791 4977 1982 5042; x_wconf 90' lang='lat' dir='ltr'><strong>potest</strong></span> <span class='ocrx_word' id='word_1_658' title='bbox 2010 4988 2135 5043; x_wconf 86' lang='lat' dir='ltr'><strong>sup-</strong></span> 
     </span>
    </p>
   </div>
   <div class='ocr_carea' id='block_1_96' title="bbox 431 5052 2133 5126">
    <p class='ocr_par' dir='ltr' id='par_1_96' title="bbox 431 5052 2133 5126">
     <span class='ocr_line' id='line_1_96' title="bbox 431 5052 2133 5126; baseline 0.005 -21"><span class='ocrx_word' id='word_1_659' title='bbox 431 5052 702 5124; x_wconf 90' lang='lat' dir='ltr'><strong>plicante,</strong></span> <span class='ocrx_word' id='word_1_660' title='bbox 729 5053 1002 5120; x_wconf 87' lang='lat' dir='ltr'><strong>obtinuit,</strong></span> <span class='ocrx_word' id='word_1_661' title='bbox 1063 5059 1129 5107; x_wconf 88' lang='lat' dir='ltr'><strong>ut</strong></span> <span class='ocrx_word' id='word_1_662' title='bbox 1173 5055 1244 5108; x_wconf 88' lang='lat' dir='ltr'><strong>ad</strong></span> <span class='ocrx_word' id='word_1_663' title='bbox 1295 5057 1613 5126; x_wconf 88' lang='lat' dir='ltr'><strong>principale</strong></span> <span class='ocrx_word' id='word_1_664' title='bbox 1644 5059 1820 5112; x_wconf 88' lang='lat' dir='ltr'><strong>altare</strong></span> <span class='ocrx_word' id='word_1_665' title='bbox 1877 5060 2133 5113; x_wconf 89' lang='lat' dir='ltr'><strong>misteria</strong></span> 
     </span>
    </p>
   </div>
   <div class='ocr_carea' id='block_1_97' title="bbox 430 5139 2133 5216">
    <p class='ocr_par' dir='ltr' id='par_1_97' title="bbox 430 5139 2133 5216">
     <span class='ocr_line' id='line_1_97' title="bbox 430 5139 2133 5216; baseline 0.005 -22"><span class='ocrx_word' id='word_1_666' title='bbox 430 5140 558 5212; x_wconf 89' lang='lat' dir='ltr'><strong>ipsa</strong></span> <span class='ocrx_word' id='word_1_667' title='bbox 605 5139 697 5195; x_wconf 92' lang='lat' dir='ltr'><strong>die</strong></span> <span class='ocrx_word' id='word_1_668' title='bbox 740 5145 953 5212; x_wconf 88' lang='lat' dir='ltr'><strong>ageret,</strong></span> <span class='ocrx_word' id='word_1_669' title='bbox 1002 5142 1082 5195; x_wconf 88' lang='lat' dir='ltr'><strong>ita</strong></span> <span class='ocrx_word' id='word_1_670' title='bbox 1134 5142 1396 5198; x_wconf 87' lang='lat' dir='ltr'><strong>videlicet</strong></span> <span class='ocrx_word' id='word_1_671' title='bbox 1434 5149 1498 5199; x_wconf 90' lang='lat' dir='ltr'><strong>ut</strong></span> <span class='ocrx_word' id='word_1_672' title='bbox 1545 5146 1770 5200; x_wconf 88' lang='lat' dir='ltr'><strong>domna</strong></span> <span class='ocrx_word' id='word_1_673' title='bbox 1809 5147 2041 5216; x_wconf 84' lang='lat' dir='ltr'><strong>Sophia</strong></span> <span class='ocrx_word' id='word_1_674' title='bbox 2088 5152 2133 5185; x_wconf 82' lang='lat'><strong>“</strong></span> 
     </span>
    </p>
   </div>
   <div class='ocr_carea' id='block_1_98' title="bbox 2242 4443 3932 4513">
    <p class='ocr_par' dir='ltr' id='par_1_98' title="bbox 2242 4443 3932 4513">
     <span class='ocr_line' id='line_1_98' title="bbox 2242 4443 3932 4513; baseline -0.002 -12"><span class='ocrx_word' id='word_1_675' title='bbox 2242 4461 2593 4501; x_wconf 88' lang='lat' dir='ltr'><strong>successores</strong></span> <span class='ocrx_word' id='word_1_676' title='bbox 2647 4444 2908 4498; x_wconf 89' lang='lat' dir='ltr'><strong>instituta</strong></span> <span class='ocrx_word' id='word_1_677' title='bbox 2956 4448 3061 4509; x_wconf 89' lang='lat' dir='ltr'><strong>est,</strong></span> <span class='ocrx_word' id='word_1_678' title='bbox 3104 4448 3168 4496; x_wconf 90' lang='lat' dir='ltr'><strong>ut</strong></span> <span class='ocrx_word' id='word_1_679' title='bbox 3210 4443 3268 4496; x_wconf 92' lang='lat' dir='ltr'><strong>in</strong></span> <span class='ocrx_word' id='word_1_680' title='bbox 3325 4443 3609 4513; x_wconf 88' lang='lat' dir='ltr'><strong>principio</strong></span> <span class='ocrx_word' id='word_1_681' title='bbox 3668 4444 3932 4498; x_wconf 70' lang='lat' dir='ltr'><strong>omnibus</strong></span> 
     </span>
    </p>
   </div>
   <div class='ocr_carea' id='block_1_99' title="bbox 2237 4530 3932 4603">
    <p class='ocr_par' dir='ltr' id='par_1_99' title="bbox 2237 4530 3932 4603">
     <span class='ocr_line' id='line_1_99' title="bbox 2237 4530 3932 4603; baseline 0.001 -18"><span class='ocrx_word' id='word_1_682' title='bbox 2237 4532 2544 4586; x_wconf 89' lang='lat' dir='ltr'><strong>imitabiles</strong></span> <span class='ocrx_word' id='word_1_683' title='bbox 2600 4533 2890 4603; x_wconf 82' lang='lat' dir='ltr'><strong>exemplar</strong></span> <span class='ocrx_word' id='word_1_684' title='bbox 2939 4530 3278 4585; x_wconf 88' lang='lat' dir='ltr'><strong>humilitatis</strong></span> <span class='ocrx_word' id='word_1_685' title='bbox 3325 4546 3415 4600; x_wconf 34' lang='lat' dir='ltr'><strong>ac.</strong></span> <span class='ocrx_word' id='word_1_686' title='bbox 3449 4530 3702 4583; x_wconf 89' lang='lat' dir='ltr'><strong>caritatis</strong></span> <span class='ocrx_word' id='word_1_687' title='bbox 3765 4533 3932 4586; x_wconf 80' lang='lat' dir='ltr'><strong>flore-</strong></span> 
     </span>
    </p>
   </div>
   <div class='ocr_carea' id='block_1_100' title="bbox 2241 4618 3932 4690">
    <p class='ocr_par' dir='ltr' id='par_1_100' title="bbox 2241 4618 3932 4690">
     <span class='ocr_line' id='line_1_100' title="bbox 2241 4618 3932 4690; baseline -0.001 -16"><span class='ocrx_word' id='word_1_688' title='bbox 2241 4626 2385 4688; x_wconf 90' lang='lat' dir='ltr'><strong>rent,</strong></span> <span class='ocrx_word' id='word_1_689' title='bbox 2439 4619 2774 4690; x_wconf 87' lang='lat' dir='ltr'><strong>episcopum</strong></span> <span class='ocrx_word' id='word_1_690' title='bbox 2819 4635 2989 4673; x_wconf 90' lang='lat' dir='ltr'><strong>suum</strong></span> <span class='ocrx_word' id='word_1_691' title='bbox 3043 4636 3073 4672; x_wconf 91' lang='lat' dir='ltr'><strong>a</strong></span> <span class='ocrx_word' id='word_1_692' title='bbox 3146 4620 3257 4673; x_wconf 91' lang='lat' dir='ltr'><strong>Deo</strong></span> <span class='ocrx_word' id='word_1_693' title='bbox 3300 4618 3348 4653; x_wconf 78' lang='grc'><strong>⁸⁸</strong></span> <span class='ocrx_word' id='word_1_694' title='bbox 3404 4618 3511 4672; x_wconf 91' lang='lat' dir='ltr'><strong>sibi</strong></span> <span class='ocrx_word' id='word_1_695' title='bbox 3560 4621 3932 4689; x_wconf 77' lang='lat' dir='ltr'><strong>prapositurr</strong></span> 
     </span>
    </p>
   </div>
   <div class='ocr_carea' id='block_1_101' title="bbox 2240 4706 3932 4778">
    <p class='ocr_par' dir='ltr' id='par_1_101' title="bbox 2240 4706 3932 4778">
     <span class='ocr_line' id='line_1_101' title="bbox 2240 4706 3932 4778; baseline 0.001 -16"><span class='ocrx_word' id='word_1_696' title='bbox 2240 4707 2404 4778; x_wconf 89' lang='lat' dir='ltr'><strong>quasi</strong></span> <span class='ocrx_word' id='word_1_697' title='bbox 2464 4708 2563 4762; x_wconf 93' lang='lat' dir='ltr'><strong>Dei</strong></span> <span class='ocrx_word' id='word_1_698' title='bbox 2591 4708 2869 4762; x_wconf 90' lang='lat' dir='ltr'><strong>nuncium</strong></span> <span class='ocrx_word' id='word_1_699' title='bbox 2902 4724 2967 4761; x_wconf 90' lang='lat' dir='ltr'><strong>ac</strong></span> <span class='ocrx_word' id='word_1_700' title='bbox 3015 4712 3237 4777; x_wconf 91' lang='lat' dir='ltr'><strong>patrem</strong></span> <span class='ocrx_word' id='word_1_701' title='bbox 3285 4706 3570 4770; x_wconf 89' lang='lat' dir='ltr'><strong>audirent,</strong></span> <span class='ocrx_word' id='word_1_702' title='bbox 3601 4707 3864 4762; x_wconf 90' lang='lat' dir='ltr'><strong>colerent</strong></span> <span class='ocrx_word' id='word_1_703' title='bbox 3891 4723 3932 4762; x_wconf 79' lang='lat' dir='ltr'><strong>e‘</strong></span> 
     </span>
    </p>
   </div>
   <div class='ocr_carea' id='block_1_102' title="bbox 2239 4794 3932 4866">
    <p class='ocr_par' dir='ltr' id='par_1_102' title="bbox 2239 4794 3932 4866">
     <span class='ocr_line' id='line_1_102' title="bbox 2239 4794 3932 4866; baseline 0.001 -17"><span class='ocrx_word' id='word_1_704' title='bbox 2239 4799 2516 4861; x_wconf 88' lang='lat' dir='ltr'><strong>amarent,</strong></span> <span class='ocrx_word' id='word_1_705' title='bbox 2559 4812 2759 4851; x_wconf 89' lang='lat' dir='ltr'><strong>omnes</strong></span> <span class='ocrx_word' id='word_1_706' title='bbox 2815 4796 3206 4862; x_wconf 82' lang='lat' dir='ltr'><strong>adventantes,</strong></span> <span class='ocrx_word' id='word_1_707' title='bbox 3260 4799 3433 4866; x_wconf 89' lang='lat' dir='ltr'><strong>prout</strong></span> <span class='ocrx_word' id='word_1_708' title='bbox 3484 4794 3690 4866; x_wconf 90' lang='lat' dir='ltr'><strong>cuique</strong></span> <span class='ocrx_word' id='word_1_709' title='bbox 3746 4812 3932 4865; x_wconf 33' lang='lat' dir='ltr'><strong>perso‘</strong></span> 
     </span>
    </p>
   </div>
   <div class='ocr_carea' id='block_1_103' title="bbox 2240 4883 3931 4956">
    <p class='ocr_par' dir='ltr' id='par_1_103' title="bbox 2240 4883 3931 4956">
     <span class='ocr_line' id='line_1_103' title="bbox 2240 4883 3931 4956; baseline -0.002 -18"><span class='ocrx_word' id='word_1_710' title='bbox 2240 4900 2329 4938; x_wconf 85' lang='lat' dir='ltr'><strong>na</strong></span> <span class='ocrx_word' id='word_1_711' title='bbox 2366 4885 2742 4954; x_wconf 84' lang='lat' dir='ltr'><strong>competebat,</strong></span> <span class='ocrx_word' id='word_1_712' title='bbox 2797 4884 3086 4956; x_wconf 88' lang='lat' dir='ltr'><strong>pracipua</strong></span> <span class='ocrx_word' id='word_1_713' title='bbox 3143 4883 3498 4954; x_wconf 84' lang='lat' dir='ltr'><strong>benignitate</strong></span> <span class='ocrx_word' id='word_1_714' title='bbox 3556 4883 3931 4952; x_wconf 63' lang='lat' dir='ltr'><strong>susciperent.</strong></span> 
     </span>
    </p>
   </div>
   <div class='ocr_carea' id='block_1_104' title="bbox 2241 4971 3932 5040">
    <p class='ocr_par' dir='ltr' id='par_1_104' title="bbox 2241 4971 3932 5040">
     <span class='ocr_line' id='line_1_104' title="bbox 2241 4971 3932 5040; baseline -0.001 -14"><span class='ocrx_word' id='word_1_715' title='bbox 2241 4973 2340 5027; x_wconf 83' lang='lat' dir='ltr'><strong>Hic</strong></span> <span class='ocrx_word' id='word_1_716' title='bbox 2361 4972 2474 5026; x_wconf 91' lang='lat' dir='ltr'><strong>illis</strong></span> <span class='ocrx_word' id='word_1_717' title='bbox 2507 4989 2659 5040; x_wconf 89' lang='lat' dir='ltr'><strong>usus,</strong></span> <span class='ocrx_word' id='word_1_718' title='bbox 2686 4973 2796 5026; x_wconf 90' lang='lat' dir='ltr'><strong>hoc</strong></span> <span class='ocrx_word' id='word_1_719' title='bbox 2849 4972 3100 5026; x_wconf 89' lang='lat' dir='ltr'><strong>studium</strong></span> <span class='ocrx_word' id='word_1_720' title='bbox 3149 4973 3286 5039; x_wconf 83' lang='lat' dir='ltr'><strong>fuit;</strong></span> <span class='ocrx_word' id='word_1_721' title='bbox 3316 4972 3425 5025; x_wconf 85' lang='lat' dir='ltr'><strong>hoc</strong></span> <span class='ocrx_word' id='word_1_722' title='bbox 3463 4976 3658 5024; x_wconf 89' lang='lat' dir='ltr'><strong>sancto</strong></span> <span class='ocrx_word' id='word_1_723' title='bbox 3691 4971 3818 5024; x_wconf 90' lang='lat' dir='ltr'><strong>loco</strong></span> <span class='ocrx_word' id='word_1_724' title='bbox 3848 4988 3932 5024; x_wconf 89' lang='lat' dir='ltr'><strong>re-</strong></span> 
     </span>
    </p>
   </div>
   <div class='ocr_carea' id='block_1_105' title="bbox 2237 5058 3914 5131">
    <p class='ocr_par' dir='ltr' id='par_1_105' title="bbox 2237 5058 3914 5131">
     <span class='ocr_line' id='line_1_105' title="bbox 2237 5058 3914 5131; baseline -0.002 -16"><span class='ocrx_word' id='word_1_725' title='bbox 2237 5060 2553 5115; x_wconf 86' lang='lat' dir='ltr'><strong>verentiam</strong></span> <span class='ocrx_word' id='word_1_726' title='bbox 2593 5065 2650 5115; x_wconf 90' lang='lat' dir='ltr'><strong>et</strong></span> <span class='ocrx_word' id='word_1_727' title='bbox 2702 5061 2815 5114; x_wconf 91' lang='lat' dir='ltr'><strong>illis</strong></span> <span class='ocrx_word' id='word_1_728' title='bbox 2859 5061 3008 5130; x_wconf 91' lang='lat' dir='ltr'><strong>apud</strong></span> <span class='ocrx_word' id='word_1_729' title='bbox 3056 5077 3256 5115; x_wconf 92' lang='lat' dir='ltr'><strong>omnes</strong></span> <span class='ocrx_word' id='word_1_730' title='bbox 3303 5059 3547 5131; x_wconf 90' lang='lat' dir='ltr'><strong>gratiam</strong></span> <span class='ocrx_word' id='word_1_731' title='bbox 3603 5058 3914 5113; x_wconf 88' lang='lat' dir='ltr'><strong>exhibebat</strong></span> 
     </span>
    </p>
   </div>
   <div class='ocr_carea' id='block_1_106' title="bbox 2239 5147 3932 5220">
    <p class='ocr_par' dir='ltr' id='par_1_106' title="bbox 2239 5147 3932 5220">
     <span class='ocr_line' id='line_1_106' title="bbox 2239 5147 3932 5220; baseline 0 -18"><span class='ocrx_word' id='word_1_732' title='bbox 2239 5149 2348 5203; x_wconf 93' lang='lat' dir='ltr'><strong>hoc</strong></span> <span class='ocrx_word' id='word_1_733' title='bbox 2386 5149 2725 5203; x_wconf 90' lang='lat' dir='ltr'><strong>humilitatis</strong></span> <span class='ocrx_word' id='word_1_734' title='bbox 2756 5149 3077 5220; x_wconf 82' lang='lat' dir='ltr'><strong>privilegio,</strong></span> <span class='ocrx_word' id='word_1_735' title='bbox 3129 5165 3259 5203; x_wconf 91' lang='lat' dir='ltr'><strong>cum</strong></span> <span class='ocrx_word' id='word_1_736' title='bbox 3301 5165 3404 5219; x_wconf 91' lang='lat' dir='ltr'><strong>pro</strong></span> <span class='ocrx_word' id='word_1_737' title='bbox 3449 5147 3634 5202; x_wconf 81' lang='lat' dir='ltr'><strong>causis</strong></span> <span class='ocrx_word' id='word_1_738' title='bbox 3669 5149 3932 5202; x_wconf 81' lang='lat' dir='ltr'><strong>acclesia</strong></span> 
     </span>
    </p>
   </div>
   <div class='ocr_carea' id='block_1_107' title="bbox 1852 5270 2521 5326">
    <p class='ocr_par' dir='ltr' id='par_1_107' title="bbox 1852 5270 2521 5326">
     <span class='ocr_line' id='line_1_107' title="bbox 1852 5270 2521 5326; baseline 0.004 -3"><span class='ocrx_word' id='word_1_739' title='bbox 1852 5270 2086 5324; x_wconf 73' lang='lat' dir='ltr'><strong>VARUE</strong></span> <span class='ocrx_word' id='word_1_740' title='bbox 2119 5271 2411 5326; x_wconf 82' lang='lat' dir='ltr'><strong>LECTION</strong></span> <span class='ocrx_word' id='word_1_741' title='bbox 2425 5272 2521 5326; x_wconf 86' lang='lat' dir='ltr'><strong>ES.</strong></span> 
     </span>
    </p>
   </div>
   <div class='ocr_carea' id='block_1_108' title="bbox 501 5376 3930 5460">
    <p class='ocr_par' dir='ltr' id='par_1_108' title="bbox 501 5376 3930 5460">
     <span class='ocr_line' id='line_1_108' title="bbox 501 5376 3930 5460; baseline 0.004 -31"><span class='ocrx_word' id='word_1_742' title='bbox 501 5376 550 5413; x_wconf 71' lang='lat'><strong>&#39;9</strong></span> <span class='ocrx_word' id='word_1_743' title='bbox 597 5377 1015 5460; x_wconf 40' lang='lat' dir='ltr'><strong>thiotliardunlu</strong></span> <span class='ocrx_word' id='word_1_744' title='bbox 1041 5382 1093 5432; x_wconf 87' lang='lat'><strong>2.</strong></span> <span class='ocrx_word' id='word_1_745' title='bbox 1124 5376 1580 5460; x_wconf 39' lang='lat' dir='ltr'><strong>‘50Ager‘bergarn</strong></span> <span class='ocrx_word' id='word_1_746' title='bbox 1633 5385 1691 5436; x_wconf 93' lang='lat'><strong>2.</strong></span> <span class='ocrx_word' id='word_1_747' title='bbox 1745 5385 1787 5419; x_wconf 84' lang='grc'><strong>³¹</strong></span> <span class='ocrx_word' id='word_1_748' title='bbox 1821 5399 2011 5460; x_wconf 61' lang='lat' dir='ltr'><strong>,_map_u</strong></span> <span class='ocrx_word' id='word_1_749' title='bbox 2065 5386 2413 5460; x_wconf 82' lang='lat' dir='ltr'><strong>secunda_2_.</strong></span> <span class='ocrx_word' id='word_1_750' title='bbox 2459 5385 2521 5460; x_wconf 46' lang='grc' dir='ltr'><strong>δέ</strong></span> <span class='ocrx_word' id='word_1_751' title='bbox 2565 5387 2926 5460; x_wconf 83' lang='lat' dir='ltr'><strong>uuillihelmo</strong></span> <span class='ocrx_word' id='word_1_752' title='bbox 2968 5392 3030 5460; x_wconf 15' lang='lat' dir='ltr'><strong>r2.</strong></span> <span class='ocrx_word' id='word_1_753' title='bbox 3096 5386 3143 5422; x_wconf 76' lang='grc'><strong>³³</strong></span> <span class='ocrx_word' id='word_1_754' title='bbox 3201 5387 3517 5460; x_wconf 81' lang='lat' dir='ltr'><strong>Willigisus</strong></span> <span class='ocrx_word' id='word_1_755' title='bbox 3577 5391 3628 5441; x_wconf 88' lang='lat'><strong>2.</strong></span> <span class='ocrx_word' id='word_1_756' title='bbox 3677 5393 3930 5443; x_wconf 80' lang='lat' dir='ltr'><strong>constan-</strong></span> 
     </span>
    </p>
   </div>
   <div class='ocr_carea' id='block_1_109' title="bbox 433 5447 3930 5521">
    <p class='ocr_par' dir='ltr' id='par_1_109' title="bbox 433 5447 3930 5521">
     <span class='ocr_line' id='line_1_109' title="bbox 433 5447 3930 5521; baseline 0.003 -20"><span class='ocrx_word' id='word_1_757' title='bbox 433 5455 530 5502; x_wconf 72' lang='lat' dir='ltr'><strong>ter.</strong></span> <span class='ocrx_word' id='word_1_758' title='bbox 600 5454 646 5486; x_wconf 75' lang='grc'>³⁸</span> <span class='ocrx_word' id='word_1_759' title='bbox 675 5450 787 5502; x_wconf 90' lang='lat' dir='ltr'><strong>illis</strong></span> <span class='ocrx_word' id='word_1_760' title='bbox 845 5452 900 5502; x_wconf 89' lang='lat'><strong>2.</strong></span> <span class='ocrx_word' id='word_1_761' title='bbox 969 5447 1016 5482; x_wconf 72' lang='grc'><strong>⁵⁵</strong></span> <span class='ocrx_word' id='word_1_762' title='bbox 1045 5449 1139 5521; x_wconf 88' lang='lat' dir='ltr'><strong>uel</strong></span> <span class='ocrx_word' id='word_1_763' title='bbox 1201 5447 1267 5505; x_wconf 34' lang='lat'><strong>2.‘</strong></span> <span class='ocrx_word' id='word_1_764' title='bbox 1303 5454 1359 5521; x_wconf 63' lang='lat' dir='ltr'><strong>f0</strong></span> <span class='ocrx_word' id='word_1_765' title='bbox 1423 5451 1759 5521; x_wconf 90' lang='lat' dir='ltr'><strong>intellegant</strong></span> <span class='ocrx_word' id='word_1_766' title='bbox 1813 5458 1866 5510; x_wconf 95' lang='lat'><strong>2.</strong></span> <span class='ocrx_word' id='word_1_767' title='bbox 1933 5453 1982 5490; x_wconf 76' lang='grc'><strong>³⁷</strong></span> <span class='ocrx_word' id='word_1_768' title='bbox 2046 5460 2130 5510; x_wconf 85' lang='lat' dir='ltr'><strong>tot</strong></span> <span class='ocrx_word' id='word_1_769' title='bbox 2177 5460 2231 5510; x_wconf 93' lang='lat'><strong>2.</strong></span> <span class='ocrx_word' id='word_1_770' title='bbox 2300 5455 2348 5494; x_wconf 84' lang='grc'><em>³³</em></span> <span class='ocrx_word' id='word_1_771' title='bbox 2394 5457 2656 5511; x_wconf 87' lang='lat' dir='ltr'><strong>instituta</strong></span> <span class='ocrx_word' id='word_1_772' title='bbox 2717 5462 2770 5511; x_wconf 87' lang='lat'><strong>2.</strong></span> <span class='ocrx_word' id='word_1_773' title='bbox 2835 5456 2884 5494; x_wconf 74' lang='grc'><strong>³9</strong></span> <span class='ocrx_word' id='word_1_774' title='bbox 2940 5459 3086 5512; x_wconf 79' lang='lat' dir='ltr'><strong>deest</strong></span> <span class='ocrx_word' id='word_1_775' title='bbox 3150 5461 3202 5513; x_wconf 90' lang='lat'><strong>2.</strong></span> <span class='ocrx_word' id='word_1_776' title='bbox 3274 5447 3632 5512; x_wconf 57' lang='lat' dir='ltr'><strong>“Theofanu</strong></span> <span class='ocrx_word' id='word_1_777' title='bbox 3689 5461 3741 5512; x_wconf 91' lang='lat'><strong>2.</strong></span> <span class='ocrx_word' id='word_1_778' title='bbox 3807 5476 3930 5513; x_wconf 88' lang='lat' dir='ltr'><strong>con-</strong></span> 
     </span>
    </p>
   </div>
   <div class='ocr_carea' id='block_1_110' title="bbox 428 5518 2962 5598">
    <p class='ocr_par' dir='ltr' id='par_1_110' title="bbox 428 5518 2962 5598">
     <span class='ocr_line' id='line_1_110' title="bbox 428 5518 2962 5598; baseline 0.005 -28"><span class='ocrx_word' id='word_1_779' title='bbox 428 5521 745 5598; x_wconf 34' lang='lat' dir='ltr'><strong>stantem}!</strong></span> <span class='ocrx_word' id='word_1_780' title='bbox 778 5520 1094 5598; x_wconf 78' lang='lat' dir='ltr'><strong>_hretha_rio</strong></span> <span class='ocrx_word' id='word_1_781' title='bbox 1154 5524 1207 5576; x_wconf 90' lang='lat'><strong>2.</strong></span> <span class='ocrx_word' id='word_1_782' title='bbox 1268 5518 1322 5598; x_wconf 64' lang='grc' dir='ltr'><strong>ιξ</strong></span> <span class='ocrx_word' id='word_1_783' title='bbox 1372 5518 1686 5598; x_wconf 56' lang='lat' dir='ltr'><strong>hiltlibaldo</strong></span> <span class='ocrx_word' id='word_1_784' title='bbox 1732 5528 1808 5598; x_wconf 90' lang='lat'><strong>_2.</strong></span> <span class='ocrx_word' id='word_1_785' title='bbox 1866 5529 1910 5561; x_wconf 80' lang='lat'>“</span> <span class='ocrx_word' id='word_1_786' title='bbox 1960 5528 2329 5598; x_wconf 82' lang='lat' dir='ltr'><strong>wormacensi</strong></span> <span class='ocrx_word' id='word_1_787' title='bbox 2386 5531 2438 5580; x_wconf 92' lang='lat'><strong>2.</strong></span> <span class='ocrx_word' id='word_1_788' title='bbox 2517 5532 2568 5598; x_wconf 60' lang='lat'><strong>‘{</strong></span> <span class='ocrx_word' id='word_1_789' title='bbox 2619 5529 2853 5598; x_wconf 85' lang='lat' dir='ltr'><strong>sopliya</strong></span> <span class='ocrx_word' id='word_1_790' title='bbox 2928 5533 2962 5582; x_wconf 92' lang='lat'><strong>2</strong></span> 
     </span>
    </p>
   </div>
   <div class='ocr_carea' id='block_1_111' title="bbox 542 5587 761 5622">
    <p class='ocr_par' dir='ltr' id='par_1_111' title="bbox 542 5587 761 5622">
     <span class='ocr_line' id='line_1_111' title="bbox 542 5587 761 5622; baseline 0 0"><span class='ocrx_word' id='word_1_791' title='bbox 542 5587 588 5622; x_wconf 53' lang='grc' dir='ltr'>αθ</span> <span class='ocrx_word' id='word_1_792' title='bbox 645 5590 761 5622; x_wconf 56' lang='lat' dir='ltr'><strong>(Inoa</strong></span> 
     </span>
    </p>
   </div>
   <div class='ocr_carea' id='block_1_112' title="bbox 429 5590 2016 5728">
    <p class='ocr_par' dir='ltr' id='par_1_112' title="bbox 429 5590 2016 5728">
     <span class='ocr_line' id='line_1_112' title="bbox 429 5590 2016 5650; baseline 0.006 -10"><span class='ocrx_word' id='word_1_793' title='bbox 429 5592 482 5640; x_wconf 88' lang='lat'><strong>2.</strong></span> <span class='ocrx_word' id='word_1_794' title='bbox 542 5590 588 5622; x_wconf 73' lang='grc'><strong>⁴⁶</strong></span> <span class='ocrx_word' id='word_1_795' title='bbox 644 5590 788 5643; x_wconf 83' lang='lat' dir='ltr'><strong>deest</strong></span> <span class='ocrx_word' id='word_1_796' title='bbox 847 5593 898 5645; x_wconf 82' lang='lat' dir='ltr'><strong>l.</strong></span> <span class='ocrx_word' id='word_1_797' title='bbox 974 5590 1018 5626; x_wconf 76' lang='grc'><strong>⁸⁷</strong></span> <span class='ocrx_word' id='word_1_798' title='bbox 1070 5607 1249 5646; x_wconf 91' lang='lat' dir='ltr'><strong>annos</strong></span> <span class='ocrx_word' id='word_1_799' title='bbox 1299 5595 1351 5645; x_wconf 92' lang='lat'><strong>2.</strong></span> <span class='ocrx_word' id='word_1_800' title='bbox 1413 5590 1458 5628; x_wconf 77' lang='grc'><strong>⁸⁸</strong></span> <span class='ocrx_word' id='word_1_801' title='bbox 1513 5593 1567 5648; x_wconf 93' lang='lat' dir='ltr'><strong>d.</strong></span> <span class='ocrx_word' id='word_1_802' title='bbox 1618 5595 1682 5649; x_wconf 94' lang='grc' dir='ltr'><strong>Ο.</strong></span> <span class='ocrx_word' id='word_1_803' title='bbox 1732 5596 1773 5649; x_wconf 88' lang='grc' dir='ltr'><strong>ῐ.</strong></span> <span class='ocrx_word' id='word_1_804' title='bbox 1848 5612 1898 5649; x_wconf 91' lang='lat' dir='ltr'><strong>r.</strong></span> <span class='ocrx_word' id='word_1_805' title='bbox 1967 5600 2016 5650; x_wconf 89' lang='lat'><strong>2.</strong></span> 
     </span>
     <span class='ocr_line' id='line_1_113' title="bbox 429 5654 2016 5728; baseline 0.007 -19"><span class='ocrx_word' id='word_1_806' title='bbox 429 5654 480 5690; x_wconf 77' lang='grc'><strong>⁸³</strong></span> <span class='ocrx_word' id='word_1_807' title='bbox 528 5659 609 5712; x_wconf 74' lang='lat' dir='ltr'><strong>ita</strong></span> <span class='ocrx_word' id='word_1_808' title='bbox 632 5662 678 5712; x_wconf 85' lang='lat' dir='ltr'><strong>t.</strong></span> <span class='ocrx_word' id='word_1_809' title='bbox 714 5660 764 5711; x_wconf 86' lang='lat'><strong>2.</strong></span> <span class='ocrx_word' id='word_1_810' title='bbox 789 5657 835 5696; x_wconf 77' lang='grc'><strong>³³</strong></span> <span class='ocrx_word' id='word_1_811' title='bbox 865 5663 925 5714; x_wconf 79' lang='lat' dir='ltr'><strong>in</strong></span> <span class='ocrx_word' id='word_1_812' title='bbox 953 5677 1129 5728; x_wconf 80' lang='lat' dir='ltr'><strong>marg.</strong></span> <span class='ocrx_word' id='word_1_813' title='bbox 1164 5663 1562 5718; x_wconf 79' lang='lat' dir='ltr'><strong>Gandesheim.</strong></span> <span class='ocrx_word' id='word_1_814' title='bbox 1597 5666 1642 5701; x_wconf 77' lang='lat'><strong>“</strong></span> <span class='ocrx_word' id='word_1_815' title='bbox 1671 5682 1734 5719; x_wconf 89' lang='lat' dir='ltr'><strong>ac</strong></span> <span class='ocrx_word' id='word_1_816' title='bbox 1767 5666 1835 5720; x_wconf 90' lang='lat' dir='ltr'><strong>de</strong></span> <span class='ocrx_word' id='word_1_817' title='bbox 1867 5682 1935 5720; x_wconf 87' lang='lat' dir='ltr'><strong>eo</strong></span> <span class='ocrx_word' id='word_1_818' title='bbox 1965 5669 2016 5719; x_wconf 90' lang='lat'><strong>2.</strong></span> 
     </span>
    </p>
   </div>
   <div class='ocr_carea' id='block_1_113' title="bbox 2969 5529 3930 5601">
    <p class='ocr_par' dir='ltr' id='par_1_113' title="bbox 2969 5529 3930 5601">
     <span class='ocr_line' id='line_1_114' title="bbox 2969 5529 3930 5601; baseline -0.001 -19"><span class='ocrx_word' id='word_1_819' title='bbox 2969 5571 2982 5582; x_wconf 93' lang='lat'><strong>.</strong></span> <span class='ocrx_word' id='word_1_820' title='bbox 3049 5532 3331 5601; x_wconf 10' lang='lat' dir='ltr'><strong>scirpea}?</strong></span> <span class='ocrx_word' id='word_1_821' title='bbox 3403 5529 3632 5584; x_wconf 86' lang='lat' dir='ltr'><strong>Publice</strong></span> <span class='ocrx_word' id='word_1_822' title='bbox 3706 5545 3930 5601; x_wconf 74' lang='lat' dir='ltr'><strong>quoque</strong></span> 
     </span>
    </p>
   </div>
   <div class='ocr_carea' id='block_1_114' title="bbox 974 5589 3930 5655">
    <p class='ocr_par' dir='ltr' id='par_1_114' title="bbox 974 5589 3930 5655">
     <span class='ocr_line' id='line_1_115' title="bbox 974 5589 3930 5655; baseline 0.003 -11"><span class='ocrx_word' id='word_1_823' title='bbox 974 5589 1018 5626; x_wconf 76' lang='grc'><strong>⁸⁷</strong></span> <span class='ocrx_word' id='word_1_824' title='bbox 1070 5607 1249 5646; x_wconf 91' lang='lat' dir='ltr'><strong>annos</strong></span> <span class='ocrx_word' id='word_1_825' title='bbox 1299 5595 1351 5645; x_wconf 92' lang='lat'><strong>2.</strong></span> <span class='ocrx_word' id='word_1_826' title='bbox 1413 5590 1458 5628; x_wconf 77' lang='grc'><strong>⁸⁸</strong></span> <span class='ocrx_word' id='word_1_827' title='bbox 1513 5593 1567 5648; x_wconf 91' lang='lat' dir='ltr'><strong>d.</strong></span> <span class='ocrx_word' id='word_1_828' title='bbox 1618 5595 1682 5649; x_wconf 94' lang='grc' dir='ltr'><strong>Ο.</strong></span> <span class='ocrx_word' id='word_1_829' title='bbox 1732 5596 1773 5649; x_wconf 88' lang='grc' dir='ltr'><strong>ῐ.</strong></span> <span class='ocrx_word' id='word_1_830' title='bbox 1848 5612 1898 5649; x_wconf 91' lang='lat' dir='ltr'><strong>r.</strong></span> <span class='ocrx_word' id='word_1_831' title='bbox 1967 5600 2020 5650; x_wconf 92' lang='lat'><strong>2.</strong></span> <span class='ocrx_word' id='word_1_832' title='bbox 2073 5595 2120 5633; x_wconf 68' lang='grc' dir='ltr'><strong>ι’</strong></span> <span class='ocrx_word' id='word_1_833' title='bbox 2169 5598 2375 5653; x_wconf 87' lang='lat' dir='ltr'><strong>islarus</strong></span> <span class='ocrx_word' id='word_1_834' title='bbox 2421 5602 2474 5653; x_wconf 85' lang='lat'><strong>2.</strong></span> <span class='ocrx_word' id='word_1_835' title='bbox 2527 5596 2574 5634; x_wconf 79' lang='grc' dir='ltr'><strong>⁸ο</strong></span> <span class='ocrx_word' id='word_1_836' title='bbox 2629 5589 2906 5654; x_wconf 75' lang='lat' dir='ltr'><strong>liudulfus</strong></span> <span class='ocrx_word' id='word_1_837' title='bbox 2959 5602 3014 5654; x_wconf 86' lang='lat'><strong>2.</strong></span> <span class='ocrx_word' id='word_1_838' title='bbox 3067 5589 3137 5637; x_wconf 68' lang='grc' dir='ltr'><strong>δι’</strong></span> <span class='ocrx_word' id='word_1_839' title='bbox 3169 5600 3374 5655; x_wconf 90' lang='lat' dir='ltr'><strong>hildib.</strong></span> <span class='ocrx_word' id='word_1_840' title='bbox 3433 5589 3863 5654; x_wconf 48' lang='lat' dir='ltr'><strong>wormacensis&#39;</strong></span> <span class='ocrx_word' id='word_1_841' title='bbox 3908 5605 3930 5654; x_wconf 80' lang='lat'><strong>2</strong></span> 
     </span>
    </p>
   </div>
  </div>
