4166 6428
0 459 87 507 ωδ
1396 458 1552 513 νιτΑ
1590 460 1643 512 S.
1690 460 1702 512 1

1816 456 2125 511 ίΝινΑιὶῡι.

3401 463 3502 514 406

0 571 59 623 ad
113 572 420 642 palatium
480 572 832 641 citabantur,
886 572 1087 627 habitu
1160 573 1469 628 admodum
1517 575 1700 628 nitido
1740 580 1777 631 Α
1811 580 2136 645 suppetere,
2170 575 2600 644 oboedientiam,
2639 579 2833 631 tamen
2901 578 3197 634 caritatem
3250 586 3307 635 et
3346 598 3502 636 reve-

0 661 72 713 vel
156 661 407 730 abjecto
472 661 789 726 venientes,
874 666 940 715 ut
1007 677 1153 715 verae
1204 662 1303 715 Dei
1354 663 1575 717 ancilla:
1640 664 1710 716 ab

0 748 274 801 omnibus
311 748 682 801 habebantur
719 763 782 801 ac
813 750 1247 803 venerabantur.
1277 750 1383 805 Sed
1409 756 1709 821 postquam

0 838 152 887 luxus
176 852 251 889 ac
285 836 662 906 superfluitas
694 837 948 905 accessit,
982 853 1209 890 morum
1240 837 1548 891 insolentia
1582 838 1709 892 sub-

0 924 259 989 intravit,
309 924 669 978 obcedientia
726 924 966 995 torpuit,
1023 927 1249 995 repulsa
1306 926 1707 997 episcoporum

0 1013 358 1077 reverentia;
394 1013 551 1083 quod
582 1013 787 1082 cuique
833 1018 956 1066 erat
992 1014 1285 1083 placitum,
1322 1015 1565 1069 faciebat
1595 1015 1711 1069 lici-

0 1116 134 1153 :um.
174 1102 399 1156 Addita
430 1106 519 1155 est
556 1116 785 1172 quoque
808 1101 878 1155 ad
908 1107 1282 1171 augmentum
1311 1103 1446 1156 mali
1488 1103 1711 1157 diutina

0 1189 320 1243 inﬁrmitas
352 1190 584 1243 domne:
614 1189 939 1259 Gerburgis,
971 1190 1227 1259 ejusdem
1268 1191 1513 1245 coenobii
1546 1206 1710 1245 vene-

0 1278 314 1332 rabillima:
346 1281 391 1313 ⁵³
425 1282 647 1345 matris,
672 1279 730 1331 in
761 1295 935 1348 quam
953 1279 1225 1333 Dominus
1253 1280 1501 1348 plurima
1534 1279 1707 1333 virtu-

0 1372 116 1418 tum
150 1366 422 1436 insignia
442 1366 719 1432 contulit;
743 1366 1005 1420 decessus
1035 1382 1267 1438 quoque
1307 1366 1707 1437 religiosarnm

0 1468 295 1518 sororum,
337 1469 469 1523 qua:
500 1454 608 1506 sub
640 1453 956 1507 nutrimine
987 1453 1235 1524 antiquae
1267 1454 1581 1525 disciplima
1620 1454 1708 1508 in-

0 1540 220 1593 stitutas
258 1542 509 1595 fuerant.
549 1541 863 1595 Numerosa
886 1546 1079 1595 autem
1111 1541 1383 1610 juventus
1422 1541 1706 1611 virginum

0 1629 455 1682 :‘ructiticaverat
506 1629 567 1682 in
641 1629 921 1696 tyrocinio
946 1629 1167 1683 Christi.
1217 1630 1354 1694 Quae
1400 1629 1707 1699 delicatius

0 1718 301 1781 enutritae,
362 1722 577 1770 metam
628 1717 835 1787 prioris
898 1717 1213 1787 disciplinae
1264 1735 1327 1771 ac
1392 1718 1706 1772 severitatis

0 1805 369 1874 ignorantes,
405 1809 466 1857 ut
495 1808 584 1858 est
612 1804 932 1858 humanum
989 1810 1116 1875 post
1153 1822 1256 1859 sua
1294 1810 1421 1859 vota
1452 1806 1703 1860 declina-

0 1893 149 1946 bant.
182 1892 417 1962 Sophia
446 1909 700 1963 quoque,
747 1893 957 1947 domna
989 1893 1281 1964 Gerburga
1330 1893 1505 1947 invita
1555 1894 1703 1947 mul-

0 1988 243 2051 tumque
297 1981 611 2048 renitente,
676 1982 746 2035 ad
802 1980 1079 2050 palatium
1142 1981 1385 2035 factione
1434 1980 1707 2051 Willegisi

0 2068 437 2139 archiepiscopi
469 2084 527 2122 se
557 2068 819 2133 contulit,
845 2068 1039 2139 ibique
1066 2085 1280 2122 annum
1301 2069 1386 2122 vel
1409 2069 1705 2123 biennium

0 2162 388 2223 commorata,
468 2156 819 2211 dissolubilis
902 2156 1030 2210 vitae
1105 2156 1393 2210 tramitem
1439 2157 1706 2211 incedens

0 2247 225 2299 varium
291 2246 366 2300 de
416 2260 476 2299 se
530 2245 739 2315 sparsit
790 2260 1101 2299 rumorem.
1152 2245 1315 2308 Quod
1367 2245 1707 2299 venerabilis

0 2335 389 2388 Bernwardus
420 2332 723 2403 episcopus
760 2349 873 2385 non
903 2333 1113 2401 ferens,
1180 2332 1393 2402 quippe
1423 2333 1522 2403 qui
1548 2333 1706 2387 illam

0 2438 230 2493 semper
273 2437 507 2475 summo
537 2437 733 2474 amore
764 2426 819 2475 et
848 2421 1030 2492 gratia
1076 2421 1424 2491 percolebat,
1485 2421 1707 2475 blandis

1 2512 151 2564 illam
187 2510 439 2564 monitis
461 2509 532 2563 ad
560 2509 973 2563 monasterium
992 2508 1179 2562 redire
1211 2510 1507 2579 persuasit.
1543 2510 1708 2564 Cum-

0 2616 105 2669 que
138 2599 245 2652 illa
293 2597 566 2652 exteriori
614 2598 815 2651 auditu
844 2597 929 2651 vix
962 2597 1131 2650 verba
1160 2597 1313 2651 illius
1359 2597 1704 2663 admitteret,

3 2689 207 2758 saepius
238 2686 449 2740 eadem
483 2690 746 2756 repetens
776 2685 845 2739 ad
877 2684 1200 2739 caanobium
1253 2701 1379 2738 eam
1432 2686 1705 2755 repedare

1 2775 351 2828 familiarius
384 2772 687 2828 admonuit
714 2776 780 2828 ⁸⁸.
808 2774 910 2828 Illa
941 2777 1132 2827 autem
1164 2774 1206 2809 ⁵⁷
1271 2774 1394 2843 ejus
1420 2789 1705 2828 accessum

3 2869 50 2916 et
76 2863 523 2917 confabulatum
560 2861 747 2931 primo
798 2861 1093 2926 delinavit,
1141 2861 1347 2914 deinde
1400 2861 1469 2914 ad
1521 2862 1705 2915 archi-

1 2954 347 3021 episcopum
384 2950 535 3002 velut
564 2950 978 3019 patrocinanda
1006 2948 1076 3003 ab
1106 2948 1204 3002 illo
1236 2949 1509 3019 confugit,
1543 2965 1703 3002 ama-

4 3040 254 3093 rioribus
311 3037 503 3092 verbis
561 3038 685 3106 ejus
736 3037 993 3091 animum
1044 3037 1415 3107 exasperavit,
1475 3043 1703 3106 pactum

1816 663 2059 716 rentiam
2104 662 2219 715 suis
2296 664 2749 718 antecessoribus
2796 665 2865 718 ab
2906 665 3134 721 illarum
3192 670 3504 739 majoribus

1817 748 2149 813 exhibitam,
2175 764 2291 801 non
2320 764 2522 803 ausum
2582 765 2686 803 sua
2740 751 2963 805 levitate
3018 756 3328 826 negligere.
3377 760 3504 812 Haec

1818 852 1945 889 cum
1976 840 2215 904 paterno
2240 837 2430 890 animo
2461 845 2801 906 perorasset,
2856 842 3059 910 majori
3094 844 3224 896 odio
3262 847 3504 915 peccatis

1818 923 2245 977 stimulantibus
2302 924 2427 977 illas
2483 925 2542 979 in
2609 942 2667 979 se
2725 928 3048 994 concitavit,
3090 931 3302 1002 Sophia
3353 938 3504 987 utro-

1818 1011 1990 1082 hique
2021 1028 2085 1065 ex
2124 1017 2295 1081 parte
2342 1013 2757 1085 archiepiscopi
2787 1032 2849 1069 ac
2877 1020 3339 1089 congregationis
3368 1038 3500 1091 per-

1817 1105 2083 1169 urgente.
2755 1098 2759 1103 ’

1894 1191 1977 1242 16.
2021 1188 2271 1243 Instabat
2308 1193 2499 1243 autem
2553 1190 2715 1256 hora,
2775 1207 2888 1262 qua
2929 1192 3142 1248 domna
3198 1196 3503 1266 Gerburgis

1818 1276 2127 1330 (ecclesiam
2159 1293 2329 1347 quam
2358 1282 2756 1332 construxerat
2793 1281 3109 1335 consecrari
3150 1283 3500 1353 depoposce-

1816 1368 1928 1419 rat.
1969 1365 2125 1419 Unde
2159 1364 2294 1436 quia
2320 1365 2460 1435 ipsa,
2495 1365 2714 1420 diutina
2762 1366 3093 1422 inﬁrmitate
3138 1369 3395 1440 fatigata,
3427 1374 3496 1425 ad

1817 1453 2079 1507 obeunda
2101 1458 2274 1507 tanta:
2301 1454 2621 1507 festivitatis
2650 1455 2991 1525 sollempnia
3044 1457 3279 1511 minime
3331 1460 3499 1513 suffe-

1816 1547 1990 1608 cerat,
2038 1540 2266 1611 Sophia,
2322 1542 2557 1596 domina
2606 1548 2662 1596 et
2718 1549 2896 1599 matre
2928 1546 3339 1611 consentiente,
3372 1553 3495 1600 stu-

1816 1629 1975 1683 dium
2001 1630 2147 1683 tanti
2174 1629 2383 1683 laboris
2414 1636 2814 1700 assumpserat.
2867 1633 2929 1686 Et
2961 1649 3122 1686 more
3200 1651 3302 1688 suo
3356 1652 3494 1705 pro—

1815 1716 2007 1787 prium
2034 1716 2366 1787 episcopum
2386 1715 2431 1752 δί
2472 1723 2822 1789 postponunt
2846 1723 2901 1772 et
2954 1720 3256 1790 abjiciunt;
3313 1723 3498 1776 archi-

1817 1805 2119 1875 episcopus
2140 1805 2462 1871 accersitur,
2496 1822 2606 1875 quo
2666 1806 2962 1860 ordinante
3000 1814 3203 1863 cuncta
3231 1810 3300 1864 ad
3340 1810 3497 1864 dedi-

1815 1894 2097 1947 cationem
2162 1893 2508 1963 pertinentia
2578 1894 2991 1963 disponuntur;
3060 1898 3498 1952 consecrationis

1814 1981 1966 2036 diem
1997 1984 2277 2048 statuunt,
2317 1981 2674 2035 exaltationis
2732 1982 2991 2037 videlicet
3038 1992 3248 2039 sanctae
3318 1987 3496 2039 crucis

1813 2070 2296 2140 sollempnitatem
2332 2069 2498 2139 (Sept.
2537 2071 2641 2141 14).
2674 2069 2911 2125 Mittitur
2939 2078 3131 2126 autem
3179 2079 3237 2127 et
3274 2074 3498 2144 legatus

1813 2173 1882 2212 ex
1908 2158 2084 2211 latere
2110 2159 2333 2211 damna:
2353 2157 2672 2225 abbatissa,
2725 2158 2825 2228 qui
2874 2159 3150 2214 domnum
3206 2162 3498 2215 Bernwar—

1812 2246 1950 2300 dum
2024 2245 2096 2301 ad
2144 2245 2557 2300 dedicationem
2604 2246 2806 2300 invitet
2856 2246 3123 2317 diemque
3172 2249 3494 2303 denunciet.

1812 2334 1919 2389 Sed
1944 2350 2294 2405 quamquam
2330 2334 2523 2404 plures
2570 2334 2735 2387 illum
2797 2335 3169 2405 anticipatum
3224 2338 3501 2407 archiepi-

1813 2422 1973 2493 scopi
2003 2422 2369 2477 advocatione
2393 2421 2726 2491 objicerent,
2770 2422 2883 2476 leni
2923 2429 3115 2478 tamen
3155 2424 3347 2478 animo
3377 2427 3497 2479 suf-

1812 2511 2019 2572 ferens,
2051 2510 2122 2564 ad
2152 2509 2548 2581 praescriptum
2580 2510 2733 2565 diem
2762 2526 2821 2564 se
2849 2516 3156 2565 venturum
3213 2514 3494 2581 promisit.

1814 2600 2058 2665 Interea,
2092 2598 2371 2651 incertum
2418 2614 2528 2667 qua
2559 2598 2627 2652 de
2656 2614 2843 2664 causa,
2903 2599 3361 2669 archiepiscopus
3387 2606 3493 2652 sta-

1814 2691 2003 2741 tutum
2030 2691 2230 2751 mutat,
2262 2686 2411 2740 diem
2438 2685 2679 2752 abdicit,
2708 2690 2878 2755 atque
2922 2686 3163 2740 eandem
3190 2688 3498 2742 dedicatio-

1814 2791 1946 2829 nem
2006 2774 2067 2828 in
2109 2774 2469 2828 festivitatem
2515 2774 2696 2828 saneti
2742 2774 2947 2828 Mathei
2998 2775 3245 2845 apostoli
3296 2776 3499 2829 indicit

1815 2866 1986 2932 (Sept.
2016 2866 2131 2930 2t),
2166 2862 2376 2915 domno
2405 2878 2634 2932 quoque
2666 2862 3000 2915 Bernwardo
3060 2864 3179 2932 pari
3213 2870 3496 2933 potestate

1814 2957 1877 3004 ut
1898 2951 2034 3005 olim
2062 2950 2119 3003 in
2142 2950 2419 3002 velatione
2451 2949 2675 3017 Sophia:
2703 2949 3011 3003 venerabili
3034 2950 3243 3003 domno
3273 2951 3493 3020 Osdago

1813 3039 2156 3109 legationem
2188 3037 2397 3105 dirigit,
2434 3038 2707 3090 mandans
2762 3040 2824 3090 ut
2862 3038 3254 3091 incunctanter
3281 3038 3366 3092 illi
3425 3040 3494 3092 ad

4 3130 183 3182 {cadus
230 3129 293 3181 in
350 3143 457 3180 sua
503 3126 786 3180 velatione
836 3125 1104 3179 inanibus
1137 3125 1322 3179 verbis
1370 3126 1703 3179 annullavit'
1739 3147 1778 3201 ρ
1815 3126 2232 3181 dedicationem
2285 3124 2345 3178 in
2401 3125 2635 3194 praefata
2681 3124 2983 3178 festivitate
3039 3130 3311 3179 occurrat.
3372 3128 3494 3196 Ipse

6 3218 197 3271 dicens
225 3216 427 3270 abillo
477 3231 536 3268 se
586 3216 850 3279 velatam,
887 3230 1005 3267 non
1033 3214 1105 3267 ab
1156 3213 1708 3268 Hildenesheimensi

4 3307 303 3377 episcopo,
367 3304 438 3357 ad
508 3303 891 3373 provisionem
958 3302 1275 3357 Bernwardi
1322 3301 1573 3372 episcopi
1647 3318 1707 3355 se

5 3393 247 3446 minime
317 3390 631 3461 pertinere,
707 3390 775 3443 ad
822 3406 983 3443 suam
1041 3389 1311 3443 diocesim
1379 3389 1704 3443 coenobium

5 3478 612 3533 Gandenseheimense
634 3477 937 3547 respicere,
963 3479 1154 3548 plures
1179 3494 1237 3531 se
1284 3477 1567 3531 invenisse
1605 3478 1705 3548 qui

3 3568 103 3620 hoc
126 3566 418 3620 veraciter
447 3570 747 3619 testentur.
783 3564 878 3618 His
935 3571 992 3618 et
1031 3565 1366 3635 hujusmodi
1418 3565 1463 3601 ⁸⁸
1519 3567 1704 3619 verbis

2 3653 426 3724 archiepiscopi
472 3653 730 3707 animum
788 3653 1057 3706 adversus
1096 3653 1373 3707 domuum
1414 3655 1704 3708 Bernwar-

3 3744 136 3796 dum
172 3742 438 3813 graviter
464 3740 795 3793 commovit.
828 3741 961 3793 Post
1014 3740 1135 3794 hmc
1173 3742 1626 3795 Gandenesheim
1656 3738 1701 3777 ⁸9

3 3831 234 3901 repetit,
268 3828 432 3882 varia
488 3828 557 3881 de
587 3828 856 3899 episcopo
873 3827 1025 3881 inter
1046 3844 1265 3881 sorores
1287 3829 1699 3897 disseminavit,

3 3920 127 3972 nisu
156 3935 280 3989 quo
320 3921 549 3986 poterat
576 3916 741 3969 illum
792 3917 917 3970 loco
951 3917 1234 3986 expellere
1266 3922 1436 3987 atque
1493 3918 1702 3971 abalie-

4 4023 136 4060 nare
164 4006 436 4075 parabat.
1586 4050 1593 4059 .

72 4098 155 4149 15.
190 4095 334 4165 (An.
385 4091 566 4161 1000.)
598 4093 820 4145 Interea
842 4091 1142 4162 episcopus
1166 4108 1508 4161 cognoscens
1565 4093 1702 4146 talia

3 4183 149 4237 circa
189 4198 251 4235 se
295 4180 514 4246 moliri,
573 4180 1026 4235 Gandenesheim
1065 4181 1238 4245 venit,
1294 4180 1542 4251 graviter
1569 4181 1702 4234 tulit

4 4288 55 4325 se
86 4268 433 4331 abalienari,
462 4283 565 4321 nec
610 4267 826 4338 aliquid
882 4268 1131 4321 caritatis
1184 4268 1273 4321 vel
1331 4267 1563 4321 honoris
1592 4268 1699 4321 sibi

4 4366 61 4413 ut
90 4356 556 4413 antecessoribus
587 4356 703 4408 suis
748 4355 1025 4420 exhiberi,
1060 4356 1157 4409 sed
1206 4356 1353 4410 infra
1403 4360 1696 4411 extraneos

3 4448 305 4517 episcopos
328 4460 389 4498 se
441 4443 692 4509 tractari,
724 4458 855 4496 cum
884 4448 1076 4497 tamen
1124 4442 1194 4496 ab
1245 4443 1696 4496 antecessoribus

5 4536 115 4587 suis
136 4535 209 4589 ad
238 4537 509 4587 sanctum
552 4532 741 4585 locum
769 4531 1074 4585 innumera
1120 4531 1270 4585 bona
1318 4532 1523 4585 collata
1564 4530 1695 4595 sint,

9 4623 245 4677 decimae
275 4636 514 4692 quoque
544 4636 613 4674 ex
644 4635 745 4673 sua
770 4624 932 4689 parte
964 4620 1158 4689 plures
1189 4624 1247 4672 et
1282 4618 1596 4688 antiquitus
1643 4625 1697 4671 et

7 4712 288 4765 moderno
323 4715 590 4778 tempore
656 4707 965 4776 impensae;
1021 4713 1079 4761 et
1116 4724 1219 4777 pro
1268 4706 1355 4760 his
1409 4706 1699 4761 beneﬁciis

4 4799 278 4867 injuriam
314 4801 375 4851 et
399 4794 812 4849 contumeliam
841 4795 949 4849 sibi
1001 4795 1425 4865 reconpensari,
1486 4796 1699 4849 tributa

3 4904 126 4955 quae
157 4903 265 4958 pro
328 4884 571 4940 decimis
620 4884 890 4939 solvenda
943 4890 1132 4937 essent
1178 4884 1502 4947 imminuta,
1552 4900 1699 4953 sa'pe

4 4991 230 5045 quoque
262 4973 470 5028 fraude
502 4978 740 5041 negata;
798 4971 1226 5036 oboedientiam,
1264 4988 1376 5041 quo
1424 4970 1580 5025 nulla
1618 4970 1699 5022 vi-

3 5063 171 5116 ctima
200 5064 317 5116 Deo
358 5060 581 5132 gratior
607 5065 711 5123 est,
741 5076 870 5112 cum
917 5059 1239 5114 humilitate
1269 5059 1329 5113 in
1384 5076 1479 5113 ara
1519 5058 1703 5112 cordis

6 5151 318 5218 persuadet
346 5148 666 5213 immolari,
700 5148 982 5218 patienter
1008 5165 1067 5201 se
1124 5147 1318 5201 omnia
1372 5162 1537 5217 posse
1595 5146 1704 5199 suf-

6 5238 167 5305 ferre,
200 5242 411 5309 paveat
457 5241 650 5290 tamen
714 5234 1026 5300 Christum,
1080 5235 1243 5305 cujus
1271 5235 1389 5288 vice
1421 5234 1701 5304 fungitur,

6 5326 59 5378 in
90 5343 148 5379 se
177 5326 499 5389 ollendere,
529 5323 802 5394 quicquid
836 5324 1102 5393 ingerant
1123 5340 1225 5393 pro
1248 5323 1467 5377 meritis
1516 5322 1563 5357 ⁶⁰
1597 5322 1706 5376 sibi

1817 3230 1948 3267 vero
1972 3228 2138 3265 suum
2169 3212 2417 3281 legatum
2448 3215 2614 3281 atque
2672 3211 2878 3275 scripta
2926 3211 3351 3281 archiepiscopo
3404 3229 3491 3264 re-

1816 3301 2012 3368 mittit,
2044 3303 2298 3354 astruens
2321 3298 2710 3369 imperialibus
2733 3297 2909 3367 jussis
2939 3298 3297 3363 obstrictum,
3330 3300 3491 3352 seriis

1817 3389 2157 3461 quibusdam
2182 3386 2468 3455 occupari,
2506 3402 2610 3439 nec
2636 3402 2800 3456 posse
2846 3386 2918 3440 ad
2978 3385 3395 3439 dedicationem
3433 3392 3497 3440 ut

1808 3477 2032 3547 jussum
2060 3480 2145 3527 est
2174 3473 2294 3544 ipsa
2317 3473 2407 3526 die
2446 3472 2532 3526 illi
2556 3488 2872 3525 occurrere.

1889 3568 1969 3618 17.
2022 3563 2085 3616 In
2129 3560 2469 3615 exaltatione
2520 3567 2709 3613 tamen
2783 3563 2989 3613 sanctae
3058 3560 3208 3613 curis
3274 3561 3492 3615 Gande-

1813 3650 2068 3705 nesheim
2108 3649 2279 3709 venit.
2316 3647 2624 3701 aecclesiam
2657 3647 3036 3713 dedicaturus,
3097 3648 3238 3701 sicut
3285 3648 3494 3701 domna

1812 3739 2094 3794 abbatissa
2124 3738 2183 3790 in
2213 3736 2490 3806 principio
2528 3735 2840 3804 disposuit;
2884 3734 2963 3787 nil
2989 3739 3249 3805 paratum
3282 3751 3491 3805 reppe—

1812 3828 1904 3893 rit,
1939 3828 2114 3881 immo
2144 3825 2369 3894 aliquos
2396 3824 2675 3887 collectos,
2741 3823 2839 3892 qui
2884 3822 2968 3876 illi
3022 3824 3368 3889 resisterent,
3435 3828 3492 3876 et

1811 3931 1939 3969 cum
1968 3913 2181 3984 injuria
2210 3912 2502 3980 ejicerent,
2536 3910 2583 3963 si
2641 3910 2783 3964 forte
2836 3926 2965 3964 cum
3016 3910 3132 3963 suis
3181 3911 3489 3964 ecclesiam

1812 4017 2139 4057 consecrare
2188 4000 2467 4054 violenter
2495 4004 2807 4069 appeteret.
2873 4000 3024 4052 Hanc
3082 3999 3234 4053 enim
3282 3999 3491 4052 famam

1810 4092 1923 4146 illa:
1950 4091 2348 4161 disperserant,
2391 4104 2517 4141 cum
2550 4088 2651 4141 Dei
2681 4093 2821 4141 teste
2863 4087 3037 4141 nichil
3099 4086 3491 4156 hujuscemodi

1810 4184 2175 4250 attemptaret
2220 4178 2305 4231 vel
2355 4183 2544 4231 mente
2598 4176 2940 4244 conciperet.
2993 4176 3116 4229 Iam
3177 4175 3331 4228 enim
3376 4180 3491 4227 tota

1810 4273 2000 4321 mente
2037 4267 2106 4321 ad
2146 4264 2635 4334 archiepiscopum
2665 4264 3061 4331 confugerant,
3092 4278 3149 4315 se
3206 4267 3377 4331 atque
3403 4264 3492 4315 lo—

1810 4371 1940 4409 cum
1989 4355 2111 4423 ejus
2165 4351 2394 4406 tuitioni
2446 4351 2807 4404 devoverant.
2860 4350 3073 4418 Sophia
3126 4348 3350 4401 assidue
3412 4349 3493 4401 illi

1738 4414 1778 4467 D
1811 4414 2100 4496 cohaerens
2120 4445 2175 4494 et
2202 4438 2551 4501 cohabitans,
2584 4437 2705 4490 haec
2735 4414 2985 4489 interdiu
3024 4441 3308 4503 noctuque
3368 4452 3488 4488 am-

1807 4530 2014 4584 biebat.
2046 4528 2341 4583 Missarum
2372 4541 2503 4577 vero
2533 4522 2580 4559 ⁶²
2610 4523 2951 4593 sollempnia
3001 4522 3243 4575 domnus
3274 4521 3488 4591 episco-

1808 4634 1915 4687 pus
1944 4616 2065 4686 ipsa
2098 4616 2189 4669 die
2219 4613 2429 4667 ibidem
2461 4611 2785 4675 celebravit,
2848 4610 2983 4662 lieet
3041 4609 3287 4662 maxima
3353 4627 3488 4663 con-

1810 4700 2601 4776 gregationisindignatione,
2634 4698 2864 4752 easdem
2894 4703 3108 4761 tamen,
3152 4702 3213 4750 ut
3253 4697 3490 4751 oblatio-

1811 4809 1909 4846 nes
1937 4789 1986 4824 ⁸³
2016 4790 2287 4843 offerrent
2334 4788 2906 4856 benedictionemque
2955 4786 3333 4855 perciperent,
3386 4786 3488 4839 ad-

1810 4879 2053 4934 monuit.
2105 4878 2265 4931 Plebs
2302 4892 2555 4947 quoque,
2605 4881 2899 4945 comperto
2950 4874 3038 4927 sui
3087 4874 3340 4943 episcopi
3391 4875 3489 4928 ad-

1810 4971 2003 5031 ventu,
2037 4965 2199 5037 quasi
2230 4964 2297 5018 ad
2368 4964 2847 5033 sollempnitatem
2901 4962 3184 5029 convenit,
3250 4979 3493 5017 moerens

1812 5060 1869 5110 et
1896 5056 2045 5109 ultra
2074 5069 2246 5125 quam
2285 5051 2437 5106 credi
2472 5055 2661 5122 posset
2690 5067 2841 5121 aegre
2898 5052 3101 5116 ferens,
3161 5051 3491 5121 episcopum

1811 5141 2115 5199 insolentia
2146 5147 2313 5211 atque
2346 5139 2753 5195 inoboedientia
2802 5140 2926 5193 loco
2971 5140 3216 5193 detrudi.
3258 5140 3409 5203 Quos
3439 5145 3494 5192 et

1814 5247 2013 5286 omnes
2042 5231 2409 5285 adventantes
2447 5230 2643 5283 limato
2665 5244 2926 5283 sermone
2975 5228 3290 5289 consolans,
3322 5227 3489 5278 laeri-

1817 5319 2013 5374 mabili
2044 5325 2249 5389 questu
2297 5318 2521 5387 publice
2570 5316 3075 5380 commemorabat,
3132 5330 3189 5367 se
3225 5313 3346 5382 ipsa
3401 5313 3491 5366 die

1428 5464 1659 5517 VARI/E
1692 5459 2083 5515 LECTIONES.

77 5604 119 5635 “
180 5604 261 5654 ita
320 5605 371 5655 l.
425 5602 480 5663 2,
545 5601 597 5651 et
649 5601 696 5651 l.
752 5596 935 5650 eadem
991 5611 1157 5650 manu
1216 5594 1735 5649 veneriibilissimm.
1812 5590 1858 5628 ⁵³
1912 5592 2232 5663 ammonuit
2286 5595 2337 5645 2.
2376 5662 2379 5663 ν
2414 5588 2457 5623 ⁵⁷
2491 5604 2736 5663 namque
2768 5590 2827 5641 2.

1015 5666 1063 5701 ‘°
1084 5682 1159 5719 m.
1192 5665 1308 5718 suis
1335 5680 1377 5718 s.
1408 5669 1459 5719 2.
1536 5664 1580 5699 “
1614 5666 1757 5719 deest
1782 5667 1829 5718 l.

15 5668 58 5703 5°
134 5670 495 5741 gandeshem
527 5672 583 5721 2.
615 5671 939 5721 constanter.

2910 5585 2955 5621 ⁵⁸
3017 5586 3114 5656 buj
3124 5585 3408 5639 uscemodi
3437 5590 3488 5639 2.

1904 5661 1955 5696 ⁸³
1985 5678 2216 5732 quoque
2234 5664 2288 5715 2.
2363 5662 2409 5695 ⁸³
2447 5676 2502 5711 o.
2532 5659 2600 5710 ad
2628 5658 2857 5710 missam
2915 5673 2968 5709 ο.
3002 5660 3060 5710 2.
