3968 6418
411 454 514 507 407

415 667 735 722 exhibitum
814 666 993 720 immo
1033 667 1366 734 exclusum;
1416 668 1569 722 unde
1625 660 2113 723 consecrationem

416 755 710 822 ecclesiae,
743 770 873 826 quae
940 755 1010 808 ad
1049 771 1108 808 se
1164 755 1473 826 pertineat,
1530 757 1802 811 omnibus
1846 758 1968 812 sine
2009 774 2113 812 suo

416 861 691 899 consensu
725 843 996 898 canonica
1026 844 1364 898 auctoritate
1424 845 1738 901 interdicit.
1801 847 1923 910 Qua
1954 847 2024 901 de
2055 863 2115 902 re

419 932 792 1004 congregatio
821 948 1087 986 sororum
1131 933 1451 1004 indignata,
1520 933 1654 1004 igne
1698 934 1935 1004 majoris
1964 933 2114 989 indi-

419 1021 711 1095 gnationis
742 1021 1074 1076 accenditur
1104 1021 1172 1057 οδ·
1207 1024 1416 1076 Verum
1449 1038 1580 1076 cum
1636 1021 1709 1076 ad
1772 1022 2119 1076 oblationem

420 1119 652 1167 ventum
687 1115 788 1178 est,
820 1111 1041 1165 oblatas
1093 1110 1494 1180 indignatione
1547 1115 1603 1165 et
1644 1111 1967 1166 incredibili
2025 1111 2118 1165 fn-

421 1217 551 1256 rore
580 1199 914 1271 projiciunt,
959 1214 1108 1252 saeva
1138 1199 1442 1253 maledicta
1499 1198 1772 1269 episcopo
1826 1199 2115 1269 ingerunt.

421 1291 544 1354 Quo
590 1287 823 1341 insolito
881 1287 1138 1341 tumultu
1196 1287 1512 1358 perculsus,
1555 1287 1803 1340 lacrimis
1858 1288 2125 1357 perfusus

423 1378 676 1442 antistes,
703 1393 818 1430 non
852 1392 1013 1430 suam
1045 1375 1317 1446 injuriam
1348 1378 1414 1439 εδ,
1447 1391 1620 1446 quam
1669 1375 1831 1445 parvi
1859 1375 2123 1441 ducebat,

425 1483 692 1538 pensans,
724 1466 822 1520 sed
853 1466 974 1519 veri
1002 1465 1249 1535 pastoris
1275 1480 1379 1534 pro
1419 1463 1881 1535 persecutoribus
1911 1463 2126 1516 orantis

426 1556 705 1627 exemplo,
744 1555 1130 1626 ignorantiam
1172 1570 1268 1607 seu
1302 1552 1494 1623 potius
1540 1551 1990 1606 malivolentiam
2037 1551 2125 1605 fn-

426 1645 678 1700 rentinm
709 1645 1057 1699 feminarum
1089 1643 1416 1712 deplorans,
1444 1642 1515 1696 ad
1545 1643 1722 1695 altare
1760 1640 1949 1707 rediit,
1984 1641 2126 1693 mis-

428 1750 549 1788 sam
591 1751 692 1787 suo
748 1733 949 1788 ordine
997 1748 1210 1803 magna
1267 1730 1445 1785 animi
1471 1730 1814 1784 contritione
1883 1729 2126 1800 peragit,

431 1823 639 1878 deinde
666 1822 950 1894 populum
974 1820 1305 1891 alloquitur,
1334 1819 1618 1874 benedicit
1661 1823 1719 1872 et
1762 1819 2124 1884 corroborat;

430 1912 822 1981 deductusque
869 1910 1184 1965 honoriﬁce
1225 1909 1294 1963 ab
1353 1908 1485 1972 illis,
1518 1907 1669 1962 unde
1699 1913 1936 1962 venerat
1965 1923 2125 1976 repe-

431 1999 623 2054 dabat.
681 1998 724 2052 Ο
753 1996 802 2030 ⁶⁶
837 1997 1028 2067 dignae
1077 1995 1376 2050 memoriae
1432 1995 1642 2062 virum,
1721 1995 1984 2049 omnium
2033 2010 2131 2048 ore

432 2086 860 2153 celebrandum,
903 2090 1240 2138 cunctorum
1302 2083 1603 2138 devotione
1643 2083 1850 2137 intime
1907 2083 2130 2152 ample-

433 2175 724 2241 ctendam,
757 2174 909 2244 apud
949 2189 1008 2227 se
1067 2173 1303 2243 quidem
1347 2171 1764 2226 incredibiliter
1817 2172 2122 2239 humilem,

435 2265 533 2319 sed
591 2264 742 2335 apud
783 2265 986 2330 Deum,
1017 2262 1202 2316 cordis
1239 2261 1643 2332 inspertorem,
1668 2262 1906 2332 ejusque
1937 2260 2134 2314 ﬁdeles

434 2368 566 2406 vere
595 2351 931 2406 sublimem!
975 2351 1112 2416 Quis
1137 2366 1270 2405 eum
1295 2350 1554 2404 crederet
1583 2350 1644 2404 in
1682 2355 1845 2404 tanto
1887 2349 2131 2421 pontiﬁ-

435 2441 570 2495 calis
598 2440 895 2512 dignitatis
933 2440 1177 2509 honore,
1203 2439 1434 2510 generis
1481 2439 1805 2505 nobilitate,
1839 2438 2134 2492 ministro-

436 2545 566 2584 rum
597 2527 968 2583 multitudine
1017 2533 1218 2582 contra
1273 2527 1557 2598 irrogatas
1614 2527 1722 2581 sibi
1760 2526 2136 2581 contumelias

437 2617 732 2688 patientia:
784 2619 972 2688 potius
1039 2631 1215 2688 quam
1293 2617 1566 2687 potentiae
1642 2616 1912 2670 maluisse
1955 2616 2135 2685 clipeo

438 2706 694 2762 muniri?
732 2706 843 2760 Sed
873 2706 959 2760 vir
987 2706 1186 2760 beatus
1215 2705 1481 2760 humanae
1538 2704 1872 2775 abjectionis
1927 2703 2139 2774 probra

439 2811 555 2850 non
602 2795 855 2862 curabat,
906 2793 1006 2866 qui
1057 2799 1210 2848 totus
1270 2793 1465 2848 divino
1516 2794 1699 2847 amori
1757 2793 2136 2864 mancipatus,

441 2884 596 2938 illius
619 2889 844 2937 tantum
876 2883 1055 2938 oculis
1084 2899 1256 2953 quem
1283 2881 1654 2953 singulariter
1699 2881 1975 2952 diligebat
2024 2881 2142 2951 pla-

443 2989 570 3027 cere
603 2987 972 3042 summopere
995 2971 1290 3042 gestiebat.
1339 2973 1467 3026 Πεθο
1521 2987 1626 3041 pro
1685 2969 2140 3024 commendando

443 3077 670 3132 magnae
697 3061 960 3116 utilitatis
987 3061 1248 3130 exemplo
1272 3060 1340 3114 ad
1371 3058 1750 3113 imitationem
1783 3058 2140 3112 audientium

443 3151 695 3204 inserere
728 3151 923 3217 libuit;
954 3166 1104 3203 nunc
1133 3151 1202 3202 ad
1231 3149 1494 3202 ordinem
1524 3147 1849 3201 redeamus.

519 3242 600 3294 18.
633 3241 854 3294 Interea
879 3237 1337 3307 archiepiscopus
1368 3241 1422 3288 et
1453 3235 1665 3305 Sophia
1703 3250 1932 3288 omnem
1965 3249 2140 3304 appa-

445 3332 636 3382 ratum
665 3327 736 3380 ad
781 3327 1019 3380 novellae
1051 3325 1318 3379 ecclesize
1349 3323 1838 3377 consecrationem
1887 3339 2142 3377 necessa-

449 3417 600 3470 rium
650 3415 956 3486 diligenter
1035 3419 1384 3485 prmparant,
1436 3413 1761 3466 inconsulto
1807 3412 2142 3466 Bernwardo

446 3505 736 3575 episcopo,
769 3519 942 3574 quem
972 3507 1165 3556 tamen
1195 3501 1511 3571 adjungere
1567 3501 1783 3555 domna
1831 3499 2142 3566 Gerburgis

450 3596 713 3662 temptat,
748 3592 844 3646 sed
875 3591 1053 3645 verita
1103 3590 1620 3660 archiepiscopum,
1682 3588 1827 3643 votis
1864 3590 1986 3658 ejus
2040 3589 2142 3642 ob-

451 3682 607 3735 viare
637 3680 1002 3751 pertimescit.
1031 3681 1315 3733 Praeterea
1361 3677 1826 3750 archiepiscopus
1855 3677 1912 3730 in
1944 3677 2143 3747 vigilia

451 3770 629 3824 sancti
667 3769 874 3823 Mathei
934 3769 1109 3838 (Sept.
1151 3768 1239 3838 20)
1274 3768 1343 3822 ad
1399 3768 1702 3838 praefatum
1734 3765 2146 3820 monasterium

451 3859 608 3913 venit
661 3875 791 3912 cum
823 3856 1123 3928 episcopis,
1204 3856 1475 3911 Rethario
1529 3855 1576 3891 6⁷
1645 3855 2150 3910 Paderbrunnensi

451 3949 742 4019 episcOpo,
777 3951 832 3999 et
878 3948 1201 4014 Berengero
1253 3944 1523 3998 Verdensi
1570 3945 1619 3980 ⁸³
1670 3945 1958 4014 episcopo,
2021 3945 2149 3997 Ber-

452 4037 673 4090 nhardo
704 4033 751 4069 ⁶⁹
778 4050 1010 4104 quoque
1038 4033 1202 4096 duce,
1233 4048 1363 4086 cum
1425 4032 1551 4086 aliis
1604 4031 1890 4101 plurimis,
1950 4047 2150 4084 conse-

452 4129 713 4178 craturus
745 4121 1007 4192 sequenti
1041 4121 1133 4175 die
1165 4121 1500 4174 aacclesiam.
1567 4120 1867 4174 Mittuntur
1913 4135 2146 4191 quoque

452 4214 666 4268 domno
707 4210 1048 4264 Bernwardo
1080 4207 1485 4278 episcopo,qui
1519 4207 1683 4261 illum
1707 4209 1776 4261 ad
1821 4207 2150 4277 sollempni-

453 4307 626 4356 tatem
651 4299 920 4354 mcclesiaz
951 4297 1214 4352 invitent.
1272 4299 1508 4351 Postera
1561 4311 1697 4350 vero
1744 4295 1793 4331 7°
1851 4295 1941 4350 die
1977 4296 2146 4365 (Sept.

1417 421 1821 512 TllANGMARI
1861 456 2300 515 pnnsevram
2345 455 2932 513 lllLDESHEIMENS.

412 578 484 632 ad
517 575 935 631 dedicationem
977 575 1249 633 azcclesiaa
1290 576 1612 646 invitatum,
1648 580 1728 634 nil
1769 580 1852 634 illi
1885 581 2119 635 honoris
2151 583 2199 636 A
2239 580 2395 635 modi
2447 579 2744 634 invasione
2807 579 3060 646 desistat,

3828 463 3940 514 4υὸ

3136 596 3241 634 nec
3300 597 3360 635 se
3411 581 3757 638 intromittat
3820 585 3944 638 nisi

2223 658 2502 741 quantum
2539 684 2783 722 canoncs
2832 669 3193 735 concedunt;
3227 669 3276 723 si
3324 686 3426 724 suo
3462 671 3582 742 juri
3642 674 3937 745 singulari

2223 758 2522 830 privilegio
2562 758 2835 828 quiddam
2892 758 3195 828 suffragari
3254 758 3520 828 aestimet,
3579 761 3769 831 ipsum
3805 779 3939 816 non

2226 848 2579 908 defuturum,
2613 846 2750 918 quin
2777 847 3071 900 communi
3101 846 3342 900 consilio
3376 847 3643 918 fratrum,
3675 850 3944 904 ubicum-

2226 954 2338 1009 que
2369 937 2666 1007 delegerit,
2697 936 2987 1006 jnsticiam
3045 936 3378 1006 plenissime
3429 944 3765 1010 exequatnr.
3821 943 3944 994 Ar—

2227 1025 2625 1096 ehiepiscopus
2674 1031 2866 1079 autem
2908 1024 3190 1078 accrbiori
3237 1025 3636 1096 indignatione
3700 1028 3944 1082 inﬂam-

2228 1120 2434 1182 matus,
2471 1114 2722 1180 mandat,
2762 1119 2822 1167 ut
2854 1115 3038 1184 primo
3073 1129 3240 1167 mane
3277 1115 3571 1185 sequentis
3620 1116 3755 1183 diei,
3793 1133 3939 1187 quas

2228 1210 2368 1258 tunc
2416 1203 2715 1257 Dominica
2767 1202 3132 1256 illucescebat
3175 1202 3340 1272 (Sept.
3400 1203 3510 1274 22),
3545 1204 3615 1257 ad
3639 1221 3944 1258 consecra-

2231 1294 2447 1347 tionem
2480 1293 2734 1363 praefatae
2780 1291 3050 1346 aecclesia:
3103 1290 3501 1345 incunctanter
3554 1299 3860 1363 properet;
3896 1293 3944 1345 si

2233 1381 2426 1434 venire
2457 1380 2787 1448 tardaverit,
2819 1379 3230 1433 nichilominus
3257 1377 3303 1412 ⁷³
3357 1380 3671 1434 azcclesiam
3704 1381 3944 1436 dedica-

2235 1475 2450 1523 turum.
2481 1470 2639 1525 Hanc
2694 1473 2884 1522 autem
2941 1469 3083 1522 iram
3138 1474 3195 1522 et
3249 1467 3708 1538 indignationem
3742 1469 3944 1524 archi-

2237 1558 2491 1628 episcopi
2559 1557 2828 1612 adversus
2910 1557 3303 1611 venerandum
3361 1559 3666 1627 prsesulem
3723 1557 3944 1611 creavit

2238 1646 2485 1701 maxime
2542 1646 2836 1717 praecipua
2882 1646 3241 1700 familiaritas
3291 1645 3490 1698 domni
3543 1646 3944 1716 imperatoris,

2189 1751 2353 1805 _qua
2408 1735 2572 1788 illum
2617 1733 2850 1805 speciali
2907 1735 3206 1788 devotione
3268 1734 3498 1803 pictatis
3556 1735 3779 1788 caeteris
3853 1735 3944 1788 fa-

2244 1823 2525 1877 miliarius
2579 1822 2877 1892 percoluit.
2958 1822 3441 1876 Atfectuosissimo
3508 1839 3763 1894 namque
3832 1824 3944 1877 ob-

2241 1910 2441 1981 sequio
2521 1910 2774 1964 devinxit
2846 1909 2954 1964 sibi
3015 1911 3448 1981 imperatorem,
3494 1911 3631 1982 quia
3701 1916 3944 1973 cuncta,

2241 2016 2371 2070 quae
2421 1999 2490 2053 ad
2529 2000 2773 2068 gratiam
2833 1999 2989 2053 illius
3031 2005 3356 2070 competere
3409 2000 3643 2065 sciebat,
3693 2000 3944 2070 vigilan-

2241 2088 2466 2143 tissimo
2539 2087 2729 2141 studio
2786 2087 3020 2153 obibat;
3100 2093 3155 2141 et
3217 2088 3288 2141 ob
3346 2088 3456 2141 hoc
3513 2088 3944 2142 animositatem

2241 2176 2634 2246 invidiamque
2680 2172 2727 2210 ⁷⁵
2783 2176 3169 2246 plurimorum
3213 2176 3271 2229 in
3303 2193 3362 2230 se
3392 2177 3812 2243 commovebat,
3847 2177 3944 2231 ad-

2243 2265 2428 2336 prime
2458 2280 2690 2335 quoque
2723 2265 3034 2336 Mogontini
3061 2265 3340 2336 episcopi,
3379 2265 3478 2336 qui
3510 2265 3938 2336 indignabatur

2243 2354 2494 2425 aliquem
2517 2357 2730 2424 praeter
2759 2370 2816 2407 se
2842 2352 3254 2408 familiaritatis
3285 2355 3471 2408 locum
3503 2355 3652 2424 apud
3690 2355 3944 2425 impera-

2245 2445 2432 2497 torem
2491 2442 2725 2497 habere.
2804 2442 3102 2497 Dominica
3157 2443 3352 2513 itaque
3409 2443 3746 2507 irradiante,
3791 2443 3943 2496 ades

2245 2529 2554 2601 praedictus
2593 2531 2897 2600 episcopus
2928 2531 3296 2602 Eggehardns
3326 2533 3373 2568 ⁷ο
3432 2547 3562 2584 cum
3610 2533 3944 2585 venerand<

2247 2620 2486 2675 fratrum
2539 2624 2868 2674 nostrorum
2938 2624 3140 2673 senatu
3179 2620 3223 2655 ⁷⁷
3299 2619 3419 2673 vice
3478 2619 3700 2673 domini
3761 2626 3944 2674 nostr

2249 2708 2470 2775 directi,
2504 2709 2622 2779 qui,
2686 2707 2959 2762 canonica
3023 2707 3365 2762 auctoritate
3423 2707 3685 2777 etprisca
3732 2713 3944 2762 sancto

2249 2812 2378 2851 rum
2434 2801 2665 2866 patrum
2714 2796 3131 2850 consuetudine
3189 2796 3432 2866 objecta,
3486 2796 3714 2850 fortiter
3757 2797 3944 2851 archi'

2252 2884 2503 2955 episcopi
2558 2883 2756 2955 coeptis
2817 2885 3180 2951 restiterunt;
3245 2890 3416 2955 atque
3464 2885 3545 2938 sic
3595 2886 3944 2939 consecratic

2253 2973 2572 3045 praescripti
2604 2972 2938 3026 monasterii
2969 2973 3285 3042 intercepta
3344 2978 3445 3027 est.
3481 2974 3607 3043 Ipse
3652 2990 3788 3027 vero
3845 2975 3944 3044 epi

2253 3077 2454 3131 scepus
2493 3061 2640 3114 inter
2673 3060 2976 3114 missarum
3009 3061 3348 3130 sollempnia
3378 3061 3523 3114 facto
3552 3061 3620 3114 ad
3668 3063 3944 3131 populun

2173 3142 2214 3197 (Ζ
2253 3165 2534 3214 sermone,
2577 3149 2860 3219 synodum
2899 3165 3062 3202 suam
3109 3149 3284 3203 biduo
3325 3154 3458 3203 ante
3489 3149 3669 3202 sancti
3704 3150 3944 3204 Andrea

2252 3236 2442 3289 natale
2464 3251 2594 3288 cum
2650 3235 2825 3289 banni
2892 3236 3308 3306 approbatione
3365 3236 3698 3302 denunciat;
3742 3236 3944 3291 deindu

2255 3324 2326 3377 ad
2347 3323 2526 3376 altare
2577 3338 2888 3392 regressus.
2948 3323 3009 3377 in
3055 3324 3326 3378 cathedra
3390 3325 3593 3378 sedens
3649 3323 3944 3395 privilegi;

2255 3413 2518 3484 quaedam
2549 3417 2682 3467 ante
2725 3413 3014 3483 incognita
3059 3412 3295 3466 mandat
3338 3411 3589 3474 recitari,
3621 3412 3682 3466 in
3744 3414 3942 3482 quibu

2255 3502 2676 3567 continebatur,
2715 3506 2778 3554 ut
2822 3517 2994 3554 nemo
3027 3501 3096 3555 de
3124 3501 3252 3570 jure
3287 3501 3442 3554 illius
3472 3501 3741 3554 recclesiae
3773 3504 3944 3556 aufer

2257 3595 2360 3658 ret,
2395 3589 2668 3661 quicquid
2684 3594 2830 3643 tunc
2861 3589 2919 3642 in
2953 3588 3188 3643 decimis
3224 3590 3309 3643 vel
3339 3589 3572 3660 prmdiis
3617 3590 3698 3641 vel
3733 3590 3862 3644 ulla
3911 3608 3940 3644 r

2255 3677 2315 3733 in
2346 3679 2624 3733 vestitura
2688 3677 3027 3732 contineret.
3055 3680 3176 3732 .Hoc
3198 3694 3427 3750 quoque
3486 3679 3677 3732 hanno
3714 3678 3944 3733 robora

2256 3766 2336 3820 vit
2388 3765 2582 3836 sicque
2636 3765 2950 3820 discessum
2991 3771 3093 3820 est.
3151 3765 3411 3836 Episcopi
3491 3770 3686 3819 autem
3757 3763 3813 3800 ⁷⁸
3869 3785 3944 3838 qu

2256 3855 2493 3908 aderant
2522 3871 2675 3924 aegre
2704 3854 3015 3908 admodum
3063 3853 3478 3925 archiepiscopi
3526 3853 3944 3911 animositaten

2257 3943 2575 4013 conquesti,
2653 3943 2814 3997 fratri
2865 3949 2920 3997 et
2973 3943 3296 4013 coepiscopo
3357 3959 3462 4013 per
3500 3959 3607 3996 nos
3654 3944 3944 3999 mandant

2257 4031 2634 4101 pertinaciam
2711 4031 2888 4103 ipsius
2957 4036 3014 4086 et
3072 4031 3445 4086 temerarium
3505 4031 3803 4102 inceptum
3911 4053 3938 4088 s

2259 4121 2559 4174 cohercere
2591 4135 2708 4174 non
2737 4135 2934 4191 posse;
2980 4119 3039 4173 id
3071 4119 3306 4174 unicum
3356 4125 3681 4190 suppetere,
3719 4128 3935 4190 aposto

2260 4209 2434 4262 licum
2507 4213 2677 4279 atque
2735 4208 3144 4278 imperatorem
3175 4213 3241 4262 ut
3293 4208 3488 4274 adeat;
3541 4207 3696 4261 illius
3725 4224 3944 4264 causan

2260 4297 2491 4351 illorum
2524 4312 2645 4350 esse
2669 4312 3065 4363 communem;
3097 4312 3201 4351 nec
3231 4313 3289 4350 se
3352 4297 3670 4363 defuturos,
3717 4298 3870 4365 quin
3901 4300 3936 4353 d

449 4391 539 4462 2l)
596 4390 757 4443 adest
809 4387 1060 4442 diluculo
1132 4385 1255 4440 vice
1327 4385 1526 4439 domni
1580 4384 1761 4438 nostri
1810 4383 2147 4438 venerabilis
2178 4423 2222 4476 Β
2262 4385 2472 4439 eisdem
2514 4385 2791 4454 utrisque,
2838 4383 3155 4453 apostolico
3210 4383 3474 4437 videlicet
3503 4388 3673 4455 atque
3699 4383 3943 4454 impera

451 4479 753 4550 episcopus
783 4475 1153 4546 Eggehardus
1186 4476 1226 4510 τί
1261 4489 1389 4527 cum
1418 4473 1734 4543 majoribus
1775 4478 1911 4526 natu
1935 4476 2147 4527 nostra:

451 4565 914 4638 congregationis
944 4568 1001 4618 et
1029 4563 1321 4634 aliquibus
1368 4561 1660 4632 primariis
1685 4560 1755 4614 de
1803 4551 1998 4614 hostro
2022 4577 2147 4614 mo-

453 4656 701 4711 nasterio
725 4657 791 4708 '7'.
821 4652 947 4719 Qui,
982 4652 1140 4706 fandi
1189 4651 1421 4706 licentia
1467 4651 1617 4716 data,
1651 4649 2148 4719 archiepiscopum

452 4763 584 4802 cum
617 4745 774 4799 omni
807 4744 1024 4798 honore
1070 4759 1137 4796 ex
1164 4741 1402 4796 nomine
1435 4739 1635 4795 domni
1659 4739 1983 4794 Bernwardi
2022 4739 2148 4808 epi-

455 4835 614 4904 scopi
643 4834 848 4886 devoto
881 4831 1155 4900 obsequio
1212 4832 1463 4884 salutant
1489 4827 1564 4895 73;
1622 4827 1910 4898 imperiali
1982 4827 2146 4881 illum

455 4921 702 4991 obequio
726 4920 1043 4985 detentum,
1112 4919 1308 4972 adesse
1343 4933 1461 4972 non
1493 4933 1689 4988 posse;
1725 4916 1924 4970 mirari
1955 4919 2149 4969 tamen

453 5010 840 5074 vehementer,
871 5006 931 5060 in
954 5023 1054 5059 sua
1079 5006 1386 5075 parrochia
1438 5010 1492 5058 et
1533 5004 1789 5059 ascclesia
1849 5004 1921 5058 ab
1984 5008 2147 5058 ante-

454 5097 772 5154 cessoribus
799 5095 917 5148 suis
939 5094 1150 5164 absque
1193 5093 1352 5147 omni
1410 5093 1866 5147 contradictione
1923 5108 2150 5163 semper

453 5202 736 5260 possessa,
768 5183 890 5236 sine
921 5197 1022 5235 suo
1052 5197 1330 5234 consensu
1353 5180 1623 5234 aecclesiae
1662 5180 2148 5233 consecrationem

454 5275 662 5342 indici;
714 5273 967 5328 fraterna
1002 5269 1234 5324 caritate
1280 5267 1612 5339 depraecari,
1666 5273 1728 5321 ut
1765 5268 1834 5320 ab
1885 5267 2148 5338 hujusce-

2260 4475 2392 4539 tori,
2415 4473 2744 4527 scriberent.

2331 4565 2414 4616 19.
2463 4561 2812 4616 Venerabilis
2843 4560 3039 4631 itaque
3086 4562 3252 4614 Pater
3282 4559 3529 4613 domnus
3585 4561 3940 4616 Bernwardu

2259 4652 2408 4704 ultra
2433 4651 2668 4704 modum
2709 4649 2946 4703 sollicite
2972 4648 3161 4702 ferens
3188 4648 3786 4718 quantulumcumque
3831 4652 3943 4704 scis

2256 4755 2350 4792 ma
2399 4739 2458 4792 in
2530 4737 2783 4792 aecclesia
2833 4736 3098 4806 grassari,
3161 4736 3344 4789 sciens
3403 4751 3653 4806 quoque,
3702 4735 3944 4793 infusun

2256 4842 2540 4880 venenum
2565 4825 2673 4879 nisi
2715 4823 3024 4894 apostolico
3056 4827 3112 4877 et
3152 4823 3441 4892 imperiali
3510 4822 3774 4877 antidoto
3833 4843 3943 4880 con

2252 4914 2430 4985 primi
2454 4929 2568 4967 non
2599 4929 2783 4983 posse,
2841 4911 3102 4982 quamvis
3160 4910 3323 4981 gravi
3380 4911 3640 4980 corporis
3698 4914 3940 4968 molesti

2257 5003 2468 5073 saepius
2497 5003 2825 5065 lassaretur,
2859 5005 2914 5053 et
2943 5004 3168 5053 tantum
3198 4999 3309 5053 iter
3333 4998 3610 5052 imbecilli
3666 4999 3796 5068 ejus
3848 5019 3944 5056 cor

2257 5090 2387 5161 pori
2417 5088 2762 5144 omnimodis
2793 5092 2940 5141 esset
2968 5087 3348 5151 contrarium,
3400 5093 3613 5154 tamen,
3672 5091 3739 5139 ut
3769 5105 3944 5158 pacer

2257 5179 2616 5241 rcformaret,
2651 5181 2851 5230 contra
2876 5175 3025 5229 vires
3075 5191 3206 5228 suas
3263 5175 3458 5230 subire
3514 5191 3631 5229 non
3660 5179 3944 5232 recusavit

2261 5269 2402 5322 Nam
2426 5267 2547 5337 jam
2579 5265 2804 5335 pridem
2861 5265 3098 5319 ardebat
3147 5264 3294 5318 miro
3339 5263 3620 5319 desiderio
3677 5263 3944 5320 domnur

1878 5392 2116 5446 VARIJE
2141 5391 2432 5446 LECTION
2447 5389 2540 5445 ES.
3681 5472 3686 5477 _

526 5504 572 5538 ⁸⁸
610 5517 645 5554 ι.
690 5514 768 5553 In.
827 5515 862 5550 ι.
926 5513 976 5550 a.
1013 5496 1208 5548 desunt
1254 5497 1308 5548 2.
1385 5491 1434 5528 ⁸⁸
1465 5509 1518 5546 n.
1563 5509 1605 5545 s.
1655 5491 1692 5546 i.
1725 5508 1894 5562 usque
1930 5494 1969 5547 f.
2020 5495 2328 5562 deplorans
2383 5495 2578 5548 desunt
2631 5495 2686 5549 2.
2765 5493 2814 5529 ⁸⁸
2863 5493 3078 5558 reliqua
3133 5494 3332 5562 capitis
3363 5493 3557 5547 desunt
3611 5494 3663 5544 2.
3743 5491 3793 5529 ⁴⁵τ
3847 5496 3944 5549 hre

452 5570 641 5624 thario
695 5572 747 5622 2.
824 5567 873 5602 ⁸⁸
926 5567 1210 5635 berngero
1267 5562 1535 5635 ua‘rdensi
1595 5566 1645 5616 2.

459 5641 507 5676 ⁷⁸
527 5641 691 5704 deest,
752 5641 931 5707 spatio
969 5639 1154 5691 relicto
1197 5639 1248 5689 2.

456 5710 662 5765 munda
693 5705 1005 5762 echeardus
1031 5711 1086 5762 2.
1165 5708 1210 5742 7"
1237 5706 1382 5760 deest
1411 5708 1430 5759 1
1472 5710 1596 5760 ceto
1618 5709 1673 5760 et
1702 5705 1906 5760 Senatu
1935 5709 1994 5761 3.

1723 5561 1770 5599 ⁸9
1825 5561 2158 5618 bernwardo
2213 5568 2266 5617 2.

1329 5632 1376 5670 ⁷³
1415 5635 1682 5687 salutavit
1724 5634 1915 5687 dicens
1959 5635 1996 5688 i.
2042 5638 2092 5690 3.
2126 5636 2177 5689 4.
2214 5639 2265 5690 5.

2070 5705 2117 5741 ⁷⁸
2141 5722 2370 5777 quoque
2393 5708 2449 5761 2.

2342 5564 2390 5634 '79
2430 5580 2679 5634 namque
2735 5568 2789 5618 2.

2868 5565 2913 5602 τί
2957 5563 3020 5616 ΛΞ
3076 5580 3240 5617 manu
3293 5564 3530 5618 sec-unda
3596 5567 3944 5632 eggeardo2

2342 5633 2390 5670 ⁷⁸
2449 5652 2507 5690 n.
2560 5633 2618 5690 se
2646 5651 2747 5690 asc.
2793 5637 2846 5689 2.

2922 5634 2971 5669 ⁷⁵
3010 5639 3066 5689 et
3093 5633 3432 5689 individiam
3458 5637 3509 5688 2.
3588 5632 3636 5668 ⁷⁸
3682 5634 3753 5690 Ε
3809 5653 3940 5692 man
