4166 6446
205 452 317 505 409

1611 456 1766 511 νιτΑ
1807 458 1861 512 8.
1907 457 2350 513 BERNWARDI.

3618 470 3721 521 410

204 579 666 655 imperatorem,
723 596 897 652 quem
948 579 1117 634 unice
1149 579 1393 644 amabat,
1438 578 1649 633 videre.
1702 581 1918 635 Paratis
1948 585 1990 639 A
2028 585 2083 634 et
2113 597 2241 635 cum
2271 581 2478 636 domno
2508 582 2823 652 apostolico
2855 586 2911 637 et
2935 583 3280 654 imperatore
3308 588 3597 644 consistat.
3633 591 3715 645 Ad

207 667 419 739 itaque
437 673 601 723 tanto
620 669 814 723 itineri
837 668 1188 735 necessariis,
1211 684 1313 738 per
1328 668 1530 721 vallem
1544 669 1773 722 Tarenti
1797 672 1923 738 (36),

210 757 364 827 quia
393 774 459 812 ea
499 758 595 811 via
622 759 975 811 commodior
1018 762 1104 810 est
1149 757 1290 824 visa,
1326 760 1409 809 ire
1464 756 1512 791 7°
1576 759 1921 826 procuravit,

210 844 445 899 habens
492 862 686 900 secum
718 846 927 915 scripta
982 843 1031 879 ⁸ο
1060 844 1319 898 omnium
1366 844 1773 914 cisalpinorum
1803 845 1923 915 epi-

214 951 561 1006 scoporum.
595 937 772 990 Porro
805 951 956 988 anno
987 934 1399 987 incarnationis
1434 934 1659 988 Domini
1687 933 1924 987 millesi-

216 1039 319 1076 mo
342 1022 413 1091 3',
447 1041 500 1078 1v
537 1026 728 1078 Nonas
774 1022 1106 1077 Novembris
1139 1024 1288 1091 (Nov.
1346 1025 1399 1088 2)
1449 1022 1630 1074 nimio
1684 1038 1925 1076 maerore

214 1113 403 1166 totius
452 1111 917 1182 congregationis
977 1110 1159 1180 plebis
1219 1126 1446 1180 quoque
1492 1126 1524 1162 a
1571 1110 1919 1163 monasterio

214 1216 513 1270 egressus,
547 1215 759 1270 magna
815 1198 1249 1269 compunctione
1306 1199 1703 1252 universorum
1746 1198 1926 1253 dedu-

215 1289 415 1353 citur;
472 1288 571 1341 Dei
614 1292 726 1357 (an.
783 1289 941 1356 1001)
1000 1286 1183 1357 gratia
1232 1287 1554 1346 comitatus,
1613 1287 1685 1340 ad
1730 1292 1922 1341 votum

216 1376 401 1430 rebus
431 1374 784 1441 cedentibus,
837 1374 1086 1429 secundo
1136 1376 1322 1429 Nonas
1374 1374 1633 1429 Januarii
1683 1375 1921 1429 Romam

215 1465 525 1535 ingressus
555 1469 642 1517 est
670 1464 817 1531 (Jan.
852 1463 926 1533 4).
967 1463 1129 1528 Quod
1154 1463 1511 1516 humillimus
1540 1478 1603 1517 ac
1634 1462 1923 1533 piissimus

217 1553 550 1623 imperator
580 1552 838 1618 audiens,
873 1552 1017 1605 miro
1050 1551 1253 1605 affectu
1286 1551 1556 1605 dilectum
1587 1551 1924 1621 magistrum

215 1641 466 1695 videndi
496 1640 764 1711 ﬂagrans,
826 1641 897 1694 ad
951 1655 1115 1693 suam
1171 1640 1535 1710 praesentiam
1570 1643 1761 1693 tamen
1792 1656 1924 1694 eum

216 1730 470 1799 fatigare
503 1729 750 1796 nolebat,
789 1730 884 1783 sed
928 1728 1167 1782 festinus
1198 1745 1230 1781 a
1261 1728 1473 1798 palatio
1505 1729 1622 1781 fere
1671 1728 1782 1781 duo
1813 1728 1919 1781 mi-

217 1818 392 1871 liaria
423 1818 492 1871 ad
523 1822 781 1870 sanctum
823 1818 1054 1870 Petrum
1086 1816 1169 1869 illi
1193 1816 1456 1880 occurrit,
1491 1815 1921 1885 benignissime-

216 1922 343 1975 que
390 1912 742 1975 susceptum,
798 1904 948 1958 inter
1006 1905 1298 1974 amplexus
1334 1903 1776 1957 familiarissime
1823 1904 1919 1957 de-

214 1994 575 2055 osculatum,
609 1994 679 2046 ad
712 1991 1028 2062 hospitium
1062 1992 1316 2057 deduxit,
1378 1992 1590 2061 diuque
1646 2007 1774 2044 cum
1823 1991 1920 2044 illo

215 2081 629 2148 confabulans,
688 2080 951 2150 sequenti
1006 2080 1098 2133 die
1133 2080 1200 2133 ad
1234 2079 1507 2149 palatium
1538 2079 1697 2131 illum
1730 2078 1921 2132 venire

212 2168 472 2240 rogavit,
508 2184 613 2222 nec
644 2168 905 2237 permisit
958 2173 1021 2231 ut
1076 2168 1666 2238 quantulumcumque
1721 2166 1789 2220 de
1821 2183 1920 2219 suo

210 2256 466 2329 proprio
495 2256 556 2308 in
595 2255 980 2309 ministerium
1023 2271 1191 2308 suum
1221 2254 1598 2324 impenderet,
1656 2254 1753 2307 sed
1820 2270 1923 2323 per

216 2362 326 2399 sex
353 2343 724 2413 septimanas,
754 2344 963 2413 quibus
994 2343 1144 2413 apud
1169 2343 1332 2395 illum
1364 2342 1710 2408 morabatur,
1763 2343 1921 2396 suffi-

212 2432 450 2485 cienter
478 2430 539 2483 in
566 2447 733 2484 usum
760 2431 849 2484 sui
894 2446 1244 2501 suorumque
1290 2436 1492 2483 cuncta
1538 2430 1771 2501 indigna
1809 2432 1921 2483 lar-

212 2521 379 2592 giter
434 2519 749 2573 ministrari
797 2520 1069 2590 praecepit
1114 2518 1185 2573 3".
1258 2521 1418 2573 Mane
1470 2535 1601 2573 vero
1649 2520 1920 2573 domuum

212 2609 608 2679 apostolicum
640 2609 966 2662 convocavit
991 2609 1050 2663 in
1101 2624 1397 2661 occursum
1431 2607 1709 2660 carissimi
1731 2606 1920 2677 hospi-

214 2698 296 2751 tis
332 2698 490 2768 (Jcm.
545 2698 621 2763 5).
679 2696 1005 2750 venientem
1059 2712 1291 2767 quoque
1322 2695 1459 2749 foris
1490 2695 1549 2747 in
1574 2695 1785 2748 atrium
1817 2695 1921 2748 ob-

214 2786 381 2838 viam
411 2785 782 2855 procedentes
814 2774 1187 2837 libentissime
1220 2787 1609 2853 susceperunt,
1644 2799 1748 2836 nec
1793 2798 1921 2852 per-

216 2874 439 2926 missus
501 2877 585 2926 est
613 2873 683 2926 ad
716 2888 882 2925 suum
946 2871 1302 2925 domicilium
1335 2871 1559 2934 reverti,
1593 2870 1687 2923 sed
1765 2870 1923 2938 juxta

219 2961 332 3015 ubi
363 2962 486 3030 ipse
518 2960 763 3014 domnus
788 2959 1101 3029 imperator
1130 2958 1425 3013 habitabat
1454 2956 1521 3023 ⁸³,
1589 2958 1923 3028 splendidis-

218 3049 448 3103 simum
520 3049 607 3101 illi
687 3048 1073 3101 habitaculum
1145 3046 1193 3081 ”
1261 3045 1581 3100 exhibebat.
1669 3045 1921 3099 Vicissim

2033 671 2154 724 haec
2205 669 2527 724 incredibili
2600 670 2791 725 furore
2860 671 3317 743 archiepiscopus
3392 691 3715 745 succensus,

2033 759 2192 812 vultu
2223 763 2381 811 torvo
2403 775 2466 811 ac
2497 757 2876 828 minacijubet
2899 765 2961 813 ut
2989 760 3151 815 sileat
3177 780 3191 829 ;
3218 761 3295 815 nil
3320 763 3391 816 ad
3415 780 3473 817 se
3516 765 3717 819 talium

2034 848 2351 917 pertinere;
2383 852 2444 901 ut
2475 848 2765 919 propriam
2799 850 3113 904 aecclesiam
3151 851 3379 915 habeat,
3410 852 3566 906 illam
3610 870 3717 923 gu-

2033 936 2257 990 bernet!
2320 937 2557 989 Econtra
2633 938 3030 1006 Eggehardus:
3104 959 3126 987 ι
3187 939 3455 1005 Peccatis,
3530 941 3720 1013 inquit

2034 1024 2351 1092 agentibus,
2394 1024 2624 1078 termini
2681 1024 3040 1096 episcopatus
3086 1028 3199 1080 mei
3250 1028 3541 1083 barbarica
3588 1035 3720 1085 sunt

2030 1111 2254 1166 feritate
2283 1112 2632 1181 depopulati,
2688 1114 2886 1167 civitas
2960 1115 3202 1178 deserta,
3265 1116 3517 1170 aacclesia
3551 1118 3712 1171 deso-

2035 1199 2174 1263 lata;
2209 1199 2400 1253 sedem
2433 1215 2550 1252 non
2584 1199 2789 1267 habeo,
2839 1216 3065 1254 servum
3106 1218 3194 1255 me
3226 1208 3433 1256 sanctas
3455 1203 3641 1257 Mariae
3664 1208 3721 1257 et

2035 1287 2616 1341 Hildenesheimensis
2670 1288 2941 1343 aecclesia:
2998 1306 3368 1359 recognosco,
3410 1296 3465 1344 et
3491 1293 3548 1344 in
3578 1309 3715 1346 cun-

2033 1374 2136 1427 ctis
2166 1375 2354 1444 quoad
2386 1382 2584 1443 potero
2616 1382 2810 1430 sancto
2858 1378 2982 1431 loco
3038 1378 3309 1446 prodesse
3366 1380 3626 1435 studebo.
3686 1402 3713 1428 η

2032 1463 2501 1533 Archiepiscopus
2542 1464 2752 1534 itaque,
2787 1465 3078 1535 productis
3103 1466 3237 1519 viris
3260 1483 3401 1536 quos
3458 1468 3714 1521 adduxe-

2034 1556 2140 1617 rat,
2173 1551 2462 1622 requisivit
2492 1551 2807 1621 episcopos,
2830 1553 2876 1605 si
2918 1554 3079 1606 liceat
3110 1554 3236 1607 illos
3267 1554 3528 1609 homines
3576 1557 3715 1609 ban-

2033 1655 2107 1692 no
2130 1656 2229 1692 suo
2259 1640 2326 1693 ad
2368 1646 2722 1693 sacramenta
2763 1641 3178 1712 constringere,
3232 1641 3301 1695 ad
3333 1642 3494 1711 cujus
3525 1643 3713 1696 dioce-

2034 1726 2140 1780 sim
2172 1727 2312 1780 illud
2364 1728 2685 1781 ccenobium
2741 1728 3035 1797 pertineat.
3070 1728 3157 1782 Illi
3189 1746 3536 1799 quamquam
3590 1747 3716 1783 me-

2033 1818 2156 1869 tum
2212 1813 2364 1867 illius
2406 1814 2585 1877 veriti,
2633 1814 2811 1879 aiunt,
2882 1815 3136 1885 legitime
3185 1816 3310 1869 fieri
3366 1833 3481 1870 non
3529 1834 3713 1887 posse,

2032 1903 2260 1956 absente
2289 1903 2553 1971 episcopo
2588 1902 2949 1955 Bernwardo.’
2989 1904 3351 1972 Eggehardus
3404 1902 3454 1936 ⁸⁸
3525 1906 3717 1975 itaque

2028 1992 2237 2062 praesul
2294 1996 2351 2044 et
2396 1992 2599 2043 fratres
2668 1991 2866 2054 nostri,
2919 1993 3167 2059 populus
3247 2008 3496 2063 quoque,
3556 1997 3719 2047 orant

2030 2079 2321 2141 instanter,
2385 2083 2741 2131 sacramenta
2824 2078 3113 2148 suspendi.
3164 2079 3286 2142 Qua
3340 2078 3717 2132 unanimitate

2030 2167 2166 2221 cieri
2186 2172 2241 2220 et
2270 2166 2451 2237 plebis
2481 2165 2935 2235 archiepiscopus
2974 2171 3315 2234 commotus,
3388 2166 3718 2236 Eggehardo

2030 2255 2296 2325 episcopo
2335 2256 2607 2321 minatur,
2640 2254 2749 2307 nisi
2780 2254 2941 2308 sileat
2962 2254 3115 2325 quod
3154 2270 3283 2307 cum
3314 2255 3525 2324 injuria
3553 2255 3722 2308 illum

2031 2344 2237 2415 ejiciat,
2276 2344 2457 2413 Super
2487 2343 2593 2397 hoc
2632 2342 2797 2395 multi
2829 2342 3113 2411 indignati
3143 2348 3199 2396 et
3254 2342 3535 2413 aliquanti
3575 2359 3719 2412 quos

2029 2432 2490 2502 archiepiscopus
2519 2431 2850 2497 adduxerat,
2879 2446 3009 2484 cum
3049 2430 3465 2501 propemodum
3500 2430 3724 2484 tumul-

2031 2529 2122 2575 tus
2153 2520 2418 2586 oriretur,
2453 2519 2817 2589 Eggehardus
2849 2520 3055 2588 praesul
3112 2520 3182 2573 ab
3231 2519 3511 2589 episcopis
3559 2534 3723 2588 roga-

2031 2614 2123 2663 tus
2172 2608 2449 2674 scccessit,
2558 2613 2903 2678 cunctosque
2990 2607 3606 2663 Gaudenesheimenses
3672 2611 3727 2660 et

2032 2713 2231 2750 omnes
2276 2697 2343 2751 ad
2376 2696 2995 2751 Hildenesheimensem
3031 2696 3302 2750 diocesim
3377 2697 3726 2766 pertinentes

2032 2786 2100 2839 ad
2128 2801 2288 2839 suam
2327 2785 2609 2854 synodum
2655 2784 2930 2837 invitavit.
2978 2784 3061 2837 Ad
3090 2785 3251 2854 cujus
3289 2785 3541 2838 bannum
3581 2800 3725 2837 una-

2033 2873 2482 2926 nimiteromnes
2535 2872 2768 2942 egressi,
2817 2872 2981 2925 illum
3047 2874 3192 2926 sicut
3258 2878 3411 2937 sunt,
3468 2877 3723 2925 tantum-

2033 2961 2207 3014 modo
2240 2977 2368 3014 cum
2400 2960 2828 3030 archiepiscopo
2850 2960 2966 3013 suis
3020 2959 3287 3030 propriis,
3348 2976 3488 3030 quos
3534 2960 3724 3014 addu—

2035 3056 2212 3113 xerat,
2279 3050 2508 3103 relictis.
2572 3050 2710 3103 Cum
2776 3065 2907 3103 vero
2972 3050 3041 3103 de
3100 3050 3309 3103 diocesi
3359 3049 3727 3103 sacramentis

218 3154 468 3209 quoque
485 3153 638 3190 nunc
659 3136 1021 3207 imperatoris
1048 3135 1329 3201 cubiculo,
1354 3134 1643 3188 interdum
1698 3133 1925 3203 episco-
1957 3135 1996 3190 C
2038 3137 2345 3191 examinati
2378 3136 2824 3207 requirerentur,
2859 3136 2956 3189 alii
3004 3136 3295 3189 Ethrinam
3329 3137 3464 3205 (37),
3502 3136 3722 3191 Frides-

214 3226 287 3296 pi
322 3224 706 3290 considentes,
769 3228 823 3277 et
882 3224 1135 3277 forenses
1190 3239 1386 3276 causas
1438 3227 1491 3276 et
1543 3222 1625 3276 rei
1680 3221 1925 3291 publica:

216 3312 554 3366 necessaria
620 3311 1007 3364 conferebant.
1074 3312 1214 3364 Nam
1270 3310 1338 3364 de
1387 3309 1813 3380 archiepiscopo
1871 3314 1927 3363 et

216 3401 486 3455 tumultu
520 3399 975 3454 Gandenesheim
1006 3399 1205 3452 oborto
1236 3404 1366 3452 ante
1398 3414 1682 3452 accessum
1731 3398 1928 3452 domui

217 3488 492 3559 episcopi
572 3488 728 3541 fama
811 3503 1167 3558 praacurrens
1220 3492 1423 3540 cuncta
1496 3487 1923 3556 divulgaverat;

219 3578 385 3631 unde
427 3592 545 3629 non
602 3592 750 3646 Opus
778 3576 1024 3630 habebat
1049 3576 1276 3647 singula
1324 3577 1603 3645 evolvere,
1660 3576 1756 3629 sed
1796 3575 1927 3629 bre—

215 3666 377 3719 viter
433 3664 817 3735 strictimque,
879 3666 1225 3734 imperatore
1278 3665 1689 3736 interrogante,
1750 3681 1929 3734 pauca

221 3752 531 3808 contexuit
560 3750 626 3806 ⁸⁵.

302 3845 401 3896 20.
449 3841 561 3897 Sed
618 3840 1083 3911 archiepiscopus
1135 3841 1284 3911 quod
1340 3845 1529 3894 mente
1571 3844 1923 3910 perceperat,

223 3936 361 3986 actu
396 3931 729 4001 perfecerat.
763 3929 1002 3993 Quidam
1047 3929 1198 3983 enim
1236 3928 1473 3999 maligni
1531 3929 1695 3982 illum
1732 3929 1928 3999 impu-

218 4020 444 4085 lerunt,
468 4017 682 4088 Sophia
712 4017 1120 4071 nichilominus
1164 4017 1471 4070 institerat.
1522 4016 1686 4069 Venit
1732 4016 1928 4086 itaque

220 4107 408 4161 biduo
440 4110 575 4158 ante
602 4104 782 4158 sancti
818 4104 1057 4158 Andreas
1100 4104 1309 4157 festum
1370 4103 1826 4159 Gandenesheim
1857 4106 1926 4158 ad

222 4194 518 4266 synodum
575 4196 686 4260 (an.
729 4194 881 4258 1000,
939 4195 1073 4247 Nov.
1134 4192 1240 4262 28),
1289 4197 1349 4245 ut
1402 4192 1775 4262 disposuerat,
1820 4193 1926 4246 ha-

218 4283 369 4336 bens
426 4297 621 4334 secum
671 4279 1058 4334 venerabilem
1108 4280 1440 4350 episcopum
1497 4280 1829 4334 Retharium
1856 4278 1924 4347 ⁸⁸,
1968 4300 1973 4303 ·

217 4372 484 4440 aliosque
515 4370 842 4439 complures
881 4374 1198 4433 extraneos,
1231 4369 1490 4423 videlicet
1542 4370 1610 4423 de
1675 4369 1927 4423 Thurin—

218 4461 315 4531 gis
344 4464 404 4513 et
427 4456 640 4525 Hassis,
671 4473 918 4528 quorum
966 4457 1019 4511 id
1049 4456 1219 4511 nichil
1251 4457 1540 4525 intererat,
1624 4458 1927 4511 nonnullos

221 4551 405 4605 etiam
430 4548 500 4602 de
529 4564 631 4601 sua
661 4547 871 4602 diocesi
916 4546 1065 4601 infra
1111 4547 1434 4603 Saxoniam.
1489 4547 1594 4601 Sed
1660 4548 1718 4600 in
1774 4548 1928 4616 prin-

220 4639 382 4709 cipio
414 4636 655 4690 actionis
683 4635 1041 4690 venerandus
1066 4636 1275 4706 praesul
1332 4636 1697 4705 Eggehardus
1727 4635 1774 4671 ⁸⁷
1833 4651 1930 4688 ar-

220 4727 661 4797 chiepiscopum
709 4729 1053 4791 commonet,
1104 4729 1226 4778 uta
1251 4724 1465 4794 synodo
1497 4724 1750 4792 desistat,
1828 4740 1932 4778 nec

220 4816 284 4869 in
341 4815 533 4868 aliena
585 4813 835 4867 mcelesia
892 4812 1027 4865 talia
1067 4817 1395 4881 praesumat,
1447 4813 1735 4883 praecipue
1801 4829 1930 4866 cum

220 4903 481 4956 domnus
522 4900 823 4971 episcopus
849 4900 917 4954 ad
948 4916 1117 4970 quem
1149 4900 1399 4954 ecclesia
1452 4901 1733 4969 pertineat
1785 4901 1931 4955 absit

2034 3227 2317 3280 larensem
2347 3225 2610 3289 ﬂuvium,
2641 3225 2950 3277 terminum
2983 3224 3559 3279 Hildenesheimensis
3591 3240 3723 3294 par-

2035 3314 2247 3368 rochiae
2288 3313 2669 3379 afﬁrmabant,
2741 3329 2990 3366 errorem
3025 3313 3265 3366 faciente
3296 3313 3527 3366 nomine
3549 3313 3726 3366 Eder-

2035 3418 2126 3455 nze
2165 3402 2438 3464 ﬂuminis,
2466 3398 2616 3471 quod
2650 3400 3098 3454 Gandenesheim
3132 3400 3330 3466 alluit;
3361 3400 3475 3464 alii,
3508 3404 3727 3453 certum

2037 3490 2115 3544 nil
2154 3490 2296 3544 scire
2342 3489 2448 3543 nisi
2501 3494 2781 3559 quantum
2827 3490 3070 3542 aliorum
3135 3490 3311 3543 relatu
3400 3488 3724 3549 didicerint,

2037 3578 2358 3648 approbant
2384 3573 2462 3645 ⁸⁹;
2528 3577 2717 3629 nullus
2750 3576 2968 3646 aliquid
3008 3576 3094 3629 vel
3150 3576 3425 3629 memoria
3484 3576 3727 3645 dignum

2037 3667 2295 3722 asseruit.
2346 3665 2817 3734 Archiepiscopus
2846 3669 3060 3730 tamen,
3095 3664 3208 3718 acsi
3241 3664 3480 3718 veritate
3526 3668 3729 3717 cuncta

2035 3756 2147 3810 ﬁxa
2179 3758 2526 3819 constarent,
2564 3754 2774 3819 hanno,
2813 3768 2881 3805 ne
2938 3752 3064 3823 quis
3097 3752 3183 3805 illi
3236 3757 3588 3806 sacramento
3637 3767 3725 3805 re-

2034 3847 2258 3898 tentum
2289 3842 2613 3896 camobium
2679 3840 2943 3907 auferret,
2977 3840 3252 3906 munivit;
3314 3842 3506 3909 sicque
3541 3840 3720 3894 libero

2035 3948 2228 3986 errore
2285 3931 2591 3985 discessum
2648 3934 2751 3983 est.
2803 3930 3051 3998 Populus
3097 3944 3229 3981 vero
3317 3927 3588 3999 quicquid
3655 3928 3725 3982 ab

2041 4018 2593 4075 Hildenesheimensi
2667 4022 2870 4071 senatu
2958 4017 3287 4087 jubebatur,
3373 4016 3728 4071 oboedienter

2046 4108 2241 4162 obivit.

2107 4200 2194 4249 2t.
2221 4196 2349 4265 (An.
2387 4194 2565 4264 l00l.)
2597 4195 2818 4248 Interea
2874 4194 3091 4263 legatus
3122 4193 3362 4248 Romam
3416 4208 3586 4261 super
3638 4192 3727 4246 his

2038 4284 2249 4338 domno
2301 4282 2567 4353 episcopo
2631 4282 2917 4351 dirigitur,
2964 4281 3173 4350 scripta
3237 4296 3465 4352 quoque
3513 4281 3725 4334 domno

2041 4372 2346 4442 apostolico
2394 4376 2450 4424 et
2494 4370 2827 4440 imperatori
2884 4370 3183 4424 lacrimoso
3224 4369 3535 4423 admodum
3597 4369 3727 4423 stilo

2040 4460 2273 4515 ferebat.
2311 4460 2469 4513 Unde
2500 4463 2614 4513 tam
2670 4458 3014 4526 apostolicus
3046 4462 3240 4527 ‘quam
3297 4456 3610 4525 imperator
3673 4462 3730 4510 et

2038 4564 2234 4601 omnes
2274 4546 2517 4600 Romani
2547 4545 2791 4615 graviter
2841 4546 3114 4598 commoti
3148 4558 3467 4599 .Canonum
3535 4548 3726 4598 aucto-

2036 4635 2280 4699 ritatem,
2312 4637 2537 4702 patrum
2569 4632 2977 4686 nichilominus
3024 4632 3390 4685 traditionem
3422 4631 3726 4699 violatam;

2038 4727 2427 4791 contemptum
2514 4736 2745 4790 quoque
2804 4721 3117 4773 maximum
3175 4722 3448 4774 Romanas
3498 4720 3617 4774 sedi
3675 4727 3729 4774 et

2038 4810 2367 4881 apostolico,
2395 4808 2728 4878 imperatori
2748 4807 2939 4874 etiam,
2993 4808 3094 4862 tali
3152 4808 3597 4879 praesumptione
3649 4808 3728 4862 ir-

2038 4899 2255 4970 rogari;
2292 4897 2674 4969 periculosum
2699 4896 3030 4951 scandalum
3092 4895 3155 4949 in
3213 4896 3447 4950 ecclesia
3502 4897 3609 4951 hac
3640 4896 3727 4949 in-

1660 5025 1890 5078 VARIzE
1916 5024 2317 5078 LECTIONES.

293 5119 351 5156 79
384 5120 534 5176 deest
562 5122 616 5173 2.
694 5116 747 5152 ⁸ο
773 5136 815 5171 s.
848 5120 965 5173 fere
996 5136 1048 5172 ο.
1084 5135 1130 5172 c.
1161 5117 1400 5173 fratrum
1425 5123 1482 5174 2.

1566 5118 1609 5153 δι
1641 5136 1690 5172 a.
1724 5118 1763 5172 i.
1795 5120 1866 5173 Ι).
1908 5119 2193 5172 m.desunt
2217 5121 2270 5171 2.

2345 5116 2398 5150 ⁸³
2426 5116 2591 5170 codex
2636 5118 2669 5169 2
2699 5115 2858 5169 addit
2888 5130 2901 5168 ε
2941 5115 3227 5169 naturales
3288 5131 3517 5185 quoque
3548 5114 3724 5178 cibos,

223 5192 451 5261 quibua
482 5191 543 5243 in
568 5188 750 5259 patria
782 5190 943 5243 illum
967 5206 1131 5261 usum
1165 5196 1418 5255 n0verat,
1450 5191 1576 5258 pius
1598 5189 1831 5261 conviva
1861 5190 2185 5258 exhibebat,
2211 5188 2439 5261 medum
2474 5193 2792 5261 quoqueet
2822 5186 3099 5261 cervisa-m
3149 5186 3722 5261 famaprzecurrente

224 5257 286 5315 in
325 5257 641 5316 adventum
681 5260 1058 5313 amantissimi
1112 5260 1351 5326 hospitis
1384 5257 1758 5330 praeparabat,
1811 5275 1945 5330 vasa
1973 5260 2164 5322 etiam,
2199 5258 2444 5330 picarias
2470 5274 2533 5311 ac
2582 5257 2804 5330 nitidas
2847 5257 3131 5330 scutellas,
3183 5258 3446 5330 candelas
3494 5269 3727 5330 quoque

1387 5329 1435 5365 ⁸⁵
1484 5329 1702 5385 habitat
1733 5332 1784 5381 2.

224 5332 385 5387 inter
414 5332 819 5401 prandendum
868 5330 1117 5398 providit
1182 5334 1309 5396 (38).
1387 5330 1435 5365 ⁸⁵
1484 5331 1702 5385 habitat
1733 5332 1784 5381 2.
1861 5330 1899 5365 δέ

227 5404 338 5458 dus
371 5407 427 5457 2.
461 5406 682 5470 saepius.
759 5399 808 5433 ⁸⁸
839 5400 1196 5454 Ekkihardus
1226 5405 1283 5455 2.
1369 5398 1419 5435 39
1444 5400 1838 5471 approbabant
1867 5404 1899 5453 2

227 5404 338 5458 dus
371 5399 431 5457 2;
461 5406 682 5470 saepius.
759 5399 808 5433 ⁸⁸
839 5400 1196 5454 Ekkihardus
1226 5405 1283 5455 2.

1861 5326 1909 5366 δι
1940 5326 2263 5384 cubiculum
2293 5334 2346 5383 2.

2918 5324 2969 5359 ⁸6
3015 5329 3097 5380 ita
3126 5330 3177 5379 et
3231 5328 3284 5378 2.

2423 5326 2471 5365 ⁸⁸
2523 5332 2746 5382 contex.
2788 5329 2840 5381 2.
2918 5324 2969 5359 ⁸6
3015 5329 3097 5380 αα
3126 5330 3177 5379 et
3231 5328 3284 5378 2.
3362 5323 3408 5360 ⁸⁷
3458 5325 3724 5396 eggihar-

1878 5514 2100 5568 NOT/E.

301 5608 418 5670 (36)
442 5603 721 5659 Tridenti.

298 5680 418 5748 (37)
452 5676 619 5731 Eder.

2099 5605 2207 5673 (38)
2263 5605 2463 5661 Saeculi
2496 5600 2782 5658 undecimi
2827 5614 3011 5654 mores
3042 5617 3075 5654 a
3104 5600 3313 5656 nostris
3365 5602 3515 5659 haud
3562 5606 3718 5659 mul-

2034 5679 2157 5729 tum
2188 5676 2436 5731 diversos
2479 5674 2682 5728 cernis.
