3968 6418
211 427 304 480 «ill
1208 427 1610 482 THANGMARI
1652 428 2092 484 PRESBYTERI
2135 426 2721 483 HILDESHEIMENS.

3629 428 3747 480 H2

215 545 456 602 solentia
487 545 538 583 ⁹ο
565 562 732 618 posse
759 547 1026 618 generari
1053 567 1070 615 ;
1099 547 1428 620 hujusmodi
1477 548 1632 604 virus
1659 549 1918 605 funditus
1949 551 1994 604 Α
2035 549 2504 621 Sapientissimus
2535 565 2684 622 papa
2707 548 2850 604 dixit
2881 565 2893 603 :
2931 569 2960 598 (ι
2991 548 3319 620 Apostolica
3363 553 3647 621 potestate
3681 555 3755 604 et

217 636 622 706 extirpandum
655 633 722 690 9*.

285 729 374 779 2'2.
416 727 524 779 Per
598 725 752 779 idem
826 730 1056 795 tempus
1121 726 1334 780 mansit
1380 743 1513 782 cum
1565 727 1916 798 imperatore

218 814 453 869 unicum
485 814 656 868 decus
712 813 944 884 imperii
965 814 1211 868 domnus
1268 815 1586 883 Heinricus,
1642 828 1777 871 tunc
1806 817 1918 872 dux

220 903 669 974 potentissimus,
704 901 765 956 in
794 903 1061 973 proximo
1111 903 1348 974 quidem
1403 903 1504 958 Dei
1559 904 1771 975 pietate
1819 921 1920 959 rex

221 992 470 1052 futurus.
519 991 579 1044 in
635 1007 806 1062 quem
868 990 1144 1045 Dominus
1197 998 1431 1045 cunctos
1482 993 1780 1047 thesauros
1833 993 1921 1048 di-

224 1079 374 1134 vina
429 1082 485 1133 et
535 1080 807 1134 humana
865 1079 1162 1151 sapientia
1219 1079 1482 1134 contulit.
1528 1080 1628 1134 Hic
1674 1081 1924 1152 graviter

221 1183 451 1239 semper
498 1167 712 1222 ferebat
763 1169 1219 1223 Gandenesheim
1269 1169 1530 1223 obortam
1587 1174 1921 1222 controver-

221 1258 386 1322 siam,
419 1263 589 1326 atque
620 1256 890 1311 ardenter
917 1257 1167 1311 instabat
1223 1258 1536 1313 acclesiam
1598 1258 1918 1328 pacificare,

224 1350 281 1397 et
301 1343 404 1397 sub
437 1343 647 1398 Christi
685 1344 863 1414 signis
894 1344 1205 1400 militantes
1237 1346 1310 1400 ad
1340 1346 1637 1400 caritatem
1696 1350 1753 1399 et
1790 1361 1922 1416 gra-

222 1432 361 1485 tiam
395 1432 726 1486 reformare.
778 1433 955 1503 Hujus
1012 1433 1207 1505 itaque
1261 1451 1431 1489 suasu
1485 1439 1542 1489 et
1589 1434 1726 1488 cleri
1780 1435 1922 1505 {ple-

222 1521 423 1591 bisque
471 1521 753 1574 coadunta
805 1527 890 1576 est
943 1524 1194 1593 synodus
1249 1523 1453 1593 viginti
1523 1523 1923 1594 episcoporum

223 1610 291 1663 de
349 1609 658 1676 Romania;
709 1609 987 1681 aliquanti
1031 1611 1206 1665 etiam
1258 1613 1472 1666 affuere
1525 1613 1596 1666 de
1654 1612 1814 1666 Italia
1869 1617 1926 1666 et

224 1697 454 1761 Tuscia;
485 1698 553 1750 de
577 1699 784 1752 nostris
831 1715 1061 1770 quoque
1094 1700 1410 1770 Sigefridus
1438 1697 1488 1734 9‘
1525 1700 1922 1772 Augustensis,

226 1785 519 1838 Heinricus
566 1785 1063 1856 Wirciburgensis,
1120 1789 1287 1858 Hugo
1336 1787 1511 1841 etiam
1544 1787 1746 1857 junior
1785 1786 1918 1841 Citi-

223 1873 434 1940 censis;
466 1873 811 1944 prasidente
844 1865 1055 1928 domno
1103 1876 1378 1929 Gerberto
1427 1875 1744 1946 apostolico
1791 1891 1921 1928 cum

222 1960 571 2031 imperatore
593 1963 654 2016 in
685 1962 880 2032 palare
917 1961 969 1997 9⁸
1000 1964 1110 2034 (39)
1136 1964 1194 2016 in
1226 1963 1480 2017 acctesia
1528 1962 1707 2018 sancti
1750 1963 1919 2018 Seba-

224 2049 396 2103 stiani
445 2051 712 2118 martiris,
799 2056 1082 2120 prasente
1143 2051 1547 2104 nichilominus
1617 2050 1924 2121 singularis

225 2138 418 2192 meriti
442 2138 562 2192 viro
594 2140 808 2192 domno
858 2139 1120 2193 Heinrico
1151 2139 1198 2176 9‘
1229 2140 1372 2194 duce
1438 2138 1800 2210 pacatissimo
1868 2143 1925 2192 et

225 2225 549 2292 abbatibus,
584 2227 902 2281 astantibus
959 2244 1189 2298 quoque
1242 2227 1571 2299 presbiteris
1630 2233 1687 2281 et
1726 2228 1923 2282 diaco-

226 2313 394 2366 nibus
426 2313 701 2384 omnique
737 2316 992 2369 Roniana
1033 2316 1333 2387 dignitate.
1371 2318 1433 2370 In
1476 2316 1665 2370 fronte
1729 2317 1924 2388 itaque

226 2399 467 2454 actionis
497 2407 624 2472 post
654 2403 949 2473 evangelia
977 2405 1124 2458 lecta
1162 2410 1218 2458 et
1247 2405 1511 2476 quadam
1567 2406 1795 2459 Patrum
1833 2421 1923 2459 ca-

227 2489 430 2561 pitulo,
460 2490 858 2546 benedictione
915 2493 1048 2547 data
1103 2509 1233 2547 cum
1290 2492 1701 2560 consedissent,
1777 2494 1926 2548 facto

225 2577 453 2632 silentio
503 2579 841 2633 venerabilis
872 2581 1174 2652 episcopus
1242 2581 1611 2636 Bernwardus
1671 2582 1741 2636 de
1800 2583 1923 2636 loco

228 2665 495 2720 sessionis
524 2682 642 2721 sua
683 2668 971 2724 modicum
1037 2686 1395 2740 progressus,
1455 2670 1752 2724 humiliter
1791 2687 1929 2742 apo-

228 2754 426 2808 stolico
459 2759 515 2810 et
542 2754 877 2826 imperatori
903 2762 958 2812 et
987 2758 1202 2813 domno
1235 2759 1502 2815 Heinrico
1559 2759 1692 2813 duci
1745 2759 1928 2813 omni-

229 2858 341 2912 que
367 2843 584 2913 synodo
634 2860 861 2898 causam
897 2863 1013 2900 sua
1044 2847 1316 2902 acclesia
1376 2847 1611 2901 elimato
1661 2864 1925 2902 sermone

228 2932 479 3000 exponit.
559 2934 788 2988 Cunctis
839 2935 1036 3006 itaque
1093 2937 1217 3006 ejus
1273 2941 1481 3007 questu
1541 2937 1920 3007 compunctis,

227 3019 682 3089 sapientissimus
727 3039 878 3094 papa
929 3023 1300 3095 interrogavit
1347 3025 1678 3090 concilium,
1731 3026 1777 3078 si
1835 3041 1924 3094 sy-

227 3107 408 3160 nodus
439 3109 702 3163 habenda
731 3113 818 3164 vel
871 3111 1120 3165 vocanda
1166 3117 1335 3175 esset,
1400 3127 1574 3183 quam
1633 3111 1919 3181 archiepi-
1953 3119 1992 3172 C

228 3209 431 3265 scopus
449 3211 579 3250 cum
601 3198 719 3251 suis
740 3215 882 3269 quos
933 3199 1251 3254 adduxerat
1282 3199 1623 3270 collegisset,
1701 3199 1762 3253 in
1814 3215 1923 3253 ac-

230 3283 400 3336 clesia
464 3285 535 3338 ab
584 3286 1244 3341 Hildenesheimensibus
1273 3287 1554 3357 episcopis
1581 3284 1631 3320 95
1700 3303 1927 3357 semper

229 3386 504 3441 possessa,
567 3373 856 3442 pracipue
915 3390 1044 3426 cum
1103 3374 1406 3445 episcopus
1455 3374 1702 3428 defuerit
1748 3379 1806 3428 et
1854 3375 1926 3427 ad

232 3460 552 3514 Romanam
592 3460 784 3514 sedem
814 3477 918 3532 pro
977 3461 1190 3516 eisdem
1237 3463 1422 3516 causis
1459 3462 1808 3533 confugerit;
1842 3463 1924 3518 vel

229 3563 344 3617 quo
404 3547 638 3602 nomine
697 3550 809 3604 tale
891 3551 1356 3605 conventiculum
1415 3551 1780 3605 vocitandum
1832 3551 1924 3604 sit.

229 3636 499 3691 Sanctum
530 3637 833 3693 consilium
855 3655 1140 3694 secessum
1169 3641 1330 3710 petit,
1369 3644 1431 3694 ut
1464 3640 1737 3695 secretius
1766 3641 1929 3706 inter

231 3739 290 3776 se
320 3724 390 3778 de
418 3725 505 3779 his
517 3727 879 3797 conquirant.
904 3728 1066 3793 Quod
1088 3726 1136 3765 9‘
1155 3729 1446 3800 piissimus
1469 3745 1618 3800 papa
1636 3727 1682 3764 9"
1701 3730 1923 3784 annuit.

231 3814 569 3884 Egressique
601 3821 735 3870 sunt
766 3817 872 3870 soli
893 3818 1139 3872 Romani
1161 3817 1433 3888 episcopi,
1462 3823 1520 3872 et
1560 3819 1924 3889 postmodum

228 3901 565 3973 introgressi
592 3921 722 3959 cum
754 3905 964 3960 iterum
1005 3907 1418 3973 consedissent,
1469 3906 1928 3977 sapientissimus

232 4005 378 4060 papa
411 3990 553 4044 dixit
583 4008 596 4045 :
633 4012 660 4040 «
685 3992 831 4056 Quid
851 3993 1080 4047 sancitis
1103 3994 1325 4059 fratres,
1347 3994 1416 4047 de
1438 3994 1654 4064 synodo
1675 3993 1704 4046 ?
1731 4015 1758 4042 η
1790 3995 1928 4049 San-

232 4079 387 4128 ctum
416 4077 721 4131 concilium
743 4079 1042 4149 respondit
1083 4096 1096 4133 :
1135 4100 1162 4128 «
1192 4081 1255 4134 In
1287 4079 1474 4133 aliena
1503 4080 1757 4134 acclesia
1782 4082 1928 4136 etab

233 4162 360 4215 aliis
392 4179 652 4233 possessa
671 4165 752 4220 nil
791 4166 941 4237 juris
980 4167 1212 4234 habuit;
1273 4183 1458 4238 neque
1524 4168 1792 4223 canonice
1847 4169 1928 4222 ibi

233 4254 511 4321 synodum
539 4253 751 4308 habere
765 4260 864 4308 aut
890 4255 1105 4327 aliquid
1136 4256 1486 4310 constituere
1511 4255 1633 4310 sine
1646 4273 1928 4311 consensu

233 4340 448 4410 proprii
479 4342 730 4413 episcopi
759 4344 967 4414 potuit,
1028 4361 1132 4398 nec
1162 4344 1514 4398 omnimodis
1549 4345 1805 4414 synodus
1833 4362 1925 4399 ea-

232 4428 440 4482 nonice
483 4430 595 4484 dici
649 4433 874 4502 poterit.
939 4453 962 4482 ι
1021 4433 1488 4503 Sapientissimus
1537 4450 1685 4505 papa
1741 4434 1926 4488 dixit:

239 4537 260 4564 α
299 4517 443 4587 Ergo
468 4535 582 4590 quo
615 4521 849 4575 nomine
899 4521 1007 4576 rite
1063 4521 1251 4576 vocari
1306 4522 1531 4592 potest?
1589 4543 1610 4570 ι
1661 4522 1934 4577 Sanctum

233 4606 536 4662 concilium
560 4611 891 4680 respondit:
915 4634 933 4658 α
960 4611 1175 4666 Scisma
1191 4612 1502 4666 concilians
1544 4611 1877 4667 discordias.
1904 4632 1930 4663 η

237 4693 706 4762 Sapientissimus
735 4715 884 4770 papa
915 4700 1057 4754 dixit
1115 4720 1128 4754 ;
1166 4721 1194 4750 «
1251 4700 1584 4770 Abjicienda
1632 4705 1765 4754 sunt
1803 4717 1932 4771 qua

235 4779 313 4834 ibi
380 4788 538 4850 gesta
589 4787 760 4841 sunt?
827 4810 847 4835 ι
901 4788 1170 4842 Sanctum
1231 4788 1538 4842 concilium
1584 4788 1928 4858 respondit:

239 4886 269 4916 «
301 4867 588 4925 Canonica
623 4876 960 4930 auctoritate
991 4882 1048 4930 et
1090 4882 1416 4931 sanctorum
1449 4879 1680 4932 Patrum
1746 4882 1930 4931 exter-

240 4956 516 5012 minanda
544 4966 696 5028 sunt,
738 4979 867 5032 qua
905 4963 985 5016 ibi
1015 4964 1322 5019 adinventa
1352 4966 1439 5018 vel
1469 4970 1680 5020 statuta
1710 4970 1864 5020 sunt.
1905 4987 1926 5013 ι

2029 645 2358 694 sanctorum
2376 641 2606 693 Patrum
2623 638 2956 693 auctoritate
3000 638 3754 710 dissipamus,eﬂ'ringimus

2028 732 2084 783 et
2131 729 2499 782 aduullamus
2581 744 2725 798 qua,
2783 727 3019 780 absente
3052 726 3227 780 fratre
3281 732 3338 780 et
3390 727 3750 797 ccepiscopo

2032 817 2391 881 Bernwardo,
2423 815 2878 871 Gandenesheim
2913 815 2973 868 in
3019 831 3124 868 sua
3179 815 3392 869 diocesi
3448 816 3519 870 ab
3547 815 3750 870 archi-

2031 906 2294 977 episcopo
2324 905 2584 976 Willegio
2640 910 2699 958 et
2728 904 2845 958 suis
2903 905 3277 974 complicibus
3332 905 3639 958 adinventa
3681 909 3756 958 et.

2030 990 2400 1044 sacramentis
2429 994 2640 1043 statuta
2680 994 2832 1042 sunt.
2871 1009 2891 1036 ι
2932 989 2996 1042 Et
3032 989 3416 1059 superadjecit
3442 1005 3454 1042 :
3478 1009 3504 1039 (ι
3537 990 3753 1044 Frater

2031 1086 2085 1135 et
2164 1078 2533 1149 coepiscopus
2599 1075 2648 1110 9°
2720 1076 3094 1132 Bernwardus
3165 1077 3309 1147 petit
3354 1077 3464 1130 sibi
3506 1077 3750 1131 restitui

2031 1170 2312 1224 sublatam
2341 1166 2677 1219 vestituram
2709 1166 2778 1219 ab
2831 1164 3262 1235 archiepiscopo
3293 1180 3307 1218 :
3363 1164 3501 1234 quid
3547 1163 3742 1234 {sanc—

2032 1259 2178 1323 citis,
2211 1255 2454 1310 fratres?
2479 1273 2506 1304 ι)
2530 1255 2797 1308 Sanctum
2819 1253 3125 1306 concilium
3144 1252 3474 1324 respondit:
3505 1273 3532 1301 «
3555 1253 3741 1307 Vesti-

2031 1353 2240 1407 turam,
2292 1359 2466 1414 quam
2536 1341 3000 1412 archiepiscopus
3065 1357 3180 1394 non
3231 1340 3423 1410 potuit
3483 1341 3745 1406 auferre,

2033 1451 2145 1491 non
2168 1438 2251 1488 est
2277 1447 2506 1485 necesse
2554 1429 2638 1484 illi
2700 1429 2970 1496 reddere;
3013 1429 3112 1482 sed
3163 1429 3298 1500 quia
3337 1429 3444 1484 hoc
3483 1428 3605 1500 ipse
3637 1445 3750 1498 pe-

2033 1519 2203 1573 tendo
2241 1519 2432 1580 instat,
2455 1517 2501 1570 si
2529 1518 2743 1572 domno
2774 1517 3113 1587 imperatori
3154 1518 3394 1586 placeat,
3440 1517 3748 1586 apostola-

2033 1613 2126 1661 tus
2154 1608 2326 1661 vestri
2357 1607 2540 1662 ferula
2569 1607 2844 1660 vestitura
2872 1606 2956 1659 illi
2987 1606 3413 1676 redintegratur
3459 1612 3516 1659 et
3561 1606 3746 1660 robo-

2033 1700 2207 1749 retur.
2245 1715 2273 1746 η
2330 1695 2797 1766 Sapientissimus
2851 1710 3003 1764 papa
3059 1693 3206 1747 dixit
3251 1709 3263 1748 :
3321 1716 3341 1742 ι
3395 1694 3514 1748 Fiat
3571 1697 3753 1764 juxta

2033 1783 2305 1855 placitum
2335 1783 2523 1838 vestri.
2543 1803 2571 1832 »
2604 1784 2668 1837 Et
2696 1783 2932 1837 tradidit
2961 1783 3043 1836 illi
3067 1782 3440 1852 apostolicam
3465 1783 3744 1846 ferulam,

2031 1872 2224 1927 dicens
2257 1889 2269 1925 :
2299 1893 2326 1920 ‹‹
2358 1871 2950 1926 Gandenesheimense
3006 1871 3330 1926 canbbium
3375 1887 3507 1926 cum
3565 1872 3734 1942 adja-

2032 1961 2291 2015 centibus
2323 1960 2470 2014 villis
2523 1965 2581 2014 et
2633 1959 2897 2014 terminis
2953 1965 3052 2013 tuo
3104 1959 3224 2030 juri
3283 1960 3610 2030 redintegro
3684 1964 3753 2014 et

2031 2050 2366 2114 corroboro,
2402 2055 2460 2104 et
2491 2048 2801 2119 apostolica
2880 2053 3207 2102 sanctorum
3257 2048 3408 2102 Petri
3451 2053 3506 2103 et
3569 2049 3746 2102 Pauli

2032 2136 2367 2192 auctoritate
2418 2136 2720 2202 interdico,
2753 2152 2824 2190 ne
2879 2136 3088 2206 aliquis
3115 2136 3242 2203 tibi,
3302 2136 3410 2190 nisi
3443 2141 3737 2207 quantum

2031 2241 2278 2280 canones
2317 2225 2676 2294 permittunt.
2720 2223 2978 2278 obsistat.
3034 2244 3057 2272 ι
3104 2224 3198 2278 His
3241 2222 3420 2277 ﬁnitis
3477 2224 3738 2278 domnus

2033 2314 2396 2385 apostolicus,
2423 2313 2559 2384 quid
2608 2313 2932 2367 faciendum
2993 2317 3162 2379 esset,
3191 2311 3497 2366 concilium
3535 2313 3745 2383 requi—

2033 2402 2188 2458 sivit.
2258 2403 2614 2473 Responsum
2688 2405 2791 2462 est,
2851 2401 2900 2454 si
2959 2401 3220 2471 utrisque
3277 2400 3636 2471 principibus
3679 2401 3747 2455 id

2035 2491 2353 2559 conveniat,
2447 2490 2672 2561 scriptis
2755 2489 3256 2560 archiepiscopum
3328 2489 3746 2556 incusandum,

2034 2580 2192 2652 quod
2229 2586 2346 2635 tam
2400 2579 2586 2634 audax
2657 2579 2972 2650 inceptum,
3025 2579 3339 2633 canonibus
3388 2581 3752 2649 Patrumque

2035 2670 2249 2738 regulis
2278 2669 2762 2737 contrarium,vir
2820 2685 3063 2723 summa
3123 2668 3417 2740 gravitatis
3493 2673 3750 2738 attemp-

2034 2763 2208 2824 taret;
2268 2758 2558 2828 simulque
2591 2762 2653 2810 ut
2698 2757 2758 2811 in
2788 2762 3086 2828 posterum
3135 2757 3294 2811 atali
3349 2757 3754 2811 controversia

2035 2846 2286 2914 desistat,
2321 2862 2427 2901 nec
2456 2845 2675 2916 aliquid
2727 2862 2786 2898 se
2844 2844 3210 2906 intromittat,
3280 2843 3392 2898 nisi
3467 2844 3753 2899 canonice

2035 2935 2386 3005 emancipet;
2445 2935 2729 3004 synodum
2774 2949 3004 3004 quoque
3054 2933 3339 3003 episcopis
3392 2949 3498 3003 per
3571 2933 3756 2988 Saxo-

2037 3025 2193 3079 niam
2215 3023 2408 3087 indici,
2445 3022 2721 3076 vicarium
2753 3021 3162 3075 nichilominus
3228 3037 3295 3074 ex
3351 3028 3513 3091 parte
3541 3022 3751 3076 domni

2031 3111 2327 3183 apostolici
2357 3110 2652 3175 destinari,
2686 3110 2786 3179 qui
2814 3111 3032 3180 synodo
3091 3109 3411 3178 prasideat.
3475 3112 3750 3181 Compla-

2033 3202 2211 3255 citum
2255 3205 2367 3262 est;
2401 3199 2558 3252 locus
2588 3198 2796 3252 Palithi
2847 3198 3125 3252 habenda
3149 3199 3356 3268 synodi
3384 3199 3746 3268 disponitur,

2033 3289 2155 3344 dies
2233 3303 2289 3341 ιι
2342 3286 2625 3341 Kalendas
2712 3285 2852 3340 Julii
2920 3286 3320 3353 denunciatur,
3384 3288 3749 3343 Frithericus

2033 3376 2340 3442 candinalis
2367 3375 2652 3446 presbiter
2707 3380 2916 3429 sancta
2945 3377 3217 3429 Romana
3261 3375 3551 3441 acclesia,
3603 3380 3750 3445 post.

2033 3465 2265 3537 quidem
2295 3465 2579 3520 Ravenna
2619 3463 3100 3534 archiepiscopus,
3152 3463 3298 3518 Saxo
3353 3478 3586 3533 genere,
3642 3464 3776 3534 ju-,

2033 3555 2193 3608 venis
2223 3558 2387 3608 atate
2444 3551 2544 3605 sed
2604 3551 2798 3605 senior
2848 3567 3073 3605 morum
3124 3551 3433 3622 probitate,
3488 3550 3748 3606 vicarius

2032 3642 2232 3698 domni
2262 3639 2563 3712 apostolici
2592 3640 2824 3710 eligitur
2844 3645 3016 3710 atque
3058 3639 3350 3710 dirigitur,
3406 3640 3747 3710 apostolicis

2031 3728 2381 3802 paramentis
2440 3733 2611 3798 atque
2678 3727 2941 3797 insigniis
3003 3743 3120 3780 non
3190 3727 3380 3780 minus
3431 3725 3740 3794 infulatus,

2034 3834 2207 3889 quam
2239 3817 2287 3870 si
2313 3816 2434 3886 ipse
2466 3832 2616 3886 papa
2645 3812 3012 3885 procedat”.

2105 3905 2177 3944 ¹⁰⁰
2205 3908 2291 3959 23.
2328 3904 2445 3958 Illis
2465 3903 2678 3975 quippe
2699 3903 2902 3957 diebus
2934 3903 3185 3957 domnus
3215 3901 3534 3973 imperator
3555 3902 3738 3972 Tybe-

2035 3993 2219 4048 rinam
2238 3993 2526 4048 civitatem
2556 3993 2665 4062 (40)
2689 3996 2842 4045 arcta
2868 3991 3164 4044 obsidione
3194 3989 3736 4044 vallavit.Machinis

2035 4089 2228 4137 autem
2257 4087 2314 4136 et
2361 4080 2653 4152 plerisque
2704 4079 3104 4134 instrumentis
3133 4095 3198 4133 ac
3245 4077 3751 4149 expugnationem

2035 4170 2290 4243 prasidii
2320 4169 2556 4240 paratis,
2619 4167 2783 4222 fossis
2840 4167 3017 4222 etiam
3070 4167 3235 4222 mira
3294 4165 3737 4236 magnitudinis,

2037 4263 2100 4314 ut
2125 4261 2620 4329 aquamameatu
2685 4256 3054 4320 deducerent,
3106 4271 3236 4309 cum
3296 4270 3566 4326 magnam
3631 4253 3747 4307 vim

2039 4348 2255 4402 civibus
2279 4347 2631 4416 ingererent,
2663 4361 2768 4399 nec
2813 4345 2882 4398 ad
2942 4344 3293 4399 deditionem
3342 4359 3548 4414 cogere
3608 4358 3751 4412 pos-

2045 4440 2190 4502 sent,
2258 4436 2575 4504 imperator
2623 4433 2919 4488 invitatur.
2995 4435 3106 4487 Nec
3165 4448 3345 4498 mora,
3405 4431 3564 4485 adest
3611 4446 3748 4484 cum

2045 4523 2358 4593 apostolico
2418 4527 2474 4577 et
2511 4521 2825 4576 venerabili
2863 4521 3131 4592 episcopo
3169 4519 3528 4575 Bernwardo.
3581 4520 3753 4574 Cum-

2045 4628 2156 4682 que
2187 4617 2250 4666 ut
2279 4612 2338 4665 in
2362 4611 2572 4666 talibus
2601 4612 2685 4677 tit,
2747 4611 2844 4664 alii
2899 4626 3109 4681 augere
3155 4608 3510 4663 obsidionem
3542 4608 3751 4662 suade-

2042 4706 2190 4767 rent,
2246 4700 2343 4753 alii
2392 4699 2668 4753 diuturuo
2718 4715 2784 4752 ac
2829 4697 3033 4768 grandi
3104 4697 3299 4752 labore
3393 4712 3598 4766 parum
3687 4712 3751 4749 se

2042 4788 2349 4858 profecisse
2393 4789 2670 4855 dicerent,
2710 4787 2928 4846 bonum
2976 4785 3174 4850 videri,
3237 4790 3463 4839 tantum
3503 4789 3565 4836 ut
3614 4800 3750 4838 cum

2043 4877 2258 4931 honore
2281 4877 2400 4942 ﬁat,
2433 4877 2788 4931 obsidionem
2811 4875 2974 4943 solvi,
2999 4875 3312 4945 imperator
3341 4871 3750 4927 Bernwardum

2041 4967 2348 5038 prasulem
2405 4981 2667 5021 seorsum
2713 4964 3024 5030 abducens,
3094 4963 3234 5035 quid
3291 4969 3424 5034 agat
3478 4961 3750 5027 consulit,

1668 5127 1904 5180 VARI/{‘3
1961 5126 2355 5182 LECTIONES.

311 5243 362 5280 ου
393 5246 429 5299 i.
465 5246 707 5300 scientes
736 5260 773 5313 p

247 5319 294 5370 t.
371 5314 419 5354 9‘
448 5317 597 5372 deest
625 5320 676 5370 2.
755 5313 802 5350 9⁷
826 5331 882 5384 p.
907 5314 1091 5387 libens
1122 5332 1173 5368 a.
1199 5317 1321 5370 3—5.
1403 5317 1704 5387 episcopus
1735 5323 1790 5373 1.

242 5395 526 5442 venerunt
554 5389 754 5457 capitis
775 5389 867 5456 28,
897 5387 1051 5440 nulla
1073 5386 1270 5440 lacuna
1286 5387 1556 5453 indicata,
1589 5386 1780 5443 desunt
1811 5391 1863 5442 2.

823 5245 966 5319 3-5,”
1016 5241 1062 5280 ⁹ί
1096 5243 1603 5319 decreverunt_3-5.
1680 5246 1730 5282 θ’
1759 5248 1988 5319 sifridus
2020 5249 2397 5319 lssigifridus
2424 5253 2480 5303 ‘2.
2556 5247 2606 5285 9³
2647 5248 2709 5303 in

2754 5265 2809 5319 p.
2839 5249 3034 5305 desunt
3065 5252 3118 5319 2‘.
3197 5245 3245 5284 9⁸
3275 5247 3340 5302 Η.
3398 5250 3451 5300 2.
3527 5243 3575 5280 9⁸
3605 5244 3750 5319 deest

1873 5317 1922 5352 ⁸³⁸
1949 5323 1996 5373 l.
2074 5318 2124 5353 99
2143 5315 2184 5374 ii
2212 5319 2484 5391 procedat
2503 5315 2850 5393 apostolicus
2878 5323 2930 5376 2.
3012 5318 3083 5356 ¹⁰⁰
3107 5321 3385 5388 sequentia
3405 5331 3574 5385 usque
3594 5315 3752 5370 Con-

1875 5493 2106 5548 ΝΟΤιΕ.

314 5584 427 5652 (39)
465 5586 756 5652 Aspastico
797 5586 942 5640 forte
993 5591 1052 5640 et
1097 5586 1436 5641 salutatorio
1512 5587 1600 5641 vel
1658 5588 1932 5643 Iocutorio

257 5656 510 5709 Bnowea.
539 5656 717 5726 Vulgo
743 5657 1120 5712 Parlatorium
1143 5661 1345 5712 vocant
1373 5657 1618 5712 Lemn-xz.

2117 5590 2223 5659 (4ο)
2255 5589 2454 5645 Tivoli.
