4166 6390
174 414 270 467 H3
1560 419 1717 472 VITA
1757 420 1810 473 S.
1856 419 2298 475 BERNWARDI.

3569 426 3673 479 414

173 551 324 606 aegre
371 536 693 591 admodum
733 537 879 591 ferre
938 554 1019 603 se,
1082 552 1210 591 cum
1256 537 1468 608 injuria
1515 543 1698 611 coepta
1747 538 1960 593 desi-A
1999 539 2204 594 Christi
2236 556 2365 594 mox
2396 540 2586 594 adesse
2618 540 3001 611 praesentiam,
3055 542 3214 611 cujus
3264 547 3317 595 et
3355 543 3415 597 in
3466 544 3668 597 nativi-

171 630 346 679 stere.
380 626 469 679 Ad
505 642 685 695 quem
735 625 874 680 ille:
910 644 938 677 α
991 627 1113 680 Νοη
1169 626 1375 696 patior,
1436 626 1534 692 ait,
1565 644 1736 698 super
1790 628 1877 681 his

171 730 292 779 vos,
317 714 516 767 anima
546 714 646 780 mi,
683 730 855 785 quem
903 714 1016 767 vita
1070 714 1345 768 cariorem
1386 715 1588 779 habeo,
1621 732 1875 769 commo-

170 802 313 856 veri.
365 803 498 857 Sed-
536 818 693 855 nunc
746 802 1037 872 prmcipite
1090 804 1290 855 artiori
1348 803 1644 856 obsidione
1675 805 1876 858 urbem

170 890 413 957 vallari;
481 907 615 944 nam
685 891 788 945 etsi
833 891 1082 944 reditum
1142 891 1210 943 ad
1245 892 1485 961 patriam
1528 892 1715 960 cupio,
1765 908 1878 946 non

172 982 309 1030 ante
343 993 375 1029 a
400 978 699 1047 majestate
726 982 911 1031 vestra
964 977 1204 1045 diverto,
1237 994 1409 1047 quam
1441 978 1640 1031 urbem
1691 994 1876 1047 popu-

174 1068 419 1137 lumque
477 1071 666 1120 vestro
714 1067 833 1136 juri
878 1066 1133 1133 subacta,
1197 1067 1297 1121 Dei
1327 1067 1558 1137 pietate,
1594 1067 1816 1121 videbo.
1850 1086 1877 1118 ι)

173 1154 260 1208 Ad
288 1155 417 1208 haec
449 1154 767 1224 imperator
794 1155 961 1207 laetus
1016 1154 1223 1208 dilecto
1273 1160 1529 1223 gratatur
1580 1156 1879 1223 magistro,

174 1243 377 1296 locum
410 1243 605 1295 artiori
638 1242 931 1296 obsidione
963 1242 1168 1309 munit,
1221 1242 1431 1296 milites
1474 1242 1541 1295 ad
1591 1259 1881 1312 expugna-

175 1330 403 1383 tionem
434 1330 687 1397 instruit,
713 1329 965 1383 intrandi
1008 1329 1095 1383 vel
1128 1330 1371 1383 exeundi
1420 1329 1707 1384 licentiam
1765 1347 1882 1383 om-

175 1418 355 1472 nibus
388 1417 677 1487 imperiali
704 1418 1037 1471 auctoritate
1072 1418 1381 1472 interdicit.
1412 1418 1649 1489 Aliquot
1679 1419 1881 1472 diebus

176 1506 415 1569 exactis,
448 1507 695 1559 domnus
740 1506 1111 1560 Bernwardus
1170 1512 1227 1561 et
1280 1506 1621 1577 apostolicus
1671 1508 1880 1578 praefa-

177 1600 303 1648 tam
364 1594 568 1647 urbem
618 1594 851 1648 adeunt.
888 1594 1046 1648 Cives
1085 1594 1202 1647 laeti
1261 1594 1633 1648 adventantes
1690 1612 1880 1649 servos

180 1684 286 1737 Dei
348 1682 666 1736 honoriﬁce
717 1682 1031 1751 excipiunt,
1092 1682 1221 1735 urbi
1287 1682 1720 1749 intromittunt;
1780 1700 1881 1736 nec

175 1772 350 1842 prius
385 1770 667 1824 desistunt
700 1770 832 1841 (41),
872 1786 1044 1841 quam
1116 1786 1316 1824 omnes
1362 1776 1588 1841 pacatos
1633 1772 1879 1841 impera-

180 1859 334 1913 toris
406 1858 611 1912 ditioni
683 1858 784 1911 Dei
828 1858 1011 1928 gratia
1074 1858 1256 1928 adjuti
1313 1860 1583 1913 subdunt.
1649 1860 1881 1913 Postera

178 1964 441 2018 namque
474 1947 587 2013 die,
616 1946 799 2001 nobili
822 1947 1119 2016 triumpho
1174 1948 1579 2019 subsequente,
1632 1948 1883 2019 episcopi

186 2035 610 2105 imperatorem
669 2035 898 2089 adeunt.
984 2036 1124 2088 Nam
1179 2036 1367 2088 cuncti
1426 2036 1686 2104 primarii
1737 2036 1885 2090 cives

178 2124 538 2195 prwscriptm
608 2123 853 2177 civitatis
912 2128 1108 2177 assunt
1145 2123 1284 2177 nudi
1337 2123 1701 2178 femoralibus
1759 2129 1883 2178 tan—

181 2218 313 2267 tum
342 2213 500 2280 tecti,
533 2213 731 2266 dextra
758 2212 995 2281 gladios,
1049 2212 1185 2265 laeva
1250 2228 1448 2281 scopas
1502 2213 1572 2265 ad
1606 2213 1883 2283 palatium

180 2302 653 2372 praetendentes;
711 2300 998 2371 imperiali
1040 2300 1159 2371 juri
1206 2316 1263 2354 se
1322 2317 1537 2372 suaque
1586 2302 1883 2367 subactos;

184 2389 267 2443 nil
302 2388 535 2458 pacisci,
583 2405 687 2442 nec
724 2389 904 2459 ipsam
950 2388 1180 2459 quidem
1237 2388 1438 2455 vitam;
1500 2406 1639 2460 quos
1686 2390 1887 2459 dignos

185 2476 545 2542 indicaverit,
606 2492 741 2531 ense
803 2476 991 2541 feriat,
1050 2477 1137 2530 vel
1194 2493 1298 2546 pro
1370 2476 1759 2531 misericordia
1818 2478 1886 2532 ad

182 2566 383 2635 palam
416 2564 603 2635 scopis
635 2564 950 2618 examinari
985 2564 1203 2635 jubeat.
1243 2564 1300 2618 Si
1352 2580 1542 2618 muros
1582 2566 1736 2619 urbis
1768 2567 1887 2619 solo

183 2653 553 2723 complanari
616 2653 761 2706 votis
821 2653 944 2722 ejus
984 2656 1271 2723 suppetat,
1346 2658 1642 2723 promptos
1689 2654 1887 2708 libenti

182 2741 387 2795 animo
411 2744 615 2794 cuncta
646 2739 868 2809 exequi,
903 2756 1007 2793 nec
1040 2740 1211 2810 jussis
1230 2740 1349 2810 ejus
1410 2741 1717 2810 majestatis
1750 2741 1885 2795 dum

184 2830 383 2883 vivant
413 2828 888 2882 contradicturos.
923 2828 1241 2898 Imperator
1274 2829 1426 2898 pacis
1474 2828 1883 2895 conciliatores,

184 2934 401 2988 papam
462 2922 519 2970 et
572 2916 852 2970 domuum
893 2916 1294 2970 Bernwardum
1353 2917 1704 2987 episcopum,
1769 2934 1885 2971 ma-

184 3006 399 3076 guiﬁce
429 3004 709 3074 gratando
749 3004 990 3069 extollit,
1016 3008 1186 3074 atque
1262 3005 1332 3058 ad
1382 3004 1609 3058 illorum
1683 3012 1883 3059 nutum

1985 628 2118 682 tatis
2139 635 2264 682 ortu
2290 628 2540 699 primum
2572 628 2725 699 pacis
2763 629 2973 700 gaudia
3002 630 3362 697 nunciantur,
3412 636 3469 685 et
3508 636 3669 702 post-

1986 717 2221 770 modum
2252 716 2503 786 ejusdem
2538 716 2690 786 pacis
2711 724 2994 771 amatores
3053 718 3381 788 evangeliea
3434 721 3669 773 veritate

1987 804 2234 858 ﬁliorum
2273 805 2371 858 Dei
2436 806 2817 874 appellatione
2870 811 3193 859 censentur.
3259 806 3441 876 Ipsius
3480 808 3671 877 itaque

1987 893 2198 961 pietate
2252 892 2425 946 totius
2485 893 2783 947 discordiae
2847 894 3157 947 rebellione
3216 895 3420 963 sopita,
3481 895 3673 948 hostes

1988 997 2185 1050 pacem
2217 986 2546 1051 exposcunt,
2571 997 2728 1034 arma
2756 982 3089 1051 projiciunt,
3124 982 3183 1034 in
3239 982 3549 1035 crastinum
3616 999 3673 1035 se

1987 1069 2049 1122 ad
2119 1068 2395 1139 palatium
2444 1075 2711 1121 venturos
2754 1070 3120 1139 promittunt.
3175 1070 3333 1123 Mane
3401 1071 3500 1124 Dei
3556 1072 3675 1124 cle-

1988 1156 2203 1209 mentia
2234 1160 2445 1220 assunt,
2480 1172 2675 1227 pacem
2708 1162 2930 1226 petunt,
2979 1163 3331 1210 sacramenta
3374 1158 3669 1222 innovant,

1989 1244 2162 1297 tidem
2220 1261 2277 1298 se
2321 1244 2653 1314 imperatori
2709 1249 2987 1315 perpetuo
3045 1250 3367 1299 servaturos
3424 1246 3668 1315 promit-

1989 1336 2134 1385 tunt.

2058 1422 2145 1474 25.
2201 1420 2436 1473 Interim
2513 1420 2799 1489 piissimus
2852 1436 2916 1473 ac
2980 1420 3312 1474 mitissimus
3364 1420 3678 1491 imperator

1989 1523 2119 1561 cum
2172 1508 2368 1577 paucis
2424 1509 2630 1562 turrim
2690 1509 2977 1578 quandam
3037 1510 3368 1574 ascendens,
3421 1510 3493 1563 ad
3546 1508 3676 1562 illos

1989 1596 2435 1649 concionabatur
2476 1596 2667 1650 dicens
2723 1612 2737 1649 :
2800 1615 2827 1645 α
2880 1598 3205 1650 Auscultate
3271 1596 3443 1650 verba
3498 1597 3676 1666 patris

1989 1683 2163 1737 vestri
2193 1688 2247 1737 et
2269 1684 2564 1753 attendite,
2595 1689 2650 1738 et
2688 1700 2754 1737 ea
2785 1690 2974 1737 mente
3024 1685 3329 1755 diligenter
3392 1684 3671 1755 reponite.

1914 1808 1952 1861 Β
1994 1773 2174 1825 Vosne
2204 1772 2335 1825 estis
2359 1773 2471 1825 mei
2509 1772 2788 1827 Romani?
2820 1775 3058 1843 Propter
3080 1790 3175 1827 vos
3210 1773 3443 1844 quidem
3488 1787 3675 1825 meam

1992 1860 2257 1930 patriam,
2293 1860 2650 1930 propinquos
2697 1877 2924 1930 quoque
2958 1862 3182 1931 reliqui.
3213 1865 3421 1915 Amore
3490 1865 3676 1912 vestro

1995 1964 2152 2001 meos
2195 1948 2437 2001 Saxones
2518 1952 2573 2002 et
2655 1954 2889 2001 cunctos
2935 1949 3285 2013 Theotiseos,
3334 1948 3675 2019 sanguinem

1996 2051 2188 2089 meum
2228 2034 2467 2105 projeci;
2500 2052 2597 2088 vos
2628 2035 2687 2089 in
2718 2041 2962 2089 remotas
2997 2041 3182 2105 partes
3214 2036 3392 2090 nostri
3447 2034 3675 2106 imperii

1994 2124 2225 2189 adduxi,
2259 2140 2372 2193 quo
2394 2127 2581 2193 patres
2620 2124 2811 2192 vestri,
2844 2140 2973 2177 eum
3019 2126 3224 2179 Orbem
3281 2125 3498 2178 ditione
3542 2140 3673 2195 pre-

1992 2217 2553 2281 merentnumquam
2580 2212 2786 2281 pedem
2827 2218 3167 2281 posuerunt;
3201 2213 3414 2266 scilicet
3470 2218 3529 2265 ut
3570 2228 3674 2265 no-

1998 2314 2129 2352 men
2160 2304 2408 2352 vestrum
2433 2303 2486 2351 et
2508 2299 2747 2369 gloriam
2768 2299 2833 2353 ad
2853 2300 2994 2353 ﬁnes
3014 2317 3189 2370 usque
3212 2301 3321 2370 («ii»)
3347 2301 3676 2365 dilatarem;

1995 2403 2095 2440 vos
2125 2386 2273 2440 ﬁlios
2297 2386 2579 2456 adoptavi,
2622 2403 2721 2439 vos
2750 2388 2967 2440 cunctis
2997 2389 3240 2458 przetuli.
3261 2390 3441 2442 Causa
3471 2394 3674 2455 vestra,

1996 2475 2130 2529 dum
2191 2491 2288 2528 vos
2364 2474 2633 2528 omnibus
2688 2475 2981 2544 proposui,
3042 2477 3435 2530 universorum
3493 2477 3678 2529 inme

1995 2561 2270 2615 invidiam
2292 2566 2346 2615 et
2380 2562 2576 2616 odium
2625 2563 2925 2617 commovi.
2965 2565 3029 2617 Et
3070 2581 3219 2617 nunc
3258 2581 3360 2634 pro
3414 2563 3679 2617 omnibus

1995 2648 2084 2703 his
2166 2655 2386 2718 patrem
2468 2654 2719 2704 vestrum
2781 2651 3089 2720 abjecistis,
3170 2652 3480 2705 familiares
3523 2668 3679 2704 meos

1996 2736 2210 2790 crudeli
2268 2742 2450 2790 morte
2480 2737 2868 2805 interemistis,
2928 2756 3018 2793 me
3050 2738 3383 2804 exclusistis,
3426 2754 3555 2791 cum
3595 2745 3680 2790 ta-

1999 2841 2129 2878 men
2191 2826 2490 2879 excludere
2546 2842 2660 2879 non
2712 2827 2981 2897 potestis;
3052 2827 3189 2897 quia
3247 2844 3393 2897 quos
3443 2831 3679 2897 paterno

1997 2914 2187 2967 animo
2217 2914 2576 2983 complector,
2612 2930 2929 2985 numquam
2960 2915 3029 2969 ab
3053 2915 3252 2969 affectu
3289 2931 3414 2968 meo
3462 2912 3678 2967 exulari

1998 3002 2199 3071 patior.
2258 3001 2383 3055 Scio
2459 3002 2725 3072 equidem
2786 3008 2843 3055 et
2905 3009 3050 3057 nutu
3108 3004 3335 3055 oculum
3382 3000 3678 3055 seditionis

184 3095 300 3148 reis
342 3093 573 3147 veniam
608 3091 837 3159 tribuit;
872 3091 1190 3162 placitoque
1248 3092 1465 3160 habito,
1518 3094 1716 3146 urbem
1774 3110 1888 3148 non
1920 3082 1960 3135 Ο
1998 3090 2281 3159 principes
2304 3088 2567 3160 assigno;
2598 3106 2703 3143 nec
2734 3098 3021 3159 verentur,
3080 3091 3215 3145 dum
3269 3090 3492 3160 publice
3553 3104 3674 3141 om-

190 3181 416 3237 destrui
438 3180 497 3233 in
528 3195 833 3234 commune
855 3179 1190 3234 deliberant.
1226 3179 1436 3234 Urbani
1489 3180 1670 3249 gratia
1714 3180 1891 3249 impe-

186 3270 401 3324 ratoris
447 3268 756 3333 donantur,
808 3272 865 3322 et
912 3272 976 3321 ut
1020 3283 1077 3321 se
1128 3267 1358 3338 paciﬁce
1404 3272 1596 3337 agant,
1651 3284 1753 3322 nec
1818 3268 1886 3320 ab

185 3359 543 3427 imperatore
576 3356 860 3421 deﬁciant,
894 3361 1347 3410 commonentur.

259 3447 351 3500 2’2.
411 3444 653 3497 Romani
708 3444 954 3514 denique
1002 3443 1241 3513 indigne
1271 3444 1539 3511 ferentes,
1575 3442 1887 3512 Tyberinos

187 3547 323 3585 cum
376 3531 727 3601 imperatore
770 3536 1019 3601 pacatos,
1061 3532 1219 3585 urbis
1267 3547 1499 3602 quoque
1543 3546 1655 3583 suae
1696 3536 1888 3600 portas

186 3620 335 3673 seris
391 3619 681 3685 muniunt,
736 3620 855 3672 vias
913 3620 1246 3689 obstruunt;
1280 3619 1456 3672 libere
1501 3617 1750 3671 intrandi
1802 3621 1888 3672 vel

188 3707 448 3762 exeundi
476 3709 717 3761 Romam
741 3708 977 3761 facultas
999 3713 1260 3777 negatur,
1280 3707 1561 3761 vendendi
1584 3712 1638 3761 et
1662 3708 1890 3761 emendi

188 3795 644 3850 mercimonium
696 3796 1086 3862 interdicitur;
1150 3795 1413 3849 nonnulli
1482 3811 1711 3865 quoque
1741 3796 1889 3865 regis

185 3885 521 3938 amicorum
573 3882 785 3953 injuste
865 3882 1248 3953 perimuntur.
1322 3882 1564 3936 Palatini
1617 3886 1809 3935 autem
1858 3897 1891 3934 a

187 3973 412 4027 domno
450 3971 788 4024 Bernwardo
820 3971 1085 4041 episcopo
1145 3971 1486 4024 salutaribus
1546 3970 1779 4023 monitis
1802 3970 1887 4024 in-

183 4062 418 4121 structi,
469 4058 821 4112 confessione
862 4058 1269 4112 nichilominus
1292 4059 1538 4128 purgati,
1568 4075 1725 4112 sacro
1753 4075 1892 4129 quo-

183 4165 309 4220 que
370 4146 576 4200 viatico
654 4146 804 4200 inter
869 4148 1173 4200 missarum
1253 4146 1592 4216 sollempnia
1657 4147 1888 4215 muniti,

181 4239 430 4289 econtra
477 4233 671 4303 egredi
718 4238 775 4288 et
808 4234 999 4287 hostes
1053 4234 1274 4288 fortiter
1320 4234 1595 4304 impetere
1644 4239 1886 4317 .parant.

186 4322 573 4378 Bernwardus
596 4321 898 4391 episcopus
944 4322 1289 4387 dominicam
1352 4322 1572 4375 hastam
1607 4323 1713 4391 (42)
1746 4322 1885 4375 sub-
1918 4356 1959 4409 ι)

180 4410 291 4474 iit;
324 4424 385 4461 se
434 4424 666 4479 quoque
712 4413 885 4478 atque
936 4425 1131 4462 omnes
1188 4409 1425 4463 viviﬁcaa
1482 4408 1664 4462 crucis
1696 4410 1884 4462 muni-

182 4496 355 4551 mine
385 4496 593 4566 signat,
628 4496 1022 4551 benedictione
1078 4496 1300 4567 publice
1332 4498 1479 4561 data,
1509 4514 1572 4550 ac
1627 4496 1891 4550 vitalibus

180 4583 434 4639 monitis
456 4583 758 4636 consolans
789 4588 845 4636 et
892 4584 1289 4650 corroborans,
1331 4584 1566 4653 signifer
1612 4585 1731 4654 ipse
1763 4602 1890 4639 cum

180 4676 391 4725 sancta
422 4670 585 4724 hasta
618 4670 675 4723 in
704 4670 888 4740 prima
927 4672 1112 4725 fronte
1144 4672 1284 4725 aciei
1343 4672 1535 4742 egredi
1574 4678 1750 4742 parat.
1794 4673 1892 4726 Se-

181 4758 402 4831 quenti
433 4762 626 4811 autem
651 4774 819 4812 mane
872 4758 1186 4828 imperator
1216 4777 1346 4813 cum
1390 4760 1504 4812 suis
1531 4765 1661 4829 post
1690 4759 1890 4813 missa-

178 4863 325 4903 rum
395 4846 742 4916 sollempnia
805 4847 1121 4901 venerabili
1200 4848 1536 4901 Bernwardo
1623 4846 1889 4917 episcopo

178 4934 570 4991 sacramentis
634 4934 957 4988 caalestibus
1020 4952 1083 4989 ac
1130 4936 1337 4990 divinis
1398 4934 1889 4988 exhortationibus

178 5024 499 5089 consolati,
532 5024 804 5077 adversus
842 5026 1032 5078 hostes
1077 5030 1365 5078 certamen
1411 5024 1725 5091 instruunt,
1750 5022 1886 5093 {ipso

178 5112 455 5168 antistite
481 5126 611 5164 cum
661 5114 858 5164 sancta
903 5111 1063 5165 hasta
1096 5112 1155 5165 in
1212 5110 1496 5181 principio
1553 5110 1888 5163 terribiliter

176 5200 544 5257 fulminante
593 5198 725 5269 (43),
793 5199 980 5252 cordis
1051 5215 1185 5253 vero
1238 5199 1510 5252 instantia
1558 5213 1755 5269 pacem
1814 5198 1885 5251 ab

175 5295 428 5345 auctore
485 5287 639 5357 pacis
668 5287 1006 5355 suppliciter
1042 5288 1352 5359 ﬂagitante.
1418 5287 1571 5341 Unde
1627 5284 1882 5355 contigit,

174 5376 377 5433 devoti
414 5374 618 5429 militis
668 5374 757 5427 sui
790 5374 1056 5444 precibus
1109 5380 1398 5429 exoratam
1460 5373 1680 5444 paciﬁci
1732 5374 1883 5441 regis

1996 3176 2155 3231 nium
2187 3176 2362 3230 oculis
2392 3182 2693 3244 notantur;
2731 3178 3136 3231 nichilominus
3167 3178 3338 3231 etiam
3370 3177 3676 3232 fidissimos

2000 3281 2173 3330 meos,
2198 3265 2266 3319 de
2291 3280 2534 3335 quorum
2564 3264 2891 3319 innocentia
2922 3266 3233 3336 triumpho,
3275 3266 3675 3319 sceleratorum

1999 3353 2347 3407 admixtione
2384 3354 2811 3421 eommaculari,
2836 3371 2936 3408 nec
2959 3371 3121 3424 posse
3153 3352 3445 3424 distingui,
3506 3367 3677 3405 mon-

1998 3446 2113 3494 stro
2143 3441 2331 3495 simile
2391 3441 2652 3494 arbitror.
2719 3464 2739 3490 ι
2790 3442 2902 3495 Hac
2952 3442 3171 3496 ratione
3212 3440 3573 3511 imperatoris
3604 3438 3676 3491 ad

1996 3529 2163 3583 ﬂetus
2217 3545 2399 3600 usque
2457 3528 2784 3598 compuncti
2836 3530 3280 3583 satisfactionem
3312 3528 3676 3599 promittunt,

1996 3619 2137 3672 duos
2157 3617 2493 3688 corripiunt,
2526 3618 2855 3671 Benilonem
2907 3623 2960 3671 et
2982 3618 3160 3671 alium
3194 3616 3501 3688 quendam,
3536 3631 3678 3684 quos

1997 3705 2301 3759 crudeliter
2330 3722 2523 3770 caesos,
2558 3705 2740 3759 nudos
2789 3704 3029 3774 pedibus
3067 3721 3168 3775 per
3226 3704 3434 3774 gradus
3471 3708 3677 3756 tractos

1997 3794 2299 3848 semiviros
2328 3793 2387 3847 in
2425 3793 2663 3864 praefata
2691 3793 2837 3847 turri
2890 3797 3017 3846 ante
3058 3793 3464 3863 imperatorem
3500 3790 3676 3861 proji-

1997 3883 2170 3936 ciunt.

2066 3973 2153 4024 ‘26.
2191 3971 2302 4023 Hac
2331 3974 2522 4024 autem
2573 3969 2850 4023 seditione
2880 3969 3091 4037 sedata,
3143 3968 3483 4022 venerabilis
3514 3968 3678 4021 Pater

2000 4058 2366 4111 Bernwardus
2421 4058 2491 4112 ad
2541 4062 2798 4112 sanctum
2877 4059 3114 4111 Paulum
3187 4056 3457 4111 orationis
3514 4071 3681 4109 causa

1996 4146 2255 4213 accessit;
2301 4152 2612 4217 apertoque
2678 4147 2967 4217 sarcofago
3021 4146 3201 4199 sancti
3255 4144 3556 4209 Timothei,
3607 4143 3676 4197 de

1998 4235 2190 4306 quoin
2217 4235 2339 4287 Vita
2369 4236 2547 4288 sancti
2574 4234 2827 4289 Silvestri
2881 4236 3113 4304 legitur,
3164 4239 3381 4287 astante
3445 4232 3676 4285 custode

1998 4340 2169 4393 quem
2221 4322 2342 4393 ipse
2394 4323 2706 4392 imperator
2752 4323 2965 4377 ibidem
3006 4328 3292 4392 posuerat,
3339 4321 3408 4374 de
3456 4320 3681 4389 integro

2000 4411 2292 4464 brachium
2324 4410 2501 4463 sancti
2535 4410 2784 4463 martiris
2815 4411 3063 4463 abstulit.
3115 4409 3400 4463 Presbiter
3453 4423 3681 4478 quoque

2000 4500 2121 4567 ejus
2154 4498 2259 4568 (45)
2307 4514 2421 4552 non
2477 4498 2774 4552 minimam
2815 4503 3037 4568 partem
3068 4498 3137 4551 de
3182 4496 3396 4550 eisdem
3425 4495 3683 4566 reliquiis

2000 4586 2069 4639 ad
2100 4592 2281 4639 castra
2320 4584 2646 4654 asportavit.

2067 4677 2154 4728 27.
2193 4672 2413 4743 Egressi
2452 4672 2643 4741 itaque
2694 4687 2838 4740 papa
2890 4676 2946 4724 et
3012 4671 3324 4742 imperator
3398 4670 3681 4726 dominica

1999 4761 2217 4823 Exurge
2247 4773 2414 4825 quare
2448 4759 2621 4823 (Febr.
2684 4760 2789 4823 t6),
2825 4756 3115 4809 immensis
3166 4756 3413 4811 lacrimis
3473 4756 3683 4810 civium

1997 4862 2111 4899 non
2142 4847 2307 4915 longe
2340 4844 2406 4898 ab
2444 4845 2588 4898 Urbe
2620 4850 2801 4897 castra
2851 4850 3089 4913 ponunt.
3140 4846 3389 4899 Domnus
3452 4860 3682 4915 quoque

2000 4934 2365 4986 Bernwardus
2404 4932 2723 5003 episcopus,
2764 4932 2883 5002 jam
2935 4934 3152 5003 pridem
3206 4940 3512 5004 antequam
3550 4932 3684 4986 Urbi

1998 5021 2332 5075 excederent
2388 5026 2617 5090 accepta
2669 5020 2893 5074 licentia
2948 5022 3016 5075 ad
3085 5022 3327 5092 patriam
3385 5020 3680 5087 redeundi,

1998 5110 2299 5179 praemissis
2330 5110 2597 5163 omnibus
2636 5108 2773 5175 suis,
2823 5109 3069 5179 simplici
3116 5115 3338 5163 tantum
3387 5116 3539 5161 veste
3580 5108 3683 5160 im-

1996 5202 2316 5267 peratorem
2374 5197 2443 5251 ad
2496 5198 2637 5251 duas
2708 5198 3034 5252 mansiones
3082 5196 3409 5260 comitatus,
3482 5195 3684 5265 quinta

1993 5287 2136 5340 feria
2171 5287 2428 5356 ejusdem
2466 5286 2794 5356 septimanae
2835 5285 3013 5351 (Febr.
3063 5288 3151 5350 20)
3197 5284 3264 5337 ab
3306 5300 3372 5335 eo
3414 5282 3681 5335 dimissus

1993 5379 2076 5427 est
2111 5391 2123 5427 :
2183 5375 2292 5429 dici
2339 5391 2451 5427 non
2502 5378 2707 5443 potest,
2748 5378 2963 5443 quanto
2989 5387 3247 5433 maerore,
3281 5368 3511 5439 quantis
3548 5374 3679 5422 utro

1817 5459 2041 5513 ΝΟΤᾹΕ.

256 5534 373 5601 (41)
409 5534 567 5599 Papa
598 5533 654 5583 et
686 5530 1077 5584 Bernwardus.

253 5599 365 5673 (42)
401 5619 455 5653 v.
492 5602 639 5673 172p.
676 5602 775 5673 lI_I.7
810 5602 1012 5664 p.322.
1051 5599 1281 5672 Liudpr.
1315 5602 1520 5672 Antap.
1556 5600 1642 5653 iV.
1687 5600 1770 5653 24.

250 5671 370 5746 (43)
396 5673 472 5727 cf.
510 5671 801 5725 Richeril.
835 5674 887 5724 9.

2068 5531 2173 5599 (44)
2202 5531 2322 5585 scil.
2358 5530 2538 5585 Orbis.

2065 5603 2571 5671 (‘35)Thangmarus
2602 5614 2751 5669 ipse;
2785 5598 2853 5651 cf.
2879 5614 2927 5651 c,
2963 5599 3029 5651 3!.
