3968 6400
265 371 364 421 415
1227 369 1636 425 THANGMARI
1677 371 2114 426 PRESBYTERI
2160 367 2814 424 lIlLDESHElMENSIS.

3678 373 3786 424 416

265 506 512 562 rumque
565 487 818 543 lacrimis
874 487 1036 556 fusis,
1087 492 1153 543 ut
1195 487 1255 542 in
1303 489 1598 560 publicum
1656 490 2040 561 procedere).
2078 489 2158 543 vit
2208 490 2414 560 (April.
2462 489 2568 558 lO).
2625 485 2916 558 Reliquias
2982 503 3213 559 quoque
3265 492 3594 542 sanctorum
3639 505 3788 561 quas

263 584 613 635 vererentur.
645 576 941 632 Piissimus
970 575 1308 648 imperator,
1341 595 1470 649 qua:
1509 578 1640 632 stilo
1693 580 1776 633 vel
1810 580 1964 650 lega-

265 668 414 724 torio
460 667 728 721 intimare
790 664 1176 733 dubitaverat,
1244 666 1358 720 ﬁdo
1427 667 1702 737 magistro
1756 668 1815 722 in
1877 684 1966 722 ar-

265 759 514 812 chanum
616 754 830 810 mentis
936 755 1306 809 secretarium
1393 755 1638 825 sapienti
1751 756 1962 810 trutina

266 845 529 900 lihranda
585 843 970 898 commendat.
1055 843 1346 914 Reliquias
1395 843 1820 909 nichilominus,
1873 844 1964 898 in-

266 927 791 1002 tegrum-videlicet
810 947 1018 1000 corpus
1048 931 1229 985 sancti
1277 932 1649 1000 Exuperantii
1689 932 1962 999 martiris,

265 1021 492 1076 diaconi
531 1021 708 1075 sancti
758 1021 954 1076 Sabini
1008 1020 1277 1092 episcopi,
1327 1021 1596 1076 Goslaria:
1650 1039 1754 1092 per
1800 1022 1965 1077 illum

267 1110 476 1165 direxit
506 1110 720 1164 ibidem
753 1126 856 1164 sua
885 1109 1170 1164 industria
1196 1109 1258 1162 in
1289 1110 1498 1164 celebri
1557 1111 1679 1164 loco
1737 1110 1849 1181 (46)
1883 1128 1967 1165 re~

266 1199 581 1271 ponendas.
637 1198 949 1268 Episcopus
1001 1214 1230 1269 quoque
1288 1199 1510 1253 mellito
1570 1199 1838 1254 affamine
1905 1204 1969 1253 ut

267 1285 641 1358 magisteriali
671 1284 1088 1349 moderamine,
1119 1289 1181 1337 ut
1213 1285 1501 1355 quondam
1536 1302 1715 1355 puero
1746 1286 1964 1340 allude-

264 1375 383 1440 bat,
415 1375 636 1444 agenda
677 1389 923 1444 quasque
959 1373 1461 1438 commemorabat,
1517 1374 1794 1444 fugienda
1849 1389 1969 1427 sua-

266 1463 435 1518 debat
454 1463 620 1528 vicia,
654 1479 840 1516 mores
870 1462 1131 1516 omnium
1165 1462 1454 1532 aequitatis
1484 1463 1646 1517 lance
1701 1477 1962 1534 pensare,

266 1551 604 1624 patientiam
659 1551 1166 1605 familiarissimam
1211 1551 1272 1605 in
1323 1551 1541 1605 cunctis
1601 1551 1967 1605 vernaculam

267 1639 717 1708 sibiconciliare,
754 1644 884 1694 ante
925 1639 1141 1709 omnia,
1189 1656 1261 1694 ne
1317 1640 1456 1711 quid
1507 1640 1751 1694 nimium
1802 1638 1968 1709 perti-

267 1729 487 1785 naciter
538 1729 798 1783 intentet.
842 1728 936 1780 His
982 1729 1157 1799 gestis
1233 1729 1569 1783 unanimem
1629 1728 1964 1798 magistrum

267 1817 328 1873 in
383 1817 702 1888 hospitium
759 1817 994 1883 ducens,
1053 1817 1352 1888 exquisitis
1402 1817 1565 1872 donis
1597 1821 1963 1884 remunerat;

269 1907 473 1962 deinde
501 1905 810 1977 apostolico
863 1912 1192 1973 convocato,
1226 1905 1632 1961 benedictione
1697 1907 1829 1960 data
1874 1923 1966 1958 ca-

265 1995 561 2050 rissimum
593 1995 936 2065 magistrum
962 1995 1113 2049 inter
1141 1995 1334 2048 oscula
1376 1995 1577 2049 ﬂentes
1627 1994 1726 2049 Dei
1782 1994 1966 2064 gratia

269 2097 407 2152 pace
438 2081 757 2135 dimittunt.
783 2081 975 2136 Socios
1007 2097 1238 2152 quoque
1270 2082 1375 2135 viae
1433 2098 1497 2135 ex
1556 2080 1673 2136 suis
1715 2080 1966 2151 impera-

267 2175 360 2226 tor
412 2187 540 2224 cum
581 2169 681 2224 illo
727 2170 940 2240 dirigit,
975 2170 1075 2241 qui
1105 2186 1239 2224 eum
1296 2170 1604 2236 deducant,
1636 2169 1705 2223 ad
1741 2187 1798 2223 se
1831 2185 1970 2240 quo-

272 2275 383 2330 que
463 2263 805 2324 remeantes,
883 2258 1037 2312 illius
1092 2259 1358 2324 salutem,
1451 2257 1675 2312 itineris
1736 2243 1972 2328 quoque

268 2345 710 2419 prosperitatem
740 2351 1048 2417 exponant.
1097 2346 1284 2400 Rebus
1340 2345 1536 2417 itaque
1578 2345 1677 2400 Dei
1717 2345 1965 2399 clemen-

272 2436 351 2490 tia
381 2440 582 2489 votum
637 2435 992 2502 cedentibus,
1049 2434 1284 2504 Papiam
1351 2433 1638 2504 pervenit,
1697 2434 1794 2488 ubi
1844 2433 1968 2502 ejus

270 2524 579 2580 adventum
627 2524 902 2594 praesules
930 2539 994 2577 ac
1023 2525 1260 2576 comites
1298 2522 1476 2576 totius
1512 2522 1756 2592 Liguriae
1796 2539 1967 2593 expe-

273 2613 524 2668 ctabant.
561 2612 778 2677 Quibus
809 2612 1160 2682 legationem
1192 2611 1554 2681 imperatoris
1589 2611 1764 2680 dedit,
1797 2616 1968 2682 atque

271 2702 336 2756 in
366 2701 578 2771 placito
616 2701 939 2766 considens,
999 2702 1167 2770 plura
1191 2717 1320 2754 cum
1355 2701 1469 2754 illis
1490 2701 1560 2754 de
1610 2700 1691 2753 rei
1724 2700 1969 2770 publicae

273 2789 621 2846 utilitatibus
657 2789 918 2843 contulit.
962 2788 1120 2842 Illius
1187 2805 1437 2859 namque
1485 2788 1725 2842 consilio
1782 2790 1969 2843 cuncti

267 2879 565 2951 parebant,
599 2877 755 2949 quia,
789 2883 1072 2948 quantum
1105 2877 1173 2930 ab
1206 2878 1549 2948 imperatore
1603 2877 1966 2948 diligeretur,

271 2967 540 3022 sciebant.
574 2967 683 3020 Leo
716 2966 930 3037 quippe
959 2966 1333 3020 Vercellensis
1371 2966 1694 3036 episcopus,
1756 2966 1840 3020 vir
1872 2966 1966 3021 lit-

2071 577 2313 643 advexit,
2351 593 2560 648 magno
2593 577 2813 630 honore
2846 575 2906 628 in
2937 575 3190 629 aacclesia
3221 575 3508 643 condidit;
3540 576 3785 631 immen-

2075 683 2195 721 sam
2226 683 2458 738 quoque
2505 665 2812 736 pecuniam
2844 665 2904 718 in
2948 664 3143 718 altaris
3183 665 3484 719 servitium
3513 671 3687 737 atque
3721 666 3784 720 in

2072 771 2211 809 usus
2266 769 2588 825 pauperum
2649 751 2934 823 expendit.
2994 753 3202 807 Totum
3255 758 3448 806 autem
3483 754 3782 825 festivum

2072 849 2303 914 tempus
2357 843 2417 896 in
2475 843 2858 895 exstructione
2911 857 3211 895 murorum
3274 819 3540 909 civitatis,
3601 858 3783 912 quam

2075 931 2502 987 Hildenesheim
2554 931 2940 991 inchoaverat.
3009 930 3237 997 institit,
3280 931 3572 986 interdum
3605 931 3780 986 etiam

2073 1022 2234 1092 gravi
2280 1021 2558 1076 stomachi
2598 1021 2863 1074 molestia
2900 1020 3202 1074 laboravit.

2144 1113 2232 1165 28.
2287 1111 2510 1164 Interea
2566 1109 2747 1177 affuit,
2797 1108 2866 1162 ab
2950 1108 3260 1178 apostolico
3323 1113 3382 1162 et
3427 1107 3780 1179 imperatore

2074 1198 2194 1252 vice
2216 1215 2377 1269 papae
2407 1199 2673 1266 directus,
2726 1197 3028 1252 cardinalis
3069 1197 3350 1268 presbiter
3404 1197 3776 1264 Fritliericns,

2075 1288 2342 1342 omnibus
2380 1287 2644 1358 insigniis
2727 1285 3053 1357 apostolicis
3111 1287 3225 1340 acsi
3279 1303 3428 1356 papa
3503 1286 3782 1356 procedat

2075 1375 2371 1440 infulatus,
2432 1376 2595 1447 equis
2655 1374 2965 1444 apostolica
3059 1375 3196 1428 sella
3265 1375 3524 1428 Romano
3614 1389 3781 1426 more

2077 1468 2232 1518 ostro
2252 1464 2548 1518 instratus.
2585 1464 2808 1534 Scripta
2838 1479 3070 1535 quoque
3102 1480 3133 1516 a
3165 1480 3315 1534 papa
3338 1468 3394 1516 et
3424 1463 3780 1533 imperatore

2077 1552 2356 1624 episcopis
2404 1557 2460 1606 et
2511 1553 2733 1607 coeteris
2791 1552 3149 1623 principibus
3198 1553 3523 1618 mittuntur,
3567 1555 3632 1605 ut
3663 1551 3779 1605 Bo-

2077 1657 2310 1695 manum
2353 1643 2607 1713 legatum
2667 1641 2844 1711 digno
2896 1641 3116 1696 honore
3151 1640 3486 1711 suscipiant,
3538 1640 3781 1711 ejusque

2076 1729 2353 1799 legationi
2437 1729 2836 1784 indubitanter
2910 1746 3133 1796 omnes,
3195 1729 3359 1799 quasi
3429 1728 3782 1799 apostolicus

2075 1834 2328 1887 praesens
2357 1822 2644 1882 cernatur,
2690 1817 2983 1871 oboediant
3015 1815 3100 1868 ¹⁰².
3153 1817 3556 1870 Convenerunt
3579 1815 3782 1885 itaque

2076 1907 2284 1962 Palitlii
2315 1907 2384 1961 ad
2432 1906 2714 1977 synodum
2779 1906 3001 1960 decimo
3035 1903 3104 1938 ¹⁰³
3148 1904 3432 1959 Kalendas
3459 1904 3595 1959 Julii
3627 1907 3776 1973 (Jun.

2076 1997 2188 2064 22),
2247 1995 2410 2064 juxta
2440 1995 2734 2048 decretum
2775 1993 3073 2063 apostolici
3106 1993 3509 2064 praescriptum
3548 1990 3634 2046 I0“.
3681 1992 3780 2046 Le-

2075 2089 2272 2155 gatum
2313 2100 2450 2153 ergo
2498 2083 2654 2136 vario
2716 2083 2918 2136 affectu
2951 2082 3281 2152 excipiunt;
3315 2080 3781 2151 archiepiscopus

2074 2188 2208 2226 vero
2243 2176 2298 2226 et
2327 2172 2426 2243 qui
2453 2172 2505 2224 ei
2535 2172 2801 2225 favebant
2832 2171 2978 2224 mira
3029 2170 3432 2242 indignatione
3463 2176 3519 2223 et
3551 2185 3781 2223 execra—

2075 2261 2226 2314 tione
2262 2261 2423 2314 illum
2449 2261 2814 2328 spernebant.
2841 2261 3155 2330 Episcopus
3206 2275 3337 2312 vero
3381 2257 3779 2324 Bcrnwardus,

2076 2354 2133 2402 et
2164 2347 2395 2402 Lievezo
2431 2346 2500 2386 ι⁰⁵
2534 2347 3123 2418 Hammenburgensis
3155 2347 3522 2416 archiprmsul
3564 2345 3783 2415 aliique

2075 2438 2399 2507 conplures,
2426 2441 2749 2489 reverenter
2809 2452 2941 2490 eum
2996 2436 3317 2490 tractabant
3370 2433 3784 2504 praecipuoque

2076 2525 2294 2580 honore
2327 2526 2611 2579 colebant.
2654 2524 2761 2578 Sed
2816 2528 3122 2595 postquam
3178 2523 3250 2576 ad
3305 2523 3614 2576 concilium
3648 2538 3786 2575 ven-

2079 2619 2201 2668 tum
2233 2618 2336 2680 est,
2367 2613 2455 2667 vix
2490 2613 2600 2666 dici
2631 2613 2863 2683 poterit,
2899 2618 3114 2682 quanta
3135 2611 3416 2665 seditione
3444 2615 3499 2666 et
3523 2612 3780 2665 tumultu

2077 2701 2416 2772 agitaretur.
2463 2703 2606 2755 Nam
2628 2717 2733 2755 nec
2788 2701 2945 2754 locus
2977 2700 3245 2754 sessionis
3305 2699 3514 2754 vicario
3544 2705 3782 2770 aposto-

2077 2789 2171 2844 lici
2203 2790 2443 2845 idoneus
2473 2789 2824 2855 conceditur,
2857 2789 3147 2844 horribilis
3197 2788 3470 2858 strepitus
3528 2787 3784 2858 ingemi-

2078 2884 2265 2946 natur,
2299 2879 2394 2949 jus
2449 2877 2646 2950 fasque
2688 2877 2756 2914 ¹⁰⁶
2804 2878 3255 2948 contempnitur,
3311 2876 3586 2930 canonica
3617 2877 3785 2930 disci-

2078 2968 2237 3039 plina
2276 2968 2626 3020 annullatur.
2681 2966 2931 3020 Vicarius
2983 2966 3129 3020 inter
3168 2967 3467 3036 episcopos
3522 2965 3782 3020 Lievizo-

276 3056 416 3112 teris
443 3055 720 3121 eruditus,
763 3054 923 3108 fandi
973 3070 1205 3125 quoque
1268 3054 1434 3124 copia
1489 3054 1856 3121 exercitatus,
1897 3057 1966 3110 ad
1997 3057 2038 3112 C
2076 3073 2205 3112 nem
2241 3053 2309 3094 ¹⁰⁷
2335 3061 2392 3109 et
2421 3055 2786 3111 Berwardum
2850 3056 3072 3122 sedens,
3127 3055 3426 3126 apostolici
3481 3054 3694 3125 scripta
3727 3058 3787 3107 et

272 3161 438 3200 suam
459 3144 748 3198 civitatem
779 3143 1027 3197 maximo
1085 3143 1307 3197 honore
1337 3148 1394 3196 et
1423 3143 1629 3197 affectu
1662 3143 1830 3198 illum
1886 3143 1971 3198 in-

272 3233 506 3301 vitavit;
537 3232 628 3285 vix
662 3248 896 3302 quoque
926 3231 1200 3295 obtinuit;
1244 3231 1713 3302 praeveniensque
1740 3232 1972 3286 collecto

276 3320 526 3375 maximo
578 3319 646 3356 ¹⁰¹
703 3319 841 3372 cleri
895 3319 1212 3389 populique
1270 3324 1438 3385 cmtu,
1497 3318 1557 3372 in
1609 3319 1835 3373 laudem
1874 3321 1973 3374 Dei

275 3407 494 3464 cunctis
552 3407 949 3478 psallentibus,
978 3406 1272 3477 campanis
1327 3423 1560 3478 quoque
1591 3408 1974 3477 fpersonanti-

275 3499 406 3566 bus,
456 3513 574 3552 non
631 3496 846 3549 minori
893 3496 1112 3550 ambitu
1146 3512 1321 3567 quam
1372 3496 1419 3550 si
1472 3513 1623 3568 papa
1680 3497 1977 3552 adveniret

277 3590 535 3656 excepto,
563 3584 875 3654 omniaque
918 3584 978 3638 in
1029 3584 1348 3639 ministerio
1379 3585 1501 3655 ejus
1533 3585 1974 3656 opulentissimo

277 3676 414 3730 luxu
459 3679 738 3746 quantum
773 3673 1144 3744 imperatum,
1175 3678 1260 3727 est
1279 3673 1579 3744 impendit,
1610 3673 1775 3728 donis
1830 3690 1974 3745 quo-

279 3781 392 3836 que
431 3763 653 3817 eximiis
678 3763 1003 3816 honoravit.
1035 3763 1229 3818 Socios
1259 3779 1492 3834 quoque
1515 3779 1644 3816 cum
1674 3763 1772 3817 illo
1799 3763 1974 3829 misit,

279 3853 380 3925 qui
410 3852 674 3924 sequenti
727 3852 818 3906 die
858 3852 1178 3922 hospitium
1235 3852 1422 3922 plenis
1475 3851 1653 3921 copiis
1709 3852 1974 3922 provide-

279 3942 440 3996 bant.
496 3941 632 3996 Inde
686 3957 790 4012 per
840 3941 1061 3994 diversa
1126 3941 1249 3994 loca
1313 3945 1370 3994 et
1421 3940 1672 3994 civitates
1717 3940 1976 4008 veniens,

283 4029 672 4102 plurimorum
730 4028 1085 4098 benignitate
1122 4028 1182 4081 in
1214 4028 1409 4082 multis
1454 4029 1588 4082 locis
1643 4045 1797 4094 usus,
1851 4029 1977 4082 clu-

281 4135 372 4172 sas
411 4118 706 4184 excedens,
771 4116 1012 4186 Alpibus
1059 4118 1166 4184 (47)
1201 4117 1327 4170 'Dei
1390 4116 1608 4187 pietate
1674 4117 1974 4187 superatis,

281 4205 632 4262 Octodorum
663 4205 776 4275 (48)
811 4209 1269 4275 praetergressus,
1300 4206 1605 4274 Agaunum
1637 4204 1748 4274 (49)
1815 4205 1975 4270 adiit,

279 4294 477 4364 ibique
521 4311 555 4348 a
610 4293 877 4360 Rodulfo,
947 4309 1084 4364 rege
1142 4292 1507 4363 Burgundiae,
1575 4292 1975 4346 liberalissime

281 4383 582 4453 excipitur.
647 4382 756 4447 Qui
838 4381 1074 4436 tradidit
1129 4381 1398 4452 episcopo
1453 4380 1512 4434 in
1565 4381 1975 4451 proprietatem

281 4472 432 4526 infra
459 4471 695 4543 Papiam
729 4487 856 4525 cum
891 4472 1280 4541 manuscripto
1310 4474 1424 4523 tres
1477 4469 1726 4538 curtiles,
1768 4475 1825 4524 et
1877 4487 1978 4524 sua

281 4561 701 4631 subscriptione
765 4560 1037 4630 anulique
1077 4558 1458 4629 impressione
1493 4558 1804 4614 roboravit.
1839 4559 1976 4613 lnde

287 4649 387 4703 Dei
412 4649 596 4718 gratia
635 4649 892 4702 munitus
923 4649 1232 4715 divertens,
1281 4663 1559 4718 prospero
1621 4646 1722 4700 Dei
1768 4646 1979 4716 pietate

283 4736 486 4790 itinere
521 4736 951 4792 Hildenesheim
991 4753 1122 4791 cum
1171 4736 1424 4790 maximo
1483 4734 1621 4790 cleri
1678 4735 1978 4806 plebisque

283 4825 540 4896 tripudio
567 4826 628 4880 in
667 4831 861 4881 sancta
884 4826 1191 4882 festivitate
1249 4826 1514 4896 heroycaa
1564 4841 1742 4879 caena:
1798 4823 1978 4878 intra-

2047 3145 2050 3148 ⁴
2081 3145 2426 3216 legationem
2459 3145 2526 3198 ad
2558 3144 2857 3214 episcopos
2880 3161 2936 3197 se
2967 3143 3204 3209 habere;
3260 3144 3591 3197 facultatem
3651 3159 3783 3197 exe-

2082 3233 2297 3306 quendi
2339 3249 2469 3304 quae
2524 3233 2689 3296 ferat,
2738 3232 2847 3286 sibi
2895 3232 3151 3286 exhiberi
3183 3233 3400 3286 orabat.
3468 3233 3785 3302 Impetrato

2081 3322 2334 3392 denique
2388 3319 2459 3354 ¹⁰⁸
2490 3319 2743 3383 silentio,
2774 3321 2961 3391 primo
2991 3321 3144 3375 dulci
3175 3319 3443 3374 affamine
3475 3319 3784 3390 episcopos

2084 3412 2153 3467 de
2211 3426 2350 3481 pace
2381 3417 2436 3464 et
2464 3409 2701 3464 caritate
2731 3417 2788 3463 et
2832 3409 3137 3464 concordia
3159 3414 3507 3475 commonet,
3567 3407 3782 3462 deinde

2085 3500 2386 3570 epistolam
2436 3515 2600 3568 papa:
2637 3498 3069 3568 archiepiscopo
3125 3498 3448 3568 specialiter
3501 3497 3782 3551 directam

2084 3585 2324 3656 profert,
2347 3584 2694 3655 publiceque
2741 3584 2799 3638 in
2833 3583 3070 3638 auribus
3101 3585 3361 3638 omnium
3393 3584 3620 3637 recitari
3658 3600 3786 3655 pre-

2084 3680 2263 3728 catur.
2299 3675 2482 3739 Quam
2516 3689 2645 3726 cum
2687 3673 3151 3744 archiepiscopus
3183 3678 3417 3744 tangere
3474 3673 3558 3725 vel
3589 3672 3783 3725 videre

2087 3762 2497 3832 dedignaretur
2546 3759 2643 3828 “9,
2695 3761 3330 3833 episcoporumjudicio
3354 3762 3540 3832 palam
3575 3765 3662 3814 est
3694 3776 3782 3813 re-

2085 3851 2283 3905 citata:
2328 3849 2390 3904 in
2445 3866 2560 3921 qua
2614 3849 2738 3920 ipse
2774 3850 3075 3921 episcopus
3100 3856 3294 3921 aperte
3346 3849 3658 3920 corripitur
3690 3847 3780 3914 11°,

2086 3945 2143 3994 et
2163 3939 2234 3993 de
2255 3940 2508 3992 fraterna
2536 3939 2848 3992 concordia
2877 3944 2933 3992 et
2993 3937 3344 3993 obmdientia
3393 3942 3780 3992 ammonctur.

2086 4027 2341 4082 Vicarius
2371 4033 2563 4081 autem
2594 4027 2858 4098 quamvis
2883 4029 2941 4062 ¹¹¹
3005 4027 3496 4098 archiepiscopum
3554 4026 3785 4079 irritare

2087 4131 2297 4187 magno
2325 4116 2510 4170 studio
2557 4121 2836 4186 parceret,
2866 4120 3058 4169 tamen
3091 4115 3216 4170 miti
3260 4115 3456 4181 atlatu,
3487 4129 3781 4186 quaecum-

2087 4221 2200 4276 que
2247 4204 2331 4258 illi
2389 4203 2753 4275 objiciantur,
2815 4203 3171 4257 oboedienter
3221 4203 3466 4257 fratrum
3513 4203 3784 4256 consultu

2087 4292 2429 4360 satisfacere,
2485 4293 2796 4363 apostolica
2835 4292 3173 4347 auctoritate
3220 4296 3568 4345 commonet.
3600 4291 3786 4360 Super

2088 4381 2197 4448 his,
2233 4380 2341 4434 etsi
2363 4380 2718 4451 indignatus,
2759 4381 3062 4450 consilium
3086 4397 3119 4434 a
3147 4380 3420 4434 fratribus
3475 4383 3531 4432 et
3577 4379 3786 4449 praeci-

2085 4485 2200 4540 pue
2254 4469 2323 4523 ab
2405 4470 2828 4540 archiepiscopo
2887 4469 3188 4523 Lievizone
3243 4469 3469 4539 quaerit.
3528 4468 3612 4522 Ad
3668 4468 3790 4522 hinc

2088 4558 2204 4624 ille,
2228 4557 2448 4612 bonum
2481 4558 2590 4612 sibi
2624 4557 2822 4625 videri,
2853 4558 2989 4630 quia
3017 4559 3182 4612 laesus
3212 4557 3386 4614 frater
3417 4556 3792 4611 dominorum

2089 4651 2438 4709 nostrorum,
2469 4647 2792 4718 apostolici,
2839 4654 2897 4702 et
2949 4647 3334 4717 imperatoris,
3385 4647 3658 4716 suffragia
3691 4663 3792 4717 pe-

2089 4735 2199 4797 tiit.
2234 4751 2430 4790 coram
2458 4735 2667 4789 vicario
2726 4735 2914 4802 illum,
2974 4735 3377 4806 episcoporum
3429 4734 3650 4805 judicio
3699 4753 3796 4789 sa-

2090 4823 2356 4878 tisfaciat.
2415 4825 2615 4879 Janus;
2665 4823 2900 4878 interim
2944 4823 3213 4878 ecclesiae
3263 4823 3623 4895 panduntur,
3663 4823 3799 4878 laici

1705 4982 1942 5036 νΑΒιτΕ
1980 4981 2380 5038 LECTIONES.

357 5093 426 5133 ¹⁰¹
469 5094 726 5150 collectio
807 5093 1061 5149 maxima
1146 5097 1194 5149 t.

286 5166 492 5222 affectu
523 5166 817 5235 excipiunt
848 5165 1331 5236 archiepiscopus,
1366 5173 1424 5220 et

1286 5095 1370 5150 hic
1425 5099 1609 5166 pergit
1661 5099 1714 5150 2.
1795 5094 1866 5131 ¹⁰⁸
1919 5098 1979 5151 Χ.
2046 5097 2134 5151 Kl.
2167 5095 2302 5166 Julii
2354 5099 2404 5150 2.
2482 5095 2553 5134 ¹⁰⁶
2600 5095 2985 5166 Prescriptum

1463 5167 1561 5238 qui
1589 5183 1720 5220 eum
1745 5166 2011 5220 favebant
2066 5171 2119 5220 2.
2199 5165 2267 5238 ’95
2317 5166 2523 5222 lieuizo
2573 5165 2863 5223 hammab.
2914 5171 2968 5221 2.

3044 5095 3260 5202 qgippe
3321 5095 3576 5163 legatum
3637 5097 3800 5151 vario

3046 5170 3061 5202 t
3145 5174 3196 5202 at
3250 5167 3330 5202 ειη
3385 5169 3416 5202 6)
3520 5164 3589 5202 :07
3633 5167 3800 5202 Han]-

3145 5164 3204 5219 et
3249 5167 3332 5222 fas
3385 5169 3437 5222 2.
3520 5164 3589 5205 ¹⁰⁷
3633 5167 3804 5222 Haul-

228 5304 234 5310 ο
288 5253 490 5292 zonem
517 5234 771 5308 Ἀκρίας.
856 5234 926 5273 ¹⁰⁸
964 5234 1160 5308 itaque
1208 5234 1272 5292 ‘2.
1352 5236 1422 5274 ¹⁰⁹
1450 5234 1755 5309 indignum
1785 5238 2017 5291 duceret
2045 5240 2098 5291 2.
2177 5236 2248 5276 ¹¹⁰
2267 5238 2522 5309 carpitur
2552 5243 2603 5292 2.
2686 5239 2750 5276 ¹¹¹
2782 5254 3132 5310 quamquam
3171 5241 3228 5292 2.

1927 5362 2150 5417 NOTAE].

362 5477 474 5545 (46)
500 5477 755 5532 Goslaria
783 5477 961 5547 igitur
993 5495 1059 5532 eo
1081 5478 1203 5548 jam
1235 5482 1510 5549 tempore,
1554 5476 1983 5549 metallifodinis

292 5546 497 5599 Ottone
529 5549 572 5600 l.
606 5546 882 5616 regnante
918 5546 1174 5616 detectis,
1210 5546 1448 5603 celebris
1495 5553 1618 5602 erat
1670 5552 1726 5603 et
1778 5546 1986 5602 diocesi

297 5616 775 5672 Hildesheimensi
795 5619 1097 5691 adscripta.

2167 5477 2276 5543 (47)
2316 5479 2504 5531 Monte
2535 5478 2707 5531 Jovis.

2169 5547 2277 5616 (48)
2317 5549 2656 5602 Martinach.

2171 5620 2282 5688 (49)
2311 5619 2367 5672 8.
2401 5619 2614 5674 Moritz.
