3968 6396
185 376 291 432 417

183 591 535 663 Mogontiuis
595 589 987 645 exultantibus
1020 587 1090 628 ¹¹²
1122 605 1280 643 arma
1309 590 1625 660 exposcunt
1671 592 1758 655 ⁸⁸³,
1783 589 1897 644 im-

182 699 417 737 mensas
453 681 639 735 minas
686 680 959 751 ingerunt.
1006 677 1076 715 ¹¹⁸
1105 679 1375 733 adversus
1421 678 1715 749 apostolici
1743 679 1897 733 vica-

183 773 342 825 rium
374 777 431 824 et
486 770 891 824 Bernwardum
923 770 1275 839 episcopum.
1334 769 1575 839 Legatus
1623 771 1811 821 autem
1841 774 1898 822 et

187 861 498 931 episcopus
533 858 928 921 Bernwardus,
988 874 1092 911 nec
1143 857 1401 911 tumultu
1458 856 1617 922 moti,
1652 873 1757 911 nec
1787 857 1892 910 mi-

187 950 278 1003 nis
309 948 517 1014 territi,
573 947 706 1000 licet
754 946 1179 1025 numerosiores
1210 946 1490 1000 haberent
1522 946 1769 1000 militum
1803 963 1895 1000 co-

188 1038 335 1108 pias,
368 1053 485 1091 non
519 1053 680 1089 arma
734 1036 1009 1100 fremunt,
1066 1036 1165 1088 sed
1233 1034 1577 1088 seditionem
1638 1051 1894 1104 compes-
1946 1066 1948 1068 τ

187 1132 345 1180 cunt.
381 1125 644 1197 Episcopi
692 1124 992 1194 negotium
1045 1123 1105 1176 in
1148 1131 1441 1194 posterum
1490 1123 1644 1177 diem
1699 1128 1897 1193 prote-

186 1215 428 1271 landum
462 1213 528 1252 ¹¹⁵
577 1217 914 1283 suggerunt,
972 1211 1033 1265 in
1095 1213 1269 1266 fidem
1328 1228 1490 1266 suam
1555 1212 1893 1282 suscipiunt,

186 1301 685 1372 archiepiscopum
735 1301 1117 1355 adventuram
1168 1300 1573 1371 justiciamque
1613 1300 1899 1355 oboedien-

184 1397 277 1446 ter
304 1398 699 1446 executurum.

259 1485 346 1537 29.
406 1482 633 1535 Interea
679 1479 1142 1550 archiepiscopus
1195 1478 1389 1532 furore
1431 1478 1613 1532 nimio
1660 1493 1891 1531 succen-

184 1587 283 1625 sus
314 1570 632 1641 egreditur,
665 1586 838 1640 quem
897 1568 1047 1622 infra
1077 1585 1345 1622 coronam
1378 1567 1621 1621 fratrum
1651 1568 1894 1622 vicarius

182 1660 533 1730 insequitur,
593 1664 651 1712 et
696 1660 885 1711 banno
928 1657 1252 1727 apostolica;
1295 1657 1649 1710 auctoritatis
1700 1656 1770 1711 ad
1804 1674 1891 1728 sy-

182 1749 408 1801 nodum
443 1748 503 1801 in
549 1748 790 1802 eandem
824 1746 1138 1800 meclesiam
1180 1744 1445 1816 sequenti
1477 1746 1727 1799 diluculo
1755 1746 1896 1798 invi-
1928 1787 1967 1840 Β

182 1843 300 1903 tat;
361 1838 557 1907 sicque
622 1837 719 1889 illa
775 1836 920 1888 actio
953 1836 1140 1888 soluta
1170 1833 1236 1879 ἰδ
1260 1840 1362 1889 est.
1400 1834 1676 1888 Matutino
1704 1834 1895 1904 itaque

180 1926 527 1997 crepusculo
561 1926 705 1978 clam
760 1924 1241 1994 archiepisc0pus,
1303 1922 1571 1976 omnibus
1619 1921 1895 1990 ignoran-

180 2016 361 2081 tibus,
390 2032 521 2069 cum
571 2014 684 2067 suis
725 2014 1014 2067 abscessit.
1058 2012 1312 2065 Vicarius
1345 2018 1535 2065 autem
1596 2009 1662 2045 “7
1694 2028 1897 2063 secun-

179 2106 317 2159 dam
351 2104 635 2158 actionem
693 2103 895 2174 synodi
939 2103 1196 2172 sequenti
1231 2102 1323 2155 die
1382 2100 1531 2166 (Jun.
1592 2103 1682 2165 23)
1742 2100 1899 2152 ador-

181 2210 304 2260 sus,
341 2193 399 2246 in
451 2192 739 2263 principio
796 2190 1037 2245 actionis
1091 2190 1583 2260 archiepiscopum
1626 2187 1896 2259 inquirit;

182 2295 384 2350 quem,
409 2277 547 2349 quia
575 2294 688 2331 non
737 2276 956 2343 aderat,
987 2276 1057 2328 ab
1108 2274 1266 2327 omni
1298 2273 1605 2344 episcopali
1638 2273 1896 2326 ministe-

181 2368 274 2420 rio
321 2383 502 2437 usque
556 2366 622 2418 ad
666 2364 1035 2435 praesentiam
1087 2380 1251 2433 papa!
1309 2362 1625 2432 suspendit.
1670 2361 1898 2415 Cunctis

180 2472 323 2509 vero
355 2454 642 2525 episcopis
672 2454 956 2524 synodum
987 2452 1046 2504 in
1078 2451 1253 2505 natali
1284 2450 1514 2504 Domini
1543 2451 1612 2504 ad
1644 2466 1896 2520 praesen-

180 2544 327 2599 tiam
378 2559 543 2614 papa:
603 2542 915 2613 apostolica
966 2540 1304 2595 auctoritate
1345 2538 1897 2608 iudicit;archiepi-

179 2649 359 2703 scopo
406 2632 785 2685 nihilominus
835 2630 1045 2698 scripta
1102 2629 1161 2681 in
1216 2629 1368 2681 hunc
1407 2628 1644 2681 modum
1668 2627 1893 2695 dirigit:

181 2723 331 2787 Quia
383 2721 586 2788 synodo
634 2726 685 2774 te
739 2720 1073 2773 subtraxiin
1103 2722 1151 2770 et
1169 2718 1342 2785 jussis
1375 2716 1895 2784 Romanipontiﬂcis

179 2811 514 2864 inobcediens
569 2808 751 2876 fuisti,
810 2810 1135 2860 auctoritate
1191 2810 1502 2859 sanctorum
1532 2805 1895 2872 apostolorum

180 2902 337 2955 Petri
377 2904 426 2952 et
455 2897 637 2966 Pauli,
691 2903 739 2951 et
797 2899 1015 2950 illorum
1072 2897 1271 2948 vicarii
1322 2910 1484 2963 papa:
1515 2893 1765 2948 Silvestri
1797 2890 1888 2957 “9,

179 2989 252 3043 ab
287 2991 436 3043 omni
487 2987 812 3041 sacerdotali
860 2987 1043 3053 ofﬁcio
1090 2984 1232 3038 scias
1292 2988 1340 3037 te
1394 2998 1563 3052 usque
1618 2983 1692 3035 ad
1747 2998 1892 3051 pra:-

178 3081 418 3133 sentiam
447 3076 599 3132 illius
654 3090 991 3145 suspensum.
1054 3073 1145 3128 Sic
1178 3070 1250 3107 “9
1303 3073 1553 3126 secunda
1599 3072 1742 3125 actio
1770 3076 1890 3124 ter—

178 3167 407 3221 minata
441 3170 543 3219 est.

256 3254 347 3307 30.
382 3249 636 3303 Vicarius
688 3253 877 3301 autem
912 3246 981 3282 ¹²⁰
1033 3262 1162 3299 cum
1214 3245 1423 3299 domno
1458 3244 1725 3314 episcopo
1760 3244 1890 3299 Ber-

178 3340 419 3396 nwardo
466 3339 828 3409 aliquantum
868 3340 1149 3402 moratus,
1190 3333 1497 3405 praecipuis
1553 3334 1891 3387 muneribus

175 3432 305 3502 ipse
335 3433 393 3483 et
421 3444 621 3481 omnes
654 3426 740 3479 sui
790 3423 1162 3488 remunerati,
1210 3423 1267 3476 in
1297 3438 1437 3493 pace
1483 3422 1751 3475 dimissus
1778 3426 1890 3489 est;

174 3517 638 3591 perveniensque
693 3515 754 3549 ¹²¹
806 3514 875 3567 ad
926 3511 1300 3583 apostolicum
1359 3516 1413 3564 et
1458 3510 1888 3581 imperatorem,

174 3605 492 3677 legationis
532 3604 795 3657 ordinem
828 3602 1073 3671 aperuit.
1098 3600 1282 3669 Super
1312 3616 1427 3670 quo
1469 3600 1719 3668 graviter
1749 3600 1895 3653 indi-

177 3696 344 3769 gnati
369 3694 456 3761 ¹²²,
510 3694 719 3763 jubent
768 3690 1063 3745 universos
1109 3688 1440 3742 Theotiseos
1480 3688 1544 3723 ¹²⁸
1597 3687 1893 3759 episcopos

178 3787 333 3840 circa
364 3783 554 3838 natale
578 3779 806 3835 Domini
826 3779 897 3832 ad
929 3780 1157 3832 illorum
1202 3778 1572 3847 praesentiam
1602 3777 1891 3846 festinare,

180 3892 303 3931 non
336 3874 521 3927 solum
553 3872 622 3925 ad
666 3869 970 3940 synodum,
1034 3867 1130 3921 sed
1162 3884 1292 3919 cum
1336 3866 1496 3920 omni
1528 3882 1631 3920 suo
1662 3866 1894 3919 vassati-

181 3982 250 4020 co
278 3966 386 4031 (50)
414 3962 491 4015 ita
514 3963 580 3996 ¹²⁴
600 3960 924 4022 instructos,
957 3960 1020 4009 ut
1041 3956 1107 4009 ad
1141 3955 1377 4019 bellum,
1406 3971 1769 4025 quocumque
1793 3956 1897 4009 im-

184 4058 425 4125 perator
453 4048 771 4119 prmcipiat,
802 4047 1036 4117 possent
1064 4044 1393 4114 procedere.
1428 4044 1700 4097 Praefatus
1752 4060 1894 4114 quo—

184 4158 303 4213 que
347 4138 688 4194 Frithericus
743 4152 857 4189 non
889 4134 1071 4188 multo
1112 4138 1241 4203 post
1287 4132 1671 4202 episcopalem
1700 4134 1894 4187 cathe-

188 4231 357 4285 dram
391 4230 678 4282 Ravean
710 4224 974 4279 obtinuit.

265 4320 354 4372 3t.
395 4319 675 4371 Praeterea
732 4314 1031 4385 episcopus
1086 4310 1457 4365 Bernwardns
1504 4326 1738 4380 sperans
1798 4310 1896 4364 Dei

1573 375 1736 431 VlTA
1777 376 1832 431 S.
1878 378 2330 434 BERNWARDI.

182 502 677 567 intromittuntur,
737 498 804 555 ﬁt
859 496 1131 571 strepitus
1194 498 1593 570 tumultusque
1648 500 1891 571 validus,
1923 504 1965 555 A

3606 386 3712 443 418

2008 500 2083 555 sis
2111 503 2225 570 (51)
2256 500 2545 569 (ecclesiae,
2582 500 2691 556 sibi
2722 502 2792 557 ab
2821 500 3170 575 imperatore
3199 504 3490 573 traditam,
3523 513 3579 562 et
3598 510 3710 563 sol-

2006 590 2224 660 lempni
2255 591 2323 644 ab
2346 591 2470 661 ipso
2509 592 2869 646 dedicatione
2909 592 3271 647 devotissime
3298 602 3708 663 consecratam,

2006 684 2061 732 et
2126 680 2319 734 divino
2375 680 2605 734 servitio
2666 682 2965 745 excultam,
3018 682 3392 753 pluribusque
3422 683 3712 739 beneﬁciis

2006 784 2070 821 ac
2113 768 2280 821 donis
2311 769 2380 823 ab
2429 786 2494 822 eo
2523 770 2784 838 ditatam,
2817 771 2915 824 ubi
2947 771 3118 825 etiam
3151 789 3250 824 sua
3311 779 3617 827 matertera
3645 773 3712 811 ¹²⁶

2005 858 2204 910 matris
2262 858 2522 928 regimen
2566 859 2791 928 agebat,
2824 859 2882 912 in
2915 860 3207 929 praecipua
3235 861 3553 930 gfestivitate
3584 864 3710 916 ilia-

2005 961 2135 998 rum
2171 943 2236 980 ¹²⁷
2289 946 2447 1000 adire
2478 946 2839 1017 disponebat,
2890 948 3187 1018 praemisso
3238 949 3395 1003 omni
3431 957 3711 1021 apparatu

2006 1034 2076 1087 ad
2108 1039 2323 1087 tantam
2356 1035 2839 1105 sollempnitatem
2895 1037 3316 1091 confluentibus
3370 1040 3706 1095 necessario.

2008 1124 2147 1176 Cum
2192 1122 2311 1191 jam
2358 1123 2553 1176 omnia
2610 1128 2807 1194 parata
2862 1131 3052 1179 essent
3082 1131 3136 1179 et
3194 1126 3315 1195 ipse
3355 1127 3412 1180 in
3454 1130 3709 1199 proximo

2005 1210 2232 1265 futurus
2263 1216 2428 1278 esset,
2494 1213 2961 1281 supervenientes
3013 1219 3294 1268 nocturno
3324 1221 3582 1287 tempore
3614 1219 3712 1272 ho-

2006 1300 2190 1354 mines
2222 1300 2633 1371 archiepiscopi
2664 1307 2869 1356 cuncta
2897 1302 3231 1357 invadentes
3262 1304 3704 1374 dissipaverunt,

2007 1388 2332 1459 aliquantos
2365 1406 2496 1443 vero
2529 1390 2868 1445 domesticos
2917 1391 3169 1461 episcopi
3198 1393 3505 1447 crudeliter
3534 1410 3708 1449 caesos

2009 1478 2375 1532 dimiserunt.

2080 1568 2166 1619 32.
2228 1568 2340 1619 Hac
2394 1565 2608 1635 injuria
2651 1570 2864 1631 exacta,
2924 1566 3269 1620 venerabilis
3318 1570 3525 1638 praesul
3579 1572 3716 1626 Gan-

2008 1654 2275 1708 deneshei
2288 1671 2481 1708 mense
2494 1655 2817 1708 caanobium
2834 1655 2990 1709 adire
3005 1661 3321 1727 etquaeque
3354 1660 3713 1715 emendanda

2008 1748 2197 1796 essent
2251 1743 2537 1813 corrigere
2587 1744 2949 1814 disponebat,
2983 1762 3053 1798 ne
3090 1762 3203 1816 qua
3248 1763 3348 1800 sua
3378 1748 3544 1819 culpa
3566 1755 3712 1804 esset

2004 1832 2352 1900 neglectum.
2414 1832 2517 1886 Cui
2571 1832 2789 1886 obstitit
2863 1832 3145 1886 immensa
3206 1836 3514 1890 multitudo
3594 1856 3711 1893 non

2005 1921 2197 1973 minus
2251 1920 2425 1973 armis
2456 1920 2751 1986 instructa,
2785 1938 2959 1990 quam
2990 1923 3037 1974 si
3058 1922 3126 1975 ad
3174 1924 3469 1992 publicum
3493 1926 3709 1984 bellum

2002 2013 2364 2077 cogerentur.
2431 2009 2539 2061 Hos
2597 2008 2840 2061 concivit
2871 2008 2943 2043 ¹²⁸
2986 2010 3235 2081 SOphya,
3282 2018 3513 2068 cunctos
3553 2015 3707 2070 vide-

2004 2098 2135 2151 licet
2192 2114 2337 2167 quos
2389 2098 2478 2151 vel
2543 2098 2611 2152 de
2695 2099 2971 2152 vassatico
3031 2101 3445 2172 archiepiscopi
3502 2105 3588 2157 vel
3639 2107 3709 2160 de

2002 2186 2222 2240 familia
2262 2186 2416 2239 illius
2472 2202 2783 2240 convocare
2814 2192 3063 2257 poterat,
3120 2204 3320 2243 omnes
3374 2208 3505 2245 suos
3544 2199 3709 2247 notos

2004 2278 2061 2327 et
2085 2273 2415 2339 familiares,
2449 2277 2502 2327 et
2534 2274 2603 2327 de
2644 2274 2877 2344 propria
2907 2274 3127 2328 familia
3166 2292 3401 2330 manum
3430 2279 3703 2345 validam;

2002 2366 2191 2415 turres
2222 2366 2275 2415 et
2300 2361 2614 2415 munitiora
2644 2362 2765 2415 loca
2792 2362 2943 2417 circa
2973 2364 3285 2418 eecclesiam
3318 2373 3536 2420 armato
3562 2385 3709 2422 com-

2002 2450 2166 2522 plent
2191 2450 2394 2514 milite,
2428 2457 2485 2504 et
2502 2456 2698 2505 contra
2717 2468 2896 2505 unum
2921 2452 3238 2519 hominem,
3258 2470 3426 2508 suum
3447 2456 3711 2512 videlicet

2004 2538 2740 2611 episcopum,inermem,et
2760 2540 3223 2594 benedictionem
3238 2541 3349 2596 illis
3364 2550 3705 2613 portantem,

2002 2628 2082 2682 ita
2140 2628 2438 2682 castellum
2500 2629 2791 2693 muniunt,
2852 2629 3016 2699 quasi
3077 2630 3375 2685 barbarico
3410 2634 3709 2703 procinctu

2002 2733 2061 2770 se
2118 2717 2424 2771 defendere
2474 2722 2678 2787 parent
2726 2717 2830 2782 "9;
2864 2723 2927 2771 ut
2977 2719 3254 2772 veraciter
3282 2719 3421 2774 illud
3456 2724 3707 2792 Apostoli

1999 2804 2302 2875 impletum
2335 2805 2394 2859 in
2424 2806 2523 2860 illo
2556 2806 2842 2859 videatur:
2866 2807 3056 2861 Omnes
3079 2810 3177 2874 qui
3206 2812 3295 2875 pie
3314 2811 3498 2863 volunt
3531 2814 3709 2867 vivere

1998 2894 2058 2946 in
2108 2895 2331 2947 Christo
2384 2896 2803 2962 persecutionem
2857 2897 3138 2962 patientur
3168 2897 3265 2963 (II
3297 2899 3432 2950 Tim.
3471 2915 3550 2960 Ill.
3602 2903 3703 2968 t2).

2000 2980 2096 3035 His
2120 2982 2329 3051 praesul
2383 2982 2610 3048 auditis,
2645 2999 2774 3035 suos
2808 2982 2946 3052 quid
2978 2988 3112 3051 agat
3164 2986 3433 3039 Consulit.
3505 2988 3705 3041 Cuncti

1999 3070 2254 3141 periculo
2282 3071 2599 3124 cedendum
2652 3076 2939 3138 statuunt;
2974 3070 3305 3141 diriguntur
3335 3090 3567 3145 quoque
3608 3078 3705 3147 qui

2000 3160 2295 3213 veritatem
2355 3160 2661 3230 diligenter
2735 3160 3108 3230 investigent;
3177 3161 3275 3231 qui
3328 3164 3522 3216 omnia
3577 3180 3705 3236 quae

2001 3254 2329 3320 sparserant
2372 3246 2442 3283 ¹³⁰
2474 3265 2622 3313 vera,
2661 3251 2717 3303 et
2747 3248 2835 3302 his
2861 3249 3079 3319 majora
3103 3251 3462 3306 renunciant.

2072 3341 2161 3392 33.
2216 3340 2310 3391 His
2355 3338 2462 3391 hoc
2508 3338 2674 3391 modo
2705 3337 2899 3407 gestis,
2934 3338 3185 3409 episcopi
3218 3340 3547 3410 hujusmodi
3578 3359 3709 3397 con-

2002 3426 2338 3480 troversiam
2397 3425 2457 3479 in
2524 3426 2776 3479 mcclesia
2826 3426 3073 3496 grassari
3127 3435 3425 3483 cernentes
3486 3432 3572 3497 ¹³¹,
3612 3449 3705 3485 su-

2001 3528 2219 3582 perque
2275 3513 2420 3565 tanti
2477 3512 2584 3565 viri
2632 3518 2750 3566 tam
2803 3514 3074 3568 inauditis
3140 3520 3197 3569 et
3250 3516 3707 3573 intolerabilibus

2002 3600 2229 3670 injuriis
2244 3600 2486 3654 nimium
2514 3601 2790 3665 dolentes,
2816 3608 3157 3657 conventum
3179 3605 3611 3660 Francanavord
3641 3612 3707 3647 ¹³²

2003 3694 2133 3757 post
2181 3688 2632 3758 assumptionem
2685 3694 2893 3742 sanctze
2954 3690 3144 3744 Maria:
3201 3697 3493 3758 expetunt.
3556 3695 3706 3748 Invi-

2002 3782 2197 3830 tantur
2222 3777 2395 3830 etiam
2426 3776 2839 3847 archiepiscopi
2858 3778 3212 3832 Coloniensis
3239 3785 3295 3834 et
3322 3782 3703 3838 Treverensis.

2004 3867 2251 3919 Ventum
2297 3870 2353 3919 et
2403 3865 2474 3918 ad
2529 3866 2681 3919 diem
2730 3866 2979 3935 concilii,
3037 3868 3477 3937 przesidentibus
3527 3872 3707 3925 archi-

2006 3953 2310 4024 episcopis,
2375 3954 2661 4023 Willegiso
2719 3955 3124 4024 Mogontieusi,
3191 3956 3491 4012 Heriberto
3541 3960 3705 4014 Colo-

2006 4043 2211 4110 niensi,
2248 4044 2508 4097 Liudolfo
2562 4044 2916 4111 Treverensi,
2956 4060 3086 4098 cum
3117 4047 3335 4099 caeteris
3367 4048 3542 4101 servis
3582 4050 3706 4118 Dei,

2008 4134 2279 4187 Rethario
2336 4132 2883 4198 Patherbrunnensi,
2935 4133 3220 4189 Rodberto
3273 4135 3547 4205 Spirensi,
3604 4140 3705 4191 Be-

2008 4222 2238 4292 ringero
2300 4222 2365 4256 ¹³³
2432 4222 2724 4289 Vardensi,
2802 4223 3140 4293 Eggehardo
3212 4224 3561 4279 Sleswiceusi
3616 4227 3703 4281 ¹³¹³.

2006 4311 2113 4366 Sed
2171 4310 2307 4381 quia
2362 4311 2732 4381 Eggehardus
2793 4309 2860 4347 ¹³³
2899 4313 3020 4383 ipse
3056 4313 3474 4367 Hildenesheim
3507 4314 3705 4385 hospi-

187 4408 378 4479 gratia
409 4410 466 4459 et
518 4410 898 4473 utrorumque
940 4400 1268 4471 principum
1311 4399 1635 4463 clementia,
1671 4416 1897 4453 summa
1924 4384 1967 4436 Ῑ)
2008 4400 2252 4465 tabatur,
2286 4399 2585 4454 barbarico
2640 4401 2892 4453 tumultu
2945 4416 3048 4453 sua
3084 4400 3306 4454 civitate
3347 4407 3403 4455 et
3454 4384 3709 4457 ecclesia

187 4512 330 4569 pace
382 4512 439 4549 se
492 4499 982 4557 conversaturum,
1028 4489 1316 4544 abbatiam
1352 4486 1420 4524 ¹²⁵
1476 4488 1895 4542 Hildewarden-

2008 4488 2376 4559 depopulata,
2397 4489 2644 4543 domnus
2670 4489 3042 4542 Bernwardus
3074 4486 3144 4522 ¹³⁶
3161 4490 3421 4542 molestia
3451 4492 3708 4559 corporis

1605 4646 1847 4699 ὟΑΡιΙιΕ
1879 4646 2172 4701 LECTION
2185 4646 2279 4701 ES.

255 4778 337 4814 ¹¹²
381 4775 759 4832 excitantibus
810 4777 864 4828 2.
924 4770 993 4809 ¹¹³

177 4866 531 4905 numerosus
583 4846 889 4901 exercitus.
950 4839 1068 4897 Sed
1115 4858 1219 4895 nec
1272 4840 1525 4894 tumultu
1585 4843 1723 4893 moti
1778 4844 1829 4893 2.
1894 4839 1964 4877 “5

1051 4776 1293 4842 poscunt
1344 4773 1403 4824 2.
1442 4768 1534 4842 _“‘
1611 4769 1906 4842 ingerunt,
1942 4787 2091 4842 “cum
2137 4775 2330 4823 tamen
2390 4769 2541 4842 apud
2598 4769 2877 4842 vicarium
2933 4777 2990 4826 et
3046 4773 3369 4829 dominum.
3441 4778 3500 4831 Β.
3561 4782 3709 4833 esset

2005 4844 2288 4911 protelare
2331 4838 2443 4911 _2._
2470 4838 2543 4875 “°
2602 4840 2800 4895 relicta
2857 4858 2996 4896 corr.
3052 4846 3239 4900 soluta
3269 4850 3320 4899 2.
3380 4850 3446 4884 “7
3474 4866 3607 4903 vero
3651 4853 3703 4903 2.

177 4922 255 4959 ίίδ
306 4926 363 4975 in
420 4935 597 4986 marg.
641 4918 738 4987 qui
788 4914 1097 4987 Gerbertus
1141 4910 1301 4987 2.99
1360 4912 1437 4987 sic
1468 4918 1629 4987 “etis.
1688 4915 1747 4987 2._
1778 4907 2131 4987 nonamque
2165 4915 2215 4987 2.
2277 4907 2361 4987 "‘_
2401 4912 2742 4965 Perveniens
2790 4921 2984 4987 autem
3035 4915 3102 4969 ad
3134 4919 3184 4969 2.
3254 4917 3323 4953 ⁸²²
3350 4922 3621 4973 commoti
3650 4924 3703 4974 2.

178 4992 256 5029 ⁸³³
309 4992 620 5046 theutiscos
672 4992 725 5041 2.

789 4987 859 5023 1³η
914 4985 1058 5038 deest
1104 4987 1157 5037 2.
1196 4983 1263 5019 ¹²³
1319 4999 1370 5036 a.
1425 4982 1909 5035 hildiuuardensis
1976 4984 2245 5035 aecclesite
2312 4982 2383 5036 ab
2463 4986 2918 5037 antecessoribus
2988 4987 3105 5039 suis

3193 4988 3388 5043 divino
3468 4992 3705 5045 servicio

176 5065 462 5119 excultam
495 5067 667 5129 atque
698 5057 1085 5119 exercitatam,
1138 5055 1247 5108 sibi
1291 5070 1522 5123 quoque
1570 5054 1641 5107 ab
1698 5055 2043 5159 imperatore
2074 5054 2365 5119 traditam,
2413 5053 2505 5107 ubi
2538 5058 2596 5106 2.
2644 5055 2709 5089 ’⁷⁸
2766 5057 2822 5108 in
2852 5072 3026 5123 marg.
3064 5059 3300 5112 llemma
3347 5063 3705 5115 sanctissima

176 5152 285 5159 _-_
327 5149 494 5159 ,_.-...._
548 5130 821 5159 numnum
876 5128 1054 5159 multa
1107 5126 1232 5159 Puni}
1297 5125 1566 5159 ηιίμιιιηιιςι
1627 5128 1655 5159 ε)
1727 5127 1771 5159 η
1850 5124 2079 5159 {Hm-nm
2143 5128 2174 5159 ε)
2258 5123 2327 5159 ΜΒ
2376 5124 2647 5159 ηηηαρὶνίθ
2703 5129 2720 5159 Α
2801 5129 3119 5159 ηηηηίιιιικαι
3177 5132 3209 5159 ε)
3277 5129 3369 5159 429
3421 5139 3622 5159 ..........ι
3658 5138 3671 5159 ι

174 5152 286 5207 per
322 5125 824 5207 quanLDominus
876 5126 1238 5207 multanfacit
1297 5125 1567 5205 miracula
1627 5128 1677 5177 2.
1727 5127 1771 5161 ¹²

1849 5124 2081 5201 illorum
2143 5128 2194 5178 2.
2258 5123 2327 5160 "3
2376 5124 2650 5201 conscivit
2703 5129 2751 5179 t.
2801 5129 3123 5181 conciverat
3177 5132 3229 5182 2.
3277 5129 3369 5164 “9
3421 5138 3701 5201 paranti.

174 5196 410 5277 parent.
486 5203 981 5277 Mittuntdamen.
1015 5196 1237 5266 aliquos
1286 5196 1384 5265 qui
1429 5211 1728 5277 accensum
1772 5196 2041 5276 nonsine
2096 5212 2303 5265 magno
2337 5196 3018 5277 periculo_temptandum
3063 5201 3339 5263 referant;
3383 5196 3706 5255 consulcius

176 5266 301 5331 fore
357 5278 481 5329 loco
530 5272 870 5326 cedendum.
931 5269 1025 5322 Sin
1077 5284 1237 5320 secus
1292 5283 1465 5335 agere
1515 5266 1808 5329 deliberet,
1860 5266 2134 5320 nimirum
2204 5266 2521 5320 maximum
2579 5266 2897 5335 dampnum
2953 5272 3238 5324 conciliet.

3316 5273 3414 5325 His
3494 5275 3705 5342 prwsul

177 5348 392 5401 auditis
437 5349 492 5399 2.
551 5342 623 5380 ¹⁸⁰
780 5344 930 5394 fama
982 5342 1267 5419 sparserat
1314 5334 1365 5390 2’.
1426 5334 1488 5373 ’δ’
1556 5352 1603 5389 c.
1659 5354 1701 5390 s.
1773 5344 1812 5417 t_.
1873 5354 1924 5390 v.
1983 5343 2024 5390 t.
2090 5338 2127 5393 i.
2186 5344 2245 5392 et
2300 5338 2339 5392 i.
2399 5338 2437 5393 i.
2485 5355 2541 5392 n.
2592 5340 2648 5393 d.
2682 5334 2879 5395 desunt
2935 5343 2987 5394 2.
3048 5339 3119 5377 ¹³¹
3179 5334 3602 5398 francanafordi
3647 5347 3701 5397 2.

177 5417 251 5448 433
278 5420 558 5448 λιι-..πονο
588 5416 620 5448 ε)
702 5417 746 5448 ιι
774 5414 1158 5448 αιίοςιιυιρμπιςι
1190 5412 1243 5448 ⁶)’
1277 5405 1345 5447 1³⁵
1366 5407 1511 5448 dnpct
1538 5410 1567 5448 τ)
1617 5404 1686 5443 ιδο
1718 5424 2014 5448 nnmnnnne
2038 5411 2069 5448 ς>

177 5417 251 5453 ίδδ
273 5420 558 5487 berngero
588 5416 644 5469 2.

774 5404 1162 5466 sliesuviceusi
1190 5412 1243 5463 2.‘
1277 5405 1345 5447 1³⁵
1366 5407 1511 5461 deest
1538 5410 1591 5462 '2.
1617 5404 1686 5443 ⁸⁸⁸
1718 5408 2015 5479 episcopus
2038 5411 2097 5464 2.

1832 5520 2052 5574 ΝΟΤᾹΞ.

250 5637 364 5707 (50)
397 5629 778 5685 Vassallorum
808 5630 977 5679 coetu.

2070 5622 2184 5693 (51)
2247 5623 2744 5677 Hilwardshauseu
2776 5625 2846 5679 ad
2892 5626 3182 5691 Wiseram,
3234 5626 3381 5681 infra
3412 5629 3701 5687 Mundam.
