3968 6432
313 355 417 408 419
1308 352 1531 407 THANG
1543 353 1713 407 MARI
1762 349 2197 410 PRESBYTERI
2238 347 2827 407 HILDESHEIMENS.
3723 353 3822 406 420

312 474 641 545 impeditus,
707 474 774 528 ad
835 479 1178 529 conventum
1225 474 1347 529 vice
1407 492 1508 530 sua
1564 476 1725 531 illum
1785 474 2011 536 direxit.
2044 479 2091 531 Α
2131 472 2355 538 missus,
2406 471 2792 542 plurimorum
2851 469 3242 526 benivolentia
3298 488 3404 543 per
3455 459 3616 528 viam
3649 475 3823 544 gratia

314 564 526 618 addens
566 563 618 617 ei
667 563 886 617 socium
916 562 981 599 ¹³⁷
1036 565 1464 635 Thaugmarum
1496 562 1582 631 ηδ,
1629 564 2016 634 presbiterum

315 656 371 706 et
419 652 749 705 monasterii
796 652 1098 718 decauum,
1148 652 1248 724 qui
1282 653 1739 706 subcenturiatus
1770 653 2012 719 adesset,

314 741 360 794 si
393 733 529 812 quid
573 740 716 794 forte
769 739 990 794 adversi
1050 755 1114 794 ex
1164 745 1322 811 parte
1379 739 1793 810 archiepiscopi
1829 755 2014 794 emer-

315 829 496 882 sisset.
531 829 592 882 In
651 827 935 898 principio
962 829 1154 899 itaque
1210 829 1410 898 primm
1442 825 1510 864 “9
1560 827 1800 882 actionis
1823 827 2016 882 archi-

316 917 614 988 episcopus
665 917 876 970 mitiori
924 917 1105 970 relatu
1136 917 1409 971 fratribus
1461 917 1777 971 absentiam
1818 917 2015 971 domui

316 1005 637 1062 Bernwardi
693 1007 1079 1076 conqueritur,
1142 1005 1427 1076 justitiam
1476 1006 1728 1060 fraterno
1775 1005 2012 1077 judicio,

314 1095 362 1148 si
410 1096 649 1161 adesset,
707 1111 764 1148 se
795 1094 876 1148 illi
931 1095 1213 1149 facturum
1269 1096 1488 1150 asserit.
1522 1096 1760 1149 Econtra
1803 1111 1922 1149 non
1945 1101 2017 1149 te-

313 1185 577 1239 meritate
609 1184 692 1238 vel
733 1183 1145 1238 inoboedientia
1173 1185 1366 1238 deesse
1398 1183 1696 1251 refellitur,
1731 1183 1832 1238 sed
1856 1183 2015 1255 gravi

313 1272 564 1342 corporis
617 1271 881 1326 molestia
958 1271 1333 1341 impeditum:
1406 1287 1788 1343 quacumque
1859 1288 2015 1326 sacer

312 1365 621 1415 conventus
670 1360 861 1414 divino
917 1360 1059 1414 flatu
1094 1358 1160 1396 ¹⁴⁰
1199 1361 1520 1415 illustratus
1571 1361 1870 1427 deliberet,
1893 1365 2011 1415 sta-

311 1454 455 1516 tuat,
506 1447 595 1502 vel
652 1447 917 1517 imperet,
978 1447 1332 1502 oboedienter
1378 1465 1436 1502 se
1482 1449 1890 1503 obsecuturum
1948 1465 2013 1503 ac

311 1541 667 1591 servaturum
692 1537 777 1592 1“.
813 1536 902 1590 Sic
939 1551 1169 1608 quoque
1205 1542 1406 1591 mutua
1432 1537 1831 1592 benedictione
1857 1538 2006 1603 data,

309 1625 436 1696 ipsa
465 1625 556 1679 die
598 1625 742 1678 actio
776 1624 938 1678 finita
969 1630 1069 1678 est.
1113 1626 1384 1695 Sequenti
1417 1626 1507 1680 die
1534 1626 2008 1697 archiepiscopus,

311 1712 518 1781 quibus
557 1712 986 1783 impellentibus
1013 1713 1318 1781 incertum,
1353 1714 1673 1768 mordacior
1703 1713 1770 1752 ί⁴²
1794 1714 1864 1768 ad
1888 1730 2010 1767 ses-

309 1800 530 1854 sionem
579 1801 969 1871 progreditur.
1019 1801 1213 1871 Aliqui
1264 1818 1514 1872 namque
1567 1807 1624 1856 et
1669 1801 1903 1873 quidam
1939 1801 2006 1855 de

309 1888 590 1959 episcopis
645 1887 733 1956 “5,
765 1888 958 1942 favore
1007 1889 1162 1942 illius
1211 1889 1464 1955 adducti,
1524 1891 1853 1961 episcopum
1887 1893 2010 1944 Ber-

309 1978 603 2032 uwardum
635 1977 863 2048 publice
893 1977 952 2030 in
988 1979 1201 2049 synodo
1238 1979 1654 2050 requirendum
1684 1979 2011 2034 suadent'“

309 2067 709 2138 Thangmarus
774 2072 965 2120 autem
1053 2067 1336 2137 presbiter
1413 2067 1658 2122 domnos
1713 2068 2011 2139 episcopos

309 2160 654 2220 commouet,
718 2160 784 2210 ut
839 2155 1330 2226 archiepiscopum
1360 2173 1391 2209 a
1425 2155 1701 2226 pertinaci
1736 2156 2010 2210 animosi-

305 2248 420 2298 tate
458 2248 843 2313 compescaut.
909 2244 1163 2316 Denique
1218 2245 1318 2298 Dei
1346 2246 1560 2315 pietate
1593 2245 1787 2300 mitior
1817 2246 2007 2300 archi-

309 2332 522 2402 prassul
573 2332 846 2399 efﬁcitur;
901 2332 1240 2387 instantibus
1280 2338 1475 2388 tamen
1515 2335 1758 2403 cunctis,
1820 2339 1883 2388 ut
1907 2350 2008 2389 ve-

312 2421 576 2474 stituram
644 2421 1252 2475 Gandenesheimeusis
1320 2422 1566 2477 coenobii
1638 2423 2010 2477 Beruwardus

311 2509 519 2580 praesul
565 2509 902 2578 possideret,
962 2509 1119 2562 nullo
1171 2510 1339 2564 modo
1373 2510 1674 2582 episcopus
1703 2511 2008 2578 consensit,

313 2597 411 2651 sed
440 2603 502 2651 ut
531 2594 598 2633 ¹⁴⁵
644 2603 846 2652 neuter
877 2597 1130 2664 illorum,
1167 2615 1347 2670 usque
1396 2604 1621 2653 octavas
1650 2605 2009 2670 pentecostes

313 2685 614 2740 Fridislare
680 2683 746 2721 ¹¹¹⁶
802 2686 870 2740 ad
932 2687 1207 2756 palatium
1249 2687 1613 2754 conveniant,
1642 2705 1700 2742 se
1740 2690 1804 2724 “7
1835 2689 2011 2744 intro-

311 2774 521 2828 mittat.
551 2774 755 2845 Sicque
787 2775 1088 2829 concilium
1117 2775 1214 2829 Dei
1244 2777 1426 2846 gratia
1449 2777 1696 2830 solutum
1744 2779 1848 2831 est.

383 2866 471 2921 34.
525 2865 836 2935 Episcopus
902 2866 1141 2936 perinde
1193 2867 1440 2921 domnus
1499 2867 1869 2922 Bernwardus
1908 2883 2008 2938 ge-

310 2954 470 3008 mina
523 2953 702 3023 gratia
752 2953 973 3008 Italiam
1033 2955 1268 3009 ardebat
1325 2955 1503 3021 adire,
1545 2961 1833 3026 praecepto
1861 2955 2010 3010 vide-

2127 560 2346 616 domiui
2373 561 2461 614 sui
2496 578 2649 627 usus,
2695 561 3107 630 imperatorem
3140 561 3200 614 in
3230 561 3542 632 Spolitanis
3571 562 3822 633 partibus

2126 651 2402 722 repperit,
2431 668 2463 705 a
2509 667 2624 721 quo
2655 650 2856 704 merito
2888 651 3087 704 domui
3118 651 3371 722 episcopi
3413 651 3822 721 benignissime

2127 745 2444 811 susceptus,
2495 739 2791 809 apostolici
2841 739 3148 794 adventum
3190 739 3653 811 praestolabatur.
3688 739 3818 803 Qui-

2126 829 2233 884 bus
2278 828 2773 894 convenientibus,
2834 827 3183 899 legationem
3218 834 3275 882 et
3324 828 3534 898 scripta
3572 827 3822 894 tradidit,

2126 918 2472 988 imperatore
2539 919 2850 971 clementer
2911 917 3063 986 apud
3137 917 3516 987 apostolicum
3572 917 3824 988 episcopi

2123 1023 2376 1062 causam'
2410 1012 2818 1077 prosequente.
2882 1006 3099 1061 Deinde
3139 1007 3377 1077 jubetur
3427 1005 3708 1077 synodum
3739 1021 3828 1058 ex-

2123 1101 2371 1167 pectare,
2401 1111 2530 1166 quae
2584 1095 2734 1165 apud
2763 1095 3136 1148 Tudertinam
3164 1094 3451 1149 civitatem
3499 1094 3609 1164 (52)
3644 1095 3699 1147 in
3733 1109 3824 1146 na-

2121 1187 2234 1238 tale
2289 1185 2519 1239 Domini
2567 1183 2759 1237 futura
2807 1188 2947 1246 erat,
3006 1183 3172 1238 bonis
3227 1183 3496 1237 omnibus
3546 1199 3612 1237 ex
3665 1187 3824 1253 parte

2121 1273 2422 1344 utriusque
2440 1272 2716 1344 principis
2744 1272 3178 1344 opulentissime
3209 1277 3561 1326 sustentatus
3596 1269 3680 1324 '5’.

2194 1366 2280 1418 35.
2331 1361 2536 1416 Eodem
2569 1366 2825 1432 tempore
2858 1361 3201 1432 quibusdam
3222 1361 3396 1430 jussis
3418 1359 3826 1431 {imperialibus

2123 1451 2534 1517 obnitentibus,
2562 1449 2766 1516 gfrater
2810 1450 3132 1504 Bernwardi
3160 1451 3395 1504 Tammo
3431 1464 3622 1502 comes
3649 1447 3826 1518 impe-

2120 1541 2298 1595 ratori
2321 1546 2538 1612 gratus,
2572 1540 2658 1593 vir
2700 1544 2852 1593 certe
2911 1539 3072 1593 omni
3110 1555 3335 1592 morum
3365 1537 3648 1609 probitate
3675 1553 3824 1604 prai—

2121 1631 2324 1694 clarus,
2379 1629 2448 1683 ad
2498 1629 2650 1698 regis
2680 1628 2988 1700 imperium
3043 1629 3109 1664 ¹⁵³
3133 1625 3601 1696 Paternum(53),
3632 1625 3824 1679 muni-

2122 1722 2246 1772 tum
2282 1717 2443 1771 valde
2491 1717 2807 1782 castellum,
2861 1715 3100 1782 insedit;
3151 1715 3315 1786 cujus
3356 1714 3610 1768 sollertia
3653 1719 3824 1784 atque

2119 1805 2401 1860 industria
2429 1805 2486 1859 in
2520 1804 2632 1858 illis
2660 1804 2797 1858 locis
2828 1804 2971 1858 bene
2995 1805 3266 1858 tuebatur
3289 1819 3379 1857 res
3404 1802 3647 1874 publica.

2190 1897 2275 1949 36.
2309 1898 2475 1948 Auno
2525 1893 2833 1964 singularis
2864 1892 3172 1946 nativitatis
3214 1891 3442 1946 Domini
3473 1889 3652 1945 nostri
3692 1891 3825 1944 Jesu

2119 1983 2328 2038 Christi
2369 1982 2676 2037 millesimo
2710 1981 3316 2051 secundo,indictione
3370 1983 3454 2042 15,
3479 1979 3825 2050 apostolicus

2118 2089 2246 2126 cum
2279 2072 2626 2144 imperatore
2676 2070 3001 2125 Tudertium
3036 2070 3226 2124 natale
3284 2068 3514 2122 Domini
3571 2069 3825 2122 celebra-

2118 2162 2224 2227 vit;
2277 2160 2376 2215 ubi
2426 2160 2485 2215 in
2539 2159 2841 2214 festivitate
2900 2159 3083 2212 sancti
3153 2156 3387 2213 Joannis
3458 2157 3824 2226 evangelista:

2119 2249 2280 2320 (Dec.
2357 2247 2447 2319 27)
2501 2247 2811 2302 concilium
2865 2246 3221 2300 coaduuatur
3267 2245 3668 2316 episcOporum
3721 2260 3826 2314 per

2121 2336 2460 2391 Romaniam
2507 2340 2564 2389 et
2591 2336 2919 2406 aliquorum
2971 2335 3039 2388 de
3092 2334 3296 2389 Tuscia
3338 2338 3395 2387 et
3422 2335 3489 2371 ¹⁸⁴
3530 2333 3713 2386 Italia.
3743 2333 3824 2386 De

2118 2424 2330 2479 nostris
2389 2439 2621 2495 quoque
2677 2423 3062 2476 consederunt
3111 2423 3393 2492 Nolgerus
3443 2420 3821 2486 Leodicensis,

2118 2512 2359 2567 Sifridus
2411 2510 2810 2581 Augustensis,
2866 2511 3027 2582 Hugo
3086 2509 3399 2566 Citicensis.
3433 2510 3588 2562 Inter
3625 2508 3825 2562 missa-

2119 2617 2248 2655 rum
2282 2600 2477 2670 itaque
2510 2597 2577 2635 ³⁵³
2617 2599 2962 2670 sollempnia
3009 2598 3441 2653 considentibus
3473 2597 3545 2650 ad
3586 2597 3829 2667 triginta

2119 2688 2399 2761 patribus,
2445 2687 2893 2758 praesidentibus
2949 2703 3181 2759 quoque
3214 2686 3442 2742 domuis
3467 2684 3828 2756 principibus

2123 2778 2288 2834 Urbis
2335 2776 2404 2812 ¹⁵⁶
2451 2793 2600 2847 papa
2647 2782 2819 2848 atque
2872 2777 3234 2848 imperatore,
3287 2780 3421 2847 post
3464 2775 3530 2810 "7
3579 2789 3829 2844 cvange-

2119 2867 2263 2923 lium
2311 2865 2559 2920 recitatis
2603 2882 2672 2920 ex
2727 2866 2968 2921 decretis
3002 2869 3323 2920 sanctorum
3356 2865 3588 2917 Patrum
3613 2863 3826 2932 aliqui-

2119 2955 2226 3011 bus
2265 2954 2552 3026 capitulis,
2635 2954 2708 3009 ad
2755 2955 3120 3025 praesentiam
3181 2953 3382 3024 synodi
3429 2968 3534 3022 per
3584 2952 3827 3005 oblatio-

311 3043 443 3096 licet
471 3042 767 3113 apostolici
825 3040 895 3077 ¹¹³⁸
941 3043 1284 3110 satisfacere,
1336 3048 1390 3098 et
1447 3044 1805 3098 carissimum
1848 3044 2010 3098 dom-
2043 3048 2084 3104 C
2123 3045 2351 3100 narium
2410 3045 2630 3113 legatus
2682 3043 3024 3098 venerabilis
3077 3040 3145 3078 ¹⁸⁸
3187 3041 3510 3096 Bernwardi
3568 3040 3828 3112 episcopi

311 3147 453 3185 num
501 3147 692 3201 regem
747 3127 816 3170 1⁸³9
867 3131 1080 3198 videre,
1113 3148 1288 3202 quem
1319 3132 1432 3185 vita
1477 3133 1886 3202 preciosiorem
1925 3149 2013 3186 co-

315 3220 487 3274 lebat.
525 3217 595 3262 15°
629 3219 840 3275 Direxit
892 3226 1082 3274 autem
1131 3221 1562 3291 Thangmarum
1619 3224 1681 3260 ¹⁵¹
1729 3222 2007 3292 presbite-

311 3324 441 3362 rum
472 3308 592 3362 vice
647 3325 768 3375 sua,
817 3309 914 3379 qui
964 3313 1020 3362 et
1069 3309 1248 3380 priori
1279 3326 1426 3363 anno
1457 3326 1647 3364 comes
1675 3310 2003 3381 peregrina-

307 3396 482 3452 tionis
511 3396 635 3467 ejus
661 3396 814 3466 apud
845 3397 1253 3467 imperatorem
1299 3398 1504 3462 fuerat,
1538 3398 1638 3469 qui
1678 3415 1711 3452 a
1733 3401 2006 3470 primaeva

304 3485 606 3556 juventute
639 3499 821 3554 usque
852 3484 924 3538 ad
957 3484 1234 3539 eaniciem
1265 3485 1466 3538 scolari
1507 3485 1696 3540 studio
1728 3485 2001 3554 intentus,

307 3572 628 3627 nutriendis
651 3572 848 3643 pueris
899 3588 1135 3643 operam
1165 3573 1364 3628 dabat.
1422 3573 1521 3626 Hic
1546 3573 1615 3628 ad
1639 3575 2002 3644 praesentiam

304 3677 473 3733 papae
505 3665 561 3715 et
615 3661 985 3732 imperatoris
1029 3677 1162 3716 cum
1221 3661 1480 3732 epistolis
1523 3677 1589 3716 ac
1644 3662 2007 3718 mandaticiis

2121 3139 2366 3189 statutus
2396 3129 2464 3168 ³³9
2493 3137 2597 3187 est.
2651 3133 2731 3187 Ad
2765 3148 2938 3202 quem
2975 3129 3045 3169 ¹⁶⁰
3076 3131 3419 3202 apostolicus
3443 3129 3616 3185 dixit:
3645 3151 3667 3177 ι
3701 3130 3824 3196 Dic,

2116 3240 2230 3295 qua
2285 3237 2456 3276 causa
2502 3221 2571 3276 ad
2621 3225 2876 3274 nostram
2920 3221 3290 3292 praesentiam
3350 3219 3576 3272 veneris
3608 3215 3699 3284 '5',
3733 3219 3824 3272 vel

2115 3311 2256 3383 quid
2309 3311 2380 3365 ad
2428 3309 2712 3381 synodum
2755 3308 2984 3363 habeas.
3015 3331 3034 3357 ι
3100 3309 3222 3363 Mox
3270 3308 3492 3378 legatus
3537 3306 3828 3376 presbiter

2111 3401 2507 3470 Thaugmarus
2544 3404 2668 3453 toto
2697 3414 2934 3468 corpore
2965 3397 3037 3452 ad
3071 3403 3283 3451 terram
3323 3400 3662 3468 prostratus,
3697 3411 3824 3448 ere-

2114 3493 2353 3558 ctusque
2380 3487 2692 3540 faventium
2728 3487 3012 3554 manibus,
3045 3486 3287 3556 pedibus
3322 3484 3621 3554 utriusque
3656 3483 3825 3554 prin-

2113 3575 2255 3647 cipis
2328 3575 2718 3647 provolvitur;
2788 3590 3262 3646 consurgensque
3315 3573 3396 3628 ita
3454 3569 3526 3608 ¹⁶²
3585 3572 3824 3642 incipit:

2116 3685 2143 3713 ει
2196 3664 2474 3718 Dominus
2550 3679 2711 3719 meus
2755 3664 3112 3736 apostolatus
3168 3661 3340 3718 vestri
3395 3660 3826 3727 auctoritatem,

1717 3813 1950 3867 VARUE
1997 3814 2389 3869 LECTIONES.

220 3966 226 3971 .
394 3912 464 3952 £31
512 3914 801 3969 notarium
855 3918 906 3968 3.
971 3911 1041 3949 ¹³⁸
1089 3915 1150 3969 Τ.
1226 3917 1279 3985 2.
1341 3911 1412 3951 ¹³⁹
1465 3931 1664 3985 prona:
1727 3919 1779 3968 l.
1843 3913 1915 3952 ἰο
1964 3921 2114 3971 statu
2182 3920 2225 3971 ι.
2304 3918 2445 3972 ﬂatu
2516 3919 2570 3971 2.
2635 3915 2704 3953 ⁸⁸⁸
2763 3920 3144 3972 servaturum.
3203 3913 3511 3969 Acerbiora
3566 3929 3831 3984 namque

307 3985 617 4058 utrobique
665 3985 924 4058 asperius
973 3989 1132 4054 gesta
1164 4001 1194 4037 a
1221 3984 1510 4058 fratribus
1547 3994 1680 4040 ante
1726 3987 2149 4055 processionem
2183 3989 2620 4042 consedentibus
2650 3993 2784 4041 sunt
2837 3987 3062 4058 publice
3093 3987 3416 4058 explanata,
3459 4000 3587 4056 quo:
3618 3985 3715 4058 in‘
3741 3985 3830 4037 si-

303 4058 458 4130 nodo
515 4053 1112 4130 reticere_imperaut,
1171 4071 1244 4108 ne
1288 4055 1432 4130 forte
1481 4057 1636 4110 litem
1693 4053 1987 4126 generent.
2040 4059 2129 4113 Sic
2176 4061 2229 4112 2.
2281 4059 2353 4097 ¹⁴²
2411 4061 2450 4113 i.
2509 4075 2565 4130 q.
2622 4058 2662 4112 i.
2712 4053 2886 4128 paulo
2935 4074 3014 4112 m.
3072 4061 3125 4111 2.
3166 4053 3234 4092 ῖθδ
3291 4073 3342 4110 e.
3376 4053 3534 4110 metu
3563 4071 3631 4130 ac
3689 4053 3729 4108 f.
3766 4058 3825 4110 2.

307 4125 377 4162 “"
435 4127 694 4200 suadent.
750 4127 1023 4200 Directos
1057 4141 1288 4196 quoque
1327 4126 1396 4180 ab
1444 4142 1534 4190 eo,
1584 4134 1641 4180 et
1698 4125 1982 4198 piaacipue
2033 4130 2455 4200 presbyterum,
2516 4125 2904 4194 commonent,
2961 4132 3320 4200 sacramento
3373 4131 3438 4180 ut
3485 4127 3828 4200 episcopum

305 4203 549 4270 excuset,
585 4198 684 4270 llle
734 4197 803 4250 de
834 4195 1026 4270 se_uil
1057 4195 1453 4270 praesumens,
1503 4213 1634 4251 cum
1691 4195 1886 4252 tamen
1916 4195 2220 4270 sepissime
2265 4199 2538 4254 sinodicis
2581 4200 2912 4254 interfuerit
2958 4199 3232 4260 conciliis,
3287 4213 3418 4252 cum
3471 4195 3690 4270 caeteris
3723 4197 3832 4265 qui

303 4267 466 4342 illum
521 4268 786 4322 favebant
816 4266 1372 4338 archiepiscoporum
1405 4273 1859 4342 caeterorumque
1907 4266 2158 4338 clericos,
2195 4272 2294 4342 qui
2326 4273 2384 4325 in
2415 4270 2622 4325 divinis
2670 4270 3008 4340 peritissimi
3052 4270 3314 4342 aderant,
3345 4269 3646 4338 negocium
3681 4282 3830 4336 per-

301 4341 556 4409 pendere
594 4345 748 4403 orat;
776 4344 1249 4412 “sacramentum,
1283 4338 1443 4412 quod
1491 4339 1599 4392 sibi
1651 4338 1971 4405 intendant,
2007 4338 2306 4412 nunquam
2365 4342 2478 4395 nisi
2508 4338 2796 4395 canonum
2846 4339 3185 4412 auctoritate
3231 4339 3467 4412 subeat;
3525 4342 3828 4407 postremo

301 4409 850 4482 conventuminulla
902 4409 1240 4482 auctoritate
1280 4409 1609 4482 subnixum,
1643 4426 1815 4480 quem
1870 4428 2042 4482 super
2096 4409 2470 4482 apostolicam
2523 4412 2792 4466 siuodum
2832 4410 3214 4475 conciveriut;
3253 4409 3565 4482 humiliter
3593 4423 3654 4460 se
3683 4424 3828 4482 sup-

300 4481 513 4551 plicare
544 4486 600 4534 et
629 4481 947 4546 obsecrare,
979 4485 1044 4534 ut
1074 4481 1342 4534 dominos
1381 4481 1454 4550 (a)
1488 4479 1786 4551 episcopos
1830 4479 2257 4544 commoueant,
2292 4489 2356 4536 ut
2404 4482 2897 4552 archiepiscopum
2921 4498 2957 4552 _a
2987 4480 3324 4552 pertinacia,
3350 4485 3408 4533 et
3443 4479 3831 4552 animositate

299 4549 685 4624 compescant.
771 4552 1118 4624 Cumupost
1174 4552 1282 4624 hoc
1359 4549 1460 4624 Dei
1519 4549 1731 4624 pietate
1785 4553 1981 4606 mitior
2037 4554 2401 4624 archiprassul
2459 4549 2705 4607 efﬁci—tur
2757 4549 2943 4624 2.71,“
2988 4549 3150 4605 _deest
3213 4554 3259 4605 1.
3314 4551 3381 4586 ¹⁴⁶
3435 4549 3827 4624 fridislariA2.

301 4624 368 4694 Ψ
425 4617 571 4676 deest
634 4626 682 4694 l.
743 4621 812 4694 “2
860 4617 1054 4694 aplico
1099 4623 1154 4694 2.
1213 4617 1284 4658 “9
1336 4622 1480 4676 deest
1520 4617 1596 4676 '2.
1665 4622 1735 4658 ⁴⁸⁰
1791 4625 2044 4694 colebat:
2111 4617 2222 4678 Sed
2279 4624 2564 4694 frequenti
2615 4625 2783 4694 febre
2831 4622 3101 4694 laborans
3165 4625 3393 4694 tantum
3459 4619 3833 4694 itersubire

299 4693 561 4746 timebat.
622 4692 834 4747 Direxit
887 4690 941 4747 2.
987 4691 1060 4726 ⁸⁵⁸
1115 4693 1547 4763 Thongmarum
1600 4695 1630 4744 2
1688 4699 1904 4762 sazpius.
1977 4693 2048 4730 ⁸⁸³
2096 4690 2468 4749 sustentatus.
2545 4693 2790 4748 Romani
2847 4709 2983 4746 vero
3039 4690 3644 4763 imperialibusjussis
3669 4691 3832 4763 obti-

301 4768 518 4822 nentes,
549 4764 747 4835 crebra
778 4763 1108 4835 incursione
1132 4761 1464 4835 fatigantur.
1504 4763 1695 4834 Copiae
1723 4761 2083 4835 imperatoris
2114 4767 2423 4819 Paternum
2474 4766 2764 4818 munitum
2817 4765 2981 4817 valde
3030 4761 3326 4816 castellum
3355 4761 3694 4835 insidentes,
3732 4762 3835 4814 in-

300 4839 596 4906 cessanter
613 4833 934 4906 irruptione
966 4844 1021 4906 et
1046 4832 1475 4901 depraedatione
1506 4832 1931 4906 eti—multorum
1961 4852 2093 4906 sepe
2126 4836 2520 4890 internecione
2561 4837 2814 4905 graviter
2863 4835 2992 4906 illos
3017 4835 3313 4887 vexabant.
3345 4832 3566 4906 _Frater
3593 4832 3826 4906 quippe

301 4903 626 4976 Bernwardi
687 4904 940 4976 episcopi
993 4905 1240 4976 Tammo
1298 4921 1507 4963 comes.
1557 4905 1891 4974 imperatori
1951 4902 2165 4976 gratus,
2226 4923 2358 4960 cum
2416 4902 2710 4976 aliquibus
2771 4905 2988 4976 vassis,
3031 4921 3176 4974 quos
3214 4902 3487 4974 praefatus
3517 4903 3837 4976 episcopus

300 4975 360 5028 in
390 4991 552 5028 arma
598 4975 922 5042 imperialia
977 4974 1381 5046 destinaverat,
1434 4976 1765 5046 praesidium
1826 4974 2151 5042 servabant,
2204 4982 2260 5030 et
2306 4977 2379 5031 ad
2432 4974 2668 5030 illorum
2724 4981 2932 5029 nutum
2976 4975 3218 5029 bellicus
3273 4975 3838 5046 apparatus_ageba-

300 5049 414 5117 tur.
474 5040 839 5117 Apostolicus
896 5044 1137 5115 perinde
1195 5040 1508 5100 Tudertiue
1556 5047 1904 5117 singularem
1957 5040 2162 5101 Christi
2215 5047 2575 5101 nativitatem
2629 5047 2954 5100 celebravit.
3009 5049 3062 5098 2.
3115 5047 3189 5111 cf.
3236 5040 3365 5114 cap:
3423 5046 3511 5117 35.
3543 5040 3614 5117 ff“
3664 5045 3709 5117 IV.
3761 5044 3837 5096 de

297 5116 887 5183 Sommerschenburg
935 5122 1242 5183 paternum
1273 5119 1332 5170 in
1391 5118 1498 5170 loco
1551 5115 1675 5171 raso
1724 5121 1776 5182 3;
1839 5121 2093 5172 correctio
2149 5120 2464 5186 insipientis
2515 5118 2760 5184 librarii,
2824 5118 2920 5186 qui
2985 5118 3277 5171 Paternum
3335 5117 3394 5168 in
3453 5115 3617 5168 Italia
3669 5116 3837 5186 igne:

296 5203 450 5257 rans,
513 5188 600 5240 hic
649 5187 732 5257 de”
764 5187 982 5240 castello
1043 5189 1354 5257 Tammqm's
1406 5193 1633 5255 paterno
1685 5187 1838 5257 guod
1895 5184 2438 5257 Summerschenburg
2510 5184 3003 5257 fuissegcredidit,
3052 5201 3344 5257 sermonem
3391 5199 3502 5257 esse
3553 5184 3834 5252 putabat!

301 5255 373 5327 ίξι
427 5259 514 5312 vel
563 5261 622 5312 2.
691 5255 762 5293 ⁸⁵⁵
801 5273 1048 5327 namque
1101 5260 1154 5311 2.
1208 5255 1277 5293 “5
1331 5258 1484 5310 orbis
1523 5260 1577 5312 2.
1636 5255 1703 5292 “7
1757 5264 1890 5312 ante
1939 5263 1999 5314 2.
2051 5257 2124 5292 ⁸⁵⁸
2174 5255 2601 5315 venerandi2.
2656 5255 2727 5295 "9
2781 5259 3053 5313 statuitur
3095 5259 3151 5312 2.
3201 5255 3270 5294 ¹⁶⁰
3327 5272 3390 5326 q.
3444 5255 3746 5310 domuusa
3775 5257 3835 5308 2.

300 5325 370 5363 ίδί
400 5329 628 5384 venires
650 5331 704 5383 2.
737 5328 809 5364 ⁸⁸³
827 5325 1193 5398 Conéursens
1222 5327 1420 5398 itaque
1456 5329 1511 5382 2'
1943 5399 2146 5454 ΝΟΤᾸΞ

372 5487 476 5554 (52)
507 5486 664 5540 Todi.
2184 5488 2260 5559 (a)
2281 5487 2532 5544 diminos
2562 5491 2618 5543 2.

372 5584 480 5649 (53)
511 5587 775 5641 Paterno.
