3968 6492
171 362 265 414 ﬁt
1553 355 1717 413 VITA
1758 358 1813 412 S.
1857 358 2306 415 BERNWABDI.

3588 367 3693 419 422

169 479 530 552 imperialem
562 493 794 550 quoque
852 479 1209 549 majestatem
1262 478 1568 549 magnifice
1621 484 1876 549 gratatus
1906 486 1946 537 Α
1987 482 2100 535 cias
2135 484 2197 518 ίτί
2240 500 2253 537 :
2287 499 2415 537 cum
2438 487 2628 537 autem
2655 482 2992 537 nullomodo
3024 484 3148 539 fieri
3177 490 3369 557 posset
3399 491 3460 540 ut
3489 504 3692 543 conve-

170 575 257 623 est
289 567 357 605 ¹⁶³
392 586 497 639 pro
520 568 738 623 cunctis
754 568 809 622 in
834 568 1042 639 quibus
1065 570 1375 622 clementer
1398 585 1498 639 pro
1522 585 1624 622 sua
1641 569 1880 623 ecclesia

170 659 491 714 laborastis.
542 658 687 721 Quid
721 663 913 711 autem
950 656 1016 693 ¹⁶’³
1050 658 1274 728 legatus
1319 662 1507 711 vester
1556 658 1878 727 profecerit,

170 748 427 819 autquid
478 746 529 800 ei
580 747 639 799 in
678 761 782 798 sua
824 746 1114 815 legatione
1148 745 1483 811 occurrerit,
1547 744 1690 813 ipse,
1747 745 1882 815 quia

169 853 425 907 praesens
454 838 557 899 est,
592 834 797 888 melius
836 838 1103 903 exponet.
1156 835 1288 887 Post
1319 833 1630 887 discessum
1688 838 1880 887 autem

167 926 324 980 illius
355 925 630 995 episcopi,
664 924 1111 978 dolenteslitem
1160 928 1214 976 et
1253 921 1704 976 controversiam
1756 922 1878 976 diu-

174 1015 290 1068 tius
351 1013 603 1076 bachari,
685 1018 1035 1066 conventum
1092 1011 1547 1067 Fraucanavordi
1600 1014 1878 1065 statuunt.

174 1103 258 1158 Ad
291 1119 462 1173 quem
494 1117 623 1156 cum
652 1117 812 1155 meus
847 1101 1041 1154 senior
1070 1100 1264 1155 venire
1318 1117 1436 1154 non
1485 1105 1700 1170 posset,
1757 1116 1881 1153 cor-
1934 1106 1935 1109 ‘

174 1192 334 1263 poris
364 1190 524 1262 gravi
554 1190 888 1244 inﬁrmitate
918 1190 1249 1260 impeditus,
1288 1190 1407 1243 vice
1439 1189 1595 1243 illius
1646 1204 1736 1242 me
1791 1188 1883 1242 di-

174 1280 344 1335 rexit.
368 1280 625 1334 Tandem
656 1279 717 1333 in
757 1295 1062 1333 commune
1120 1278 1421 1332 reverendi
1478 1282 1668 1348 patres
1695 1277 1886 1331 decre-

174 1375 404 1432 verunt,
439 1374 501 1422 ut
540 1384 730 1439 neque
767 1366 1235 1437 archiepiscopus
1269 1383 1372 1420 nec
1407 1383 1568 1420 meus
1599 1364 1794 1420 senior
1824 1365 1884 1418 in

176 1456 775 1512 Gaudenesheimense
818 1454 1145 1510 casnobium
1181 1472 1239 1509 se
1270 1454 1636 1521 intromittat,
1699 1469 1882 1524 usque

174 1551 307 1617 post
339 1552 563 1600 octavas
584 1551 962 1616 pentecostes,
997 1550 1053 1599 et
1092 1547 1227 1598 tunc
1257 1544 1571 1598 ["rideslare
1611 1543 1680 1597 ad
1721 1559 1884 1613 syno-

174 1635 314 1689 dum
355 1651 459 1705 pro
481 1635 725 1705 hacipsa
755 1631 925 1688 causa
964 1634 1326 1687 conveniant.
1365 1635 1429 1687 Et
1474 1632 1609 1703 quia
1641 1632 1762 1686 haec
1811 1633 1877 1685 ad

175 1724 531 1794 apostolatus
603 1723 777 1777 vestri
843 1722 1037 1776 sedem
1118 1722 1326 1789 delata,
1388 1721 1592 1776 vestris
1656 1719 1880 1790 scriptis
1918 1763 1956 1816 Β

174 1813 521 1866 multociens
552 1817 636 1866 est
698 1810 768 1845 "‘5
797 1813 1109 1874 annullata,
1168 1818 1422 1865 vestrum
1481 1812 1696 1880 expetit
1729 1808 1883 1880 judi-

175 1902 356 1966 cium,
389 1906 451 1955 ut
480 1907 668 1955 vestra
713 1901 1019 1954 auctoritas
1070 1900 1291 1969 jubeat,
1330 1899 1391 1953 in
1447 1916 1562 1969 quo
1629 1898 1754 1953 foro
1794 1897 1882 1951 vel

175 1990 283 2043 sub
320 1990 533 2061 quibus
555 1989 848 2059 judicibus
903 2004 1133 2042 causam
1168 1988 1479 2041 terminare
1526 1986 1749 2041 debeat.
1798 1986 1884 2040 Ad

174 2080 549 2149 praesentiam
595 2077 1012 2133 uichilominus
1044 2078 1218 2148 hujus
1259 2075 1602 2130 sanctissimi
1640 2091 1884 2129 conven-

173 2170 291 2234 tus,
343 2166 530 2236 gratia
557 2165 737 2220 sancti
767 2165 1012 2236 Spiritus
1043 2167 1136 2219 hic
1168 2182 1271 2236 per
1302 2182 1401 2219 vos
1465 2165 1763 2236 aggregati
1786 2162 1882 2233 “’5,

171 2255 521 2326 parvitatem
580 2271 769 2309 meam
848 2255 1177 2321 destinavit,
1259 2259 1325 2309 ut
1392 2255 1581 2308 omnis
1652 2258 1884 2308 senatus

171 2344 507 2415 apostolicae
540 2343 809 2398 aecclesie
837 2343 1064 2414 publice
1116 2352 1441 2414 cognoscat,
1492 2344 1655 2397 illum
1706 2343 1881 2397 devo-

171 2432 403 2487 tissimo
431 2432 639 2487 affectu
694 2432 905 2487 domno
968 2433 1286 2502 apostolico
1341 2438 1396 2486 et
1441 2433 1713 2486 Romana:
1762 2431 1884 2485 sedi

173 2522 440 2577 obedire
472 2527 528 2575 et
566 2522 914 2588 consentire,
956 2530 1012 2575 et
1060 2527 1244 2575 vestro
1297 2521 1515 2591 judicio
1579 2520 1883 2574 adinventa

172 2613 264 2665 vel
298 2611 528 2665 decreta
575 2610 915 2681 poscerem
966 2614 1021 2663 et
1065 2626 1172 2681 pro
1230 2627 1395 2681 posse
1455 2615 1738 2680 perpetuo
1766 2625 1884 2662 ser-

168 2716 327 2753 vare.
384 2720 411 2750 ι)
462 2699 548 2754 Ad
581 2700 700 2753 haec
760 2701 1010 2754 domnus
1084 2698 1427 2769 apostolicus
1472 2697 1882 2752 oboedientiam

168 2788 376 2843 domui
408 2789 664 2859 episcopi
700 2792 755 2843 et
784 2788 1147 2842 devotionem
1181 2804 1245 2841 ac
1300 2787 1551 2841 studium
1582 2786 1883 2857 magnifice

167 2876 484 2942 collaudat,
535 2876 902 2947 prosequitur
954 2891 1185 2946 quoque
1227 2874 1567 2929 venerabilis
1592 2875 1885 2929 Ravenna-

165 2965 241 3018 tis
281 2965 555 3019 aecclesite
603 2966 1078 3035 metropolitanus
1128 2964 1442 3018 Fridericus
1494 2961 1585 3029 “3,
1657 2967 1712 3016 et
1753 2978 1883 3032 qua:

1993 571 2203 636 nirent,
2288 572 2569 641 presbiter
2602 570 2671 605 ¹⁷²
2731 574 3109 642 Taugmarus,
3163 580 3222 627 ut
3281 575 3691 643 absolveretur,

1990 661 2147 714 omni
2182 660 2307 714 nisu
2340 661 2547 715 institit
2590 660 2679 715 ‘7’.
2738 662 2933 715 Tercia
2992 662 3187 733 itaque
3237 663 3388 716 Ydus
3432 664 3689 717 Januarii

1992 756 2098 814 (an.
2131 750 2281 803 l002.
2324 751 2462 804 Jan.
2504 754 2611 821 t3),
2651 748 2968 820 imperator
2999 751 3216 806 dimisit
3265 771 3294 806 a
3336 770 3393 806 se
3436 754 3689 824 legatum

1991 839 2104 892 cari
2135 838 2396 909 magistri
2450 839 2536 891 sui
2591 840 2912 893 Bernwardi
2963 840 3237 911 episcopi,
3288 858 3440 911 saepe
3480 841 3693 896 dictum

1990 926 2375 997 presbiterum
2443 927 2767 997 largissime
2871 935 3327 983 remuneratum.
3418 930 3694 1001 Episcopo

1992 1015 2207 1086 quippe
2248 1032 2487 1069 munera
2510 1015 2800 1087 praecipua
2830 1016 3072 1083 direxit;
3123 1018 3273 1072 inter
3319 1019 3431 1072 alia
3483 1018 3698 1072 ouichi-

1992 1120 2131 1157 num
2159 1120 2256 1157 vas
2285 1104 2481 1174 magni
2514 1105 2728 1175 praecii,
2776 1106 2994 1176 species
3033 1122 3266 1179 quoque
3327 1107 3697 1162 medicinales

1992 1192 2261 1260 diversas,
2285 1192 2581 1263 pigmenta
2604 1194 2775 1247 etiam
2800 1194 3044 1247 diversa.

2065 1284 2153 1335 37.
2212 1282 2336 1335 Jam
2389 1298 2521 1335 vero
2570 1282 2629 1335 in
2683 1282 2944 1353 proximo
2982 1281 3324 1337 imminebat
3354 1283 3698 1338 miserabilis

1992 1369 2135 1433 dies,
2166 1369 2355 1424 obitus
2399 1370 2659 1425 videlicet
2692 1370 2982 1425 mitissimi
3024 1371 3409 1442 imperatoris.
3457 1372 3689 1427 Confes-

1992 1475 2088 1513 sus
2135 1462 2221 1513 est
2259 1475 2509 1529 namque
2553 1459 2898 1529 presbitero,
2919 1475 3049 1513 cum
3077 1460 3147 1513 ab
3179 1460 3279 1514 illo
3312 1460 3695 1531 interrogare-

1992 1552 2106 1614 tur,
2158 1547 2428 1601 leviterse
2458 1546 2793 1601 febricitari.
2829 1549 3261 1619 Ingravescente
3292 1564 3429 1619 ergo
3463 1548 3695 1603 cottidie

1994 1636 2219 1703 morbo,
2254 1636 2567 1690 astantibus
2612 1636 2895 1707 episcopis
2925 1637 3314 1691 communitus
3336 1642 3693 1691 sacramento

1995 1724 2249 1796 corporis
2271 1730 2327 1778 et
2358 1725 2652 1795 sanguinis
2688 1725 2935 1793 Domini,
2986 1725 3138 1779 inter
3169 1724 3338 1780 verba
3366 1742 3527 1797 purae
3565 1742 3696 1779 con-

1996 1813 2281 1877 fessionis,
2319 1814 2383 1867 10
2428 1813 2708 1867 Kalendas
2770 1813 3063 1867 Februarii
3122 1815 3237 1881 (53)
3300 1816 3438 1879 (Jan.
3471 1815 3560 1885 23)
3594 1813 3697 1867 mi-

1996 1901 2250 1955 tissimus
2280 1917 2344 1954 ac
2370 1900 2731 1955 humillimus
2761 1901 3077 1971 imperator
3100 1917 3228 1955 cum
3260 1901 3479 1972 ingenti
3500 1903 3693 1956 dolore

1995 1989 2257 2043 omnium
2279 1990 2566 2044 bonorum
2597 1989 2866 2059 spiritum
2901 1990 3133 2043 efflavit.
3195 1989 3332 2053 Quis
3382 1992 3535 2044 valet
3564 1991 3694 2044 stilo

1966 2124 1969 2129 ,
1996 2079 2315 2149 exprimere
2348 2079 2434 2132 vel
2470 2078 2642 2133 fando
2673 2078 2953 2132 disserere
2986 2077 3479 2132 inremediabilem
3530 2078 3696 2132 dolo-

1995 2183 2118 2221 rem
2178 2168 2436 2238 undique
2485 2167 2555 2221 ad
2606 2166 2878 2237 exequias
2926 2165 3384 2220 confluentium?
3440 2167 3694 2220 Funerea

1995 2256 2189 2326 itaque
2219 2255 2585 2309 Theutonum
2619 2254 2789 2324 legio,
2826 2254 3165 2325 praaparatis
3215 2254 3433 2308 cunctis
3464 2253 3535 2307 ad
3585 2255 3696 2308 iter

1994 2344 2251 2415 indignis
2307 2360 2515 2414 corpus
2550 2342 2799 2413 piissimi
2847 2341 3066 2397 domini
3118 2342 3296 2412 Aquis
3362 2342 3692 2412 portabant;

1995 2438 2439 2505 susceptumque
2471 2438 2556 2487 est
2593 2436 2787 2486 sancta
2818 2430 2911 2486 die
2964 2431 3292 2501 palmarum
3357 2433 3544 2496 (Mart.
3604 2434 3696 2499 29)

1994 2520 2196 2575 festivo
2227 2520 2505 2590 obsequio
2543 2519 2719 2573 totius
2750 2518 2937 2589 regni,
2972 2519 3308 2589 cunctisque
3343 2518 3699 2590 principibus

1995 2606 2289 2677 praecipuo
2342 2606 2545 2659 affectu
2605 2606 2675 2659 ad
2729 2604 3003 2675 exequias
3032 2605 3467 2672 famulantibus,
3500 2605 3692 2676 sepul-

1995 2700 2203 2765 tusque
2234 2699 2320 2748 est
2350 2694 2409 2747 in
2448 2694 2639 2748 medio
2663 2693 2858 2747 choro.

2068 2786 2157 2838 38.
2202 2784 2427 2836 Interea
2473 2788 2604 2835 vota
2634 2782 2961 2853 principum
2994 2782 3054 2836 in
3103 2782 3327 2837 diversa
3366 2782 3693 2853 rapiuntur,

1996 2872 2287 2943 plerisque
2318 2870 2485 2941 regni
2515 2870 2805 2941 fastigium
2865 2870 2987 2924 sine
3044 2874 3305 2941 respectu
3347 2871 3570 2925 timoris
3596 2872 3696 2925 Dei

1996 2976 2273 3029 usurpare
2323 2959 2659 3013 nitentibus.
2697 2958 2856 3013 Unde
2915 2960 3179 3030 princeps
3225 2959 3459 3030 quidam
3500 2962 3694 3015 Bruno

164 3054 381 3108 Palitbi
425 3054 509 3107 illi
553 3058 724 3124 atque
784 3054 843 3107 in
884 3058 1002 3107 tota
1042 3053 1330 3123 legatione
1373 3069 1474 3106 sua
1529 3051 1883 3106 occurrerint
1913 3048 1952 3103 C
1992 3049 2248 3115 nomine,
2282 3048 2464 3102 sciens
2496 3047 2886 3101 venerabilem
2926 3048 3329 3102 Bernwardum
3358 3048 3693 3118 episcopum

163 3142 491 3207 contexuit,
552 3142 972 3212 archiepiscopi
1029 3141 1524 3207 inobcedientiam,
1584 3140 1880 3211 injuriam,

162 3236 575 3301 contemptum
616 3230 788 3284 etiam
822 3232 1095 3285 Romanas
1154 3230 1323 3284 sedis.
1385 3230 1630 3283 Econtra
1684 3228 1884 3282 domui

164 3320 500 3375 Bernwardi
556 3320 992 3390 benignitatem,
1053 3319 1351 3373 caritatem
1414 3316 1484 3352 “‘9
1541 3318 1798 3388 exponit,
1829 3323 1886 3371 et

159 3409 324 3480 quod
347 3408 419 3462 ab
442 3409 539 3461 illo
574 3408 863 3479 praecipuo
886 3409 1106 3463 honore
1136 3409 1208 3461 sit
1239 3407 1468 3462 habitus
1499 3412 1557 3461 et
1582 3406 1879 3460 affluentia

158 3497 437 3551 omnium
477 3497 760 3551 bonorum
813 3497 1252 3567 opulentissime
1319 3495 1581 3551 refertus.
1646 3495 1729 3549 Ad
1766 3494 1885 3549 haec

159 3588 507 3642 animositas
557 3586 974 3656 archiepiscopi
1019 3586 1211 3656 palam
1258 3584 1329 3639 ab
1387 3584 1654 3638 omnibus
1685 3583 1886 3637 Roma-

155 3678 252 3730 nis
286 3675 577 3747 episcopis
609 3675 935 3745 improbata
968 3673 1061 3740 17°,
1086 3673 1377 3728 temeritas
1411 3670 1883 3743 praesumptionis

156 3764 327 3818 illius
359 3764 637 3833 carpitur.
664 3765 730 3817 In
786 3778 1094 3817 commune
1125 3768 1318 3817 tamen
1349 3760 1539 3815 cuncti
1567 3759 1886 3813 deliberant

156 3853 577 3907 Coloniensem
640 3852 1110 3923 archipraasulem
1155 3856 1506 3920 caeterosque
1563 3848 1880 3919 episcopos,

156 3944 265 4014 qui
298 3944 564 4013 proxime
596 3942 823 3995 venturi
881 3946 1065 4006 erant,
1109 3939 1527 4011 expectandos;
1573 3939 1885 3992 mittuntur

154 4033 345 4085 etiam
392 4031 609 4097 nuncii,
674 4030 774 4101 qui
822 4031 878 4083 in
904 4029 1217 4100 epiphania
1269 4028 1500 4082 Domini
1528 4027 1599 4080 ad
1638 4042 1885 4096 prmsen-

156 4120 309 4173 tiam
341 4120 647 4188 utriusque
701 4118 981 4189 principis
1040 4119 1171 4171 illos
1222 4117 1416 4171 venire
1441 4116 1703 4185 jubeant.
1777 4114 1884 4169 Sed

154 4225 298 4262 cum
357 4206 603 4262 minime
670 4207 954 4274 venirent,
1013 4210 1390 4277 expectantur
1445 4205 1517 4259 ad
1568 4209 1682 4258 tres
1722 4202 1883 4257 indu-

1991 3139 2202 3193 domno
2234 3137 2499 3192 Heinrico
2549 3136 2681 3190 duci
2704 3136 3168 3191 reverentissimo
3199 3153 3319 3190 esse
3352 3137 3695 3191 fidissimum

1989 3227 2197 3280 timens
2222 3241 2290 3279 ne
2321 3224 2520 3296 emptis
2551 3225 2675 3294 ejus
2704 3224 3105 3278 adversaretur
3135 3225 3183 3279 si
3216 3224 3355 3296 quid
3388 3224 3694 3295 inciperet,

1991 3328 2383 3384 quoscumque
2416 3311 2475 3364 in
2503 3310 2750 3365 exicium
2773 3310 2929 3364 illius
2961 3312 3047 3365 vel
3070 3311 3129 3365 in
3158 3312 3473 3382 dampnum
3506 3313 3699 3367 Hilde-

1993 3400 2408 3455 nesheimensis
2439 3399 2709 3453 mcclesite
2741 3416 2967 3453 armare
3018 3406 3267 3471 poterat,
3315 3417 3420 3471 pro
3479 3401 3698 3455 viribus

1992 3489 2221 3553 institit,
2274 3488 2410 3542 hinc
2439 3487 2648 3558 przedis
2704 3492 2761 3541 et
2812 3487 3028 3558 rapinis
3074 3488 3288 3559 passim
3334 3490 3607 3544 bacliatus
3640 3491 3697 3543 in

1992 3578 2117 3632 loca
2147 3583 2203 3631 et
2236 3576 2499 3631 homines
2528 3576 2797 3646 episcopi.
2825 3576 2932 3630 Sed
2964 3577 3059 3630 ille
3091 3593 3253 3631 more
3284 3594 3386 3631 suo
3412 3594 3698 3649 nusquam

1995 3683 2039 3721 a.
2086 3665 2200 3719 fide
2256 3664 2590 3728 desciverat,
2622 3664 2886 3735 quamvis
2924 3665 3122 3719 multis
3172 3682 3323 3735 saepe
3372 3667 3697 3721 lascessitus

1993 3755 2241 3825 injuriis.
2294 3754 2446 3808 More
2526 3758 2718 3807 autem
2769 3752 3174 3824 sapientissimi
3222 3754 3518 3809 architecti
3558 3772 3697 3825 pru-

1993 3842 2365 3898 dentissimus
2402 3843 2615 3912 praesul
2679 3841 3022 3896 fundamina
3079 3841 3215 3895 novi
3246 3843 3409 3913 regni
3459 3859 3697 3913 precum

1990 3932 2181 3987 iniciis
2209 3930 2515 3985 inchoavit.
2551 3930 2759 3984 Omnes
2790 3946 3041 4001 namque
3069 3930 3311 3985 fratrum
3343 3947 3406 3985 ac
3436 3948 3697 3986 sororum

1991 4028 2242 4075 catervas
2276 4035 2406 4090 qum
2453 4019 2662 4073 divinis
2715 4018 2956 4089 sceptris
2986 4018 3090 4072 sub
3124 4020 3245 4089 ejus
3276 4020 3494 4073 vexillis
3540 4021 3699 4074 mili-

1991 4111 2207 4176 tabant,
2242 4108 2464 4162 intenta
2492 4108 2915 4179 supplicatione
2956 4107 3015 4161 in
3040 4113 3197 4163 tanta
3230 4124 3424 4163 rerum
3454 4110 3699 4163 necessi-

1990 4205 2105 4255 tate
2153 4198 2465 4268 advigilare
2516 4197 2809 4252 monebat.
2870 4197 2995 4269 Ipse
3042 4213 3274 4269 quoque
3308 4198 3461 4270 quod
3503 4202 3695 4253 tamen

1603 4358 1843 4416 VARUE
1892 4356 2275 4412 LECTIONES

1281 4495 1349 4529 ηδ
1377 4496 1511 4545 sunt
1542 4494 1595 4544 2.
1678 4492 1748 4526 ¹⁶⁶
1786 4507 1842 4561 p.
1868 4487 2204 4559 congregati
2235 4489 2287 4561 2.
2371 4483 2438 4521 ¹⁶⁷
2466 4502 2523 4555 p.
2558 4485 2702 4561 scire
2733 4490 2791 4539 et
2822 4502 2878 4555 p.
2910 4488 2961 4538 2.
3044 4485 3114 4521 ¹⁶⁸
3147 4485 3321 4561 Erilli.
3362 4487 3427 4561 _2.

152 4556 525 4635 ritateﬁmque
574 4568 649 4635 2.7
708 4564 780 4600 “0
830 4565 1191 4635 improbatur
1237 4566 1289 4618 2.
1350 4564 1434 4635 ἔτι
1491 4564 1528 4616 l.
1564 4563 1703 4616 Nam
1752 4556 1853 4635 per
1900 4556 2739 4635 om'ues'_regiou_e_s_comitatus
2774 4562 2829 4609 et
2860 4570 3077 4608 marces
3134 4556 3698 4635 dispersisedebant,

151 4637 331 4690 sicuti
370 4627 693 4689 necessaria
723 4627 980 4689 invenire
1013 4641 1298 4705 poterant.
1333 4634 1499 4705 Cum,
1529 4636 1580 4685 2.
1627 4702 1635 4705 Α
1665 4627 1929 4705 Πίάειξπ
1960 4634 2023 4705 2..
2091 4631 2171 4705 ¹τ³1
2210 4627 2468 4705 institit“
2501 4627 3095 4705 Immensaunamque
3138 4627 3380 4705 penuria
3433 4628 3695 4705 omnium

148 4714 513 4778 sumptuum
547 4707 956 4760 miserabiliter
992 4695 1358 4772 laborabant;
1389 4702 1681 4778 etjamin
1716 4703 1974 4778 proximo
2010 4698 2354 4778 imminebat
2397 4697 2740 4778 miserabilis
2768 4695 2922 4778 'di'es,
2969 4697 3163 4778 obitus
3195 4696 3459 4778 videlicet
3514 4699 3695 4751 mitis-

151 4766 312 4832 simi.
338 4778 713 4847 imperatoris
745 4778 946 4842 nostri,
971 4793 1102 4830 cum
1132 4784 1324 4829 tamen
1346 4766 1797 4847 'validissinie'se
1821 4773 2215 4847 haberet,_nec
2247 4770 2478 4847 sign_um
2500 4768 2733 4847 aliquod
2762 4766 3119 4846 infirmitatis
3171 4768 3322 4847 ullus
3381 4769 3438 4821 in
3468 4785 3537 4823 eo
3569 4786 3699 4847 sen-

148 4850 318 4903 tiret.
352 4837 559 4902 Te'rcia
591 4849 723 4901 ldus
764 4837 1043 4913 Januarii,
1106 4846 1325 4901 dimisit
1354 4864 1385 4900 a
1432 4862 1490 4898 se
1542 4846 1767 4913 legatus
1790 4844 1914 4916 cari
1947 4840 2205 4908 magistri
2232 4837 2322 4892 sui
2366 4838 2688 4916 Bermvardi
2746 4837 3004 4916 episcopi
3034 4854 3167 4916 sepe
3216 4840 3431 4916 dictum
3456 4842 3697 4916 presby-

146 4927 355 4974 terum
399 4920 464 4973 T.
496 4920 820 4988 largissime
886 4909 1338 4972 remuneratum.
1378 4909 1654 4985 Episciip'o
1699 4914 1919 4988 quippe
1953 4927 2196 4988 munera
2253 4910 2551 4988 prmcipua
2579 4909 2815 4988 direxit;
2879 4909 3031 4961 inter
3080 4910 3192 4962 alia
3236 4910 3571 4988 onic_buium
3604 4909 3701 4965 vas

146 4990 414 5045 maximi
448 4980 651 5059 preci'i,
702 4990 919 5059 species
972 5005 1201 5059 quoque
1259 4980 1629 5059 medicinales
1678 4980 1957 5059 diversas,
2010 4983 2302 5059 pigmenta
2369 4980 2558 5059 etiam.
2616 4980 2923 5059 gonfi355us
2961 4995 3191 5050 nanque
3224 4982 3555 5059 presbytero
3615 4988 3701 5059 est

147 5080 292 5117 cum
341 5050 464 5115 hoc
490 5063 562 5113 ab
612 5050 712 5113 illo
732 5050 1143 5131 interrogaret,
1196 5060 1395 5113 leviter
1425 5074 1505 5131 Ase
1554 5055 1885 5131 febricitari,
1928 5050 2032 5131 Se_d
2076 5054 2508 5131 ingravescente
2540 5050 2747 5131 cotidie
2774 5050 2996 5115 morbo,
3020 5052 3364 5131 uastant-ibus
3390 5050 3698 5131 episcopis,

144 5132 575 5188 communitus
607 5132 783 5184 etiam
826 5121 1184 5184 sacramento
1214 5128 1468 5200 corporis
1518 5134 1575 5181 et
1622 5125 1919 5200 sanguinis
1978 5122 2225 5200 Domini,
2272 5122 2422 5175 inter
2480 5123 2870 5200 verbapurze
2902 5121 3276 5200 confessionis
3308 5121 3522 5200 tOKal.
3588 5121 3698 5200 Fe-

152 5206 396 5259 bruarii
424 5202 763 5256 mitissimus
816 5218 881 5255 ac
914 5202 1272 5256 humillimus
1314 5192 1637 5270 imperator
1675 5192 1815 5270 cu'm_
1861 5195 2310 5270 ingentidolore
2354 5192 2637 5270 omnium
2676 5192 2733 5245 in
2780 5192 3107 5270 vespertino
3148 5195 3483 5270 ereptisrulo
3520 5198 3700 5270 spiri-

145 5282 279 5331 tum
350 5273 595 5327 efflavit.
638 5274 773 5327 Post
806 5272 971 5342 cujus
1004 5274 1340 5336 discessum,
1374 5263 1585 5324 domno
1626 5268 1889 5342 Heinrico
1933 5263 2236 5342 regalibus
2283 5264 2523 5342 sceptris
2549 5263 2640 5342 dei
2691 5263 2877 5342 gratia
2908 5265 3109 5342 potito,
3145 5279 3262 5342 non
3291 5265 3481 5342 minor
3504 5264 3701 5342 fuerat

144 5346 444 5418 predictaa
471 5343 843 5418 dissentionis
875 5333 1239 5418 'deceptatio.
1278 5333 1431 5413 Rege
1463 5356 1715 5412 namque
1756 5333 2265 5393 Patherbrunnum
2318 5333 2499 5389 sancti
2560 5334 2854 5389 Laurentii
2885 5336 3073 5388 natale
3103 5335 3452 5402 celebrante,
3483 5336 3698 5389 domna

145 5416 526 5489 tiunigunda
551 5417 699 5481 (etc.,
724 5430 777 5469 υ.
812 5416 969 5482 infra
1004 5430 1126 5484 cap.
1160 5416 1274 5483 39).

231 4496 312 4531 ¹⁶³
346 4498 613 4565 gratatur
640 4496 693 4547 2.
760 4494 845 4565 ﬁt“
875 4510 926 4546 a.
959 4494 1046 4547 vel
1075 4493 1114 4547 l.
1144 4496 1196 4547 2.
1281 4495 1349 4529 ¹⁸⁵
1377 4496 1511 4545 sunt
1542 4494 1603 4565 2.,
1678 4492 1748 4526 ¹⁶⁶
1786 4507 1842 4561 p.
1868 4487 2204 4559 congregati
2371 4483 2438 4521 ¹⁶⁷
2466 4502 2523 4555 p.
2558 4485 2702 4565 scire
2733 4490 2878 4565 etp.
2910 4488 2961 4538 2.
3044 4485 3114 4521 ¹⁶⁸
3147 4485 3321 4565 ξῆινὶιιι.
3362 4487 3427 4565 ,2.
3482 4483 3582 4565 ’ίξθ
3607 4502 3697 4565 ca—

1833 5514 2058 5569 ΝΟΤᾹΞ.

228 5634 359 5705 (54)
402 5630 491 5684 lta
513 5631 571 5682 et
600 5630 749 5682 Ann.
777 5625 1031 5682 Hildesh.
1059 5629 1116 5680 et
1155 5624 1385 5680 Einsidl.
1419 5654 1485 5662 —
1510 5626 1540 5674 9
1576 5622 1661 5679 Kl.
1690 5620 1850 5675 Febr.
1885 5622 2034 5674 Ann.
2060 5618 2258 5683 Quedl.
2293 5615 2498 5672 Tietm.
2524 5618 2581 5669 et
2604 5614 2769 5671 Necr.
2794 5611 2956 5668 Fuld.
