4166 6440
523 370 627 425 423

1525 363 1932 421 TllANGHARI
1972 360 2407 420 PRESBYTER!
2447 357 3035 418 RILDESHEIMENS.

3939 340 4047 413 425'

526 498 758 549 cunctos
787 491 1027 559 celabat,
1048 469 1170 546 arta
1198 488 1547 545 abstinentia
1571 487 1800 543 Domini
1842 487 2205 542 clementiam
2235 492 2279 543 Α
2320 487 2601 541 immensa
2655 484 2904 539 militum
2943 500 3118 539 manu
3147 487 3394 551 secutus,
3440 483 3885 556 vigilantissimo
3938 486 4044 540 ob-

530 584 820 640 exorabat.
852 583 1013 636 Unde
1042 581 1108 635 fit
1154 579 1435 634 mirabilis
1467 578 1568 633 Dei
1626 580 1836 650 pietate
1886 576 1942 630 in
1983 577 2225 629 electum

537 672 831 738 adunatio,
862 668 1304 740 utpopularium
1336 673 1466 722 vota
1495 667 1810 738 primorum
1840 665 2228 735 praevenirent

537 760 748 815 studia.
784 761 926 814 Nam
981 758 1162 811 sicubi
1212 756 1427 827 publici
1486 760 1800 809 conventus
1849 753 2223 823 cogebantur,

528 865 632 903 vox
700 864 815 902 una
884 847 1231 917 vulgarium,
1313 845 1590 899 domuum
1638 843 1965 897 Reinricum
2016 842 2223 895 deberi-

532 937 851 1007 imperare;
894 936 1104 1006 ipsum,
1155 949 1270 987 non
1324 934 1499 986 alium
1552 932 1886 1002 quemlibet,
1923 929 2091 983 rebus
2132 930 2221 981 de.

528 1024 666 1079 bere
721 1039 984 1094 praeesse.
1035 1022 1315 1077 Omnibus
1354 1036 1491 1090 ergo
1524 1019 1649 1090 pari
1678 1023 1809 1072 votu
1841 1018 1900 1071 in
1945 1017 2226 1070 electione

532 1112 689 1166 illius
723 1110 1219 1176 concordantibus,
1277 1108 1598 1179 Willegisus
1653 1106 2115 1177 archiepiscopus
2171 1111 2228 1159 et

538 1200 907 1255 Beruwardus
941 1198 1151 1270 praesul
1208 1212 1337 1251 cum
1377 1198 1599 1250 caeteris
1640 1196 1808 1266 regni
1866 1195 2227 1266 principibus

534 1288 815 1343 domuum
855 1287 1151 1341 Heinicum
1180 1286 1526 1355 Mogontiam
1585 1301 1716 1338 cum
1749 1300 1976 1338 summo
2006 1284 2227 1337 honore

532 1378 823 1445 ducentes,
882 1374 1179 1428 Dominica
1230 1380 1428 1428 octava
1491 1375 1855 1427 Pentecostes
1916 1374 2065 1441 (Mai.
2137 1374 2224 1435 3|)

528 1464 787 1535 regimen
812 1463 1093 1533 etregiam
1125 1468 1469 1533 potestatem
1493 1478 1623 1516 cum
1647 1461 1935 1515 dominica
1964 1462 2125 1515 basta
2152 1458 2223 1496 '7‘

527 1552 611 1607 illi
652 1551 1043 1616 tradiderunt;
1094 1567 1157 1604 ac
1222 1550 1431 1605 deinde
1481 1551 1589 1604 rite
1635 1550 1904 1604 omnibus
1959 1549 2221 1619 peractis,

528 1656 660 1695 cum
719 1640 970 1694 maximo
1036 1638 1291 1709 tripudio
1355 1639 1759 1693 universorum
1818 1637 2217 1708 sollempniter

528 1730 692 1784 illum
718 1729 816 1783 Dei
845 1728 1028 1799 gratia
1057 1733 1369 1782 unxerunt.

599 1821 686 1873 39.
724 1818 910 1873 Novus
970 1821 1164 1871 autem
1214 1832 1311 1870 rex
1361 1816 1816 1871 Paderbrunnun
1842 1815 2019 1869 sancti
2080 1815 2221 1869 Lau-

526 1907 697 1961 rentii
754 1906 945 1959 natale
995 1906 1170 1973 (Aug.
1236 1906 1324 1974 lO)
1364 1904 1689 1971 celebravit,
1761 1903 1954 1974 ibique
2005 1903 2219 1957 domna

526 1994 869 2065 Cunigunda
924 1995 1180 2063 regalem
1238 2009 1512 2047 coronam
1566 1998 1619 2047 et
1677 1992 2129 2047 benedictionem
2196 2009 2227 2045 a

525 2083 837 2138 venerabili
917 2083 1214 2153 Willegiso
1244 2083 1672 2153 archiepiscopo
1730 2082 1968 2152 accepit.
2016 2082 2228 2152 Sophia

526 2189 661 2227 vero
713 2172 783 2226 ad
815 2169 886 2206 “3
937 2170 1529 2225 Gandenesheimense
1585 2170 1836 2239 regimen
1862 2171 2038 2223 electa
2070 2186 2225 2225 more

528 2277 657 2326 suo,
693 2260 853 2314 velut
881 2259 943 2313 in
976 2275 1133 2313 sacro
1163 2260 1446 2313 velamine
1484 2260 1777 2329 proprium
1816 2258 2114 2328 repudiata
2143 2266 2225 2312 est

530 2349 889 2421 episcopum,
920 2347 1002 2401 ita
1022 2364 1171 2402 nunc
1191 2363 1420 2418 quoque
1450 2347 1752 2416 dedignata
1780 2363 1814 2400 a
1843 2362 1944 2400 suo
1978 2351 2227 2416 pastore,

532 2443 591 2493 et
624 2443 788 2508 patre
827 2436 1127 2505 regiminis
1181 2438 1249 2472 ⁸⁷⁸
1307 2441 1363 2490 et
1393 2436 1877 2490 consecrationem
1909 2435 2227 2506 percipere,

533 2532 761 2580 tumore
808 2530 864 2579 et
908 2526 1052 2580 fastu
1089 2525 1353 2580 vanitatis
1406 2542 1439 2579 a
1476 2524 1752 2595 palligero
1808 2523 2069 2577 benedici
2126 2526 2227 2577 ob-

532 2620 701 2669 tentu
746 2614 895 2684 regis
942 2619 998 2667 et
1042 2613 1255 2683 regina:
1304 2629 1369 2666 ac
1414 2613 1744 2682 principum
1777 2612 2011 2681 expetit,
2059 2613 2229 2665 Dom-

532 2720 641 2757 nus
677 2707 866 2757 autem
928 2700 995 2737 ¹⁷⁷
1055 2703 1445 2768 Bernwardus,
1522 2718 1637 2755 non
1701 2701 1895 2754 valens
1965 2701 2229 2755 resistere

528 2791 753 2845 annun.

597 2881 684 2934 40.
721 2882 883 2933 ΑΠΠο
916 2874 988 2913 ¹⁷⁸
1037 2876 1446 2931 incarnationis
1479 2876 1703 2931 Domini
1754 2876 2059 2930 millesimo
2117 2880 2228 2929 ter-

527 2967 613 3022 cio
639 2983 734 3021 rex
762 2965 1039 3021 orationis
1068 2981 1240 3019 causa
1286 2964 1569 3035 episcopia
1601 2970 1656 3017 et
1689 2964 1968 3027 abbatias,
2026 2966 2227 3031 fsancta

528 3056 792 3111 videlicet
839 3056 983 3122 loca,
1030 3053 1394 3119 circumiens,
1426 3054 1523 3107 ubi
1557 3054 1701 3106 servi
1738 3053 1835 3106 Dei
1868 3054 1952 3106 vel
2006 3054 2227 3106 ancilla:

524 3142 853 3215 religiosius
899 3142 959 3197 in
999 3141 1192 3197 divino
1232 3142 1461 3196 servitio
1513 3142 1890 3205 excubabant,
1931 3146 1995 3195 ut
2034 3158 2092 3195 se
2146 3159 2227 3195 re-

527 3248 824 3304 gnumque
867 3229 938 3267 ‘79
995 3230 1268 3286 divinitus
1296 3230 1383 3284 illi
1406 3232 1677 3284 collatum
1703 3230 1931 3284 illorum
1961 3231 2228 3301 precibus

526 3326 806 3387 tueretur,
838 3320 1263 3376 Hildenesheim
1315 3319 1472 3374 adire
1506 3319 1809 3391 magnilice
1836 3320 2223 3383 desiderabat,

528 3410 636 3465 Sed
668 3410 803 3481 quia
831 3411 1023 3463 nullus
1076 3424 1278 3480 regum
1310 3414 1440 3462 ante
1472 3408 1634 3463 illum
1675 3408 1953 3479 religione
2012 3409 2120 3463 loci
2167 3408 2225 3463 id

528 3499 765 3571 aggredi
791 3498 1124 3570 temptabat,
1182 3498 1584 3552 Bernwardum
1624 3497 1957 3569 episcopum
2021 3514 2224 3552 conve-

524 3588 644 3656 nit;
686 3604 801 3659 qua
847 3587 1071 3642 ratione
1140 3592 1399 3641 sanctum
1456 3586 1646 3640 locum
1700 3586 1930 3640 visitare
1992 3587 2219 3656 audeat,

524 3676 795 3731 consulit.
851 3674 1102 3729 Licentia
1127 3690 1355 3746 quoque
1390 3674 1461 3729 ab
1492 3674 1593 3728 illo
1622 3680 1870 3746 accepta,
1927 3681 2058 3729 ante
2097 3676 2216 3746 pal-

522 3778 751 3816 marum
778 3762 889 3832 (55)
920 3767 1181 3816 sanctum
1201 3762 1352 3815 diem
1384 3761 1679 3832 praefatam
1719 3760 2031 3815 mcclesiam
2082 3761 2224 3815 adiit

520 3856 933 3922 susceptusque
965 3854 1052 3904 est
1078 3849 1641 3921 sollempnihonore.
1697 3850 1823 3920 Ipse
1871 3866 2105 3921 quoque
2160 3850 2221 3903 in

523 3940 718 3993 altaris
749 3955 814 3993 ac
838 3939 1077 3993 fratrum
1121 3938 1504 3993 ministerium
1530 3939 1882 4009 praecipuam
1912 3938 2217 4009 pecuniam

519 4026 784 4097 largitus,
812 4027 999 4081 locum
1031 4027 1209 4081 ditare
1240 4033 1296 4081 et
1325 4027 1606 4081 honorare
1636 4027 1924 4097 promisit,
1960 4030 2131 4097 atque
2153 4042 2220 4080 ex

520 4131 734 4185 magna
752 4122 912 4187 parte
933 4116 1340 4186 benignissime
1367 4115 1626 4185 perfecit.

592 4213 682 4267 41.
727 4213 863 4282 (An.
915 4213 1070 4281 1006)
1121 4213 1319 4267 Tercio
1371 4209 1446 4247 ¹⁸⁰
1482 4217 1674 4266 autem
1719 4221 1847 4282 post
1902 4210 2025 4265 haec
2071 4227 2221 4266 anno

2337 575 2535 646 sequio
2563 575 2629 628 ad
2663 574 2903 645 gratiam
2929 573 3230 636 militabat,
3261 574 3631 644 Expeditione
3660 591 3792 629 vero
3825 576 4041 639 soluta,

2334 664 2486 735 quod
2524 664 2682 733 prius
2706 669 2835 716 voto
2848 663 3193 730 decreverat,
3213 663 3282 716 ad
3301 671 3561 717 sanctum
3593 664 3903 718 Martinum
3925 665 4041 734 (56)

2335 753 2597 816 tetendit,
2655 769 2769 805 non
2820 754 3034 822 absque
3077 752 3256 821 regali
3306 757 3500 805 tamen
3548 752 3782 806 licentia
3830 753 4041 806 frater-

2336 858 2523 913 naque
2563 843 2963 912 episcoporum
3014 841 3428 896 muniﬁcentia.
3479 842 3620 895 Suos
3671 841 3867 912 itaque
3910 857 4042 895 om-

2336 947 2434 983 nes
2467 931 2593 996 iter,
2635 931 2789 1001 quod
2850 931 3227 999 disposuerat,
3286 930 3727 999 diligentissime
3791 931 4038 997 celabat,

2334 1019 2721 1090 quiaillurum
2778 1020 3038 1072 lacrimas
3092 1033 3161 1071 ne
3215 1024 3406 1087 posset
3459 1018 3698 1072 suil‘erre
3750 1018 4034 1083 timebat;

2332 1108 2455 1176 regi
2487 1114 2680 1161 tamen
2711 1107 3144 1171 commendatis,
3174 1122 3291 1160 non
3346 1107 3542 1161 multis
3575 1107 3877 1161 comitatus
3925 1108 4042 1160 iter

2333 1214 2656 1267 aggressus,
2692 1198 2939 1251 Parisius
2975 1196 3123 1265 apud
3153 1201 3411 1249 sanctum
3446 1196 3764 1249 Dionisium
3812 1196 4044 1266 aliquot.

2335 1287 2454 1340 dies
2485 1287 2820 1351 consistens,
2854 1290 3047 1338 sancta
3096 1286 3215 1338 loca
3248 1285 3567 1353 lustrando,
3601 1299 3810 1355 magna
3850 1284 4043 1338 animi

2333 1375 2675 1428 contritione
2697 1380 2883 1427 totum
2911 1389 2969 1427 se
3004 1374 3244 1427 Domino
3277 1373 3561 1427 mactavit.
3592 1372 3732 1427 Inde
3788 1373 4045 1427 Turonis

2333 1464 2593 1529 tendens,
2619 1478 2824 1531 magna
2854 1462 3153 1515 sedulitate
3177 1461 3443 1515 Rodberti
3475 1462 3628 1531 regis
3659 1461 3716 1514 in
3762 1460 3853 1514 via
3901 1477 4044 1514 usus

2334 1557 2437 1605 est.
2493 1552 2577 1605 lbi
2621 1551 2794 1604 etiam
2837 1552 3216 1621 septimanam
3242 1555 3633 1619 conversatus,
3678 1566 3869 1604 coram
3940 1550 4044 1620 pio

2332 1647 2575 1711 patrono
2599 1657 2699 1694 sua
2748 1656 3100 1711 suorumque
3148 1640 3453 1694 commissa
3484 1640 3811 1693 cottidianis
3858 1639 4042 1693 uber-

2332 1730 2435 1783 tim
2465 1730 2718 1783 laerimis
2749 1730 2939 1782 dellet.
2976 1730 3295 1783 Honoratus
3324 1729 3571 1799 denique
3611 1744 3645 1782 a
3669 1742 3805 1799 rege
3834 1734 3892 1781 et
3912 1728 4043 1797 epi-

2336 1819 2518 1889 scopis
2541 1818 2990 1887 przeciosissimis
3027 1817 3177 1871 beati
3210 1818 3431 1871 Martini
3470 1819 3540 1871 de
3571 1833 3727 1871 sacro
3794 1832 4041 1887 corpore

2335 1908 2618 1977 reliquiis,
2674 1922 2806 1960 nam
2861 1909 3171 1960 maximum
3219 1906 3635 1971 aestimabatur,
3693 1905 3857 1959 sicui
3930 1905 4038 1958 ali-

2337 2001 2548 2065 quanta
2573 1996 2851 2064 particula
2890 1994 2960 2048 de
2996 1995 3186 2048 casula
3240 1996 3354 2048 sive
3412 1995 3633 2048 caeteris
3679 1994 4038 2064 paramentis

2336 2084 2514 2137 sancti
2562 2084 2899 2136 confessoris
2946 2089 3136 2153 posset
3210 2083 3569 2152 contingere,
3620 2083 3740 2154 ipse
3816 2083 4038 2136 czelesti

2337 2173 2606 2226 thesauro
2648 2179 3045 2226 remuneratus
3095 2178 3153 2226 et
3181 2174 3423 2226 aliorum
3455 2172 3838 2243 complurium
3901 2188 4038 2224 san-

2337 2266 2579 2327 ctorum,
2612 2277 2741 2314 cum
2771 2261 3167 2315 benedictione
3198 2266 3254 2314 et
3285 2260 3469 2331 gratia
3501 2265 3837 2314 cunctorum
3903 2259 4039 2313 inde

2336 2349 2646 2420 digressus,
2672 2350 2916 2404 Parisius
2946 2351 3303 2421 perveniens,
3341 2351 3557 2420 aliquot
3615 2350 3736 2403 dies
3757 2356 4036 2402 consueto

2336 2438 2606 2492 exercitio
2665 2454 2901 2509 precum
2950 2438 3221 2503 intentus,
3308 2435 3721 2491 nichilominiis
3770 2437 3949 2490 etiam
4008 2454 4041 2489 a

2337 2528 2579 2597 praefato
2620 2527 2879 2597 principe
2906 2531 2961 2579 et
2986 2526 3268 2597 episcopis
3323 2526 3742 2596 prteciosissimi
3779 2526 4041 2580 martiris

2342 2616 2579 2669 Dionisii
2624 2617 3023 2687 sociorumque
3062 2617 3185 2684 ejus
3244 2615 3612 2669 sacrosanctis
3690 2614 4039 2685 pignoribus

2337 2706 2641 2776 perceptis,
2674 2721 2802 2759 cum
2827 2704 3227 2759 benedictione
3250 2709 3306 2757 et
3345 2704 3528 2769 gratia
3567 2704 3637 2758 ab
3668 2704 3782 2757 illis
3811 2703 4037 2773 digres-

2338 2811 2454 2857 sus,
2496 2794 2645 2848 felici
2679 2811 2847 2847 cursu
2900 2794 3146 2864 patriam
3190 2793 3517 2863 repedabat.
3555 2794 3620 2847 Et
3672 2808 4037 2863 quamquam

2339 2887 2470 2953 post
2534 2883 2676 2935 tanti
2733 2882 2953 2935 itineris
3003 2882 3408 2936 difficillimum
3467 2881 3744 2944 laborem,
3785 2881 4034 2934 celerem

2341 2971 2586 3024 reditum
2620 2976 2744 3024 vota
2776 2971 3033 3024 omnium
3066 2974 3474 3040 prmoptarent,
3505 2970 3637 3023 vicit
3667 2976 3862 3024 tamen
3895 2970 4030 3023 επρ-

2338 3064 2479 3123 ctus,
2538 3076 2651 3129 quo
2696 3076 2921 3129 semper
2976 3059 3222 3113 dominis
3279 3058 3720 3129 obsequebatur,
3773 3064 3828 3111 et
3867 3058 4031 3111 beni-

2339 3147 2679 3218 guissimum
2720 3164 2913 3217 regem
2950 3149 3125 3219 Aquis
3177 3148 3429 3218 positum
3477 3148 3636 3202 adiit.
3667 3152 3712 3202 Δ
3751 3163 3869 3218 quo
3896 3148 4031 3201 alla-

2336 3236 2690 3289 ctuosissime
2731 3237 3034 3305 excipitur,
3095 3253 3207 3307 qua
3241 3236 3361 3305 jam
3409 3236 3507 3290 diu
3540 3252 3691 3307 aegre
3742 3235 3913 3290 illum
3952 3237 4033 3289 vi-

2336 3325 2470 3379 dere
2502 3326 2786 3395 cupiebat.
2819 3326 2958 3379 Nam
2999 3326 3329 3395 Baveuberg
3383 3326 3559 3396 regali
3612 3326 3756 3393 loco,
3789 3326 3894 3396 qui
3926 3326 4031 3378 sibi

2334 3413 2699 3468 hereditario
2723 3414 2851 3482 jure
2883 3431 2913 3468 a
2953 3413 3269 3483 majoribus
3312 3414 3429 3468 suis
3473 3414 3860 3484 competebat,
3914 3414 4031 3481 cpi-

2338 3504 2619 3573 scopalem
2653 3504 2846 3557 sedem
2888 3504 3107 3557 noviter
3139 3504 3442 3557 instituere
3474 3502 3833 3574 disponebat.
3872 3503 4030 3557 L'ude

2337 3592 2620 3662 synodum
2691 3592 2952 3646 omnium
3029 3592 3434 3663 episcoporum
3489 3591 3547 3645 in
3592 3590 4025 3645 Francanavord

2332 3680 2605 3735 adunavit
2655 3680 2864 3751 scripta
2916 3681 3156 3735 Romani
3231 3680 3517 3751 pontificis
3573 3695 3747 3750 super
3796 3679 3911 3733 hoc
3979 3684 4029 3733 et

2334 3768 2559 3823 decreta
2591 3768 2883 3822 communi
2909 3768 3557 3838 judiciocomprobaret.
3602 3766 3706 3821 Cui
3744 3767 4022 3821 taxationi

2330 3856 2616 3928 insignem
2688 3858 2785 3911 Dei
2842 3874 3068 3911 servum
3132 3863 3189 3912 et
3244 3857 3555 3910 antistitem
3620 3857 4023 3911 Bernwardum

2330 3946 2518 4017 primo
2568 3946 2775 4016 regalis
2837 3946 3122 4015 majestas,
3224 3950 3349 3999 tuin
3393 3944 3725 4015 episcopalis
3773 3944 4023 4012 dignitas

2329 4034 2604 4088 interesse
2636 4034 2819 4104 magis
2857 4034 3141 4103 prmcibus
3185 4033 3586 4104 postulabant;
3644 4048 3749 4086 nec
3801 4033 4019 4099 abnuit,

2329 4124 2470 4194 quin
2500 4122 2924 4192 promptissima
2956 4122 3304 4175 obcedientia
3365 4121 3644 4176 domuum
3686 4137 3889 4192 regem
3921 4123 4018 4176 bo-

2329 4211 2568 4265 noravit.
2596 4212 2874 4265 Reversus
2913 4226 3046 4264 vero
3088 4210 3532 4275 Hildenesbeim,
3552 4210 3768 4264 delatas
3797 4218 4017 4263 sancto-

519 4301 964 4356 occidentalibus
1018 4301 1211 4371 lGallis
1269 4317 1393 4355 rem
1447 4300 1736 4372 publicam
1791 4298 2216 4369 infestantibus,
2247 4300 2292 4355 D
2331 4316 2460 4355 rum
2489 4299 2761 4370 reliquias
2801 4299 3168 4353 veneratione
3231 4299 3515 4369 condigna
3550 4298 3861 4352 servandas
3892 4302 4016 4353 loca-

519 4389 676 4444 idem
726 4390 1044 4460 imperator
1122 4388 1422 4443 Heiuricus
1486 4387 1910 4459 expeditionem
1954 4388 2220 4442 adversus

516 4477 861 4532 illosmovit.
922 4478 1097 4548 Cujus
1153 4493 1311 4531 arma
1360 4476 1722 4531 venerandus
1760 4475 2023 4546 pontifex
2080 4477 2221 4530 Ber-

523 4566 811 4632 nwardus,
852 4565 1016 4636 juxta
1064 4571 1416 4637 praeceptum
1457 4563 1709 4626 Domini,
1751 4580 1880 4635 quae
1929 4564 2027 4619 Dei
2055 4570 2222 4620 erant

525 4653 660 4719 Deo,
707 4670 838 4725 qua:
878 4654 1113 4709 Caesaris
1157 4653 1365 4710 Caesari
1418 4653 1667 4709 ﬁdeliter
1708 4653 2032 4718 restituens,
2084 4669 2218 4708 cum

2330 4389 2428 4454 vit,
2482 4392 2661 4441 semet
2716 4388 2907 4458 ipsum
2980 4388 3039 4442 in
3086 4388 3466 4442 sanctimonia
3510 4387 3675 4441 solita
3723 4388 4015 4441 sollicitius

2328 4477 2534 4532 diatim
2574 4476 2843 4543 exercuit,
2894 4477 3258 4547 episcopatus
3322 4476 3409 4529 sui
3454 4475 3728 4529 terminos
3777 4476 4012 4546 antiqui-

2328 4571 2419 4621 tus
2466 4564 2729 4635 praefixos
2772 4565 2967 4620 labore
3029 4565 3210 4620 nimio
3271 4568 3328 4620 et
3356 4563 3739 4619 sollicitudine
3780 4564 4015 4618 custodi-

2330 4655 2412 4708 vit
2444 4653 2537 4708 ¹⁸¹.

1937 4782 2173 4836 VARI/ﬁ
2207 4783 2605 4838 LECTIONES.

594 4893 668 4932 ³⁷⁸
724 4912 831 4952 vos:
881 4896 1044 4950 hasta
1088 4895 1232 4949 deest
1280 4898 1331 4949 1.
1415 4892 1484 4929 ¹⁷⁵
1512 4909 1566 4950 a.

1601 4910 1657 4965 g.
1707 4911 1756 4949 r.
1791 4911 1961 4969 e._m.
2016 4913 2061 4950 s.
2112 4898 2233 4969 jam
2269 4915 2426 4952 erasa
2466 4902 2521 4952 2.
2604 4895 2673 4932 ¹⁷⁶
2706 4897 2964 4968 regimen
3005 4900 3060 4952 2.
3142 4857 3472 4969 '77..quoque
3492 4899 3544 4951 2.
3626 4895 3696 4932 ¹τ⁸
3728 4898 3829 4953 hoc
3872 4900 4008 4968 card

519 4968 664 5023 deest
699 4970 750 5021 2.
824 4965 894 5002 ¹¹¹⁹
954 4982 1194 5036 regnum
1254 4969 1303 5021 l.
1349 4962 1423 4999 ¹⁸⁰
1467 4967 1562 5019 hoc
1608 4962 1773 5034 caput
1824 4966 1971 5021 ἄειδε
2012 4971 2067 5021 2.
2114 4962 2215 5000 ’³⁸³
2274 4970 2359 5023 hic
2416 4972 2474 5023 in
2516 4972 2568 5023 3.
2625 4969 2678 5022 4.
2712 4962 2797 5022 5.’
2830 4971 3081 5035 leguntur
3109 4962 3724 5023 nonnulla-Annalibus
3800 4962 4005 5024 Hide'sh.‘

519 5056 573 5115 ᾳ.
627 5040 1044 5115 tOl3.__innia:_a,_
1084 5037 1178 5090 sed
1230 5051 1350 5115 quae
1382 5051 1544 5115 .ve'ces
1591 5036 1789 5115 beatus
1835 5044 1885 5090 et
1914 5044 2125 5091 sancite
2170 5038 2323 5115 Hild.
2349 5040 2608 5115 civitatis
2634 5047 2911 5115 patronus
2952 5042 3600 5115 posteriorieus‘sa’cutis
3641 5042 3875 5115 inserta
3922 5038 4003 5115 esst

519 5111 706 5164 docent
736 5126 749 5163 :
785 5110 903 5182 Illis
935 5108 1137 5182 diebus
1167 5107 1511 5182 miserabilis
1542 5110 1875 5182 cunctisque
1931 5116 2124 5182 sancte
2157 5111 2384 5182 matris,
2413 5107 2650 5164 ecclesie
2687 5112 2842 5173 filiis,
2900 5107 3175 5180 perpetuo
3208 5181 3213 5182 ν
3242 5110 3607 5164 lacrimabilis
3641 5110 3852 5176 luctus,
3902 5128 4000 5182 pec-

518 5182 657 5235 catis
695 5179 908 5234 nostris
937 5177 1312 5247 exigentibus,
1345 5182 1575 5230 exortus
1604 5184 1709 5241 est,
1739 5179 1818 5231 ita
1845 5183 1911 5231 ut
1939 5182 2003 5231 t2
2052 5181 2317 5234 Kaleutas
2353 5181 2640 5236 Februarii
2674 5182 2865 5234 nobile
2900 5177 3323 5235 monasterium
3368 5192 3558 5234 sancte.
3621 5177 3998 5237 Hildeuue'nso

519 5250 733 5304 mensis
779 5246 1019 5322 ecclesie
1052 5246 1360 5322 diabolica
1425 5248 1651 5322 fraudis,
1694 5249 1893 5301 faculis
1934 5256 2376 5322 nostrorumque
2422 5254 2731 5306 criminum
2774 5255 3021 5305 ﬂammis
3074 5268 3221 5320 pene
3268 5252 3531 5305 incendio
3569 5255 3869 5320 perditum
3925 5258 3995 5306 est

520 5322 663 5403 15am
701 5322 761 5375 in
793 5320 1001 5403 eadem
1026 5324 1216 5384 nocte,
1246 5318 1426 5403 prime
1474 5320 1686 5398 quietis
1701 5324 2263 5403 _tempqre_,__cuuctis
2281 5318 2459 5403 infra.
2491 5326 2693 5403 urbem
2723 5318 3213 5403 commorantibus
3250 5326 3435 5392 magis
3465 5318 3841 5403 peccatorum
3884 5340 3994 5396 pnnd

521 5393 654 5447 dere
686 5393 887 5463 sopitis
917 5404 1096 5460 quam
1132 5390 1324 5441 somni
1353 5390 1586 5443 alterius
1614 5390 1843 5462 quietis,
1879 5391 2103 5458 deditis,
2138 5393 2372 5463 grandis
2401 5394 2499 5449 ille
2534 5395 2699 5448 dolor
2725 5394 2893 5449 nobis
2923 5393 3146 5449 miseris
3175 5390 3527 5465 supervenit.
3561 5393 3776 5450 Verum
3841 5390 3992 5451 sancti

2206 5515 2423 5571 ΝΟΤᾸΞ.

590 5612 697 5682 (55)
723 5610 867 5676 Qum.
902 5621 983 5660 eo
1011 5621 1158 5660 anno
1190 5605 1254 5658 in
1279 5606 1330 5661 d.
1362 5611 1422 5662 2t
1478 5608 1659 5663 Martii
1686 5609 1906 5664 incidit.

2392 5611 2504 5681 (:56)
2532 5609 2792 5666 Turonis.
