3968 6400
65 349 161 401 £25
1455 356 1610 411 VITA

2014 358 2095 410 AR
2106 357 2190 411 D1.
3479 359 3581 411 426

128 467 222 520 42.
274 468 344 502 ¹⁸²
378 469 603 523 Interea
650 468 865 523 domna
899 471 1281 541 Rothegardis
1312 473 1501 544 dignm
1549 492 1767 528 memo-
1799 480 1841 529 A
1886 476 2227 530 dissidentes
2275 476 2422 531 forte
2459 477 2733 548 repperit,
2770 482 2870 532 aut
2900 478 3107 534 'statim
3158 481 3583 552 reconciliabat,

60 555 161 608 rite
219 557 700 611 Hildewardensis
761 560 1030 613 aecclesiae
1078 561 1382 627 abbatissa,
1431 563 1772 616 venerabilis

58 646 392 699 Bernwardi
436 648 690 716 episcopi
741 654 1073 713 matertera,
1108 649 1334 704 diutina
1382 653 1635 720 corporis
1676 653 1771 705 in-

55 734 339 789 ﬁrmitate
389 738 681 806 castigata,
736 738 1100 790 resolutionis
1145 755 1262 791 sua!
1296 739 1448 792 diem
1484 741 1589 793 sibi
1622 758 1767 794 sem-

2 810 3 839 ³
54 838 163 891 per
216 824 555 893 optabilem,
590 824 782 877 divino
825 830 885 878 ut
918 826 1169 879 creditur
1214 826 1508 890 instinctu,
1558 828 1769 881 instare

2 924 3 929 ‘
54 912 350 980 cognovit.
406 913 561 966 Unde
594 913 652 965 in
683 914 1065 967 sacratissima
1096 920 1261 968 nocte
1311 916 1620 969 Dominicaa
1667 933 1768 969 na-

53 1000 299 1053 tivitatis
350 1003 492 1069 (Dec.
539 1003 631 1071 25)
682 1002 749 1054 ad
786 1002 1019 1055 missam
1062 1022 1088 1053 α
1126 1004 1398 1057 Dominus
1440 1004 1582 1057 dixit
1627 1023 1653 1054 ι)
1708 1005 1768 1057 in

2 1076 5 1107 λ
53 1088 379 1142 ωοειθείεῐη
410 1105 465 1142 se
497 1090 630 1143 ferri
665 1092 941 1161 prmcepit
970 1108 982 1144 :
1017 1091 1211 1162 ibique
1247 1092 1530 1146 Dominici
1576 1110 1769 1164 corpo-

2 1166 5 1197 ί
52 1180 133 1231 ris
166 1196 235 1232 ac
265 1179 563 1249 sanguinis
590 1180 855 1233 viaticum
890 1182 1159 1250 percepit.
1199 1182 1354 1249 Inde,
1391 1182 1497 1237 rite
1524 1185 1768 1251 peractis

2 1254 5 1287 ⁵
51 1268 349 1335 omnibus,
398 1268 588 1323 denuo
626 1270 695 1323 ad
724 1269 937 1323 lectum
970 1275 1262 1340 reportata
1306 1277 1409 1333 est,
1443 1272 1767 1328 convocatis

2 1344 7 1377 ί
53 1357 354 1410 sororibus
406 1358 481 1411 ita
522 1374 720 1411 exorsa
769 1364 855 1412 est
888 1375 901 1412 :
934 1360 1029 1412 Ea?
1069 1362 1169 1413 hac
1202 1364 1317 1413 vita
1355 1378 1435 1415 me
1474 1362 1649 1425 hodie,
1684 1378 1767 1416 ca-

2 1434 7 1465 ί
52 1450 313 1514 rissimze,
366 1464 469 1515 quo
525 1449 667 1501 Deus
710 1449 941 1515 jusserit
972 1452 1222 1515 invitari,
1271 1452 1420 1504 vobis
1464 1451 1765 1518 denun'cio;

2 1524 5 1553 ί
50 1536 147 1588 sed
178 1538 278 1589 hoc
320 1540 442 1605 quia
482 1540 636 1603 infra
671 1539 898 1606 majoris
931 1540 1109 1592 missae
1150 1540 1469 1607 solle‘mpnia
1516 1542 1765 1605 futurum

2 1612 5 1643 ἶ
50 1640 166 1677 esse
215 1642 323 1678 non
372 1629 579 1691 ignoro,
634 1642 697 1678 ne
731 1642 841 1694 qua
889 1627 1070 1679 divini
1113 1629 1417 1692 famulatus
1450 1632 1549 1696 ﬁat
1596 1632 1763 1682 inter-

2 1702 5 1733 ⁷
48 1716 263 1781 ruptio,
298 1729 412 1776 eos,
446 1714 639 1767 audita
664 1730 780 1767 mea
812 1721 998 1779 morte,
1028 1718 1251 1768 minime
1275 1717 1489 1769 turbari
1519 1717 1760 1785 deposco.

54 1806 151 1855 Dei
202 1818 440 1870 namque
489 1808 638 1855 tanto
685 1805 852 1856 michi
896 1804 1106 1870 largius
1146 1806 1417 1858 auxilium
1467 1806 1768 1873 affuturum

2 1906 5 1913 ’
53 1906 164 1943 esse
189 1891 420 1957 conﬁdo,
454 1893 505 1944 si
528 1890 681 1944 modo
702 1892 856 1944 nulla
885 1892 1001 1960 ejus
1032 1895 1245 1945 servitii
1275 1895 1379 1945 mei
1405 1909 1571 1946 causa
1598 1898 1767 1960 fuerit

55 1983 413 2032 intermissio.
471 1982 679 2032 Divinis
725 1982 910 2048 itaque
957 1982 1287 2050 sollempniis
1330 1998 1397 2035 ere
1430 1999 1575 2036 more
1620 1999 1767 2037 com-

2 2070 4 2075 ’
52 2069 241 2136 pletis,
303 2066 379 2119 ad
426 2068 890 2121 communiendam
948 2071 1155 2123 emitum
1207 2086 1381 2124 meum
1448 2075 1766 2139 quantocius

2 2150 3 2157 “
55 2171 337 2208 occurrere
384 2157 662 2221 festinate,
713 2172 912 2224 suoque
954 2161 1185 2212 creatori
1218 2163 1457 2212 animam
1501 2162 1767 2229 praecibus

55 2247 324 2297 attentius
377 2245 748 2298 commendare
806 2253 1011 2310 curate,
1057 2253 1399 2317 vestrumque
1449 2264 1656 2318 semper
1694 2252 1765 2315 li-

4 2336 13 2355 "
53 2350 174 2387 mm
206 2340 517 2402 suspectum
548 2334 819 2401 habentes,
867 2338 924 2387 in
956 2336 1048 2389 illo
1075 2337 1346 2390 tremendo
1372 2337 1605 2404 judicio,
1640 2337 1769 2391 dum

56 2424 271 2476 licitum
304 2428 405 2490 est,
443 2438 543 2491 per
574 2424 711 2477 bona
743 2440 907 2492 opera
934 2427 1036 2478 Deo
1066 2424 1247 2489 dignae
1284 2428 1522 2479 inveniri
1550 2429 1765 2493 satagi-

58 2518 113 2564 te.
153 2514 255 2567 llis
287 2512 475 2579 dictis,
528 2528 622 2566 eas
655 2518 951 2583 stupentes
992 2514 1238 2568 nimium
1290 2515 1503 2585 pariter
1549 2532 1613 2569 ac
1664 2516 1767 2569 mi-

56 2609 252 2654 rantes
298 2600 455 2654 abire
491 2601 771 2671 permisit.
808 2602 967 2665 Quod
1014 2603 1148 2673 quia
1181 2603 1385 2673 spiritu
1429 2604 1767 2674 prophetico

2 2694 5 2699 ’
55 2689 412 2759 ρπωνὶᾱενὶῐ,
465 2690 547 2743 rei
614 2696 877 2759 patenter
929 2691 1116 2745 exitus
1168 2692 1435 2746 ostendit.
1494 2693 1656 2759 Nam,
1705 2698 1768 2746 ut

2 2802 3 2805 η
55 2779 427 2847 praedixerat,
478 2778 627 2831 infra
673 2778 955 2847 majorem
1009 2778 1264 2848 missam,
1321 2780 1632 2850 incipiente
1679 2797 1766 2834 se-

52 2867 316 2938 quentia,
350 2872 545 2920 sancta
577 2868 731 2920 illius
781 2867 973 2920 anima
1002 2869 1187 2922 carnis
1226 2873 1311 2922 est
1358 2870 1646 2937 ergastulo
1677 2887 1767 2923 so-

54 2955 191 3008 luta.
248 2956 410 3009 Unde
461 2956 761 3009 manifeste
812 2957 981 3010 datur
1030 2957 1297 3027 intelligi,
1347 2958 1573 3013 beatam
1621 2960 1768 3013 hanc

1882 567 1968 618 vel
2009 565 2052 617 si
2098 567 2409 636 quicquam
2460 567 2701 635 obstitit,
2746 575 2807 621 ut
2839 568 2896 622 id
2946 584 3061 621 non
3096 576 3290 639 posset
3337 571 3583 633 efticere,

1881 669 2201 723 numquam
2236 660 2426 709 mente
2465 656 2729 721 feriabat,
2763 656 2942 710 donec
2978 657 3249 710 violatam
3291 659 3584 713 caritatem

1883 742 2244 797 reforuiabat.
2292 744 2451 807 Quod
2502 745 2675 798 etiam
2724 750 2860 799 tunc
2890 746 2949 798 in
2982 745 3105 814 ipso
3154 748 3297 800 festo
3331 747 3578 815 singula-

1882 831 1961 884 ris
1995 833 2309 887 nativitatis
2360 834 2544 887 facere
2596 832 2665 867 ¹⁸⁸
2706 835 3023 904 prudenter
3067 834 3271 889 institit
3318 833 3406 889 ‘39.
3445 837 3584 889 Nam

1880 926 2041 973 vetus
2092 922 2311 988 odium,
2381 923 2533 993 quod
2605 923 3073 993 archiepiscopus
3137 924 3459 995 Willegisus
3515 927 3583 978 ad

1881 1007 2507 1067 Hildenesheimensem
2552 1012 2956 1065 Bernwardum
3004 1012 3341 1081 episcopum
3392 1011 3463 1046 ¹⁹⁰
3503 1014 3583 1066 le—

1878 1097 2043 1149 vibus
2099 1098 2167 1152 de
2225 1099 2408 1152 causis
2441 1105 2803 1169 conceptum,
2857 1100 3020 1152 saevis
3067 1100 3285 1153 irarum
3335 1100 3585 1154 stimulis

1878 1185 2395 1242 inremediabiliter
2440 1188 2543 1241 sub
2594 1193 2784 1241 mente
2831 1188 3140 1253 nutriebat,
3193 1191 3400 1260 saepius
3441 1190 3586 1243 deli-

1878 1274 2004 1327 nire
2047 1276 2303 1345 cupiens,
2364 1277 2725 1329 animositate
2763 1275 2916 1329 illius
2958 1276 3141 1329 victus
3190 1278 3427 1332 destitit.
3481 1279 3583 1332 Ve-

1879 1368 2203 1417 rumtamen
2238 1381 2428 1417 coram
2463 1364 2658 1418 multis
2705 1364 2986 1435 episcopis
3037 1364 3280 1435 aliisque
3311 1366 3582 1436 principi-

1878 1451 2005 1519 bus,
2040 1453 2140 1522 qui
2170 1450 2233 1486 ¹9¹
2270 1454 2337 1507 ad
2384 1453 2664 1523 palatium
2699 1453 2758 1505 in
2788 1453 2886 1506 illa
2936 1453 3231 1523 praecipua
3278 1454 3583 1508 festivitate

1878 1542 2267 1608 confluebant,
2312 1542 2477 1596 illum
2514 1540 2581 1575 ‘9’
2627 1542 2995 1607 conveniens,
3045 1546 3203 1595 tanta
3247 1543 3583 1596 auctoritate

1877 1629 2253 1700 pertinaciam
2285 1628 2466 1682 animi
2498 1629 2652 1682 illius
2689 1627 2759 1662 ¹⁹³
2797 1629 2973 1698 digna
3006 1628 3327 1684 invectione
3358 1632 3583 1684 conire-

1879 1720 1981 1787 git,
2016 1723 2077 1771 ut
2125 1733 2183 1770 se
2223 1723 2518 1787 totamque
2567 1718 3017 1771 controversiam
3068 1717 3223 1770 illius
3262 1718 3482 1788 judicio
3531 1724 3584 1772 et

1878 1810 2122 1861 fratrum
2171 1806 2533 1859 submitteret
2567 1803 2658 1872 ‘9“,
2714 1812 2770 1859 et
2799 1806 2857 1859 in
2904 1808 3062 1859 nullo
3110 1808 3195 1860 vel
3247 1807 3369 1876 ejus
3407 1808 3584 1877 jussis

1878 1896 1966 1950 vel
2014 1895 2258 1948 fratrum
2310 1895 2456 1948 votis
2501 1895 2753 1948 obstaret
2803 1891 2892 1947 ‘95.
2956 1894 3169 1947 Deinde
3226 1894 3573 1964 sapientissi-

1878 2000 2007 2036 mus
2053 2000 2153 2036 rex
2195 1982 2404 2053 seepius
2443 1983 2818 2053 interceptam
2871 1981 2939 2015 ¹⁹⁵
2976 1983 3584 2036 Gandenesheimensis

1879 2071 2132 2124 ecclesiae
2187 2071 2607 2125 dedicationem
2652 2072 2711 2124 in
2774 2071 2970 2141 vigilia
3026 2072 3352 2140 epiplianiaz
3399 2073 3583 2126 Domi-

1880 2158 1941 2211 ni
1992 2159 2222 2223 indixit,
2268 2175 2398 2229 qum
2443 2166 2582 2212 tunc
2627 2158 2817 2228 prima
2862 2158 3003 2211 feria
3038 2158 3353 2211 Dominicaa
3398 2174 3581 2211 resur-

1879 2247 2147 2301 rectionis
2196 2248 2436 2315 accidit;
2486 2249 2829 2301 velatiouem
2874 2246 3046 2300 etiam
3104 2247 3442 2300 ancillarum
3486 2248 3583 2300 Dei

1878 2336 1937 2389 in
1980 2336 2102 2405 ipsa
2134 2336 2225 2388 die
2257 2336 2721 2406 epiphauiarum.
2777 2336 3129 2388 Venerabilis
3159 2336 3336 2405 igitur
3366 2337 3581 2406 episco-

1880 2441 1987 2495 pus
2032 2425 2402 2478 Bernwardus
2442 2424 2797 2494 Willegisum
2841 2424 3341 2494 archiepiscopum
3383 2433 3435 2477 et
3471 2440 3584 2477 cm-

1880 2519 2031 2567 teros
2093 2513 2298 2567 fratres
2365 2514 2425 2567 in
2489 2514 2766 2567 auxilium
2822 2512 2910 2566 sui
2968 2514 3037 2566 ad
3097 2514 3584 2565 consecrationem

1880 2602 2229 2673 priescriptaa
2282 2602 2552 2655 mcclesim
2606 2602 2869 2655 invitavit
2928 2602 3043 2668 (an.
3100 2602 3254 2666 l007,
3309 2602 3445 2653 Jan.
3507 2601 3581 2669 5').

1880 2691 1992 2743 Nec
2027 2705 2209 2754 mora,
2261 2690 2421 2743 adest
2468 2706 2627 2743 sacra
2656 2689 3092 2759 sollempnitas;
3138 2688 3584 2741 consecrationis

1880 2778 2136 2832 misteria
2176 2794 2242 2831 ex
2271 2784 2557 2848 praecepto
2589 2778 2788 2831 domni
2817 2777 3147 2831 Bernwardi
3179 2776 3431 2846 episcopi
3463 2776 3584 2830 dis-

1879 2871 2202 2937 ponuntur;
2252 2868 2398 2920 tiunt
2441 2867 2639 2920 omnia
2687 2865 2937 2919 fraterna
2980 2864 3234 2928 caritate,
3278 2864 3357 2917 ita
3399 2870 3461 2917 ut
3490 2880 3579 2917 ar-

1879 2955 2275 3026 chiepiscopus
2314 2955 2371 3008 in
2420 2955 2749 3025 aspersione
2799 2954 3052 3024 primum
3101 2954 3287 3006 locum
3338 2958 3579 3017 teneret,

55 3042 337 3097 feminam
368 3045 497 3113 plus
527 3045 742 3115 aliquid
774 3045 994 3099 caeteris
1023 3045 1362 3099 mortalibus
1393 3046 1601 3100 divina:
1630 3064 1765 3117 gra-
1799 3039 1839 3093 C
1878 3053 1932 3100 et
1960 3062 2087 3098 cum
2120 3045 2219 3098 illo
2268 3045 2569 3115 episcopus
2614 3043 3010 3097 Bernwardus.
3053 3043 3113 3095 In
3146 3041 3400 3095 (ecclesia
3447 3057 3580 3095 vero

55 3132 147 3185 tiae.
179 3132 537 3202 concepisse,
568 3133 659 3186 cui
704 3149 822 3186 non
855 3134 1039 3186 solum
1075 3150 1192 3187 sua?
1231 3134 1417 3187 carnis
1462 3134 1768 3189 absolutio-

57 3238 183 3274 nem
218 3227 341 3274 tam
378 3220 674 3274 evidenter
705 3237 1038 3274 concessum
1071 3226 1155 3274 est
1193 3222 1459 3291 priescire
1490 3222 1765 3293 potuisse,

55 3327 255 3363 verum
292 3310 467 3363 etiam
515 3325 582 3362 eo
615 3309 705 3363 die
748 3309 1047 3380 praesentis
1096 3310 1223 3363 vita:
1257 3310 1547 3365 miseriam
1587 3311 1765 3366 felici-

57 3406 140 3452 ter
169 3400 443 3465 eVasisse,
495 3398 650 3469 quod
684 3398 751 3452 ad
787 3414 913 3451 eam
963 3414 1068 3467 pro
1109 3398 1286 3451 totius
1334 3398 1537 3452 mundi
1585 3399 1766 3452 salute

56 3488 421 3541 tolerandam
473 3487 823 3556 Redemptor
852 3486 1092 3539 humani
1139 3485 1366 3556 generis
1397 3502 1459 3539 ex
1495 3486 1765 3540 inviolato

58 3577 306 3647 Virginis
379 3581 540 3629 utero
600 3575 971 3629 ineliabiliter
1030 3576 1299 3646 prodiens
1360 3575 1613 3629 creditur
1667 3575 1764 3629 ad-

55 3667 300 3720 venisse.

120 3758 218 3810 43.
274 3758 444 3809 Anno
490 3757 681 3807 autem
730 3750 800 3786 ¹⁸³
847 3751 1261 3807 incarnationis
1310 3751 1540 3805 Domini
1589 3750 1769 3804 nostri

48 3845 180 3897 Jesu
252 3841 470 3897 Christi
536 3840 843 3895 millesimo
908 3840 1178 3909 septimo,
1249 3855 1347 3892 rex
1408 3840 1768 3893 venerandus

55 3932 359 3985 lleinricus
409 3927 479 3963 ¹⁸⁰
527 3930 706 3982 totius
760 3928 1003 3983 Romani
1059 3927 1293 3997 imperii
1331 3928 1766 3997 potentissimus

56 4019 261 4073 Palithi
312 4018 502 4072 natale
550 4017 780 4071 Domini
832 4014 903 4051 ¹⁸⁵
944 4033 1073 4070 cum
1108 4016 1358 4070 maxima
1390 4015 1577 4085 gloria
1618 4015 1767 4070 cele-

56 4108 258 4162 bravit.
310 4108 688 4177 Quocumque
731 4122 864 4160 vero
917 4102 987 4139 ¹⁸⁶
1030 4103 1768 4175 sapientissimusimpera-

1881 3134 2021 3204 ipse,
2054 3134 2216 3203 cujus
2245 3133 2548 3204 parrochia
2577 3136 2717 3197 erat,
2754 3131 3009 3184 misteria
3042 3127 3112 3163 ¹9⁷
3142 3129 3581 3183 consecrationis

1882 3222 2153 3276 fratribus
2200 3221 2597 3292 dispensabat;
2632 3221 2883 3291 primum
2918 3235 3166 3289 namque
3200 3220 3445 3289 gradum
3484 3218 3579 3271 ille

1880 3309 2198 3363 obtinebat.
2248 3309 2491 3380 Expletis
2536 3310 2729 3379 itaque
2784 3307 2881 3362 Dei
2925 3308 3107 3377 gratia
3154 3307 3422 3360 omnibus
3463 3306 3582 3359 fra-

1880 3403 2043 3452 terna
2076 3399 2331 3457 caritate.
2364 3415 2471 3452 .rex
2522 3414 2652 3452 cum
2696 3396 3121 3467 archiepiscopo
3153 3401 3210 3449 et
3242 3395 3463 3448 cmteris
3510 3394 3578 3448 ad

1882 3488 2157 3557 populum
2194 3503 2549 3556 progressus,
2586 3486 2664 3539 sic
2694 3491 3030 3556 prosecutus
3062 3490 3146 3538 est
3178 3501 3191 3538 :
3228 3487 3580 3548 Diuturnam,

1881 3578 2115 3646 peccatis
2167 3576 2473 3643 agentibus,
2524 3576 2966 3638 controversiam,
3017 3574 3299 3627 karissimi
3345 3570 3435 3637 ωδ,
3488 3574 3580 3625 ho-

1882 3664 1970 3718 die
2023 3664 2283 3732 deponere
2312 3668 2362 3716 et
2411 3665 2703 3716 terminare
2752 3662 3019 3715 debemus.
3072 3662 3318 3728 Agnosco
3363 3663 3503 3712 enim
3532 3665 3581 3713 et

1879 3755 1988 3806 scio
2046 3753 2181 3805 hanc
2229 3752 2524 3804 aecclesiam
2572 3755 2622 3804 et
2676 3750 2989 3818 adjacentcs
3050 3750 3212 3801 villas
3270 3748 3344 3801 ad
3393 3748 3578 3801 Hilde-

1878 3841 2261 3895 nesheimenscs
2314 3841 2589 3910 episcopos
2650 3854 2858 3907 semper
2911 3839 3199 3906 pertinere,
3253 3842 3301 3889 et
3349 3837 3416 3889 ab
3468 3837 3580 3890 illis

1879 3929 2080 3997 absque
2109 3928 2533 3981 contradictione
2571 3942 2875 3996 possessam
2905 3941 3015 3979 esse
3047 3922 3137 3977 ‘99.
3174 3928 3257 3979 Ad
3304 3925 3426 3978 hinc
3456 3940 3581 3977 ver-

1881 4015 1952 4067 ba
2012 4014 2378 4084 imperatoris
2445 4014 2767 4084 Willegisus
2834 4012 3295 4083 archiepiscopus
3352 4011 3579 4065 tandem

1882 4104 1980 4158 Dei
2012 4103 2224 4173 pietate
2267 4102 2328 4156 in
2361 4118 2419 4156 se
2467 4102 2713 4168 rediens,
2746 4106 2805 4155 et
2851 4100 3125 4172 quicquid
3177 4100 3411 4171 proprio
3452 4116 3582 4154 rea—

56 4213 146 4249 ror
180 4195 250 4231 ¹⁸⁷
285 4212 391 4250 ora
416 4195 501 4249 sui
536 4194 903 4249 sacratissimi
930 4194 1118 4248 vultus
1147 4192 1517 4259 circumtulit,
1545 4192 1593 4245 si
1618 4209 1761 4263 quos
1796 4194 1837 4247 D
1877 4196 1939 4246 tu
1970 4193 2058 4246 vel
2086 4192 2332 4246 aliorum
2362 4190 2638 4246 instinctu
2667 4190 2726 4244 in
2759 4190 2938 4245 Deum
2962 4195 3016 4243 et
3043 4192 3297 4243 sanctam
3330 4189 3455 4259 ejus
3484 4188 3583 4241 Ge-

1492 4380 1727 4434 VARI/E
1766 4378 2161 4434 LECTIONES.

2 4582 3 4585 η
60 4554 154 4608 Dei
204 4550 513 4608 Genitricis
570 4551 897 4604 interventu
946 4554 1396 4619 sanctorumque
1444 4545 1918 4621 nostrorumpie
1964 4548 2199 4621 precatu
2246 4544 2322 4614 (a)
2360 4542 2711 4621 dominique
2760 4540 2951 4621 nostri.
2999 4536 3343 4621 venerabilis
3404 4539 3581 4621 Bern-

56 4625 224 4678 wardi
284 4623 546 4694 episcepi
581 4621 962 4694 acerbissimo
1016 4622 1264 4694 ploratu,
1291 4612 1513 4694 iompis
1569 4619 1668 4672 ille
1725 4612 2521 4694 veh'emeqsardorpdivini
2576 4614 2721 4694 roris
2780 4612 3070 4694 ipfusione
3122 4612 3411 4694 extinctus
3473 4615 3580 4674 est,

56 4704 110 4748 et
139 4698 282 4751 illud
321 4681 647 4747 venerabile
697 4694 977 4762 templum
1016 4681 1261 4762 'mansit'
1288 4690 1598 4762 incolume,
1647 4693 1937 4762 servatum
1982 4686 2078 4762 Dei
2117 4684 2484 4762 gratia,___nisi
2541 4684 2695 4753 quod
2730 4682 2893 4762 nobis
2938 4686 3215 4762 perpetuo
3261 4686 3346 4733 est
3377 4681 3582 4761 lugen-

55 4767 211 4830 dum,
278 4767 439 4837 quod
492 4780 622 4817 cum
681 4754 1105 4837 preciosissimo
1164 4760 1403 4837 missali-
1447 4764 1788 4837 orpamento
1847 4757 2263 4837 inexplicabilis
2319 4756 2603 4837 librorum
2647 4754 2820 4837 ‘c0pia
2878 4754 3350 4837 periit,”nosque
3411 4754 3585 4821 spiri-

55 4822 519 4891 tualium‘nostri
567 4822 863 4887 arm'orum
912 4833 1163 4886 inermes
1195 4830 1451 4901 reliquit.
1508 4831 1638 4900 Ipso
1672 4844 1904 4899 quoque
1938 4822 2095 4901 anno
2135 4828 2332 4901 beatus
2364 4822 2741 4901 Dernvvardus
2786 4822 2976 4877 sancte
3024 4822 3584 4901 Hildeunenseme‘n-

9 4902 125 4959 'sis
165 4906 421 4961 civitatis
477 4905 559 5029 ἑὸ)
614 4910 911 4975 patronus,
965 4903 1229 4974 sequenti
1268 4894 1554 4956 omnium'
1587 4894 1918 4953 sanctor-um
1972 4895 2295 4952 festivitatis
2350 4895 2684 4975 die,_altare
2740 4910 3040 4975 summum.
3086 4899 3289 4973 sancte.
3341 4894 3438 4947 Dei
3478 4894 3584 4947 Ge-

52 4980 296 5029 nitricis.
351 4992 472 5029 auo
518 5017 533 5029 .
580 4976 753 5029 nroch
793 4975 978 5028 dolor!
1032 4974 1277 5029 peccatis
1318 4972 1528 5026 nostris
1566 4970 2050 5029 promerentibus,
2088 4968 2297 5029 valida,
2339 4972 2402 5019 ut
2441 4967 2657 5019 dictum
2691 4970 2793 5029 est,
2844 4981 2995 5029 ignis
3027 4965 3406 5018 inundacwne
3445 4979 3584 5016 con-

52 4980 296 5044 nitricis,
351 4965 554 5047 quod;
580 4965 767 5047 p'rochr
793 4965 978 5028 dolor!
1032 4965 1277 5047 peccatis
1318 4972 1528 5047 nostris
1560 4970 2061 5047 _promere_ntibus,_
2088 4968 2297 5047 valida,
2339 4967 2657 5047 utndiclum
2691 4970 2793 5031 est,
2839 4965 3406 5047 ignis_inuudac.ion\e
3445 4979 3586 5016 con-

53 5035 298 5103 fractum
341 5035 470 5102 erat
506 5035 874 5100 devotissima
924 5035 1129 5099 meritis
1161 5044 1512 5103 intencione,
1548 5035 1584 5096 [ἱ
1612 5043 1799 5095 Nonas
1832 5039 2167 5094 Novembris
2196 5039 2256 5092 in
2302 5038 2507 5091 melius
2538 5037 2879 5091 restauravit
2912 5043 2969 5089 et
2998 5035 3311 5099 benedixit,
3353 5037 3584 5103 Deoque

2 5116 5 5191 ξ
54 5122 354 5191 accepcius
404 5117 869 5191 hominibusque
913 5115 1261 5191 laudabilius
1306 5114 1453 5191 auri,
1496 5112 1719 5191 argenti
1771 5125 2251 5191 gemmarumque
2290 5108 2558 5191 plaritacle
2607 5106 2817 5191 etfacit;
2864 5104 3079 5191 “"mlioc
3125 5112 3292 5191 caput
3340 5104 3486 5191 ages!

2 5182 5 5213 ’
60 5171 346 5245 wé"{vé'r6'
378 5171 431 5243 2.
537 5186 609 5223 ¹⁸⁴
658 5171 803 5242 deest
850 5190 903 5241 2.
1007 5184 1078 5222 ³⁸⁵
1133 5188 1194 5240 D.
1244 5171 1728 5239 celebravitvcum
1771 5171 1988 5251 magno
2041 5171 2255 5235 honore
2288 5183 2341 5233 2.
2445 5177 2519 5251 [35
2550 5184 2743 5232 autem
2788 5180 2842 5251 72A.
2896 5175 3012 5251 “"7
3049 5193 3143 5230 rex
3340 5171 3410 5208 ¹⁸⁸
3441 5175 3584 5227 deest

2 5262 7 5267 ’
56 5265 108 5315 2.
164 5260 233 5296 ¹⁸⁹
256 5268 340 5315 ita
382 5264 433 5315 2.
469 5259 721 5313 instituit
758 5274 895 5313 corr.
931 5256 1140 5311 institit
1174 5261 1221 5310 l.
1302 5253 1374 5290 ¹⁹⁰
1405 5245 1916 5308 ὴίιάὴθεθὶωεηεέὲ
1965 5252 2349 5322 episcopos2.
2432 5247 2499 5285 ‘9'
2530 5266 2726 5303 verum
2775 5247 3116 5322 dissidentes
3163 5245 3586 5322 episcoposnpo-

2 5344 3 5399 ς
58 5312 179 5386 ram
231 5312 525 5399 fratribus,
556 5330 656 5399 qui
708 5332 762 5383 2.
844 5328 914 5363 ¹⁹²
946 5329 1091 5383 deest
1118 5331 1172 5399 2.
1220 5397 1232 5399 _
1278 5324 1350 5361 ¹⁹³
1380 5325 1756 5399 pertinaciam
1792 5312 2025 5378 illorum
2058 5326 2125 5399 _‘_2.
2161 5312 2299 5399 ⁸19⁸-
2328 5322 2759 5399 summitterent
2787 5322 2840 5373 2.
2924 5316 2993 5352 ¹⁹⁵
3021 5312 3246 5371 obstare
3293 5312 3372 5368 2f
3429 5312 3499 5347 ¹⁹⁶
3538 5329 3583 5368 s.

2 5396 3 5429 ³
58 5405 96 5458 i.
131 5404 329 5460 desunt
352 5406 411 5457 2.
491 5392 909 5455 19"ministeria
947 5402 1006 5454 2.
1096 5396 1166 5431 '9‘
1196 5397 1341 5452 deest
1374 5392 1419 5451 1'.
1500 5394 1569 5429 ¹⁹⁹
1598 5397 1665 5450 ad
1700 5396 1821 5450 hinc
1842 5410 2013 5464 usque
2041 5393 2235 5447 dicens
2261 5392 2455 5447 desunt
2488 5394 2539 5444 2.

132 5583 208 5649 (a)
240 5579 277 5633 S
334 5594 395 5633 n.
428 5576 738 5647 deprecata
766 5575 820 5629 4.
1790 5568 1867 5637 (b)
1896 5568 2140 5622 Ecclesia
2172 5568 2224 5620 li.

431 5683 710 5748 PATBOL.
765 5679 943 5745 CXL.
3200 5669 3278 5725 H
