4166 6372
101 335 189 386 429
1464 333 1622 388 VlTA
1666 336 1720 386 S.
1767 334 1945 388 BERN
1957 335 2207 389 WARDI.

3473 338 3577 390 430

96 457 359 523 praesente
410 453 631 508 domno
669 451 744 505 “9
789 453 1050 507 Hcinrico
1101 453 1510 523 benignissimo
1550 454 1624 488 ²²⁰
1675 454 1779 507 im-
1815 458 1859 508 Α
1900 459 2015 510 Hoc
2047 460 2235 510 autem
2267 472 2384 526 prae
2414 455 2728 509 devotionis
2756 471 2898 526 opus
2929 472 3098 526 quam
3133 461 3352 511 mature
3383 458 3575 512 animo

96 547 340 611 peratore
392 547 453 594 et
503 542 742 595 diversis
793 542 1089 611 episcopis,
1137 557 1264 595 cum
1315 542 1627 594 astantibus
1669 543 1780 594 cle-

94 630 210 682 ricis
241 633 297 682 et
339 630 597 700 populis,
645 645 715 682 ne
745 635 870 698 post
921 634 1244 699 susceptum
1287 629 1543 700 regimen
1576 634 1782 682 sancta:

95 717 643 770 llildencsheimensi
689 717 953 770 aecciesite
1000 717 1236 771 inferret
1285 717 1554 786 injuriam
1613 733 1784 787 super

92 805 387 876 parrochia
436 805 892 858 Gandenesheim
938 805 1106 858 dicta.
1157 805 1314 868 Quod
1347 805 1403 857 id
1449 805 1636 873 ipsum
1678 804 1783 857 itc-

93 909 209 946 rum
251 894 320 926 ²²¹
375 893 613 962 repetiit
643 897 699 945 et
748 892 1126 959 confirmavit,
1174 893 1310 946 dum
1357 893 1518 945 illum
1561 893 1634 924 πεί
1667 892 1782 944 vice

91 998 180 1034 sua
247 980 306 1033 in
375 981 878 1050 archiepiscopum
943 981 1284 1034 venerabilis
1359 981 1431 1014 ³³³
1491 980 1780 1049 Eggehar-

93 1070 188 1122 dus
219 1069 294 1102 ²²⁴
321 1069 632 1139 episcopus
661 1069 1029 1122 consecravit.
1060 1068 1165 1122 Sed
1197 1068 1349 1138 quod
1377 1074 1512 1120 tunc
1543 1068 1782 1120 subdole

89 1157 367 1228 promisit,
441 1163 739 1227 grassante
791 1157 1040 1210 stulticia
1093 1161 1223 1226 post
1278 1156 1496 1209 fefellit.
1542 1158 1604 1208 In
1663 1156 1783 1224 ipsa

91 1245 237 1298 enim
295 1246 669 1314 promotione
730 1261 831 1297 sua
907 1242 978 1277 ²²⁵
1044 1244 1319 1297 domuum
1385 1243 1781 1297 Bernwardum

91 1335 420 1404 episcopum
454 1332 587 1387 ﬁcta
633 1349 771 1403 pace
799 1348 903 1402 per
933 1333 1183 1400 legatum
1214 1347 1380 1385 suum
1411 1331 1695 1396 convenit,
1730 1337 1786 1384 et

92 1439 188 1492 per
267 1423 412 1476 falsa
489 1422 761 1475 salutaria
833 1419 1256 1491 querimoniam
1323 1437 1492 1490 super
1564 1421 1784 1474 Gande-

93 1510 347 1564 nesheim
395 1511 715 1580 temptavit.
747 1511 848 1563 Cui
889 1510 1132 1562 domnus
1165 1509 1530 1561 Bernwardus
1561 1508 1782 1578 episco-

90 1615 206 1668 pus,
260 1598 455 1652 divina
487 1597 862 1667 inspiratione
896 1597 1109 1663 doctus,
1145 1613 1260 1649 non
1309 1597 1430 1664 ejus
1455 1596 1781 1666 vaniloquio

89 1687 411 1750 attendens,
470 1685 835 1754 obligationis
891 1701 1005 1737 sua!
1055 1685 1357 1737 anathema
1421 1684 1506 1736 illi
1553 1684 1776 1743 retexit,

85 1773 294 1842 dicens,
327 1773 438 1826 sibi
486 1774 566 1826 nil
616 1789 922 1825 commune
952 1789 1082 1825 cum
1113 1772 1212 1825 illo
1257 1770 1331 1805 ²²⁶
1375 1789 1517 1839 esse,
1550 1771 1595 1824 si
1639 1773 1780 1826 bene

87 1863 270 1929 vellet,
306 1863 422 1915 nisi
453 1878 522 1915 ea
560 1877 686 1932 quae
721 1861 816 1916 Dei
853 1866 1069 1926 essent;
1104 1861 1172 1912 de
1202 1859 1500 1930 parrochia
1550 1876 1680 1912 vero
1710 1859 1780 1893 ω

85 1967 181 2003 sua
228 1951 451 2021 absque
507 1950 681 2003 dubio
728 1949 904 2003 nichil
948 1948 1057 2001 sibi
1102 1949 1353 2001 cessisse.
1403 1949 1514 2000 Hac
1545 1963 1781 2016 respon-

85 2041 237 2093 sione
298 2039 624 2092 obstruitur
679 2037 1026 2091 machinatio
1092 2035 1540 2106 archiepiscopi;
1597 2039 1652 2088 et
1709 2035 1782 2068 2³⁸

85 2145 253 2198 super
284 2127 394 2181 hac
439 2144 500 2181 re
530 2143 635 2180 nec
675 2124 750 2160 ’99
782 2125 988 2178 mutire
1029 2123 1105 2158 ²³⁰
1135 2124 1366 2193 quidem
1407 2140 1580 2177 ausus
1611 2129 1694 2177 est
1726 2125 1782 2176 in

87 2215 194 2266 vita
223 2214 578 2267 venerabilis
609 2212 928 2266 Bernwardi
955 2212 1210 2282 episcopi
1241 2213 1309 2245 ²³¹
1343 2212 1470 2282 (57).

151 2301 216 2353 49
245 2301 344 2352 ²³².
375 2303 545 2354 Anno
579 2301 814 2370 perinde
855 2301 1124 2366 secundo,
1158 2301 1262 2353 hoc
1295 2307 1396 2366 est,
1425 2315 1573 2353 anno
1603 2299 1782 2352 incar-

85 2386 330 2440 nationis
364 2387 678 2440 Dominicaa
714 2390 868 2452 t022,
899 2388 1065 2456 regni
1095 2393 1282 2440 autem
1310 2388 1505 2440 domni
1537 2387 1779 2441 Heinriei

84 2474 454 2544 imperatoris
483 2478 574 2544 2t,
605 2475 986 2528 ordinationis
1014 2491 1146 2528 vero
1179 2475 1496 2528 Bernwardi
1535 2475 1783 2545 episcopi

86 2566 163 2623 30,
213 2563 538 2617 indictione
599 2566 647 2628 5,
707 2566 736 2616 3
795 2563 1077 2616 Kalendas
1134 2563 1390 2617 Octobris
1445 2563 1616 2631 (Sept.
1673 2564 1779 2626 29').

86 2650 483 2718 supradictum
530 2651 967 2715 monasterium,
1010 2651 1079 2703 ad
1112 2649 1416 2703 utilitatem
1453 2651 1782 2703 monasticae

84 2736 206 2790 vitae
247 2742 667 2805 constructum,
717 2738 1154 2808 multiplicique,
1206 2737 1363 2791 velut
1400 2737 1565 2790 hodie
1602 2743 1778 2806 patet,

86 2829 286 2878 ornatu
340 2826 688 2896 perfectum,
740 2826 1063 2879 dedicatum
1111 2829 1196 2878 est
1237 2841 1364 2878 cum
1413 2825 1570 2878 omni
1612 2827 1781 2878 devo-

83 2914 231 2968 tione
276 2914 695 2968 mcclesiasticze
740 2913 1038 2982 religionis
1081 2931 1113 2966 a
1155 2913 1479 2966 venerando
1525 2913 1779 2981 ejusdem

83 3003 346 3054 accclesize
397 3003 690 3070 provisore
742 3003 1080 3055 Bernwardo
1129 3000 1422 3070 pontiﬁce,
1475 3005 1532 3054 et
1572 3002 1642 3054 ab
1680 3001 1778 3054 bo-
1814 2986 1852 3039 (ἶ

83 3087 323 3140 norabili
399 3089 685 3141 Unewano
752 3087 1153 3157 archipraasule
1204 3088 1782 3156 llammenburgensis

81 3177 365 3242 zecclesize,
423 3176 496 3229 ab
548 3176 880 3246 Eggehardo
928 3176 1291 3230 Sleswicense
1341 3176 1623 3246 episcopo,
1667 3181 1722 3228 et
1751 3194 1782 3228 a

84 3267 347 3318 lsennone
382 3265 878 3334 Aldenburgensis
909 3266 1175 3318 mcclesize
1204 3264 1655 3317 reverentissimo
1689 3280 1784 3316 an-

83 3353 269 3420 tistite,
307 3354 370 3408 in
402 3354 623 3407 honore
654 3353 960 3408 Salvatoris
992 3353 1218 3406 Domini
1248 3353 1427 3406 nostri
1456 3353 1587 3406 Jesu
1622 3352 1780 3406 Chri-

83 3442 164 3507 sti,
199 3447 254 3496 et
284 3443 413 3511 ejus
446 3443 818 3495 sanctissimae
849 3441 1150 3495 Genitricis
1176 3457 1515 3510 semperque
1539 3441 1783 3509 Virginis

84 3531 286 3598 Mariaz,
320 3548 389 3584 ac
421 3531 703 3584 salutiferi
736 3530 878 3600 ligni
905 3530 1207 3583 adorandae
1239 3535 1294 3583 et
1321 3529 1554 3582 vivilicas
1579 3528 1779 3593 crucis,

81 3623 132 3671 et
156 3619 223 3671 ad
257 3619 514 3689 speciale
547 3618 928 3688 patrocinium
980 3617 1160 3670 sancti
1189 3617 1513 3670 Michahelis
1543 3616 1780 3670 archan-

81 3705 207 3772 geli,
257 3706 562 3773 totiusque
615 3704 835 3758 militiae
870 3704 1014 3770 coeli,
1065 3709 1120 3756 et
1169 3704 1239 3757 ad
1271 3704 1498 3757 laudem
1549 3718 1783 3755 venera-

79 3792 244 3846 tionis
274 3792 548 3846 omnium
580 3797 908 3846 sanctorum
942 3791 1059 3846 Dei.

147 3885 229 3932 50.
303 3881 418 3934 Sed
475 3895 609 3934 mox
678 3881 935 3950 ejusdem
994 3878 1330 3933 monasterii
1391 3877 1781 3933 habitaculum

78 3969 456 4024 commissum
505 3974 592 4021 est
639 3969 710 4023 ad
740 3969 1057 4038 regendum
1106 3967 1323 4022 abbatis
1369 3967 1555 4021 ofﬁcio
1601 3965 1783 4020 Gode-

78 4073 310 4117 rammo,
345 4057 601 4111 ccenohii
620 4057 797 4110 sancti
823 4056 1183 4110 Pantaleonis
1207 4056 1531 4125 praeposito.

145 4149 229 4200 Μ.
261 4147 526 4200 Tandem
575 4161 708 4198 vero
741 4144 921 4198 sancti
966 4144 1293 4198 Michahelis
1339 4143 1652 4197 aacclesiam
1699 4142 1785 4196 vir

1892 544 2220 610 intenderit,
2273 561 2386 615 quo
2429 544 2649 598 fervore
2699 549 2860 596 nacta
2918 544 3300 613 oportunitate
3347 562 3576 615 aggres-

1892 649 1986 685 sus
2019 633 2110 698 sit,
2160 649 2274 702 qua
2321 631 2611 700 vigilantia
2650 635 2706 684 et
2758 631 3087 686 assiduitate
3136 633 3423 697 institerit,
3465 650 3580 704 qua

1893 721 2128 774 caritate
2175 720 2570 774 sufﬁcientiam
2623 720 2971 773 exteriorum
3002 720 3054 772 ei
3098 721 3429 790 providerit,
3466 737 3578 791 qua

1893 808 2151 861 libertate
2208 807 2602 874 construxerit,
2675 823 2789 876 qua
2848 808 3183 862 auctoritate
3247 809 3575 874 ﬁrmaverit,

1893 900 2171 965 quantum
2213 895 2386 948 etiam
2441 896 2562 965 ipse
2603 895 2835 948 interim
2875 895 3068 950 divino
3116 900 3297 949 tactus
3347 896 3578 950 verbere

1892 984 2211 1054 profecerit,
2268 983 2446 1053 ipsius
2502 983 2688 1036 verbis
2738 983 2946 1036 melius
3000 984 3378 1053 proferemus.
3437 985 3580 1038 Dicit

1894 1071 2046 1124 enim
2074 1072 2195 1140 ipse
2228 1070 2284 1123 in
2319 1071 2614 1140 privilegio
2653 1071 2837 1124 eidem
2869 1071 3129 1124 coenobio
3161 1071 3328 1125 dato:

1965 1176 1992 1206 ‹‹
2035 1158 2232 1211 Omnis
2263 1165 2520 1212 creatura
2551 1160 2720 1212 homo
2747 1159 2978 1212 nomine
3006 1159 3134 1213 ideo
3165 1176 3196 1212 a
3226 1175 3327 1212 suo
3352 1159 3578 1212 condita

1895 1266 1920 1292 »
1964 1251 2048 1299 est
2090 1247 2376 1312 Creatore,
2417 1254 2480 1300 ut
2531 1246 2691 1314 juxta
2745 1247 2917 1300 ritum
2960 1249 3180 1300 natura:
3234 1247 3422 1316 potius
3477 1263 3578 1300 suo

1900 1356 1919 1380 ι
1965 1333 2172 1388 serviat
2200 1335 2449 1387 Creatori
2481 1351 2650 1405 quam
2695 1339 2988 1388 creaturae.
3022 1335 3194 1404 Cujus
3224 1335 3578 1388 habitudinis

1897 1441 1922 1471 ι)
1964 1426 2143 1474 status
2173 1422 2308 1475 dum
2339 1422 2402 1476 fit
2429 1438 2619 1475 rerum
2644 1421 2884 1476 discolor
2914 1438 3064 1486 usus,
3096 1423 3355 1476 animum
3383 1426 3575 1476 tamen

1899 1529 1922 1559 ι)
1963 1509 2202 1562 rationis
2249 1515 2569 1579 compotem
2604 1526 2829 1579 semper
2859 1510 3100 1563 reflectit
3129 1510 3197 1563 ad
3242 1525 3356 1562 suae
3388 1511 3577 1563 condi-

1894 1616 1920 1646 »
1964 1597 2136 1650 tionis
2181 1598 2491 1650 tramitem.
2535 1598 2641 1651 Sed
2685 1614 2798 1668 quo
2831 1598 3077 1665 amplius
3123 1613 3408 1668 quemque
3451 1615 3576 1651 cor-

1896 1705 1920 1732 »
1963 1687 2172 1739 rexerit
2225 1685 2470 1739 divinior
2519 1687 2772 1748 haustus,
2824 1690 2982 1739 tanto
3041 1686 3287 1740 divinius
3340 1703 3397 1739 se
3465 1688 3575 1739 Deo

1895 1791 1919 1822 ›)
1961 1773 2204 1843 quisque
2259 1775 2473 1843 obligat
2523 1774 2584 1826 in
2632 1773 2898 1827 omnibus
2946 1774 3135 1828 rebus.
3188 1775 3252 1827 Et
3293 1775 3399 1827 hoc
3453 1775 3573 1827 ﬁeri

1893 1879 1920 1909 ι)
1964 1861 2179 1930 nequit,
2235 1861 2342 1914 nisi
2384 1860 2478 1916 ubi
2521 1861 2703 1914 valida
2752 1862 2850 1914 Dei
2883 1877 3087 1914 manus
3135 1877 3421 1932 quemque
3469 1863 3574 1916 sibi

1892 1971 1917 1996 ››
1962 1949 2273 2002 attraxerit.
2312 1951 2468 2002 Unde
2501 1950 2555 2002 in
2590 1950 2846 2018 appetitu
2877 1950 3074 2019 gratias
3103 1966 3160 2002 se
3193 1950 3398 2021 cuique
3427 1951 3575 2004 ima-

1892 2057 1918 2084 ››
1962 2037 2124 2104 ginat
2153 2044 2208 2090 et
2237 2039 2550 2090 conformat
2587 2037 2860 2106 protectio
2909 2038 3114 2090 divinas
3146 2038 3572 2092 misericordiae.

1892 2146 1917 2172 ››
1962 2126 2134 2193 Cujus
2166 2125 2248 2178 rei
2279 2125 2734 2194 experimentum
2767 2125 2900 2178 dum
2940 2126 3310 2188 consulimus,
3347 2142 3377 2179 e
3405 2127 3574 2180 vesti-

1893 2234 1918 2259 »
1961 2211 2054 2280 gio
2113 2212 2276 2266 nobis
2335 2213 2580 2265 occurrit
2634 2213 2892 2265 divinum
2952 2229 3314 2281 responsum,
3383 2214 3576 2283 quod,

1895 2322 1919 2349 »
1962 2305 2227 2369 peccante
2270 2301 2448 2354 Adam
2481 2305 2537 2354 et
2567 2300 2697 2354 inde
2727 2301 2880 2354 exilii
2923 2301 3093 2368 longa
3124 2300 3424 2370 dispendia
3451 2318 3576 2371 per-

1893 2409 1918 2439 »
1960 2389 2195 2452 ferente,
2231 2389 2534 2441 credidisse
2585 2389 2869 2441 Abraham
2903 2389 3015 2441 Deo
3048 2392 3102 2441 et
3150 2389 3255 2441 hoc
3294 2389 3378 2442 illi
3408 2405 3576 2458 repu-

1892 2497 1919 2527 »
1961 2482 2141 2529 tatum
2173 2493 2293 2530 esse
2335 2477 2402 2530 ad
2441 2476 2748 2546 justiciam.
2792 2477 3070 2546 Cumque,
3121 2481 3178 2529 et
3201 2476 3392 2530 divina
3422 2493 3576 2547 pra:-

1895 2584 1919 2613 »
1963 2563 2223 2617 veniente
2275 2563 2594 2630 clementia,
2645 2568 2766 2617 tum
2823 2569 2879 2616 et
2925 2563 3282 2632 exigentibus
3339 2564 3577 2628 meritis,

1892 2673 1918 2699 ››
1963 2652 2290 2720 accipimus,
2333 2652 2472 2720 legis
2511 2653 2748 2704 latorem
2799 2652 3024 2721 Moysen
3075 2651 3276 2704 ducem
3326 2667 3388 2705 ac
3431 2668 3580 2722 prae-

1895 2759 1920 2789 »
1963 2745 2251 2808 ceptorem
2313 2739 2559 2792 extitisse
2620 2738 2815 2808 populi
2879 2740 3066 2801 Israel,
3127 2738 3253 2808 pari
3319 2739 3578 2793 examine

1895 2848 1920 2878 »
1963 2827 2274 2881 sanctitatis
2326 2828 2623 2890 miramur,
2679 2827 3084 2880 miraculorum
3142 2827 3417 2880 factorem
3467 2827 3579 2880 Ile-

1895 2939 1920 2965 ››
1963 2917 2111 2985 lyam
2144 2915 2380 2968 humani
2410 2915 2514 2968 sevi
2543 2915 2798 2968 nondum
2848 2913 3181 2984 cognovisse
3213 2919 3448 2980 metam,
3481 2916 3576 2969 sed

1894 3025 1918 3054 »
1960 3019 2130 3056 curru
2159 3002 2329 3072 igneo
2361 3003 2645 3056 sublatum
2679 3017 2798 3055 esse
2829 3002 3031 3055 ultimo
3061 3003 3403 3056 saeculorum
3434 3003 3580 3072 judi-

1897 3113 1915 3137 ››
1961 3090 2066 3143 cio.
2116 3090 2340 3143 Excedit
2373 3097 2626 3143 mentem
2660 3105 2764 3143 nec
2791 3089 2977 3159 capiet
3003 3089 3198 3156 tinem,
3232 3090 3274 3144 si
3306 3091 3374 3144 de
3405 3089 3494 3144 his
3524 3097 3578 3143 et

1892 3200 1918 3226 ››
1963 3180 2165 3232 borum
2215 3177 2497 3230 similibus
2545 3181 2734 3230 nostra
2782 3177 2925 3230 ratio
2975 3177 3214 3230 ulterius
3255 3194 3312 3230 se
3345 3178 3579 3231 tendere

1892 3286 1920 3316 η
1962 3265 2224 3319 voluerit.
2261 3266 2406 3319 Satis
2447 3265 2658 3319 indicio
2691 3271 2792 3332 est,
2835 3270 3082 3335 quantus
3121 3266 3491 3319 assurrexerit
3521 3266 3579 3318 in

1892 3373 1919 3403 ι)
1960 3352 2174 3423 Ρτωιὶίε
2224 3353 2392 3407 David
2449 3338 2623 3405 manu
2670 3352 2853 3417 fortis,
2910 3358 2966 3406 et
3014 3353 3131 3406 sole
3183 3352 3428 3407 lucidius
3477 3358 3578 3418 est,

1893 3460 1918 3490 »
1961 3445 2170 3492 structo
2200 3439 2563 3492 tabernaculo
2602 3438 2722 3503 Dei,
2755 3438 2983 3507 quantis
3013 3438 3356 3508 religionum
3377 3439 3581 3492 ritibus

1897 3549 1916 3574 ι
1961 3532 2017 3581 et
2044 3526 2385 3581 libaminum
2417 3525 2652 3578 misticis
2691 3526 2938 3579 cultibus
2967 3542 3025 3580 se
3075 3527 3186 3580 Deo
3214 3526 3578 3596 approxima-

1893 3635 1920 3665 »
1961 3615 2105 3668 verit
2154 3620 2379 3668 sanctus
2433 3614 2717 3681 Salemon,
2752 3614 2915 3682 cujus
2962 3614 3316 3682 paenitentiae
3365 3614 3582 3668 meritis

1893 3723 1919 3753 »
1959 3703 2152 3756 nullus
2181 3717 2457 3771 umquam
2491 3713 2752 3771 repertus
2781 3706 2865 3754 est
2892 3701 3114 3755 similis.
3151 3701 3366 3765 Quibus
3395 3701 3580 3756 omni-

1895 3813 1915 3840 ι
1959 3791 2064 3844 bus
2093 3790 2163 3844 ad
2210 3790 2602 3843 habitudinem
2651 3789 2930 3842 factorum
2979 3788 3248 3842 revelavit
3297 3791 3444 3842 Deus
3495 3806 3580 3842 se-

1891 3902 1916 3928 »
1960 3882 2112 3932 creta
2142 3877 2507 3945 meritorum,
2546 3882 2611 3930 ut
2641 3877 3034 3946 temporaliter
3081 3877 3285 3930 merito
3334 3881 3389 3930 et
3419 3893 3584 3947 opere

1892 3988 1919 4016 υ
1962 3966 2227 4020 omnibus
2259 3981 2486 4036 semper
2514 3970 2707 4019 essent
2753 3965 3022 4034 dispares,
3077 3964 3312 4034 insuper
3342 3971 3582 4019 interna-

1894 4075 1920 4107 »
1963 4057 2092 4110 liter
2141 4054 2412 4124 angelicis
2465 4053 2758 4124 spiritibus
2809 4054 3011 4106 tierent
3059 4053 3392 4122 comquales.
3456 4054 3583 4106 Ηωο

1893 4163 1919 4194 ι)
1961 4159 2068 4213 ego
2131 4143 2499 4196 considerans
2561 4141 2952 4206 Bernwardus,
3026 4139 3120 4193 Dei
3185 4142 3582 4210 prteelectione

77 4233 270 4288 beatus
298 4239 618 4305 postquam
641 4233 874 4303 praediis
905 4231 1338 4302 cpulentissime
1369 4229 1601 4293 dotavit,
1633 4246 1782 4299 praa-
1813 4251 1856 4306 ι)
1899 4252 1924 4283 ι)
1968 4247 2082 4284 non
2122 4231 2266 4284 meis
2313 4230 2533 4284 meritis
2595 4228 2778 4282 dictus
2846 4228 3170 4298 episcopus,
3216 4233 3273 4282 et
3316 4228 3584 4284 diuturna

78 4327 232 4375 sente
283 4321 604 4392 apostolici
660 4321 870 4393 legato,
916 4337 1033 4374 uno
1075 4319 1340 4374 videlicet
1388 4318 1782 4385 cardinalium,

78 4426 201 4462 cum
246 4410 534 4464 undecim
573 4408 878 4478 episcopis,
921 4424 1145 4462 necnon
1174 4413 1230 4462 et
1271 4407 1621 4461 diversarum
1658 4423 1788 4476 pro-

80 4497 390 4554 fessionum
436 4497 722 4570 personis,
769 4497 948 4552 banni
979 4497 1065 4551 sui
1095 4496 1433 4551 auctoritate
1478 4494 1783 4549 roboravit.

1899 4341 1921 4369 ι
1965 4319 2338 4372 meditatione
2370 4319 2618 4383 volvens,
2655 4333 2769 4386 qua
2815 4316 3150 4369 meritorum
3185 4316 3581 4381 architectura,

1902 4429 1923 4456 ι
1965 4423 2147 4477 quove
2179 4422 2370 4459 rerum
2407 4405 2599 4476 precio
2626 4419 2850 4474 possem
2883 4403 3122 4456 mercari
3153 4403 3421 4469 caelestia,
3450 4419 3579 4456 cum

1899 4514 1926 4546 ι)
1969 4509 2148 4546 essem
2198 4492 2432 4546 audicus
2485 4490 2667 4544 scriba
2717 4489 2913 4542 doctus
2961 4493 3019 4541 et
3059 4487 3241 4541 beata
3290 4489 3579 4542 memoriae

1507 4682 1737 4737 VARi/E
1791 4680 2071 4736 LECTION
2083 4680 2179 4732 ES.

143 4842 215 4877 ²¹⁹
243 4844 395 4898 deest
450 4845 510 4896 2.
589 4840 665 4912 “9
709 4841 958 4912 benigno
983 4845 1060 4912 _2.
1138 4842 1208 4874 ²²¹
1261 4841 1419 4912 deest“
1454 4844 1507 4894 2.
1585 4842 1658 4874 ²²²
1691 4843 1916 4912 eumd‘z.
2025 4837 2100 4912 ²ῗ³
2147 4837 2297 4912 ἄθρει.
2330 4838 2417 4912 2._
2462 4835 2532 4912 “f
2576 4833 2768 4912 egltih.
2818 4836 2868 4912 2..
2950 4835 3022 4912 m-
3067 4834 3157 4912 ξιιὶ
3190 4835 3263 4912 ἓξ.
3319 4835 3396 4912 “ﬁ
3438 4849 3487 4889 c.

77 4915 262 4969 desunt
325 4918 381 4969 2.
468 4913 547 4947 ²²τ
604 4911 749 4965 deest
800 4903 876 4965 2:
930 4910 1004 4945 ²²⁸
1061 4927 1166 4965 nec
1218 4914 1270 4964 2.
1350 4910 1422 4944 "9
1472 4913 1615 4964 deest
1662 4913 1712 4964 2.
1790 4909 1865 4944 33°
1911 4909 2145 4961 muttire
2190 4905 2452 4958 audentis
2501 4903 2558 4957 in
2607 4905 2722 4956 vita
2772 4904 3025 4974 episcopi
3065 4907 3118 4958 2.
3195 4904 3264 4937 ²³¹
3307 4905 3580 4975 episcopi.

77 4986 309 5054 Explicit
363 4985 755 5053 Tangmarus.
809 4983 1050 5054 Interea,
1105 4987 1226 5054 etc:
1263 4984 1313 5035 3.
1369 4981 1520 5046 Quod
1559 4986 1707 5054 jam_
1737 4982 2061 5054 auctoritate
2115 4977 2355 5031 codicum
2484 4979 2533 5028 et
2577 4977 2610 5027 2
2647 4976 3070 5054 νεωρίων.ᾗῖ
3105 4975 3387 5054 Antiq'uus
3439 4977 3583 5054 alius

75 5045 255 5109 auctor
283 5056 350 5109 de
395 5045 786 5108 Trtfnslatione
831 5053 887 5106 S.
923 5053 1252 5105 Bernwardi
1275 5045 1770 5119 expressis'verbis
1798 5051 1954 5116 dicit,
1990 5051 2354 5115 Tangmarum
2383 5045 2453 5119 de
2491 5047 2911 5119 conversationis
2941 5046 2997 5100 S.
3030 5047 3580 5119 Bernwardijqncti-

77 5131 196 5192 tate,
243 5133 535 5193 gestorum
589 5124 999 5188 magniﬁcentia
1042 5127 1092 5176 et
1153 5115 1388 5176 transn-u
1441 5123 1752 5190 plenissime
1806 5115 2084 5174 narrasse.
2141 5120 2247 5173 Nec
2293 5117 2466 5184 stytus
2523 5116 2693 5168 alium
2738 5116 2928 5184 prodit
2975 5122 3232 5169 (tutorem.
3293 5115 3577 5170 LElBNlZ.

81 5196 147 5229 ²³²
179 5213 299 5266 cap.
333 5197 518 5250 49-53
551 5193 748 5246 desunt
783 5195 841 5246 in
872 5196 922 5246 2.

1720 5308 1949 5363 NOT/E.

1902 5432 2037 5484 t020
2079 5431 2134 5483 d.
2173 5433 2203 5482 6
2257 5428 2386 5482 Idus
2435 5426 2661 5481 Octobr.
2715 5424 2924 5479 editam
2973 5440 3023 5477 v.
3071 5424 3277 5493 Legum
3331 5427 3371 5479 t.
3417 5427 3483 5481 ll.
3519 5429 3577 5482 Β.

1902 5520 2181 5587 172,173.

143 5442 250 5507 (57)
303 5435 652 5494 Bermvardi
682 5435 1146 5488 constitutionem
1197 5434 1266 5487 de
1310 5433 1537 5501 synodis
1587 5437 1790 5502 quater

79 5527 383 5598 quotannis
446 5525 514 5580 in
557 5520 776 5578 diocesi
830 5518 1379 5576 Hildenesheimensi
1419 5518 1695 5573 habendis
1734 5533 1782 5572 a.
