3968 6392
366 335 459 387 431
1355 332 1776 394 THANGMARI
1814 333 2251 390 PRESBYTER!
2292 298 2892 391 HILDESHEIMENS.

3782 340 3885 391 432

371 480 393 509 ιι
438 459 603 514 tercii
632 457 859 515 Ottonis
898 457 1265 529 imperatoris
1296 457 1619 513 didascalus
1649 456 1819 511 simul
1849 462 1907 511 et
1937 456 2063 527 pri-
2093 461 2139 512 Α
2180 479 2207 506 ››
2248 457 2443 525 labris,
2494 457 2683 528 palliis
2724 457 2966 529 aliisque
3015 457 3404 512 acclesiastici
3449 458 3675 513 ordinis
3723 475 3896 513 orna-

371 568 396 600 u
439 548 788 614 miscrinius,
822 547 1018 601 divina
1048 551 1231 602 tactus
1262 547 1467 617 gratia,
1500 552 1693 601 reatus
1725 546 1837 600 mei
1863 561 2066 616 super-

374 659 396 684 ι
438 637 557 691 ﬂua
607 638 1070 707 perhorrescens,
1132 636 1501 707 divinamque
1558 636 1801 705 gratiam
1859 651 2067 688 concu-

368 746 396 775 »
441 726 686 797 piscens,
749 725 983 780 distraxi
1040 725 1299 779 animum
1358 724 1418 777 in
1477 724 1718 790 diversa,
1778 723 2066 794 quomodo

371 834 400 866 is
440 820 671 869 aterna
730 814 1110 867 satisfacerem
1171 812 1572 866 misericordia
1629 812 1823 881 sicque
1881 828 2066 865 reme-

372 921 399 953 »
441 902 602 957 dium
627 918 769 956 mea
801 902 1116 956 obtinerem
1149 902 1376 954 anima.
1408 900 1515 954 Sed
1538 900 1599 953 in
1626 900 1905 955 tenuitate
1930 905 2068 954 tunc

370 1010 398 1043 ιν
441 1007 585 1045 mea
624 991 936 1061 qualitatis,
970 989 1241 1061 quicquid
1286 987 1480 1041 animo
1509 989 1925 1058 proponebam,
1970 993 2070 1042 aut

368 1101 397 1130 υ
441 1079 969 1141 vix’inchoandum,
1016 1082 1115 1132 aut
1145 1092 1462 1148 numquam
1514 1077 1621 1131 hoc
1652 1077 2067 1147 perﬁciendum

369 1188 398 1219 ι)
438 1169 732 1223 timebam.
779 1167 1018 1221 Animus
1065 1170 1255 1220 tamen
1305 1165 1489 1235 magis
1529 1182 1593 1219 ac
1636 1166 1819 1237 magis
1866 1166 2066 1220 ardore

368 1278 395 1306 ››
439 1256 618 1310 sancti
679 1255 955 1327 propositi
1014 1255 1345 1321 desudabat,
1410 1255 1543 1309 licet
1593 1261 1729 1309 tunc
1788 1256 2066 1325 temporis

369 1365 396 1397 ιο
436 1345 668 1399 fortuna
730 1344 868 1415 quid
922 1344 1219 1398 inchoasse
1275 1343 1543 1410 vetabat;
1601 1360 1729 1397 cum
1785 1360 1911 1397 ecce
1968 1344 2067 1398 Dei

366 1453 394 1485 »
438 1433 639 1487 electio
690 1438 1110 1504 senatnumqne
1177 1432 1518 1486 declamatio
1578 1448 1671 1486 me
1723 1433 2066 1503 pontiﬁcalis

370 1544 395 1571 η
437 1520 634 1591 gloria
661 1520 801 1575 solio
824 1520 1326 1574 inthronizandum
1355 1519 1724 1589 praeﬁgunt;
1752 1524 1807 1572 et
1835 1535 1907 1572 ne
1929 1535 2067 1590 grex

367 1630 393 1661 ι)
439 1609 669 1664 Domini
701 1610 1035 1664 turbaretur
1065 1608 1189 1662 sine
1219 1614 1469 1679 pastore,
1503 1624 1575 1661 ne
1605 1607 1857 1661 acclesia
1886 1614 2069 1662 mater

367 1719 394 1751 ››
438 1705 628 1752 nostra
661 1703 809 1752 esset
854 1697 1019 1768 quasi
1070 1697 1262 1759 vidua,
1296 1696 1354 1749 in
1388 1696 1669 1771 electione
1715 1696 1842 1749 novi
1873 1695 2063 1767 ponti-

366 1810 392 1836 »
436 1786 559 1841 ﬁcis
605 1802 704 1841 cor
741 1801 920 1840 unum
979 1789 1035 1839 et
1083 1785 1335 1839 animam
1390 1800 1566 1838 unam
1616 1783 1884 1838 omnibus
1933 1784 2068 1839 fecit

365 1899 390 1924 ››
433 1876 644 1930 habere
711 1874 946 1944 spiritus
1000 1873 1175 1944 pacis.
1239 1872 1663 1927 lutbronizatus
1722 1872 2062 1944 Bennopoli-

370 1985 390 2011 ι
436 1968 583 2017 tana
617 1964 728 2031 (58)
774 1961 1062 2027 acclesia,
1107 1962 1260 2033 quod
1294 1962 1392 2015 diu
1429 1976 1801 2030 conceperam
1847 1960 2063 2028 animo,

366 2071 392 2102 ν
432 2067 607 2123 opere
631 2051 923 2121 complere
952 2051 1237 2115 volebam,
1268 2049 1531 2103 videlicet
1566 2050 1747 2104 beata
1774 2051 2065 2103 memoria

363 2159 391 2191 δ)
432 2141 658 2194 tradere
688 2139 922 2192 titulum
970 2138 1224 2191 nominis
1269 2138 1404 2203 mei,
1438 2138 1722 2192 acclesias
1771 2138 2066 2205 struxisse,

368 2251 388 2276 ι
432 2243 498 2283 ac
527 2228 715 2281 ofﬁcia
746 2228 859 2281 Deo
888 2226 1259 2280 servientium
1290 2226 1432 2280 inibi
1459 2226 1777 2291 ordinasse,
1812 2242 2069 2280 omnem-

366 2337 393 2366 ι)
435 2333 547 2388 que
581 2316 973 2370 facultatulam
1011 2331 1195 2368 meam
1240 2315 1481 2368 Domino
1515 2317 1781 2368 lucrasse.
1836 2316 1900 2368 Et
1931 2314 2067 2385 quia

365 2425 394 2458 η
437 2410 569 2459 sunt
598 2406 817 2458 occulta
852 2403 950 2458 Dei
975 2404 1212 2474 judicia,
1250 2419 1478 2472 semper
1512 2409 1705 2456 tamen
1725 2403 1900 2473 justa,
1932 2418 2067 2456 con-

364 2513 394 2545 iv
436 2509 604 2548 sensu
637 2499 693 2548 et
723 2494 950 2547 hortatu
983 2491 1191 2546 Christi
1222 2492 1477 2545 ﬁdelium
1510 2507 1718 2545 novam
1754 2490 1851 2545 Dei
1878 2491 2067 2545 accle-

363 2603 392 2631 ››
436 2582 577 2635 siam
611 2583 853 2636 condere
903 2580 1071 2650 capi,
1102 2580 1160 2633 in
1211 2595 1325 2651 qua
1356 2579 1425 2633 ad
1467 2579 1694 2633 laudem
1731 2585 1788 2633 et
1820 2580 2064 2649 gloriam

364 2689 393 2721 ν
437 2670 683 2724 nominis
715 2669 958 2734 Domini,
982 2673 1038 2722 et
1068 2668 1187 2721 voti
1211 2668 1320 2721 mei
1353 2668 1712 2738 propositum
1734 2667 2063 2739 adimplevi,

362 2781 390 2809 ››
434 2765 491 2813 et
519 2764 727 2813 sancta
762 2756 1198 2819 Christianitati,
1233 2757 1506 2810 adhibitis
1540 2757 1653 2810 Deo
1697 2756 1919 2810 dilectis
1950 2756 2063 2810 fra-

365 2868 391 2898 n
430 2848 635 2913 tribus,
682 2846 961 2901 consului.
1016 2845 1273 2900 Fundato
1302 2845 1456 2899 enim
1500 2846 1727 2898 novello
1777 2860 1975 2915 opere,
2010 2849 2065 2898 et

362 2958 387 2984 ιο
431 2935 745 3006 designatis
774 2950 842 2987 eo
873 2932 983 2987 loci
1017 2934 1270 2986 locorum
1312 2931 1707 3003 qualitatibus,
1742 2948 1812 2985 ne
1843 2931 2063 2985 occasio

2180 568 2208 595 »
2250 547 2456 601 mentis
2496 545 2731 611 contuli,
2778 551 2963 601 totum
3011 546 3211 601 usibus
3257 546 3499 603 fratrum
3532 564 3640 619 per
3684 564 3894 602 manus

2183 656 2205 684 ι
2249 634 2505 689 advocati
2548 637 2662 689 mei
2687 635 2920 701 tradidi,
2955 637 3068 691 Deo
3100 641 3159 690 et
3190 637 3402 690 sanctis
3443 637 3590 707 ejus,
3620 653 3730 707 pro
3764 637 3893 691 ani-

2177 746 2205 774 »
2248 725 2452 778 mabus
2483 725 2888 795 pradictorum
2924 724 3222 779 seniorum
3271 741 3534 779 meorum
3568 726 3895 795 imperato-

2182 833 2205 861 ι
2248 829 2376 867 rum
2408 817 2466 867 et
2503 829 2633 867 mea
2665 812 3043 884 omniumque
3097 830 3487 867 successorum
3534 830 3805 868 meorum
3842 820 3902 867 et

2182 922 2205 948 ι
2249 917 2447 954 eorum
2506 917 2755 971 quorum
2822 902 3170 971 patrimonia
3238 901 3533 972 acquisivi,
3600 908 3900 973 quatenus

2180 1008 2208 1041 io
2249 990 2552 1043 servitores
2582 989 2789 1045 Christi
2828 990 2900 1044 ab
2941 990 3099 1044 omni
3151 995 3381 1045 terreno
3427 990 3662 1045 servitio
3696 990 3898 1056 liberi,

2179 1098 2206 1128 ι)
2242 1079 2347 1132 sub
2377 1078 2707 1133 defensione
2737 1084 2793 1133 et
2818 1078 3150 1149 patrociniis
3182 1095 3575 1133 successorum
3623 1095 3897 1133 meorum

2178 1186 2206 1218 ι)
2248 1167 2604 1238 pramuniti,
2634 1167 2692 1221 in
2723 1182 2861 1237 pace
2891 1174 2948 1221 et
2979 1168 3363 1222 misericordia
3397 1168 3591 1237 quieta
3622 1172 3901 1238 tempora

2179 1276 2206 1306 ι)
2248 1256 2460 1310 ducant
2490 1261 2546 1309 et
2575 1256 2632 1309 in
2662 1257 2905 1309 salutem
2954 1256 3269 1309 viventium
3301 1256 3483 1310 beata
3529 1256 3900 1326 contempla-

2178 1365 2204 1393 ››
2248 1343 2390 1397 tioni
2437 1343 2774 1397 inhareant.
2825 1342 2884 1397 Si
2931 1342 3062 1414 quis
3098 1348 3290 1397 autem
3324 1344 3436 1397 mei
3483 1344 3707 1398 ordinis
3756 1360 3901 1397 suc-

2180 1452 2207 1481 »
2248 1447 2438 1485 cessor
2464 1436 2563 1485 aut
2605 1431 2798 1502 aliqua
2841 1430 3131 1485 saeularis
3160 1448 3401 1503 persona
3432 1432 3543 1486 hoc
3575 1431 3900 1503 effringere

2179 1540 2205 1569 ι»
2247 1519 2493 1574 voluerit
2522 1524 2579 1573 et
2624 1520 2747 1573 hac
2790 1520 3105 1590 tyrannica
3150 1520 3258 1574 sibi
3289 1536 3569 1590 usurpare
3600 1537 3899 1591 praesum-

2179 1628 2206 1659 »
2248 1608 2443 1679 pserit,
2477 1608 2667 1679 gladio
2701 1608 2857 1662 verbi
2887 1608 2985 1663 Dei
3014 1624 3047 1661 a
3079 1609 3193 1663 Deo
3223 1615 3281 1663 et
3309 1609 3517 1663 sanctis
3564 1611 3688 1677 ejus
3719 1608 3896 1662 illum

2178 1718 2205 1747 ››
2249 1696 2579 1764 submoveo,
2635 1701 2698 1751 ut
2728 1697 3096 1751 incumbente
3127 1713 3300 1768 super
3341 1697 3506 1752 illum
3548 1697 3711 1751 omni
3760 1712 3896 1750 ma-

2179 1805 2205 1836 »
2248 1785 2549 1840 ledictione
2581 1792 2771 1839 careat
2800 1784 3223 1852 benedictione,
3253 1785 3447 1856 sicque
3470 1785 3897 1840 exterminatus

2182 1895 2203 1919 ·
2246 1891 2279 1927 a
2309 1873 2452 1927 calo
2485 1878 2540 1927 et
2581 1878 2755 1939 terra,
2806 1878 3029 1943 partem
3061 1872 3271 1927 habeat
3319 1889 3445 1927 cum
3477 1873 3624 1927 Juda
3664 1877 3721 1926 et
3754 1889 3890 1926 cum

2176 1981 2204 2013 υ
2245 1962 2334 2015 his
2383 1961 2485 2032 qui
2518 1960 2576 2015 in
2623 1961 2959 2016 hareditate
2989 1962 3284 2033 possident
3331 1962 3724 2016 sanctuarium
3764 1962 3889 2015 Dei.

2177 2069 2204 2101 η
2247 2050 2487 2120 Insuper
2532 2050 2813 2113 baredes,
2851 2050 2951 2105 Dei
2998 2055 3056 2104 et
3097 2056 3292 2104 nostra
3340 2050 3588 2117 licentia,
3640 2050 3701 2103 in
3754 2066 3891 2103 suos

2178 2156 2205 2189 ιο
2246 2154 2382 2191 usus
2412 2152 2514 2190 sua
2561 2137 2832 2192 studeant
2876 2144 3155 2208 repetere,
3205 2138 3341 2192 dum
3376 2138 3574 2191 vident
3622 2139 3886 2192 alienum

2177 2245 2203 2277 ν
2246 2225 2568 2279 invasorem
2595 2225 2652 2278 in
2684 2225 2800 2279 suis
2830 2226 3194 2295 patrimoniis
3224 2225 3541 2280 debachare
3570 2225 3666 2280 "3.
3708 2246 3736 2276 ι)

2246 2316 2330 2369 52.
2366 2316 2497 2370 [lac
2546 2314 2698 2368 beati
2740 2314 2849 2367 viri
2880 2313 3028 2368 dicta
3073 2313 3460 2368 consideranti
3507 2313 3676 2369 facile
3718 2320 3885 2385 pate-

2176 2402 2278 2471 bit,
2311 2409 2529 2473 quanta
2570 2403 2657 2456 vel
2708 2402 2830 2474 ipse
2861 2402 2920 2456 in
2964 2404 3143 2457 Deum
3196 2403 3500 2458 devotione
3544 2403 3886 2473 profecerit,

2175 2491 2259 2542 vel
2292 2495 2503 2560 quanta
2555 2490 2789 2559 superni
2837 2496 3130 2560 respectus
3170 2490 3429 2560 dignatio
3464 2506 3599 2545 eum
3650 2508 3887 2545 assum-

2176 2584 2368 2647 pserit.
2402 2577 2513 2642 Qui
2555 2579 2709 2632 enim
2738 2579 2839 2632 tali
2872 2578 3138 2632 insistens
3176 2578 3359 2649 Operi,
3394 2579 3608 2633 calesti
3639 2580 3887 2633 verbere

2175 2668 2505 2721 merebatur
2554 2667 2819 2738 eliquari,
2880 2668 3198 2722 manifestis
3245 2668 3471 2722 indiciis
3516 2668 3809 2739 probatur
3857 2687 3889 2724 a

2179 2755 2421 2809 Domino
2454 2754 2637 2825 diligi.

2246 2846 2333 2898 53.
2365 2845 2460 2898 His
2491 2843 2684 2915 itaque
2726 2845 2837 2914 pia
2866 2844 3183 2898 devotionis
3229 2844 3432 2899 studiis
3466 2844 3579 2898 Deo
3611 2844 3795 2916 digne
3830 2852 3888 2900 et

2176 2932 2509 2986 hominibus
2540 2932 2910 2987 laudabiliter
2948 2933 3106 2987 omni
3147 2933 3273 2987 vita
3304 2949 3418 2987 sua
3450 2938 3713 3004 tempore
3747 2950 3885 2988 con-

364 3042 389 3074 ι
430 3028 675 3076 terrena
722 3020 1039 3092 vagationis
1087 3025 1234 3073 esset
1281 3020 1479 3073 dilatio
1528 3018 1741 3089 incepti
1775 3019 1967 3088 operis
1996 3050 2061 3059 —
2096 3026 2135 3079 Ο
2173 3026 2450 3088 versatus,
2484 3037 2634 3073 anno
2683 3021 3064 3075 ordinationis
3094 3038 3211 3075 sua
3238 3023 3325 3088 3|,
3374 3038 3506 3075 cum
3542 3022 3665 3092 jam
3697 3027 3885 3076 trans-

368 3131 393 3163 ι
436 3112 620 3181 gloria
668 3111 791 3172 tibi,
840 3106 1091 3164 Christe!
1126 3138 1195 3150 —
1234 3116 1415 3162 tactus
1461 3108 1637 3162 febris
1678 3108 2060 3173 incommodo,

366 3220 388 3249 ι
433 3204 715 3268 agrotare
764 3197 911 3267 capi
941 3195 1359 3268 quinquennio.
1410 3195 1477 3249 Et
1523 3195 1661 3249 dum
1702 3194 1875 3249 nichil
1908 3196 1972 3249 ﬁt
2003 3195 2059 3249 in

363 3305 393 3339 ο
433 3287 604 3340 terris
651 3286 774 3340 sine
821 3301 1010 3348 causa,
1060 3283 1343 3353 castigans
1387 3283 1683 3354 castigavit
1730 3299 1818 3337 me
1870 3284 2062 3337 Domi-

364 3394 394 3426 »
434 3390 563 3437 nus,
595 3381 654 3428 et
688 3373 859 3427 morti
891 3388 1004 3426 non
1038 3371 1273 3425 tradidit
1301 3386 1413 3437 me,
1458 3376 1524 3424 ut
1553 3370 1722 3424 credo
1753 3376 1810 3424 et
1837 3372 2060 3425 conlido

366 3483 390 3512 ι
433 3462 493 3517 in
552 3462 817 3527 Domino,
873 3478 946 3515 ne
1003 3458 1263 3514 absentia
1319 3475 1461 3513 mea
1521 3459 1842 3529 praesentia
1899 3460 2062 3513 ﬁeret

363 3572 392 3603 ι»
434 3552 694 3623 quadam
728 3549 1077 3604 intermissio
1120 3548 1239 3618 spei
1274 3564 1435 3602 mea.
1471 3548 1576 3602 Cui
1606 3549 1749 3612 loco,
1786 3549 1899 3602 Deo
1929 3563 2058 3601 san-

364 3663 385 3691 ι
428 3648 649 3711 ctaque
679 3640 832 3694 cruci
864 3643 1272 3709 perpetuaque
1299 3637 1517 3707 Virgini
1541 3636 1728 3691 Maria
1749 3643 2059 3707 sanctoque

360 3748 388 3779 ι)
434 3729 734 3784 Micliaheli
785 3726 1130 3797 archangelo
1182 3725 1429 3788 titulato,
1491 3726 1789 3779 monastici
1842 3725 2059 3779 ordinis

358 3835 386 3868 »
428 3818 612 3872 indidi
660 3832 962 3888 personas;
1018 3831 1161 3885 quas
1208 3831 1275 3867 ea
1331 3814 1556 3868 ratione
1606 3813 1946 3880 coadunavi,
1995 3818 2060 3868 ut

360 3925 387 3955 »
428 3906 575 3960 sicut
620 3905 782 3975 juxta
840 3902 1233 3957 monachicam
1292 3917 1555 3955 normam
1614 3907 1748 3956 sunt
1794 3918 1827 3955 a
1864 3902 2056 3956 saculi

363 4016 384 4041 ι
427 3993 649 4047 actibus
695 3992 888 4059 alieni,
941 3991 1021 4045 ita
1077 3995 1265 4045 essent
1310 3990 1381 4044 ab
1425 3990 1581 4044 omni
1635 3990 2055 4061 impedimento

356 4102 385 4133 η
427 4080 714 4135 sacularis
759 4079 974 4133 servitii
1026 4078 1211 4132 liberi.
1266 4078 1517 4133 Consilio
1561 4078 1758 4149 itaque
1818 4078 2055 4133 senioris

359 4190 382 4219 ι
427 4168 542 4224 mei
581 4168 944 4238 imperatoris
993 4166 1260 4233 Heinrici,
1310 4171 1367 4219 et
1406 4166 1668 4236 magistri
1715 4166 1830 4223 mei
1873 4167 2055 4221 archi-

354 4277 383 4310 η
424 4257 679 4328 episcopi
716 4254 1078 4320 Erkeubaldi,
1123 4270 1295 4324 quem
1342 4253 1463 4324 ipse
1494 4270 1600 4323 ego
1646 4270 1775 4308 cum
1822 4255 2048 4310 confra-

352 4366 380 4399 ι)
423 4352 575 4402 trum
611 4360 867 4399 meorum
903 4350 1183 4397 conventu
1224 4343 1282 4395 in
1315 4342 1811 4413 archiepiscopum
1844 4358 2044 4397 conce-

352 4455 381 4488 ν
421 4435 596 4500 cravi,
646 4432 915 4504 quicquid
965 4438 1325 4485 terrenarum
1373 4430 1708 4485 facultatum
1754 4429 1813 4484 in
1852 4430 2047 4498 curtis,

354 4546 375 4572 ι
419 4524 738 4589 curtilibus,
798 4521 986 4586 terris,
1052 4520 1297 4590 pascuis,
1362 4519 1548 4589 aquis,
1603 4518 1778 4584 silvis,
1846 4518 2048 4588 pratis,

350 4632 372 4661 ι
418 4611 708 4677 acclesiis,
740 4625 1068 4663 sanctorum
1101 4608 1455 4679 pigneribus,
1505 4607 1684 4672 libris,
1714 4611 1954 4676 argento
1992 4612 2049 4661 et

348 4720 377 4750 ι
418 4715 580 4765 auro,
626 4704 683 4753 et
728 4698 998 4768 quicquid
1055 4696 1111 4751 id
1165 4702 1249 4750 est
1295 4696 1453 4767 quod
1502 4695 1866 4750 hareditario
1915 4695 2046 4765 jure

348 4808 377 4839 ι»
417 4788 645 4859 possedi
685 4792 784 4840 aut
812 4785 1073 4839 saculari
1117 4784 1480 4854 coemptione
1518 4785 1815 4854 acquirere
1859 4782 2043 4854 potui,

350 4896 373 4925 ι
416 4874 660 4944 exeeptis
692 4874 975 4943 plurimis,
1009 4889 1134 4944 qua
1165 4872 1331 4926 altari
1361 4881 1570 4926 sancta
1598 4871 1785 4927 Maria
1808 4871 1867 4926 in
1891 4871 2044 4943 prin-

345 4984 373 5016 ιν
412 4962 582 5034 cipali
612 4961 867 5016 acclesia
894 4962 955 5015 in
984 4960 1208 5016 coronis
1239 4960 1448 5028 aureis,
1495 4960 1786 5027 calicibus,
1833 4960 2036 5015 cande-

2171 3108 2284 3162 itus
2329 3109 2418 3163 sui
2469 3109 2642 3175 diem,
2701 3126 2873 3179 quem
2928 3126 3157 3180 semper
3199 3115 3516 3179 optaverat,
3566 3110 3883 3165 imminere

2172 3196 2530 3267 pravideret,
2580 3197 2853 3267 capellam
2904 3200 3056 3251 inter
3103 3198 3377 3252 sacellum
3420 3205 3631 3252 sancta
3679 3198 3882 3253 Crucis

2171 3290 2228 3339 et
2272 3285 2682 3339 monasterium
2730 3302 2898 3339 suum
2950 3291 3334 3340 constructam
3365 3286 3423 3340 in
3451 3286 3673 3341 honore
3720 3286 3879 3341 beati

2171 3372 2380 3427 Christi
2428 3373 2764 3427 confessoris
2816 3374 3038 3428 Martini
3077 3391 3109 3428 a
3149 3373 3461 3427 venerabili
3513 3374 3637 3427 viro
3685 3373 3879 3445 Egge-

2169 3462 2346 3517 hardo
2398 3462 2759 3517 Sleswicense
2799 3462 3070 3534 episcopo
3125 3460 3371 3516 dedicari
3418 3460 3572 3529 fecit,
3619 3461 3877 3517 ibidem-

2169 3566 2280 3621 que
2310 3566 2416 3621 pro
2448 3556 2760 3621 augmento
2789 3550 3083 3621 religionis
3122 3550 3245 3621 ipso
3291 3549 3383 3604 die
3418 3551 3683 3604 habitum
3715 3552 3879 3621 prio-

2168 3655 2289 3693 rem
2342 3642 2593 3707 mutans,
2642 3639 2992 3694 monachica
3031 3637 3408 3709 professionis
3433 3638 3643 3709 jugum
3688 3655 3879 3693 susce-

2167 3728 2271 3799 pit.

2237 3817 2324 3869 54.
2356 3817 2560 3871 Tactus
2590 3816 2798 3870 deinde
2849 3814 3186 3869 inﬁrmitate
3217 3814 3442 3881 ultima,
3492 3831 3622 3869 cum
3670 3816 3877 3872 adesse

2165 3904 2275 3959 sibi
2304 3905 2488 3959 exitus
2517 3905 2605 3958 sui
2646 3906 2845 3959 horam
2886 3904 3175 3970 sensisset,
3207 3903 3268 3958 in
3299 3904 3558 3958 eamdem
3588 3905 3875 3975 capellam

2164 4010 2222 4048 se
2253 3994 2400 4048 ferre
2430 3993 2724 4064 pracepit,
2750 3995 2969 4063 justum
3019 4008 3141 4047 esse
3183 4008 3438 4046 asserens
3474 3992 3693 4047 ibidem
3739 3992 3875 4049 vita

2163 4083 2474 4136 terminum
2505 4082 2718 4148 sortiri,
2751 4081 2847 4135 ubi
2880 4081 3170 4135 sacularis
3202 4081 3729 4136 ahrenunciationis
3761 4082 3874 4137 ha-

2161 4170 2283 4224 bitu
2315 4187 2373 4225 se
2403 4171 2736 4241 contigisset
2767 4170 3053 4240 insigniri.
3093 4168 3182 4223 Sic
3211 4169 3285 4205 ’3‘
3315 4170 3508 4239 itaque
3537 4170 3625 4224 vir
3655 4170 3871 4225 beatis-

2163 4259 2343 4313 simus
2383 4259 2609 4313 diutina
2654 4259 2967 4329 corporalis
2999 4258 3276 4311 molestia
3306 4257 3638 4313 inﬁrmitate
3670 4259 3870 4326 tritus,

2161 4346 2380 4401 bonum
2406 4352 2691 4401 certamen
2716 4352 2959 4412 certans,
2983 4361 3212 4399 cursum
3235 4361 3665 4411 consummans,
3689 4347 3868 4401 ﬁdem

2159 4451 2409 4501 servans,
2457 4434 2607 4488 viam
2639 4432 2714 4468 ³³⁵
2757 4434 3038 4488 universa
3073 4433 3263 4487 carnis
3291 4433 3605 4503 ingressus,
3639 4440 3703 4488 ut
3741 4451 3867 4490 cre-

2158 4523 2348 4578 dimus
2406 4522 2614 4577 divinis
2665 4522 2921 4577 admixtn
2983 4521 3297 4592 spiritibus,
3357 4521 3500 4575 duce
3548 4521 3868 4578 Michahele

2157 4613 2526 4682 archangelo,
2585 4611 2765 4665 beata
2823 4608 3246 4664 immortalitati
3306 4615 3391 4663 est
3456 4617 3863 4679 prasentatns.

2157 4697 2265 4761 Qui
2315 4694 2392 4731 ³³⁸
2451 4696 2825 4767 quoadusque
2883 4695 3040 4764 vixit,
3093 4694 3337 4749 Domino
3394 4711 3452 4749 se
3512 4697 3866 4753 sacriﬁcium

2149 4782 2390 4852 justicia
2419 4783 2783 4850 sacriﬁcavit;
2829 4784 3022 4855 sicque
3066 4783 3335 4854 plurimis
3383 4783 3728 4840 miriﬁcatus
3777 4787 3865 4841 in-

2153 4871 2353 4941 signiis
2417 4867 2514 4937 "7,
2566 4872 2779 4925 calesti
2836 4888 2974 4944 pace
3027 4872 3296 4943 quiescit.
3356 4872 3510 4928 Obiit
3545 4879 3746 4929 autem
3802 4879 3866 4930 12

2154 4959 2434 5014 Kalendas
2482 4959 2810 5015 Decembris
2864 4963 3015 5029 (Nov.
3064 4963 3178 5027 20).
3230 4959 3389 5016 Sedit
3443 4965 3638 5016 autem
3680 4960 3762 4997 ’3'
3805 4964 3863 5018 in

1760 5119 1993 5174 VARMS
2032 5119 2425 5175 LECTIONES.

409 5226 484 5262 ²³³
517 5224 621 5297 qui
646 5229 793 5280 esset
830 5240 979 5297 pars
1008 5227 1065 5297 et
1108 5224 1597 5297 hareditas__mea
1652 5222 1955 5297 ᾳάιζιέῃιβ,
1997 5223 2052 5285 4,
2086 5225 2135 5297 5.

2216 5222 2292 5295 ξεν*
2323 5224 2434 5295 -Ιιίολ
2472 5224 2669 5295 iterum
2703 5224 2931 5295 incipit;
2961 5225 2995 5295 2
3031 5238 3043 5275 :
3076 5223 3299 5277 Interea
3335 5222 3587 5277 domnus
3635 5224 3855 5295 episco-

336 5312 444 5369 pus
478 5290 554 5351 ΒΓ
571 5296 798 5351 diutina
825 5290 1159 5351 inﬁrmitate
1189 5295 1373 5349 tritus.
1411 5293 1483 5329 ³⁸⁸
1513 5292 1631 5347 vias
1659 5295 1712 5346 2.
1749 5290 1823 5325 ’3“
1856 5292 2001 5347 deest
2030 5297 2082 5347 2.
2122 5290 2196 5327 ³³⁷
2226 5292 2470 5363 insignis
2495 5296 2547 5347 2.
2581 5290 2656 5326 ³³⁸
2686 5293 2787 5365 qui
2812 5290 3057 5347 sedebat
3084 5295 3139 5347 2.

1980 5446 2206 5502 NOTAE.

413 5549 526 5614 (58)
565 5548 608 5600 Ι.
636 5564 666 5602 e
696 5544 1178 5603 Hildesbeimensi
1212 5562 1225 5598 :
1255 5560 1306 5600 ν.
1341 5545 1588 5600 Annales
1615 5542 1864 5600 llildesb.
1899 5543 1989 5598 SS.
2024 5545 2114 5609 Ill,
2154 5559 2282 5614 pag.
2318 5546 2403 5597 22.
