3968 6414
64 396 157 450 433
1444 400 1599 456 νιτΑ

1444 400 1599 456 νιτΑ
1639 403 1694 457 S.
1740 404 2191 462 BERNWARDI.

58 519 325 574 cathedra
374 517 610 589 triginta
666 517 851 572 annis.
906 519 1080 588 Cujus
1136 519 1417 574 discessus
1473 523 1542 576 ad
1583 523 1763 578 Deum
1802 530 1847 582 A

58 603 186 656 fecit
246 617 348 656 nos
404 601 654 672 pupillos
711 601 930 671 absque
989 607 1173 672 patre,
1232 609 1473 658 matrem
1514 611 1766 662 nostrain

58 696 312 744 sanctam
347 689 984 745 Hildenesheimensem
1029 691 1344 745 ascclesiam
1379 690 1452 727 ³³9
1483 695 1647 764 quasi
1681 696 1767 749 vi-

57 780 227 832 duam
261 775 356 829 πο.
407 778 548 832 Nam
581 794 715 832 mox
743 778 890 831 tanti
937 780 1116 848 patris
1147 796 1381 835 excessu
1418 787 1539 836 tota
1570 783 1768 838 civitas

56 874 323 937 permo‘a
351 866 706 936 congemuit,
742 871 797 920 et
827 871 945 920 tam
987 867 1122 920 cleri
1153 884 1326 937 quam
1358 870 1543 939 plebis
1589 876 1768 925 castus

59 955 249 1008 omnis
297 955 468 1008 corde
511 958 678 1008 tenus
722 953 988 1008 indoluit.
1039 955 1258 1026 Ubique
1298 957 1628 1012 vociferatio
1673 959 1766 1013 lu—

58 1044 258 1114 gubl‘is
307 1044 581 1105 exoritur,
617 1059 832 1098 mceror
861 1043 1290 1099 inconsolabilis
1320 1047 1598 1118 cujusque
1630 1064 1764 1118 pro-

58 1133 320 1186 fessionis
358 1131 617 1197 auditur;
670 1137 729 1186 et
779 1148 953 1202 quem
1001 1148 1194 1186 secum
1237 1141 1567 1189 manentem
1605 1153 1765 1190 com-

60 1221 220 1274 muni
291 1220 495 1275 affectu
561 1236 787 1290 semper
851 1221 1364 1290 amplectebantur,
1433 1223 1588 1278 hunc
1651 1241 1768 1279 non

61 1311 352 1364 immerito
382 1310 756 1364 decedentem
790 1311 1085 1363 communi
1124 1311 1537 1366 lamentatione
1569 1330 1764 1384 prose-

60 1406 338 1469 quuntur.
374 1399 515 1453 Hinc
566 1413 908 1468 pauperum,
945 1397 1080 1451 hinc
1130 1398 1430 1453 viduarum
1471 1402 1766 1470 orphano-

60 1504 307 1557 rumque
341 1488 510 1540 turba
541 1486 853 1540 miserabili
902 1488 1118 1554 ejulatu
1153 1495 1376 1556 patrem
1416 1505 1475 1543 se
1508 1490 1766 1544 amisisse

59 1578 394 1646 proclamat,
436 1576 572 1629 hinc
615 1575 813 1645 patriae
845 1575 1228 1642 defensorem,
1265 1576 1418 1646 pacis
1447 1585 1764 1633 amatorem

55 1685 118 1720 ac
153 1665 328 1719 totius
355 1664 438 1719 rei
486 1665 730 1734 publica:
775 1664 1206 1734 sagacissimum
1240 1666 1617 1736 provisorem,
1648 1674 1766 1722 tam

56 1754 340 1808 nobilium
395 1753 665 1824 dignitas,
727 1768 900 1823 quam
954 1752 1213 1822 plebium
1264 1753 1582 1820 humilitas,
1629 1774 1761 1810 con-

55 1843 210 1896 cordi
243 1842 444 1896 dolore
475 1842 829 1895 subtractum
862 1857 985 1894 esse
1015 1841 1295 1910 deplorat.
1335 1842 1534 1897 Mirum
1560 1861 1765 1915 nempe

57 1933 112 1985 in
147 1932 392 1985 modum
442 1930 526 1983 vir
555 1931 659 1984 iste
691 1929 962 1984 omnibus
1009 1929 1202 1983 omnia
1233 1930 1434 1995 factus,
1485 1932 1636 1987 inter
1680 1935 1765 1988 di-

58 2021 194 2074 vites
243 2027 303 2074 et
349 2035 654 2089 pauperes,
688 2017 841 2072 inter
886 2019 1065 2072 elatos
1095 2024 1153 2072 et
1186 2019 1455 2088 humiles,
1507 2028 1764 2077 auctora-

56 2110 154 2163 bili
209 2109 460 2180 quadam
514 2107 797 2162 modestia
839 2107 1062 2161 medius
1101 2107 1430 2174 incedebat;
1491 2116 1549 2164 et
1603 2118 1764 2165 utro-

58 2199 231 2269 hique
255 2198 416 2268 juste
467 2197 762 2267 providus,
814 2212 919 2249 nec
949 2194 1184 2249 mitibus
1216 2196 1611 2266 intractabilis,
1661 2216 1765 2254 nec

57 2289 338 2358 protervis
371 2286 732 2358 despicabilis
779 2285 1110 2356 apparebat.
1160 2285 1463 2340 Communi
1508 2305 1666 2359 ergo,
1703 2295 1766 2344 ut

58 2376 270 2429 dictum
324 2380 430 2438 est,
467 2374 832 2444 querimonia
877 2373 1180 2426 defunctus
1223 2375 1620 2444 p‘langebatur,
1665 2377 1766 2448 qui

58 2463 356 2518 communi
404 2463 725 2518 dilectionis
771 2462 992 2515 honore
1039 2461 1234 2516 vivens
1286 2463 1602 2522 colebatur.
1655 2466 1764 2521 Sed

58 2570 124 2607 ne
157 2552 633 2606 irrationabiliter
662 2567 822 2605 more
857 2565 1058 2604 eorum
1089 2549 1190 2620 qui
1221 2566 1380 2620 spem
1412 2569 1528 2606 non
1552 2554 1767 2609 habent

55 2643 483 2706 contristemur,
535 2640 581 2694 si
613 2643 1006 2694 consolantem
1058 2638 1320 2692 dolemus
1352 2643 1668 2710 perdidisse
1704 2644 1763 2698 in

57 2732 240 2797 terris,
300 2730 761 2801 patrocinantem
801 2727 1010 2782 habere
1061 2728 1418 2795 gaudeamus
1474 2731 1534 2784 in
1587 2732 1759 2798 caelis,

56 2827 109 2873 et
139 2819 219 2873 sic
265 2817 497 2888 corpori
541 2814 952 2888 compassionis
1001 2814 1190 2867 officia
1237 2815 1658 2888 impendamus,
1699 2825 1764 2874 ut

55 2908 224 2962 etiam
258 2907 493 2978 spiritui
542 2907 785 2962 feliciter
815 2920 944 2958 cum
982 2903 1096 2956 Deo
1145 2907 1412 2975 regnanti
1451 2914 1759 2979 congratu-

56 2997 281 3051 lationis
312 2996 506 3051 debita
534 2996 947 3067 persolvamus.

3470 414 3576 470 434

1876 545 2189 602 clesiastico
2237 547 2497 620 exequiis
2535 548 2642 603 rite
2694 549 3013 615 celebratis,
3063 566 3272 622 corpus
3323 553 3439 608 Deo
3491 555 3576 608 di-

1876 635 2009 689 lecti
2058 636 2320 706 praesulis
2358 636 2416 703 in
2455 637 2640 707 cripta
2671 637 2918 692 cwnobii
2967 640 3123 708 quod
3153 639 3274 710 ipse
3305 640 3578 696 fundave-

1875 728 1983 790 rat,
2017 729 2151 778 ante
2183 726 2358 778 altare
2400 733 2608 780 sanctae
2636 727 2846 791 Mariae,
2881 728 3131 781 maxima
3160 745 3290 782 cum
3320 729 3578 786 ﬁdelium

1878 811 2087 866 Christi
2162 813 2467 868 devotione
2547 816 2841 884 sepelitur.
2921 816 3300 887 Sepulchrum
3383 825 3576 873 autem

1877 916 2046 954 suum
2100 907 2295 956 sancta
2351 902 2460 956 sibi
2508 903 2810 957 devotione
2856 904 2980 973 ipse
3028 913 3471 976 praeparaverat,
3521 912 3580 962 et

1876 990 1988 1044 tale
2019 990 2202 1045 solitas
2234 991 2578 1046 humilitatis
2616 992 3005 1063 epytapbyum
3055 996 3534 1066 superscripserat
3562 1011 3576 1047 :

1941 1097 2065 1144 Pars
2089 1095 2319 1144 hominis
2351 1098 2696 1146 Bernwardus
2715 1111 2856 1146 eram
2879 1113 2892 1154 ;
2919 1113 3058 1148 nunc
3082 1099 3303 1150 claudor
3331 1102 3386 1151 in
3415 1103 3514 1151 isto

2001 1158 2335 1221 sarcophago
2364 1160 2497 1216 diro,
2529 1160 2646 1208 vilis
2671 1166 2722 1208 et
2745 1174 2865 1209 ecce
2895 1162 3046 1209 cinis.

1940 1220 2078 1286 Proh
2106 1220 2288 1286 dolor,"
2307 1221 2461 1286 officii
2489 1222 2697 1270 culmen
2730 1223 2854 1285 quia
2879 1237 2985 1272 non
3008 1225 3141 1286 bene
3173 1224 3336 1286 gessit

2002 1281 2081 1332 Sit
2107 1282 2191 1346 pia
2222 1297 2319 1347 pax
2350 1284 2560 1342 animas,
2582 1299 2676 1333 vos
2706 1281 2760 1333 et
2785 1289 2951 1334 Amen
2982 1285 3184 1334 cauite!

1948 1401 2031 1452 56.
2097 1397 2244 1462 Quid
2294 1399 2401 1453 hac
2456 1399 2607 1453 beati
2667 1399 2772 1452 viri
2827 1400 3267 1455 mansuetudine
3331 1400 3574 1467 dulcius,

1875 1486 2014 1557 quid
2063 1486 2383 1555 abiectione
2411 1485 2794 1542 laudabilius?
2827 1489 2950 1552 Quo
2981 1505 3134 1542 enim
3183 1505 3243 1543 se
3273 1489 3441 1542 vilius
3470 1489 3578 1544 sub

1875 1575 2218 1630 humilitatis
2261 1575 2532 1646 deprimit
2567 1576 2780 1642 modio,
2829 1593 2897 1630 eo
2929 1577 3175 1631 lucidius
3217 1577 3276 1631 in
3309 1576 3579 1632 ascclesim

1877 1671 2115 1735 apparet
2152 1665 2523 1730 candelabro;
2575 1669 2632 1719 et
2669 1673 2946 1736 quantum
2993 1683 3096 1720 suo
3130 1667 3350 1739 judicio
3399 1684 3577 1721 sacer-

1876 1754 2054 1810 dotali
2085 1755 2305 1808 honore
2348 1754 2620 1823 indignus
2651 1755 2980 1825 deputatur,
3015 1761 3238 1810 tantum
3272 1757 3576 1811 laudabilis

1875 1846 2006 1897 vitae
2037 1842 2367 1898 testimonio
2399 1843 2607 1912 dignus
2651 1859 2752 1912 per
2782 1846 2975 1897 omnia
3016 1846 3444 1915 comprobatur.
3480 1845 3576 1900 Pie

1876 1931 2125 2002 denique
2158 1931 2542 1985 consideranti
2579 1932 2813 1985 modum
2867 1934 3314 1986 conversationis
3355 1935 3480 2003 ejus
3522 1939 3579 1986 et

1876 2025 2082 2074 sanctas
2113 2038 2143 2074 a
2173 2035 2352 2091 puero
2385 2019 2780 2085 institutionis,
2831 2023 3027 2090 magni
3072 2022 3262 2075 meriti
3294 2023 3418 2076 luce
3457 2023 3574 2076 cla-

1874 2111 1994 2164 rius
2035 2111 2354 2181 apparebit,
2384 2110 2646 2181 quamvis
2677 2111 2848 2179 longe
2899 2112 3066 2164 aliter
3093 2127 3151 2163 se
3183 2112 3298 2181 ipse
3327 2110 3574 2164 estima-

1874 2200 2038 2253 verit.
2090 2201 2272 2253 Valles
2300 2199 2476 2264 enim,
2515 2199 2830 2252 secundum
2873 2199 3251 2264 Psalmistam,
3290 2200 3576 2253 frumento

1873 2289 2190 2353 abundant,
2240 2288 2347 2341 hoc
2397 2293 2500 2352 est,
2557 2288 2805 2341 humiles
2853 2287 3059 2358 spiritu
3113 2288 3434 2356 potioribus
3485 2288 3576 2342 di-

1875 2376 2019 2430 vinae
2053 2376 2332 2447 largitatis
2361 2377 2700 2430 muneribus
2741 2377 3072 2431 exuberant.
3113 2377 3218 2431 Sed
3253 2377 3381 2447 pius
3418 2378 3578 2429 Pater

1877 2465 1989 2518 Deo
2043 2466 2214 2534 plane
2268 2469 2325 2518 et
2378 2465 2648 2517 aecclesiaa
2705 2464 3098 2535 dignissimus,
3159 2471 3214 2518 et
3265 2466 3417 2518 inter
3468 2481 3576 2518 cte-

1874 2557 2025 2606 teras
2081 2558 2338 2617 Virtutes,
2405 2552 2617 2624 quibus
2669 2554 2976 2607 adornatus
3033 2560 3173 2621 erat,
3233 2555 3578 2609 humilitatis

1873 2641 2059 2694 cultor
2109 2641 2456 2711 praecipuus,
2505 2641 2644 2712 quid
2682 2658 2786 2712 pro
2827 2641 2952 2712 ipsa
3007 2643 3198 2697 cordis
3254 2645 3576 2697 humilitate

1871 2729 2295 2791 consolationis,
2347 2729 2484 2800 quid
2527 2730 2660 2784 fidei
2699 2747 2764 2784 ac
2813 2730 2936 2800 spei
2987 2731 3336 2802 conceperit,
3385 2730 3576 2785 mani-

1871 2817 2038 2872 festat
2067 2817 2126 2872 in
2159 2817 2324 2871 titulo
2375 2833 2547 2888 quem
2579 2818 2668 2872 his
2714 2819 2905 2872 verbis
2952 2818 3244 2872 interioris
3295 2817 3573 2888 sarcofagi

1872 2906 2172 2977 insculpsit
2227 2906 2416 2960 loculo
2476 2923 2488 2960 :
2548 2907 2667 2962 Scio
2727 2908 2794 2942 ²⁴¹
2861 2909 2996 2976 (59),
3056 2907 3201 2975 quod
3252 2907 3573 2975 Redemptor

1873 3010 2018 3049 meus
2065 2997 2223 3061 vivit,
2257 3000 2308 3049 et
2356 2997 2416 3048 in
2469 2997 2758 3049 novissimo
2797 2994 2884 3048 die
2925 2996 2991 3048 de
3046 3002 3193 3049 terra
3229 3001 3572 3048 surrecturus

121 3089 210 3140 55.
261 3087 624 3155 Praeceperat
667 3091 860 3140 autem
893 3089 1079 3142 adhuc
1112 3087 1324 3148 vivens,
1363 3089 1426 3139 ut
1465 3085 1760 3153 feretrum,
1796 3093 1835 3144 (λ
1874 3100 2014 3150 sum,
2062 3088 2112 3137 et
2153 3099 2370 3138 rursum
2421 3084 2798 3138 circumdabor
2839 3086 2976 3152 pelle
3025 3100 3164 3144 mea,
3210 3088 3261 3138 et
3303 3085 3362 3136 in
3409 3099 3570 3137 came

55 3192 162 3246 quo
216 3175 291 3228 ad
341 3173 748 3228 tumulandum
797 3192 1004 3246 corpus
1054 3178 1178 3246 ejus
1235 3174 1600 3240 efferebatur,
1644 3191 1762 3228 non

59 3265 247 3334 pallio,
283 3269 349 3317 ut
395 3263 570 3316 moris
619 3268 702 3317 est
733 3263 791 3317 in
823 3265 950 3319 talis
1005 3281 1263 3337 personae.
1313 3265 1548 3318 funereo
1597 3264 1762 3318 obse-

57 3353 208 3422 quio,
260 3352 363 3406 sed
411 3351 594 3406 cilicio
639 3357 862 3407 tantum
912 3354 1256 3425 operiretur.
1304 3352 1463 3416 Quod
1511 3353 1640 3407 ideo
1670 3353 1761 3407 hic

58 3441 425 3496 inserendum
461 3440 811 3510 putavimus,
845 3447 909 3497 ut
933 3443 1154 3497 cunctis
1191 3442 1515 3512 legentibus
1545 3446 1757 3512 pateat,

57 3536 268 3601 quanto
302 3531 390 3583 vir
439 3530 547 3584 iste
599 3546 633 3584 a
665 3531 910 3585 Domino
971 3533 1146 3586 etiam
1194 3531 1496 3602 temporali
1540 3531 1759 3585 honore

56 3619 419 3679 sublimatus.
457 3619 832 3690 semetipsum
879 3619 1201 3674 humilitate
1242 3619 1603 3690 depresserit,
1655 3635 1756 3674 cu-

48 3708 138 3776 jus
183 3708 432 3762 viventis
463 3708 702 3778 spiritus
734 3708 964 3764 devotio
1013 3714 1130 3764 tam
1164 3709 1381 3764 humile
1413 3707 1757 3779 obsequium

52 3798 332 3852 defunctae
380 3814 614 3868 quoque
661 3797 820 3851 carni
853 3798 1184 3868 providerit.
1223 3799 1376 3852 More
1424 3798 1616 3868 itaque
1649 3813 1758 3850 aec-

1871 3190 1988 3228 mea
2038 3174 2228 3228 videbo
2282 3175 2455 3227 Deum
2505 3175 2828 3227 salvatorem
2881 3189 3075 3238 meum,
3135 3189 3295 3242 quem
3351 3175 3568 3227 visurus

1871 3247 1990 3316 sum
2043 3277 2136 3330 ego
2188 3265 2322 3330 ipse,
2378 3268 2426 3316 et
2473 3263 2612 3315 oculi
2660 3263 2765 3314 mei
2808 3263 3147 3330 conspecturi
3196 3267 3323 3316 sunt
3367 3267 3418 3314 et
3463 3276 3570 3315 non

1868 3353 2012 3406 alius
2045 3349 2140 3403 3“.
2189 3353 2448 3422 Reposito
2495 3355 2573 3404 est
2605 3351 2714 3404 haec
2743 3348 2816 3384 ²⁸³
2859 3366 2979 3420 spes
3011 3366 3128 3404 mea
3171 3353 3230 3404 in
3277 3353 3405 3405 sinu
3433 3366 3565 3405 meo.

1871 3441 2007 3505 Qua:
2052 3439 2331 3494 nimirum
2385 3439 2534 3493 dicta
2586 3455 2653 3492 eo
2705 3438 2909 3508 spiritu
2961 3439 3034 3492 ab
3081 3439 3204 3509 ipso
3259 3439 3571 3493 creduntur

1868 3529 2135 3600 repetita,
2169 3545 2284 3599 quo
2316 3528 2570 3598 primum
2614 3544 2680 3581 ea
2709 3533 2930 3580 constat
2958 3527 3131 3581 fuisse
3179 3529 3423 3597 prolata,
3453 3527 3569 3582 acsi

1869 3618 1996 3671 aliis
2050 3616 2238 3670 verbis
2295 3615 2548 3686 apertius
2601 3615 2868 3670 diceret:
2915 3637 2941 3665 κ
2997 3616 3219 3670 Bonum
3275 3622 3567 3670 certamen

1866 3705 2096 3772 certavi,
2144 3719 2374 3758 cursum
2405 3703 2817 3770 consummavi,
2874 3703 3048 3757 fidem
3092 3702 3329 3770 servavi,
3373 3703 3442 3757 de
3484 3719 3542 3757 re

1869 3796 2024 3866 liquo
2057 3792 2303 3864 reposita
2332 3798 2420 3846 est
2450 3791 2624 3846 michi
2654 3808 2865 3846 corona
2889 3792 3136 3863 justicias
3165 3790 3256 3845 ³⁸⁸.

1477 3955 1704 4009 νΑΒΙιΕ
1745 3953 2034 4009 [ΕΟτίοΝ
2047 3953 2138 4007 ES.

113 4080 183 4114 ’3”
267 4097 315 4135 ε.
381 4081 448 4135 ll.
505 4096 556 4134 e.
618 4080 811 4135 desunt
868 4085 919 4135 2.
1003 4079 1076 4115 “0
1141 4084 1355 4151 reliqua
1412 4081 1605 4133 desunt
1660 4082 1719 4132 in
1774 4083 1826 4140 2.
1884 4082 1981 4146 qui
2032 4093 2214 4132 eorum
2273 4078 2548 4151 locoqhzc
2607 4077 3020 4151 suo,ju1ig§t__g'n_
3058 4078 3190 4151 Vjta
3249 4074 3563 4151 Godehqrgf

48 4154 277 4222 episcopi
333 4151 546 4205 edenda
591 4168 604 4205 :
647 4152 753 4205 Sed
822 4168 913 4217 ne,
969 4157 1066 4206 etc.
1169 4146 1448 4206 "VSCIO
1519 4151 1687 4205 ENIM
1752 4151 1941 4214 QUOD
2005 4153 2111 4202 etc.
2181 4148 2588 4216 Snrcophayus.
2651 4147 2757 4222 ’δέ
2801 4147 3024 4222 ALIUM
3083 4147 3236 4222 Sa_rc.
3302 4146 3370 4181 ³⁸³
3429 4147 3565 4202 HEC

50 4217 230 4277 Sor-cf
274 4223 351 4258 ⁸⁸⁸
408 4223 467 4274 in
514 4224 545 4276 3
605 4223 713 4277 haec
766 4224 1108 4291 inseruntur,
1155 4239 1275 4292 quae
1325 4222 1476 4276 haud
1530 4228 1655 4276 ante
1715 4237 1918 4275 annum
1981 4223 2137 4292 “95,
2202 4222 2415 4292 scripta
2448 4233 2602 4292 esse,
2653 4219 2848 4292 ultima
2903 4218 3068 4292 verba
3125 4217 3560 4292 demonstrant;

53 4295 157 4347 lsta
187 4310 301 4364 que
366 4302 685 4362 sequuntur
716 4291 774 4346 in
808 4287 1103 4364 plerisque
1162 4287 1322 4346 libris
1372 4297 1430 4346 et
1478 4293 1768 4346 codicibus
1800 4289 2202 4364 inveniuntur
2247 4287 2325 4344 de
2367 4289 2528 4343 obitu
2583 4289 3074 4364 sancti‘presulis.
3124 4287 3420 4342 Transitus
3458 4287 3563 4364 viri

54 4365 148 4417 Dei
203 4358 556 4418 sanctissimi
611 4358 856 4432 presulis
925 4358 1106 4417 nostri
1168 4363 1493 4417 Bernwardi
1550 4362 1844 4416 nonnullis
1900 4361 2176 4416 divinitus
2229 4368 2491 4414 ostensus
2533 4365 2648 4432 est,
2709 4358 2824 4432 sed"
2859 4360 2928 4412 ad
2994 4359 3106 4432 ista
3161 4358 3564 4432 prosequenda

54 4435 184 4507 libet
237 4435 439 4504 priora
470 4428 770 4507 paululum
811 4435 1126 4507 attendere.
1159 4435 1402 4489 Sedebat
1455 4433 1766 4507 aliquando
1797 4433 1882 4486 vir
1913 4433 2013 4507 Dei
2059 4432 2456 4507 B_ernwardus_
2479 4431 2662 4507 adhuc
2692 4431 2887 4483 vivens
2932 4445 3062 4507 cum
3095 4428 3414 4507 hospitibus
3446 4429 3563 4481 suis

56 4506 107 4558 in
138 4500 268 4560 aula
301 4521 425 4559 sua.
472 4500 765 4560 ’Scholaris
812 4522 942 4559 vero
993 4506 1229 4573 quidam
1265 4521 1481 4575 pauper
1523 4500 1654 4558 ante
1685 4505 1834 4559 fores
1881 4501 2517 4575 elemosinasApetendo,
2552 4501 2711 4575 pium
2764 4500 3074 4575 presulem,
3107 4504 3170 4575 ut
3197 4500 3286 4551 sui
3319 4500 3562 4575 misere-
3629 4514 3635 4520 '

57 4584 226 4651 retur,
292 4575 596 4651 invocavit.
654 4576 819 4640 Quod
886 4569 1127 4651 audi-ens
1184 4569 1788 4651 hoino-propheticus
1844 4579 1900 4628 et
1957 4573 2182 4651 spiritu
2226 4569 2330 4651 Dei
2388 4573 2610 4651 plenus,
2652 4570 2846 4651 jussit,
2910 4575 2972 4623 ut
3028 4569 3356 4651 episcopus.
3399 4569 3564 4622 Colo-

55 4647 261 4702 niensis
323 4648 468 4701 foris
529 4639 688 4699 stans
755 4662 882 4700 mox
944 4639 1436 4701 introduceretur:
1483 4639 1786 4700 currentes
1852 4639 2004 4713 ergo—
2048 4643 2293 4697 ministri
2349 4639 2850 4705 renunciaverunt,
2911 4643 3201 4713 nemiuem
3256 4639 3561 4713 foris_esse

57 4725 239 4786 preter
265 4719 433 4772 illum
485 4718 818 4790 scholaremq
860 4734 1195 4790 pauperem.
1253 4719 1491 4774 Sanctus
1525 4721 1714 4790 autem
1768 4711 2158 4790 Bernvvardus,
2189 4714 2485 4790 affirmans
2509 4713 2702 4790 ipsum
2752 4726 2872 4764 esse
2909 4711 3558 4790 Coloniensemepisco-

58 4781 209 4857 pum,
241 4790 588 4860 festinanter
619 4788 823 4842 adduci
859 4781 1139 4860 precepit;
1191 4790 1616 4860 adductumque
1664 4787 1911 4856 benigne
1941 4781 2276 4860 suscipiens,
2311 4785 2368 4836 in
2399 4783 2582 4860 capite
2625 4797 2844 4860 mensae
2877 4781 3563 4860 pauperemrenitentem

57 4853 364 4914 collocavit.
419 4859 541 4924 Cui,
581 4863 711 4930 post
762 4853 1046 4914 mensam'
1086 4853 1296 4914 rubore
1343 4853 1573 4930 perfuso
1621 4863 1679 4911 et
1701 4853 2033 4930 verecundo
2083 4853 2203 4930 pro
2230 4854 2553 4930 reverencia
2592 4853 2702 4907 sibi
2752 4869 2786 4905 a
2816 4858 2977 4930 tanto
3018 4854 3246 4930 presule
3285 4853 3560 4930 exhibita,

56 4931 134 4983 vir
170 4934 396 4993 beatus,
441 4925 602 5001 quod
629 4932 751 4999 ipse
799 4931 1154 4984 Coloniensis
1185 4925 1489 5001 episcopus
1519 4933 1666 4982 esset
1691 4927 1940 5001 futurus,
1986 4925 2260 4997 predixit;
2305 4925 2602 5001 humiliter
2630 4939 2892 4991 exorans,
2927 4929 2989 5001 ut_
3017 4925 3262 5001 primam
3294 4925 3560 5001 missam;

53 5017 219 5071 quam
253 5003 312 5056 in
364 4995 603 5072 Colonia
653 4995 991 5068 celebraret,
1025 5019 1128 5072 pro
1162 4995 1417 5072 paupere
1451 4999 1789 5054 Bernwardo
1817 4995 2190 5072 decantaret.
2228 5001 2299 5050 At
2343 4997 2459 5072 ille,
2508 5011 2638 5049 cum
2678 5011 2906 5072 summa
2957 4995 3270 5072 devocione
3303 4996 3565 5072 precibus

54 5066 172 5141 ejus
214 5088 502 5140 annuens,
558 5066 982 5126 benedictione
1009 5066 1190 5142 petita
1218 5066 1568 5141 et'accepta,
1626 5068 1860 5123 recessit
1897 5069 1967 5122 ab
2015 5083 2106 5123 eo.
2136 5067 2334 5122 Factus
2373 5067 2552 5138 igitur
2602 5066 3072 5139 archiepiscopus
3110 5066 3186 5134 (ιι)
3226 5067 3385 5136 juxta
3422 5066 3562 5120 vati-

1697 5223 1922 5280 NOTAE.

1870 5356 2000 5428 pars
2047 5340 2194 5395 hanc
2242 5339 2675 5410 inscriptionem
2729 5339 2958 5427 exhibet
3011 5357 3024 5393 ε

1869 5427 1994 5484 ΕῬΞ
2031 5429 2294 5484 SERVVS
2332 5427 2705 5483 SERVORVM
2745 5428 2876 5483 XPI.

122 5348 227 5413 (59)
258 5344 566 5415 Inscriptio
599 5345 721 5398 haec
749 5344 1040 5414 hodieque
1071 5343 1131 5398 in
1160 5345 1514 5414 sarcophago
1548 5346 1758 5415 exstat;
1870 5356 2000 5411 pars
2047 5340 2194 5395 hanc
2242 5339 2675 5410 inscriptionem
2729 5339 2958 5395 exhibet
3011 5357 3024 5393 ε
3077 5338 3566 5392 BERNWARDUS

57 5435 101 5469 ν.
137 5413 793 5485 Kratz'descriptionem
845 5413 1096 5470 ecclesia:
1143 5413 1604 5486 metro’politanas
1648 5413 1762 5486 Hilf

53 5487 465 5542 desbeimensis
517 5484 655 5541 tom.
713 5487 807 5555 ΙΙΙ,
865 5487 978 5540 tab.
1041 5489 1124 5540 l3.
1188 5484 1426 5540 Inferior
1478 5484 1758 5555 sarcofagi

143 5657 195 5708 α)
231 5647 580 5718 Pilegrinus.
