4166 6414
470 409 575 465 435

1473 408 1696 464 THANG
1710 408 1879 464 SIARI
1925 404 2361 463 PRESBYTERI
2404 404 2988 463 lllLDESllElMENS.

3906 404 4013 458 536

551 540 637 589 57.
672 532 948 589 Cernitur
996 532 1404 589 uichilominns
1451 533 1519 589 ad
1551 533 1806 595 dextram
1838 538 2057 603 partem
2088 549 2171 585 se-
2205 534 2250 585 Λ
2291 531 2538 603 pulchri,
2584 546 2756 600 super
2799 530 3238 600 colnmpnarum
3285 526 3635 601 conscriptio
3667 525 3805 581 talis
3843 526 3968 598 (6t)
4001 545 4014 582 :

548 678 655 727 Hac
687 675 882 725 tumuli
912 676 1057 724 fossa
1083 675 1406 738 clauduntur
1431 674 1668 738 praesulis
1686 688 1810 738 ossa

610 738 909 787 Bernwaldi
937 739 1021 795 “5,
1056 739 1172 786 miri
1204 736 1566 800 magniﬁeique
1602 736 1713 783 viri.

551 801 651 860 Qui
681 800 866 863 patriae
898 804 1122 863 stemma
1140 800 1352 863 radians
1388 804 1449 863 ut
1476 812 1678 863 gemma
1698 811 1899 848 serena.

612 860 874 925 Acceptus
897 862 1135 918 Domino,
1162 860 1713 924 complacuit’populo.

1410 1010 2213 1018 -——_.-——.———.__—~—__—-_
2242 1013 2325 1016 fit-

2358 674 2486 721 Nam
2517 672 2613 719 fuit
2634 670 2883 718 ancelesim
2913 670 3211 727 condignus
3236 670 3516 730 episcopus
3546 669 3664 723 ille;

2421 741 2585 791 Quem
2619 735 2752 781 Dens
2779 732 3086 779 Emmanuel
3116 732 3301 793 diligat
3330 736 3380 779 et
3402 730 3686 780 Michahel.

2357 798 2588 844 Tandem
2617 796 2695 842 bis
2728 795 2866 842 senis
2895 795 3107 841 undeno
3139 808 3317 841 mense
3346 792 3620 841 Kalendis.

2424 860 2563 906 Felix
2592 858 2728 905 hanc
2754 859 2911 904 vitam
2944 861 3111 904 mutat
3135 856 3187 902 in
3225 857 3536 917 angelicam.

1954 1116 2526 1182 API’ENDIX'.

973 1289 1766 1395 MIRACULA
1847 1289 2428 1393 SANCTA
2512 1286 3504 1389 BERNWA'RDI.

569 1486 612 1537 l.
676 1481 913 1547 Quantis
968 1479 1040 1516 ³⁸⁵
1100 1485 1228 1552 post
1286 1482 1402 1535 haec
1464 1482 1867 1534 miraculorum
1926 1479 2263 1549 insigniisll

492 1570 871 1624 confessorem
923 1585 1093 1623 suum
1150 1569 1427 1623 Dominus
1480 1568 1898 1633 gloriticaverit,
1951 1584 2064 1621 non
2110 1572 2194 1619 est

495 1665 699 1713 nostra
744 1658 1043 1729 parvitatis
1088 1659 1414 1727 explanare.
1468 1657 1573 1711 Sed
1606 1674 1675 1711 ne
1705 1664 1908 1710 cuncta
1955 1663 2192 1726 pra-ter-

497 1747 603 1799 isse
635 1746 951 1807 videamur,
988 1762 1167 1816 pauca
1193 1746 1261 1799 de
1294 1745 1556 1814 pluribus
1587 1746 1956 1814 eXplieamus.

565 1840 616 1889 2.
653 1836 847 1889 Puella
904 1834 1167 1905 quaedam
1219 1834 1288 1887 de
1340 1834 1642 1904 Erpesford
1688 1834 1952 1901 oriunda,
1998 1832 2196 1887 Hilde-

496 1924 637 1992 gard
668 1923 922 1989 nomine,
962 1939 1092 1976 cum
1126 1924 1309 1975 multa
1340 1922 1737 1990 languentium
1773 1923 1937 1975 turba
1963 1922 2197 1975 diversis

497 2011 915 2082 egritudinibus
967 2015 1162 2063 vexata
1217 2010 1617 2064 Hidenesheim
1665 2011 1915 2075 advenit,
1962 2011 2197 2063 misera—

499 2101 674 2155 bilem
722 2100 778 2153 in
825 2099 1059 2153 modum
1093 2105 1211 2151 tota
1251 2104 1561 2167 contracta,
1594 2100 1672 2153 ita
1716 2104 1780 2152 ut
1811 2099 2052 2169 genibus
2100 2116 2198 2169 pe-

500 2188 644 2243 ctori
669 2189 1106 2253 immerentibus,
1147 2204 1323 2241 manu
1355 2189 1585 2241 dextera
1616 2188 1933 2252 incurvata,
1967 2188 2200 2241 cubitali

505 2293 774 2332 mensura
812 2276 898 2329 vix
929 2291 962 2329 a
1006 2280 1159 2329 terra
1206 2277 1489 2341 subrecta,
1538 2293 1596 2329 se
1627 2278 1881 2347 rependo
1928 2278 2197 2331 traheret.

501 2368 637 2431 Quae
667 2380 767 2436 per
796 2379 889 2417 sex
923 2380 1146 2418 menses
1179 2369 1235 2417 et
1265 2380 1333 2417 eo
1365 2365 1614 2434 amplius
1643 2367 1793 2418 circa
1833 2367 1955 2419 loca
1986 2373 2204 2418 saneto-

504 2470 633 2509 rum
681 2453 975 2523 reptando,
1030 2453 1362 2507 mendicans
1390 2471 1423 2506 a
1457 2455 1572 2507 Deo
1621 2454 1885 2522 salutem,
1931 2470 1964 2507 a
1995 2455 2202 2525 populo

503 2543 732 2613 stipem,
784 2541 1097 2607 admonita,
1151 2546 1216 2595 ut
1243 2541 1369 2611 ipsa
1410 2543 1712 2608 referebat,
1760 2558 1865 2612 per
1912 2559 2198 2609 somnum,

503 2632 576 2686 ad
620 2631 905 2685 tumulum
936 2630 1086 2685 beati
1120 2630 1445 2684 Bernwardi
1493 2630 1770 2699 reptando
1814 2630 2099 2699 pervenit;
2151 2636 2207 2683 et

504 2718 859 2790 superposita
917 2718 1105 2773 eidem
1165 2718 1382 2771 tumbas
1442 2734 1605 2770 cerea
1662 2718 1872 2787 eftigie,
1933 2720 2203 2771 continuo

503 2824 691 2863 coram
724 2809 959 2879 populo,
991 2807 1155 2876 cujus
1184 2806 1385 2860 eodem
1430 2811 1685 2875 tempore
1721 2806 2028 2859 multitudo
2062 2807 2203 2859 forte

504 2900 867 2961 convenerat,
928 2910 1240 2948 nervorum
1296 2894 1646 2947 distensione
1701 2894 1903 2949 durius
1964 2896 2204 2949 cruciari

503 2983 691 3054 cmpit.
728 2982 873 3047 Quid
925 2982 1132 3053 plura?
1167 2982 1318 3035 Infra
1366 2982 1604 3036 biduum
1655 2989 1841 3036 erecta
1874 2988 1977 3049 est,
2030 2983 2108 3037 ita
2143 2989 2206 3037 ut

505 3088 620 3125 non
677 3078 810 3141 post
862 3073 1104 3141 longum
1152 3076 1380 3141 tempus
1429 3088 1567 3123 sana
1612 3071 1845 3124 rediret.
1898 3071 2074 3124 Testis
2122 3075 2207 3123 est

504 3164 629 3214 tota
658 3159 855 3213 civitas
904 3164 1121 3224 nostra,
1170 3160 1281 3225 cui,
1313 3158 1548 3213 miseria
1588 3158 1936 3223 uotiticante,
1986 3159 2205 3212 dudum

507 3252 633 3302 erat
660 3245 978 3301 notissima.
2124 3228 2137 3239 ’

2374 1482 2422 1532 3.
2466 1479 2592 1533 Fuit
2636 1478 2699 1531 in
2749 1477 2973 1530 civitate
3029 1482 3223 1531 nostra
3269 1478 3432 1530 miles
3466 1479 3710 1549 quidam
3746 1480 4021 1535 ministe-

2307 1568 2457 1619 iialis
2535 1566 2819 1620 habitans.
2890 1566 3060 1635 Cujus
3134 1566 3251 1619 lilia
3318 1565 3605 1620 infantula
3674 1570 4020 1640 egritudine

2306 1672 2519 1725 pressa,
2551 1670 2680 1707 cum
2729 1654 3151 1724 desperaretur,
3193 1656 3393 1708 saltem
3436 1656 3710 1724 baptismi
3762 1659 4020 1728 gratiam

2307 1744 2558 1813 opperiri
2605 1758 2790 1813 posse,
2828 1748 2988 1812 pater
3030 1743 3233 1795 anxius
3287 1760 3357 1795 ne
3388 1744 3510 1796 sine
3549 1748 4024 1815 regenerationis

2306 1838 2658 1885 sacramento
2706 1832 2989 1901 deperiret
3037 1832 3247 1896 anima,
3294 1848 3537 1886 cwream
3590 1834 3917 1904 imaginem
3951 1837 4021 1889 ad

2308 1922 2673 1991 sepulchrum
2722 1921 2871 1974 beati
2919 1921 3237 1973 Deruwardi
3285 1921 3507 1975 deferre
3541 1924 3717 1989 vovit,
3771 1929 3837 1977 ut
3893 1927 4025 1993 ejus

2310 2008 2527 2061 meritis
2557 2008 2809 2077 spacium
2846 2008 3141 2061 infantulae
3192 2008 3260 2061 ad
3292 2008 3563 2078 baptismi
3612 2017 3848 2066 tantum
3887 2029 4024 2083 gra-

2308 2096 2446 2150 tiam
2477 2096 2863 2165 accipiendam
2896 2097 3251 2165 optineretur
3291 2113 3320 2149 a
3355 2097 3620 2151 Domino.
3657 2100 3831 2153 Facto
3867 2106 4025 2159 voto.

2309 2185 2437 2237 ilico
2477 2201 2605 2237 cera
2654 2186 2923 2253 elligiata,
2958 2186 3198 2254 nudipes
3227 2186 3296 2238 ad
3342 2187 3632 2240 tumulum
3692 2187 4025 2242 beatissimi

2312 2274 2570 2342 praesulis
2599 2273 2764 2336 adiit;
2811 2273 2909 2343 qni
2941 2273 3073 2327 inde
3108 2274 3354 2339 rediens,
3385 2274 3741 2330 infantulum
3773 2292 3841 2329 ex
3878 2278 4028 2330 inte-

2310 2378 2413 2432 gro
2447 2363 2798 2415 convaluisse
2838 2364 3111 2432 repperit.

2381 2453 2433 2505 4.
2468 2452 2739 2515 Quaedam
2772 2452 2941 2505 etiam
2991 2454 3181 2521 puella
3214 2452 3270 2506 in
3303 2453 3426 2506 vico
3462 2454 3755 2507 liauovere
3795 2453 3872 2488 ³⁸⁷
3908 2456 4025 2526 (6'2)

2314 2544 2472 2593 tanto
2516 2540 2875 2593 cruciabatur
2904 2542 3203 2594 oculorum
3257 2541 3472 2607 dolore,
3526 2547 3589 2595 ut
3624 2544 3859 2612 penitus
3892 2547 4029 2598 elici

2314 2628 2546 2681 orbibus
2596 2627 2712 2680 suis
2761 2627 2870 2697 ipsi
2900 2628 3050 2681 oculi
3107 2634 3448 2697 putarentur
3475 2630 3530 2682 vi
3578 2630 3794 2686 doloris
3872 2634 4026 2687 Pro-

2236 2760 2274 2812 Ο
2319 2717 2490 2768 missa
2536 2716 2712 2783 igitur
2758 2716 3046 2769 oblatione
3094 2717 3162 2769 ad
3206 2718 3463 2771 tumbam
3511 2719 3695 2772 sancti
3729 2723 4026 2789 prwsnlis,

2314 2804 2441 2857 ilico
2474 2805 2743 2873 sospitate
2776 2804 3050 2858 redeunte
3081 2806 3408 2875 conquievit
3438 2806 3521 2859 vis
3550 2808 3785 2861 doloris.

2498 2893 2681 2945 Simili
2748 2894 3010 2962 passione
3078 2894 3309 2963 quidam
3374 2894 3433 2947 in
3500 2895 3845 2966 Runeberge
3914 2898 4025 2961 (63';

2314 2988 2563 3040 vexatus,
2606 2981 2663 3033 in
2718 2987 2883 3034 nocte
2930 2982 3320 3035 decollationis
3367 2983 3547 3036 sancti
3588 2984 3871 3038 Johannis
3917 2988 4029 3040 Ba-

2314 3069 2525 3139 ptistae,
2574 3085 2701 3121 cum
2748 3069 2867 3138 jam
2904 3071 3136 3139 penitus
3184 3072 3483 3124 oculorum
3529 3073 3777 3126 salutem
3818 3074 4031 3144 despe-

2317 3162 2486 3223 raret,
2530 3158 2789 3211 invocato
2842 3159 3099 3227 ejusdem
3160 3159 3267 3211 viri
3328 3160 3567 3228 auxilio,
3629 3161 3687 3214 in
3749 3179 4083 3223 somnum.

2318 3247 2601 3299 resolutus
2650 3250 2752 3299 est.
2804 3247 2969 3300 Facto
3020 3251 3210 3321 autem
3262 3247 3536 3315 diluculo,
3582 3250 3817 3319 penitus
3862 3254 4030 3307 omni

1922 3339 2159 3394 VARI/E
2200 3342 2595 3396 LECTIONES.

515 3438 736 3492 ciuium
780 3437 885 3491 viri
923 3436 1101 3491 sancti
1140 3440 1412 3505 regnante
1449 3436 1661 3489 domno
1703 3435 1965 3490 Heinrico
2004 3437 2074 3490 de
2118 3438 2495 3501 Bavenberch,
2538 3454 2689 3491 anno
2741 3438 2969 3492 Domini
3017 3442 3149 3493 1023
3191 3439 3533 3495 duodecimo
3576 3442 3865 3497 Kalendas
3911 3445 4029 3499 De-

518 3509 765 3583 cembris
821 3508 891 3562 ad
944 3509 1119 3583 altare
1167 3506 1852 3583 _missam__celebraturus
1918 3509 2190 3561 accedens
2240 3509 2361 3583 ipse
2423 3509 2777 3583 Coloniensis
2843 3511 3162 3579 episcopus,
3211 3516 3586 3583 cantoresque
3654 3516 4026 3583 preveuiens,

518 3581 750 3652 missam
785 3595 893 3652 pro
930 3578 1230 3652 defunctis,
1270 3577 1538 3652 omnibus
1578 3577 1960 3652 qni_aderaut
2003 3580 2389 3652 stupentibus,
2444 3579 2751 3652 inchoavit.
2797 3577 2900 3632 nec
2952 3577 3259 3634 immemor
3310 3577 3671 3652 interpretis'
3699 3585 3813 3650 sui,
3871 3577 4027 3640 beati

517 3651 760 3723 scilicet_
784 3649 1123 3723 Bernwardi,
1156 3664 1306 3723 cum_
1336 3648 1583 3723 venisset
1632 3648 1700 3701 ad
1733 3664 2034 3723 cauouem,
2092 3649 2477 3723 devotissime,
2510 3650 2681 3723 sicut
2704 3652 3063 3723 promiserat,
3116 3648 3481 3723 memoriam’
3508 3654 3688 3723 ipsius
3718 3648 3841 3721 egit
3869 3657 4026 3711 inter

517 3721 688 3777 vivos.
731 3720 838 3776 Sed
897 3721 1045 3775 inter
1076 3719 1339 3773 salutaris
1390 3719 1618 3773 victima
1666 3720 2157 3773 consecracionem
2212 3720 2483 3773 transitus
2513 3721 2616 3773 viri
2669 3721 2767 3774 Dei
2796 3721 3068 3774 divinitus
3124 3722 3172 3775 ei
3219 3724 3503 3776 revelatus
3531 3719 3657 3787 est;
3691 3719 3845 3779 unde
3890 3744 4023 3782 mox

513 3794 693 3847 eciam
724 3793 784 3846 in
815 3792 1156 3845 memoriam
1187 3790 1595 3862 defunctorum
1637 3790 1895 3862 nominis
1946 3791 2068 3859 ejus
2112 3791 2478 3862 Amencionem
2525 3791 2692 3856 fecit;
2728 3798 2784 3844 et
2826 3793 3024 3846 omnia
3052 3809 3179 3862 quae
3208 3795 3549 3861 acciderant,
3610 3797 3777 3849 tinita
3820 3802 4022 3859 missa,

513 3863 777 3918 fidelibus
822 3862 1153 3934 publicavit.
1205 3861 1313 3923 Qui
1359 3861 1565 3913 celeste
1619 3860 1957 3934 miraculum
2002 3860 2260 3934 curiosus
2302 3862 2641 3934 investigare
2699 3863 3011 3931 cupientes,
3054 3860 3255 3934 missis
3303 3866 3764 3934 exploratoribus
3809 3868 3868 3921 iu
3915 3871 4023 3923 Hil-

512 3937 767 4001 densem,
823 3930 1139 3986 certissime
1169 3935 1583 4000 cognoverunt,
1617 3930 1782 4002 quod,
1802 3931 2002 3984 eadem
2059 3932 2221 3996 hora,
2270 3933 2497 4001 quando
2524 3930 3002 4002 archiepiscopus
3052 3933 3296 3987 hostiam
3332 3930 3521 3987 nostra
3567 3938 3767 3990 salutis
3802 3939 4022 3993 immo-

514 4005 669 4070 lavit,
716 4000 907 4057 anima
935 4001 1293 4055 sanctissima
1340 4001 1520 4073 tidelis
1550 4005 1607 4053 et
1643 4000 1959 4073 prudentis
1982 4002 2128 4054 servi
2154 4072 2159 4073 ί
2182 4000 2408 4073 Domini
2441 4003 2618 4055 nostri
2650 4000 2778 4056 Jesu
2825 4000 3031 4057 Christi
3062 4006 3265 4057 celeste
3316 4007 3587 4073 gaudium
3629 4008 3916 4063 introivit.
3956 4042 4023 4050 ~—

513 4076 644 4159 Fuit
673 4073 1083 4159 nichilominus
1112 4072 1172 4124 in
1219 4072 1465 4159 remotis
1510 4072 1767 4159 partibus
1798 4087 1831 4124 a
1855 4072 2108 4159 civitate,
2145 4072 2343 4159 bunda
2374 4077 2485 4152 (a),_
2518 4074 2586 4126 ad
2622 4077 2684 4126 t2
2728 4075 2981 4159 miliaria
3004 4076 3128 4159 Jb),
3163 4072 3392 4159 viginti-
3415 4093 3510 4159 se;
3559 4080 3726 4131 annis
3773 4082 4021 4159 quidam

512 4146 768 4200 inclusus
799 4144 857 4196 in
890 4143 1143 4214 quadam
1187 4141 1336 4214 silva
1376 4142 1608 4195 devotus
1650 4142 1949 4214 heremita,
2003 4144 2304 4214 Ansclmus
2335 4144 2588 4210 nomine,
2642 4144 2739 4212 qui
2775 4146 2967 4197 solitas
3002 4146 3112 4198 Deo
3143 4141 3336 4214 preces
3367 4148 3631 4213 fundens,
3680 4141 3881 4204 statim
3916 4154 4023 4205 fuit

512 4216 573 4270 in
602 4216 829 4285 spiritu.
864 4211 930 4285 Et
958 4213 1099 4285 vidit
1130 4212 1253 4283 ipsa
1284 4211 1393 4277 die,
1425 4229 1557 4285 qua
1588 4212 1782 4285 anima
1807 4213 1913 4265 viri
1965 4213 2065 4266 Dei
2098 4213 2330 4266 celestia
2356 4214 2599 4267 claustra
2630 4211 2847 4283 petivit,
2881 4216 3030 4268 celos
3078 4211 3305 4283 apertos
3337 4233 3467 4271 cum
3498 4211 3718 4281 ingenti
3752 4222 4016 4276 lumine:

513 4291 569 4339 et
622 4283 840 4339 audivit
868 4284 1018 4338 inter
1047 4284 1270 4338 dulcem
1327 4283 1636 4337 mclodiam
1687 4284 1989 4337 beatorum
2047 4285 2352 4352 spirituum
2400 4285 2507 4337 hoc
2554 4301 2786 4338 carmen
2825 4286 2896 4339 ab
2956 4286 3173 4354 angelis
3224 4287 3463 4341 iterari:
3500 4308 3526 4337 α
3560 4290 3603 4343 Ο
3638 4290 3771 4343 felix
3823 4295 4020 4346 anima

518 4355 855 4421 Beruwardi,
894 4356 1055 4423 cujus
1112 4354 1317 4409 merita
1367 4355 1700 4408 hominibus
1751 4355 1937 4408 adhuc
1966 4362 2102 4407 sunt
2148 4354 2462 4419 incognita,
2515 4356 2631 4409 Deo
2683 4362 2871 4409 autem
2913 4363 2969 4409 et
2998 4358 3161 4409 nobis
3202 4359 3364 4410 valde
3418 4365 3568 4413 nota.
3624 4382 3644 4407 ι
3687 4363 3801 4415 Hec
3833 4365 4019 4417 tribus

511 4428 723 4483 vicibus
764 4426 1053 4499 continuis
1082 4425 1174 4480 die
1202 4424 1579 4499 deposicionis
1611 4425 1756 4499 vidit
1782 4430 1839 4478 et
1864 4425 2099 4499 audivit.
2146 4426 2466 4499 Predictam
2511 4426 2923 4499 revelacionem
2956 4428 3040 4479 vir
3072 4428 3171 4480 Dei
3201 4428 3338 4481 dum
3369 4445 3502 4499 sepe
3533 4447 3663 4483 cum
3699 4433 4017 4487 devocione

509 4502 840 4565 revolveret,
877 4497 972 4551 ubi
1005 4504 1197 4552 tamen
1225 4496 1663 4571 illiusnominis
1707 4496 1794 4549 vir
1836 4500 1952 4571 tam
1989 4496 2187 4561 beatus
2218 4496 2544 4571 habitasset,
2576 4496 2889 4571 ignoraret,
2930 4513 3055 4550 ecce
3086 4499 3267 4571 astitit
3294 4499 3345 4571 ei
3388 4496 3732 4554 venerabilis
3765 4519 4017 4571 persona

506 4586 736 4638 procare
767 4574 1001 4633 stature,
1031 4573 1271 4622 venusta
1301 4567 1464 4628 facie,
1498 4567 1982 4639 respersacanis,
2034 4571 2091 4619 et
2120 4568 2492 4639 operimentis
2542 4568 2963 4635 pontificalibus
3011 4570 3234 4636 vestita,
3283 4570 3477 4622 dicens
3506 4571 3558 4623 ei
3591 4588 3603 4625 :
3637 4592 3662 4621 «ι
3714 4567 3836 4639 Ego
3886 4592 4013 4629 sum

507 4636 874 4695 Bernwardus
925 4640 1224 4710 episcopus
1274 4636 1842 4710 Hildensemmensis,
1893 4652 2080 4710 quem
2099 4638 2249 4710 trina
2295 4638 2511 4710 visione
2558 4639 2617 4690 in
2670 4639 2839 4691 choro
2886 4641 3221 4707 angelorum
3270 4642 3586 4694 collaudari
3625 4636 3862 4698 audisti.
3905 4648 4015 4709 Ego

505 4712 870 4787 templumin
901 4706 1234 4787 Hildensem
1282 4709 1503 4787 angelis
1554 4707 1868 4787 construxi,
1916 4712 1972 4759 et
2017 4706 2270 4787 y'irgiuis
2318 4709 2523 4787 Filium
2552 4709 2886 4777 patrimonii
2934 4706 3045 4763 mei
3077 4726 3461 4787 successorem
3496 4712 3623 4787 feci,
3671 4706 4014 4787 cunctisque

504 4777 675 4837 seculi
722 4782 1124 4853 voluptatibus
1151 4779 1518 4853 renunciavi;
1554 4778 1818 4830 habitum
1866 4777 2187 4853 angelicum
2237 4779 2509 4853 suscepi,
2535 4794 2687 4832 nunc
2738 4783 3348 4853 quoquecentuplum
3391 4784 3583 4835 omnia
3617 4786 3822 4853 recipi,
3857 4777 4010 4840 θείη

505 4856 595 4925 tali
633 4848 876 4925 jubilof
902 4851 1049 4925 sicut
1076 4850 1289 4915 vidisti,
1339 4850 1517 4925 vitam
1567 4853 1851 4925 eternarn
1877 4848 2161 4925 possideo.
2203 4870 2229 4895 ι»
2269 4850 2363 4903 His
2406 4850 2512 4925 sibi
2554 4865 2684 4903 cum
2734 4848 3229 4925 aliisquibusdam
3272 4854 3551 4919 revelatis,
3601 4848 3754 4907 cnm'
3784 4848 4012 4925 ingenti
4076 4892 4084 4901 ι

502 4918 717 4979 Ιιιωίὶιθ
747 4918 1053 4999 disparuit,
1085 4926 1139 4974 et
1169 4937 1276 4999 pro
1307 4918 1875 4999 gloriasauctiviri
1904 4918 2192 4999 solitarius
2215 4934 2348 4999 _qne
2381 4920 2637 4999 audierat
2686 4925 2747 4999 et.
2770 4918 2991 4999 viderat
3016 4923 3241 4999 lidelius
3281 4925 3572 4977 revelat-it.
3624 4926 3778 4980 Obiit
3813 4918 4011 4999 itaque

500 5001 723 5050 sanctus
769 4988 969 5064 presul
999 4988 1442 5064 anno—Domini
1499 4990 1631 5042 1023
1677 4993 1740 5042 nt
1768 4988 1982 5042 dictum
2038 4995 2141 5064 est.
2176 4994 2232 5043 et
2260 4988 2530 5064 sepultus
2584 4991 2642 5064 in
2670 4991 2851 5064 cripta
2883 4993 3113 5045 ecclesia
3164 5009 3284 5057 sue,
3338 5010 3512 5063 quam
3560 4988 4008 5063 construxerat;

500 5064 665 5134 latuit
713 5059 909 5118 autem
943 5063 1049 5134 sub
1097 5067 1252 5115 terra
1282 5059 1450 5115 annis
1496 5066 1728 5134 centum
1770 5060 2232 5134 et_septuaginta
2280 5060 2526 5114 duobus.
2573 5059 2816 5117 Codem’li
2844 5079 2906 5115 ea
2935 5065 3075 5116 inter
3104 5059 3371 5117 miracula
3410 5072 3534 5132 post
3565 5082 3686 5134 cap.
3722 5071 3753 5120 7
3788 5059 4007 5123 scribit.

501 5133 569 5173 ²⁴⁵
622 5134 937 5205 Berwardi.
998 5131 1071 5168 ²¹⁸⁶
1128 5147 1249 5201 quae
1295 5134 1600 5197 sequuntur
1652 5132 1709 5183 in
1757 5130 1932 5184 codice
1985 5132 2161 5185 talia
2206 5147 2392 5197 manu,
2450 5134 2634 5187 saeculi
2686 5138 2861 5186 tamen
2908 5134 3211 5187 duodecimi
3266 5130 3525 5203 ineuntis,
3577 5130 3802 5205 adjecta
3861 5148 4009 5195 sunt.

500 5206 567 5242 ²⁶⁷
592 5207 889 5261 honmere
918 5204 972 5257 4.
2146 5272 2347 5326 Nam“

569 5372 678 5440 (61)
726 5374 927 5427 Eama
965 5371 1234 5440 Bennoneg
1264 5367 1511 5434 episcopo
1550 5368 1809 5422 Misncnsi
1844 5370 2194 5438 compositam
2301 5366 2481 5436 igitur
2539 5370 2744 5423 smeulo
2794 5386 2847 5423 xi
2899 5374 2953 5425 et
3004 5386 3076 5424 xu
3130 5371 3361 5426 ineunte
3412 5372 3597 5426 \‘icum
3647 5373 3827 5430 fuisse
3876 5378 4009 5432 hinc

502 5456 626 5498 esse.
661 5444 829 5496 tradit
858 5443 1132 5497 conversio
1168 5439 1516 5493 Theutonica.
2300 5443 2539 5492 constat.

573 5512 681 5579 (62)
722 5512 1138 5582 Antiquissima
1186 5506 1427 5562 civitatis
1474 5507 1671 5578 patria;
1720 5509 1956 5573 mentio,
2017 5525 2191 5580 quam
2372 5511 2484 5579 (63)
2518 5510 2904 5581 Bonnenberg
2929 5527 3105 5583 prepe
3138 5513 3454 5567 Haunover.

573 5614 648 5684 (α)
684 5616 912 5673 Lﬁhnde
942 5618 1015 5672 ab
1037 5615 1264 5671 oriente
1289 5614 1652 5668 Haunoverae.
2372 5617 2437 5683 (ὁ)
2470 5617 2722 5671 Romana
