3968 6410
64 422 174 477 437

1185 429 1535 485 Al’l’ENUlX
1584 431 1674 486 AD
1715 430 1919 486 VITAM
1963 433 2017 486 S.
2066 429 2520 486 BERNWAHDI.

3512 439 3613 493 lr38

56 545 279 603 dolore
310 548 512 619 fugato
569 548 835 615 surrexit,
879 550 1198 621 eademque
1241 552 1333 606 die
1382 570 1512 607 cum
1561 553 1796 607 testibus
1827 556 1872 609 Α
1911 554 2217 608 circuitum
2246 555 2471 610 assidue
2502 555 2807 626 lambendo
2842 558 3197 628 exosculans,
3243 560 3613 617 devetissime

59 652 194 690 sua:
261 638 527 693 sanitatis
572 640 642 693 ad
698 640 986 694 tumulum
1048 641 1197 695 beati
1248 643 1507 713 praesulis
1583 643 1793 713 gratias

58 730 315 778 acturus
347 727 519 781 venit.

141 818 195 867 6.
226 815 524 869 Bnkenem
558 816 676 886 (64)
704 814 860 869 vicus
892 821 976 870 est
1024 835 1053 870 a
1089 817 1313 871 cititate
1359 819 1791 874 llildenesheim

63 918 175 971 per
208 902 323 955 tria
356 902 571 955 distans
610 902 857 957 miliaria
904 907 1036 970 (65),
1098 907 1192 958 ubi
1244 906 1402 959 faber
1432 907 1663 977 quidam
1693 909 1794 961 fer-

62 989 287 1054 rarius,
346 990 504 1044 Dodo
565 990 819 1057 nomine,
879 995 1062 1046 tactus
1120 999 1205 1046 est
1262 977 1600 1050 intirmitate
1632 997 1792 1066 gra\i

10 1128 13 1131 .
64 1095 178 1147 per
229 1085 350 1131 tres
412 1079 793 1149 septimanas;
854 1081 932 1134 ita
988 1087 1049 1135 ut.
1105 1098 1311 1136 manus
1387 1085 1635 1154 etpedes
1669 1085 1790 1155 jam

62 1172 468 1235 praemortuos
544 1185 841 1222 occasuros
890 1186 922 1222 a
978 1186 1080 1224 sua
1149 1172 1487 1241 compagine
1558 1173 1793 1227 arbitra-

64 1261 266 1309 retur.
308 1256 551 1310 Vocatus
580 1262 769 1311 autem
799 1258 1101 1327 presbiter,
1135 1276 1265 1313 cum
1308 1262 1426 1330 jam
1457 1261 1790 1331 desperare-

66 1346 189 1406 tur,
240 1343 507 1409 advenit;
561 1344 723 1414 cujus
773 1346 1009 1399 consilio
1057 1350 1493 1419 ceterorumque
1554 1351 1789 1421 propin-

62 1447 333 1500 quorum
382 1434 552 1494 vovit.
601 1438 662 1487 ut
736 1434 783 1485 si
842 1433 992 1487 infra
1043 1434 1293 1489 triduum
1344 1437 1636 1492 meliorari
1685 1456 1791 1493 cus-

62 1520 279 1588 pisset,
343 1523 671 1592 sepulcrum
752 1522 907 1576 beati
992 1523 1097 1576 viri
1177 1526 1497 1579 Bernwardi
1578 1528 1789 1598 gratias

63 1613 315 1662 acturus
349 1610 624 1664 visitaret.
674 1613 805 1666 llzec
853 1628 985 1665 cum
1031 1620 1363 1683 agerentur,
1396 1622 1599 1685 quarta
1649 1616 1791 1670 feria

58 1703 206 1750 ante
267 1698 622 1752 Dominicam
652 1699 1018 1770 rogationum
1059 1702 1325 1771 sequenti
1373 1703 1463 1756 die
1510 1720 1573 1756 ac
1627 1707 1788 1756 nocte

57 1786 215 1840 adeo
261 1788 571 1853 convaluit,
605 1792 668 1841 ut
714 1789 974 1857 proxima
1022 1796 1178 1843 sexta
1225 1791 1364 1843 feria
1412 1791 1654 1861 nudipes
1686 1808 1791 1860 per

56 1874 176 1928 iter
212 1877 615 1946 praescriptum
652 1876 1079 1931 llildenesheim
1122 1880 1438 1945 adveniret,
1486 1880 1564 1933 sic
1597 1885 1787 1934 tamen

60 1964 297 2017 luridus
347 1980 465 2029 ore,
523 1970 587 2018 ut
623 1965 745 2035 ipsa
793 1966 964 2019 facies
994 1973 1297 2038 conspecta
1346 1968 1451 2021 viri
1511 1969 1790 2022 audienti.

62 2052 175 2105 bus
198 2053 373 2107 fidem
407 2053 617 2107 faceret
645 2052 929 2108 miraculi.

131 2147 187 2195 7.
226 2142 432 2195 Mulier
470 2142 735 2213 quaedam
791 2143 1164 2197 Goslariensis
1215 2144 1435 2198 Eilmod
1487 2144 1722 2199 nomine
1756 2164 1786 2200 a

57 2231 317 2283 demone
352 2247 628 2300 possessa,
673 2248 800 2285 cum
852 2232 1099 2287 venisset
1128 2233 1199 2287 ad
1241 2233 1393 2287 beati
1422 2234 1783 2304 memoriam,

10 2338 12 2345 ν
56 2334 169 2387 per
217 2318 440 2389 aliquot
490 2319 610 2371 dies
642 2319 855 2373 ibidem
894 2320 1157 2374 horribili
1204 2322 1376 2374 modo
1410 2328 1627 2389 vexata,
1654 2339 1784 2391 pre-

59 2408 228 2460 cibus
279 2408 538 2477 ejusdem
592 2409 938 2463 sanctissimi
982 2411 1243 2479 praesulis
1296 2416 1491 2464 curata
1540 2417 1650 2466 est.
1686 2413 1783 2466 Se-

62 2502 224 2563 ptem
258 2501 359 2549 aut
382 2497 575 2566 plures
608 2496 727 2550 dies
760 2504 955 2569 postea
986 2499 1282 2552 nobiscum
1317 2500 1540 2561 mansit,
1578 2501 1783 2554 cotidie

60 2585 398 2653 sepulcrum
466 2584 796 2655 pontificale
846 2603 977 2640 cum
1038 2588 1405 2641 devotissima
1466 2590 1783 2659 gratiarum

62 2674 295 2726 actione
328 2673 595 2739 visitavit,
650 2675 848 2729 crebro
896 2675 1113 2730 ibidem
1171 2676 1399 2746 corpori
1432 2682 1488 2730 et
1516 2678 1783 2747 sanguini

68 2761 303 2815 Domini
363 2764 826 2817 communicavit.
880 2765 1015 2817 Inde
1048 2765 1397 2835 digrediens,
1453 2770 1576 2836 post
1607 2768 1781 2837 septi-

66 2868 271 2904 manas
318 2867 415 2904 sex
458 2851 667 2905 iterum
719 2853 908 2918 rediit,
941 2858 996 2906 et
1043 2870 1229 2907 ceram
1280 2854 1504 2908 duobus
1534 2854 1781 2909 denariis

63 2947 461 3010 comparatam
495 2941 706 2994 tumbae
760 2957 1180 3011 superponens,
1236 2959 1340 3011 pro
1372 2942 1629 2997 sanitatis
1662 2961 1781 2997 suae

66 3029 496 3099 perseverantia
552 3028 750 3082 retulit
798 3031 1028 3099 gratias.
1088 3032 1268 3083 Testis
1326 3037 1408 3084 est
1468 3034 1583 3084 tota
1638 3033 1779 3086 Gos-

68 3119 229 3183 laria,
260 3116 359 3169 ubi
402 3133 503 3187 pro
558 3118 913 3171 mercimonii
963 3118 1050 3171 sui
1079 3120 1317 3189 uegocio
1358 3121 1634 3189 probatur
1660 3137 1779 3174 esse
1813 3116 1851 3168 Ο

65 3205 391 3259 notissima.

135 3299 188 3349 8.
220 3294 457 3348 Juvenis
486 3293 720 3363 quidam
746 3294 803 3347 in
837 3295 1071 3349 Boemia
1117 3294 1175 3349 in
1208 3295 1585 3350 sacratissima
1617 3302 1780 3352 nocte

71 3383 383 3438 Dominicae
415 3382 731 3435 nativitatis
760 3399 891 3436 cum
944 3384 1167 3437 duobus
1212 3385 1484 3438 fratribus
1542 3386 1658 3439 suis
1689 3404 1777 3439 ce-

71 3473 325 3541 terisque
378 3470 583 3524 coasvis
624 3470 741 3523 suis
775 3469 847 3505 ³⁸⁸⁸
872 3472 1024 3525 ludis
1077 3473 1420 3542 quibusdam
1453 3473 1778 3543 invigilans,

70 3561 362 3614 dirissimo
416 3558 648 3612 demoni
708 3560 991 3613 vexandus
1058 3565 1142 3613 est
1192 3562 1454 3625 traditus,
1507 3562 1779 3615 fratribus

71 3651 330 3719 utrisque
356 3647 658 3700 subitanea
690 3653 874 3700 morte
902 3650 1227 3717 prteventis,
1252 3650 1568 3720 ceterisque
1590 3651 1776 3705 omni-

71 3739 175 3791 bus
207 3737 311 3808 qui
336 3736 553 3789 eisdem
600 3736 866 3789 infaustis
907 3736 1056 3789 ludis
1088 3737 1403 3791 intererant
1454 3744 1555 3792 aut
1597 3744 1778 3793 morte

69 3824 397 3889 subtractis,
424 3824 854 3877 autdcmonum
889 3824 1167 3877 vexationi
1201 3824 1555 3880 contraditis.
1586 3828 1779 3897 Itaque

70 3920 195 3984 post
216 3912 557 3977 triennium,
584 3913 825 3965 durante
844 3913 1057 3967 infelici
1076 3914 1365 3984 passione,
1381 3915 1607 3984 juvenis
1624 3915 1777 3970 idem

72 4002 289 4071 ignaris
336 4001 671 4072 parentibus
726 4002 837 4055 huc
890 4001 1139 4072 illucque
1191 4005 1490 4069 cursitans,
1546 4006 1776 4059 tandem

74 4090 500 4145 Hildenesheim
534 4089 815 4159 pervenit.
850 4089 935 4143 lbi
972 4090 1106 4143 dum
1142 4091 1578 4160 completorium
1610 4109 1775 4147 cane-

73 4184 251 4241 retur,
335 4176 753 4229 monasterium
842 4175 1019 4229 sancti
1096 4177 1384 4231 Michaelis
1462 4178 1775 4249 ingressus,

10 4296 11 4302 η
72 4272 189 4319 tam
221 4265 361 4318 dure
394 4270 524 4317 ante
571 4265 749 4317 altare
798 4270 1008 4318 sanctas
1058 4265 1250 4319 Crucis
1284 4271 1512 4320 vexatus
1560 4272 1663 4333 est,
1718 4272 1781 4320 ut

71 4370 273 4407 omnes
322 4351 421 4421 qui
463 4352 701 4405 aderant
762 4352 1003 4405 horrore
1059 4352 1239 4406 nimio
1285 4354 1499 4424 stupidi
1533 4363 1587 4410 et
1616 4355 1779 4408 mise-

74 4444 296 4496 ratione
353 4441 681 4511 compuncti
736 4442 1129 4495 redderentur.
1167 4443 1556 4497 lntroducitur
1584 4443 1778 4514 itaque

76 4532 125 4584 vi
180 4529 541 4600 pellentium,
612 4529 857 4582 nimium
916 4530 1167 4583 renitens
1238 4530 1381 4600 ipse,
1429 4531 1485 4586 in
1537 4531 1778 4602 criptam

74 4623 144 4675 ad
192 4619 340 4673 beati
390 4618 712 4671 Bernwardi
742 4618 1019 4672 tumbam.
1063 4618 1167 4673 Ubi
1208 4620 1422 4674 diutius
1470 4620 1660 4674 furore
1682 4637 1778 4673 ro-

76 4715 226 4763 tatus
282 4712 339 4760 et
386 4707 558 4760 verba
606 4706 944 4775 blaspheme
977 4707 1255 4776 garriens,
1309 4715 1370 4761 ut
1400 4709 1639 4779 quidam
1671 4710 1777 4762 lin-

74 4812 247 4867 guam
273 4795 394 4865 ejus
426 4794 834 4864 intelligentes,
870 4796 968 4865 qui
1002 4801 1134 4849 tunc
1164 4797 1306 4850 forte
1357 4796 1615 4863 aderant,
1649 4812 1781 4850 cum

9 4900 17 4912 ‘
74 4893 306 4955 stupore
356 4883 547 4953 pavidi
592 4884 931 4949 retulerunt,
970 4884 1202 4937 tandem
1250 4884 1518 4953 concidit,
1554 4890 1779 4954 aperto-

74 4992 187 5046 que
218 4991 313 5025 ore
345 4971 595 5039 inhians,
630 4972 913 5042 liquorem
974 4973 1407 5042 spurcissimum
1442 4990 1572 5026 cum
1604 4974 1781 5026 fetore

74 5062 255 5117 nimio
278 5066 559 5126 eructans,
620 5061 928 5114 incolumis
971 5062 1237 5115 surrexit.
1292 5064 1525 5115 Postera
1555 5062 1647 5115 die
1679 5078 1780 5130 po-

75 5150 211 5221 pulo
254 5152 628 5219 prmsentatus
687 5154 773 5201 est
820 5166 1009 5215 sanus,
1044 5155 1100 5203 et
1130 5167 1196 5204 ex
1228 5167 1295 5205 eo
1339 5166 1442 5220 per
1496 5154 1553 5204 15
1599 5150 1779 5203 ferme

74 5239 197 5293 dies
246 5235 615 5305 sepulchrum
669 5236 1065 5308 frequentans,
1119 5243 1176 5292 et
1227 5238 1620 5308 pavimentum
1680 5254 1782 5307 per

152 5402 222 5438 ³³⁸
243 5404 327 5457 uis
358 5403 544 5457 eodem.

1904 657 2031 695 cum
2066 642 2314 697 lacrimis
2341 643 2636 698 liberatori
2664 662 2765 697 suo
2799 646 3013 715 gratias
3045 647 3182 716 egit.

1976 734 2026 784 9.
2052 731 2291 794 Quidam
2340 740 2532 785 autem
2588 739 2931 787 mercatores
2983 736 3318 791 Bremenses
3367 752 3495 791 cum
3553 736 3613 792 in

1904 819 2046 872 mari
2082 836 2275 873 versus
2303 820 2570 890 Angliam
2618 821 2975 891 navigarent,
3015 828 3353 894 tempestate
3395 825 3610 896 gravis-

1902 906 2047 960 sima
2084 908 2360 977 praeventi
2409 914 2561 976 sunt,
2607 909 2684 963 ita
2714 915 2794 977 ut,
2840 917 3010 980 rupto
3067 912 3202 966 fune
3252 915 3526 979 anchore,
3557 919 3613 968 et

1904 994 2033 1047 navi
2064 999 2183 1048 tota
2211 1010 2504 1060 concussa,
2558 995 2677 1064 jam
2710 996 2961 1050 vicinum
3005 998 3221 1051 cunctis
3262 1001 3500 1070 pelagus
3530 1000 3611 1054 in-

1902 1084 2147 1136 tentaret
2206 1082 2529 1136 interitum.
2595 1084 2851 1153 Cumque
2901 1085 3244 1154 supplicatio
3286 1087 3612 1141 communis

1903 1176 1959 1225 et
2014 1172 2231 1224 clamor
2290 1170 2657 1224 lacrimabilis
2722 1179 3090 1242 concreparet
3146 1174 3215 1227 ad
3283 1179 3610 1231 sanctorum

1904 1259 2239 1327 patrocinia,
2272 1264 2509 1329 repente
2564 1260 2799 1329 quidam
2855 1260 3068 1329 intulit,
3131 1262 3421 1332 quendam
3483 1279 3609 1317 san-

1901 1352 2055 1401 ctum
2114 1347 2446 1418 pontificem
2523 1348 2920 1402 Bernwardum
2989 1349 3222 1403 nomine
3300 1349 3358 1404 in
3419 1351 3609 1406 Ililde-

1902 1436 2155 1490 nesheim
2215 1452 2512 1490 coruscare
2564 1437 2878 1491 miraculis.
2932 1439 3064 1508 Ejus
3115 1454 3252 1509 ergo
3312 1441 3607 1495 communi

1900 1530 2032 1580 voto
2089 1526 2425 1595 suffragium
2475 1527 2849 1596 postulantes,
2896 1528 3167 1581 continuo
3212 1528 3362 1583 inter
3386 1529 3606 1583 medios

1902 1614 2189 1668 undarum
2220 1615 2455 1668 vertices
2487 1614 2607 1668 sine
2652 1615 2848 1669 labore
2877 1615 2934 1669 in
2966 1616 3132 1670 solita
3187 1618 3603 1688 tranquillitate

1899 1708 2131 1771 portum
2186 1702 2506 1773 petierunt;
2539 1707 2597 1756 et
2648 1702 2707 1757 in
2739 1704 2949 1757 minori
2978 1705 3240 1760 navicula
3271 1706 3600 1774 redeuntes,

1899 1790 2208 1842 anchoram
2256 1806 2418 1842 snam
2448 1790 2507 1843 in
2550 1790 2692 1843 mari
2724 1791 2977 1859 elapsam
3009 1794 3347 1846 retulerunt.
3388 1793 3603 1847 Exinde

1899 1877 2136 1931 domum
2189 1878 2422 1943 reversi,
2478 1878 2622 1931 duos
2680 1896 2749 1932 ex
2795 1879 3102 1933 comitibus
3155 1880 3291 1945 suis,
3351 1897 3599 1951 quorum

1898 1983 2047 2020 unus
2101 1966 2495 2031 Godescalcus,
2538 1967 2683 2020 alter
2743 1967 3027 2021 Elvericus
3075 1969 3403 2034 vocabatur,
3469 1986 3598 2024 cum

1898 2054 2160 2108 navicula
2185 2070 2347 2108 cerea
2390 2054 2458 2107 ad
2510 2054 2773 2108 tumbam
2833 2055 2983 2108 beati
3028 2055 3137 2109 viri
3187 2056 3247 2109 in
3275 2056 3416 2111 feria
3434 2060 3600 2113 tertia

1895 2149 2024 2215 post
2064 2142 2407 2198 dominicam
2474 2143 2687 2198 Laetare
2736 2144 3069 2212 Jerusalem,
3121 2161 3225 2216 pro
3284 2146 3598 2215 gratiarum

1897 2232 2119 2286 actione
2169 2232 2629 2285 transmiserunt.
2674 2232 2830 2285 Idem
2887 2248 3115 2303 quoque
3171 2239 3371 2302 postea
3424 2235 3597 2289 simili

1893 2321 2148 2392 periculo
2180 2337 2431 2392 pereum
2486 2320 2732 2386 liberati,
2785 2326 3118 2391 argenteam
3152 2322 3462 2375 anchoram
3497 2340 3599 2393 per

1894 2410 2230 2480 semetipsos
2265 2411 2619 2464 obtulerunt.

1971 2502 2051 2553 l0.
2116 2499 2450 2569 Negociator
2489 2500 2723 2570 quidam
2790 2498 3216 2555 Hildenesheim
3274 2500 3587 2555 habitabat.

1893 2587 2073 2657 Hujus
2127 2589 2337 2658 conjux
2382 2604 2512 2641 cum
2562 2588 2652 2640 die
2728 2604 3030 2658 parasceve
3082 2589 3202 2641 loca
3268 2594 3596 2642 sanctorum

1893 2692 2050 2730 more
2111 2676 2219 2730 sibi
2292 2676 2604 2744 [annuatim
2684 2681 2959 2730 consueto
3023 2676 3265 2747 nudipes
3312 2676 3594 2742 circuiret,

1892 2764 2076 2817 thuris
2122 2768 2345 2833 partem
2401 2764 2771 2833 comparavit,
2827 2780 3001 2835 quam
3047 2764 3117 2818 ad
3156 2765 3412 2819 tumbam
3446 2765 3595 2819 beati

1896 2851 2217 2905 Bernwardi
2276 2852 2425 2905 ferre
2468 2851 2792 2905 destinavit.
2830 2854 2974 2923 Ergo
3008 2852 3097 2905 via
3153 2868 3282 2923 quas
3312 2853 3496 2907 tendit
3523 2852 3595 2907 ad

1894 2940 2304 2993 monasterium
2366 2940 2545 2992 sancti
2600 2939 2903 3007 Michaelis,
2934 2939 2991 2993 in
3053 2956 3203 3010 aqua
3254 2941 3429 3007 lutea,
3461 2956 3591 3010 quas

1892 3045 1994 3098 per
2034 3028 2321 3081 civitatem
2378 3044 2573 3081 versus
2632 3027 2789 3080 urbis
2829 3044 3059 3082 murum
3115 3028 3390 3092 decurrit,
3423 3028 3593 3097 pedes

1896 3116 2049 3182 lavit,
2075 3116 2209 3170 inde
2242 3118 2311 3171 ad
2340 3116 2753 3170 monasterium
2783 3117 3087 3185 pertendit.
3133 3118 3392 3187 Cumque
3423 3116 3592 3171 cimi—

1896 3206 2104 3260 terium
2171 3206 2428 3275 ejusdem
2498 3205 2767 3259 tecclesias
2833 3205 3279 3270 conscendisset,
3361 3205 3595 3275 agnovit

1892 3294 2146 3364 elapsum
2179 3311 2299 3346 esse
2344 3294 2471 3346 thus
2537 3293 2689 3364 quod
2744 3297 2978 3347 emerat.
3014 3294 3174 3348 Uade
3230 3294 3498 3366 graviter,
3532 3298 3595 3347 ut

1892 3383 2127 3444 ferebat,
2213 3382 2406 3435 animo
2467 3386 2849 3447 consternata,
2917 3383 3164 3435 excussis
3241 3383 3595 3436 vestimentis

1892 3471 2072 3523 sicubi
2125 3470 2457 3535 adhesisset,
2491 3471 2689 3523 eadem
2723 3470 2813 3523 via
2862 3487 2976 3541 qua
3028 3475 3275 3537 venerat,
3311 3487 3489 3542 usque
3524 3472 3592 3525 ad

1891 3575 2099 3629 aquam
2157 3575 2271 3629 qua
2320 3558 2479 3628 prius
2530 3559 2705 3628 pedes
2764 3560 2997 3624 laverat,
3030 3560 3326 3628 querendo
3352 3576 3589 3615 reversa.

1894 3648 2067 3701 nichil
2124 3646 2371 3712 invenit;
2427 3651 2725 3716 mestaque
2774 3645 3021 3700 nimium
3053 3648 3124 3700 ad
3174 3648 3588 3702 monasterium

1888 3736 2078 3789 rediit.
2114 3735 2249 3789 lude
2295 3740 2554 3805 cryptam
2584 3734 2858 3804 ingressa,
2919 3741 3049 3788 ante
3091 3736 3347 3789 tumbam
3380 3736 3590 3790 beatis-

1888 3823 2015 3876 simi
2045 3821 2327 3892 pontiticis
2375 3823 2434 3876 in
2479 3823 2794 3876 orationem
2829 3838 2959 3876 cum
3008 3824 3163 3893 largo
3215 3824 3354 3877 tletu
3385 3840 3590 3894 procu-

1888 3911 2034 3978 buit,
2072 3916 2345 3981 reputans
2376 3910 2527 3981 apud
2573 3927 2653 3975 se,
2709 3911 2838 3965 ideo
2900 3911 3255 3966 oblationem
3301 3912 3410 3966 sibi
3467 3914 3589 3967 ela-

1889 4017 2072 4071 psam,
2130 3999 2284 4070 quod
2341 3999 2504 4070 quasi
2550 3998 2780 4070 indigna
2840 3997 3013 4053 fuerit
3071 4016 3197 4053 eam
3236 4000 3490 4069 perferre
3520 3999 3591 4052 ad

1888 4088 2069 4143 sancti
2138 4087 2245 4141 viri
2317 4087 2672 4141 memoriam.
2714 4088 2932 4159 [Finita
2978 4088 3233 4142 oratione
3282 4088 3489 4142 humili
3537 4092 3596 4142 et

1889 4180 2212 4245 lacrimosa,
2263 4178 2533 4245 surrexit,
2587 4178 2719 4232 thus
2750 4178 3122 4248 perditumin
3155 4194 3329 4232 manu
3364 4178 3595 4231 sinistra

1888 4268 2128 4323 invenit.
2161 4267 2323 4331 Quod
2367 4266 2592 4320 tumulo
2625 4283 3022 4337 superponens
3053 4282 3185 4320 cum
3235 4266 3458 4336 ingenti
3488 4281 3590 4335 pa-

1890 4373 2024 4410 vore
2077 4355 2367 4423 abscessit,
2399 4355 2551 4426 quod
2604 4361 2829 4426 gestum
2884 4359 3006 4409 erat
3048 4355 3153 4408 sub
3185 4354 3432 4418 silentio,
3465 4354 3591 4408 abs-

1890 4444 2104 4512 condit,
2156 4444 2339 4498 donec
2385 4444 2587 4514 quinto
2636 4448 2736 4497 aut
2781 4448 2938 4496 sexto
2982 4443 3072 4496 die
3128 4460 3159 4496 a
3215 4442 3593 4497 familiaribus

1891 4533 2014 4603 ejus
2058 4532 2347 4602 proditum
2395 4532 2663 4586 innotuit.
2697 4531 2833 4595 Quae
2874 4537 2931 4585 et
2958 4531 3324 4600 postmodum
3346 4546 3477 4584 cum
3509 4532 3591 4585 rei

1890 4624 2063 4690 gestas
2116 4621 2410 4673 veritatem
2460 4637 2492 4673 a
2551 4620 2801 4690 quodam
2855 4620 3026 4674 fratre
3082 4624 3276 4673 nostro
3329 4634 3593 4688 promere

1890 4713 2201 4779 peteretur,
2237 4725 2351 4763 non
2385 4708 2505 4761 sine
2528 4707 2781 4762 lacrimis
2812 4723 2935 4760 eam
2968 4722 3199 4761 narrare
3241 4707 3448 4778 potuit.

1968 4800 2049 4851 ll.
2101 4796 2255 4850 Miles
2314 4796 2549 4867 quidam
2606 4796 2966 4848 Thietmarus
3026 4795 3281 4861 nomine,
3342 4796 3597 4850 ministe-

1894 4885 2049 4938 rialis
2082 4884 2255 4953 regis,
2292 4884 2347 4938 in
2381 4884 2503 4937 vico
2556 4885 2751 4953 Hogen
2799 4887 2909 4950 (66)
2957 4884 3115 4953 juxta
3150 4886 3425 4939 Wiseram
3484 4885 3595 4939 flu-

1894 4974 2046 5027 vium
2098 4973 2332 5028 habitat.
2388 4972 2566 5043 Hujus
2640 4972 2811 5039 ﬁlius,
2873 4973 3239 5041 Machelmus,
3310 4990 3595 5027 annorum

1891 5060 2116 5114 circiter
2145 5066 2292 5126 octo,
2317 5077 2446 5114 cum
2478 5076 2581 5131 per
2624 5060 3086 5131 quinquennium
3149 5060 3354 5115 ﬁstulze
3381 5061 3600 5115 incom-

1892 5149 2060 5202 modo
2093 5148 2151 5201 in
2185 5149 2417 5202 maxilla
2448 5148 2679 5204 sinistra
2704 5154 3024 5216 vexaretur,
3069 5149 3372 5220 omnisque
3414 5148 3596 5203 medi-

1891 5253 2087 5290 corum
2114 5236 2167 5289 in
2202 5237 2297 5290 illo
2320 5254 2493 5306 opera
2516 5238 2907 5303 frustraretur,
2933 5238 3164 5292 tandem
3189 5238 3260 5291 ad
3309 5237 3596 5291 tumulum

1501 5335 1733 5388 VARUS
1776 5334 2174 5387 LECTIONES.

1734 5492 1961 5547 NOT/E.

153 5573 241 5637 (64
272 5569 581 5624 Bokenem.

162 5646 261 5710 (63';
285 5641 511 5694 Scilicet
539 5642 892 5696 Germanica.

1967 5570 2072 5641 (66)
2107 5571 2280 5641 Hoya.
