3968 6414
366 379 470 431 439

1349 371 1765 428 THANGMABI
1809 369 2250 426 PRESBYTER]
2292 367 2880 422 HILDESHEIMENS.

3793 371 3912 422 440

366 492 546 546 sancti
598 491 851 562 episcopi
905 491 1256 546 oblationem
1308 507 1492 556 suam,
1553 506 1782 544 cereum
1813 489 2076 543 videlicet
2104 489 2150 542 Α
2189 487 2328 541 sulis
2353 502 2558 557 corpus
2589 484 2919 554 requiescit,
2959 484 3272 555 condignas
3315 501 3419 540 suo
3467 484 3727 540 senatori
3761 501 3908 555 gra-

366 584 557 649 caput,
590 580 738 633 ferre
797 580 966 646 vovit,
1010 581 1056 633 si
1104 580 1253 632 infra
1299 595 1505 633 novem
1541 578 1662 632 dies
1708 578 2071 632 incolumitas

365 670 449 724 illi
509 668 731 721 meritis
783 668 935 722 beati
981 669 1085 721 viri
1137 668 1492 722 redderetur.
1555 667 1734 737 igitur
1771 666 1918 720 infra
1975 665 2072 718 tri-

366 758 544 812 duum
605 762 737 810 ante
801 762 1030 826 tempus
1096 761 1478 827 prseoptatum
1554 771 1698 826 puer
1747 754 2070 808 remedium

368 846 613 915 accepit;
637 851 693 898 et
722 845 888 898 tertia
921 845 1062 899 feria
1094 845 1244 900 infra
1267 844 1644 898 ebdomadam
1681 848 2070 912 pentecosten,

369 951 496 990 cum
542 939 726 1004 patre,
781 937 962 987 matre
1008 939 1063 986 et
1093 934 1236 995 avia,
1283 933 1342 986 in
1389 931 1781 986 testimonium
1815 931 2074 985 sanitatis

370 1029 614 1094 receptas
670 1037 802 1076 cum
868 1020 1014 1075 votis
1071 1019 1364 1092 promissis
1407 1021 1476 1075 ad
1534 1020 1873 1074 memoriam
1924 1019 2075 1074 beati

369 1112 477 1166 viri
509 1127 702 1180 sospes
732 1108 1014 1179 pervenit.

448 1203 531 1253 12.
582 1199 767 1252 Abbas
817 1198 990 1251 etiam
1049 1196 1293 1251 cosnobii
1349 1196 1527 1250 sancti
1584 1196 1892 1260 Michaelis,
1929 1196 2074 1251 Con-

371 1287 543 1341 radus
575 1290 682 1353 (67)
714 1286 967 1353 nomine,
1013 1301 1142 1339 cum
1193 1287 1440 1356 quadam
1474 1285 1564 1339 die
1596 1302 1766 1340 causa
1813 1285 2078 1339 utilitatis

371 1373 728 1428 monasteriii
767 1373 877 1427 iter
899 1380 1111 1442 ageret,
1135 1374 1281 1428 forte
1311 1373 1533 1437 accidit,
1558 1378 1623 1427 ut
1648 1389 1796 1443 equo
1824 1373 2076 1439 labente,

372 1463 463 1517 cui
496 1463 805 1528 insederat,
838 1462 978 1516 tibia
1019 1463 1216 1516 collisa
1262 1478 1498 1532 prorsus
1529 1462 1734 1516 debilis
1785 1467 1842 1515 et
1881 1463 2077 1516 dolore

371 1551 655 1605 cruciatus
694 1551 753 1604 in
810 1551 948 1604 sella
1001 1551 1312 1621 gestatoria
1361 1551 1691 1604 referretur.
1749 1551 1926 1604 Jussit
1973 1550 2075 1603 ita-

375 1657 486 1711 que
543 1657 602 1694 se
659 1640 729 1693 ad
795 1640 1164 1710 sepulchrum
1217 1639 1370 1694 beati
1420 1639 1707 1709 pontificis
1754 1637 2080 1693 Bernwardi

375 1727 612 1793 deferri;
667 1727 766 1781 ubi
819 1727 879 1781 in
936 1728 1197 1782 oratione
1243 1732 1581 1797 prostratus,
1659 1744 1789 1781 cum
1835 1730 2078 1783 vovisset
2113 1765 2150 1816 Β

375 1834 454 1881 se,
497 1815 688 1886 quoad
736 1815 971 1880 viveret,
1006 1815 1302 1868 candelam
1353 1820 1518 1868 nocte
1574 1819 1630 1867 et
1689 1814 1942 1868 interdiu
1999 1813 2080 1868 ibi

377 1905 766 1975 provisurum,
822 1903 1128 1956 incolumis
1192 1902 1464 1956 continuo
1541 1902 1819 1966 surrexit;
1866 1902 2081 1972 quique

377 1993 581 2046 alienis
643 1991 906 2045 manibus
979 1995 1065 2046 est
1133 1990 1346 2057 illatus,
1401 1990 1651 2061 propriis
1712 1989 1953 2060 pedibus
1997 1995 2084 2044 est

381 2097 644 2152 egressus
675 2079 768 2133 ³⁸9.
1886 2089 1890 2092 ’

457 2171 538 2223 l3.
592 2168 792 2222 Mulier
827 2167 1075 2238 quedam
1120 2166 1427 2238 provinciae
1477 2167 1770 2222 Marehern
1831 2167 1900 2222 de
1945 2167 2083 2220 civi-

382 2261 497 2311 tate
527 2257 786 2322 Olomuz,
818 2272 934 2309 non
986 2255 1200 2309 infimis
1252 2255 1586 2326 parentibus
1645 2256 1904 2321 oriunda,
1965 2273 2088 2326 sep-

384 2350 499 2398 tem
527 2345 694 2397 annis
726 2343 922 2412 digitis
953 2343 1196 2396 sinistras
1229 2360 1431 2397 manus
1462 2343 1520 2397 in
1552 2345 1736 2397 volam
1763 2345 2080 2408 contractis,

385 2433 641 2503 ejusdem
674 2432 893 2486 brachii
955 2433 1090 2486 ulna
1147 2438 1410 2486 concreta
1440 2433 1655 2503 pectori
1703 2450 1866 2503 pazne
1927 2434 2088 2487 cohe-

384 2527 566 2587 rente,
600 2521 799 2574 debilis
853 2525 1109 2587 aruerat;
1170 2538 1298 2591 quae
1355 2522 1538 2575 multa
1595 2527 1920 2576 sanctorum
1965 2522 2088 2575 loca

385 2609 644 2664 sanitatis
700 2609 881 2679 gratia
957 2609 1322 2678 frequentare
1381 2610 1620 2664 solebat.
1678 2610 1840 2663 Venit
1895 2610 2088 2680 itaque

385 2701 566 2751 multo
641 2697 863 2751 itineris
936 2697 1132 2750 labore
1211 2697 1443 2767 fatigata
1495 2713 1663 2752 mane
1721 2703 1751 2752 7
1811 2698 2088 2752 Kalendas

382 2786 538 2840 Junii
566 2787 633 2840 ad
659 2785 1029 2856 sepulchrum
1063 2786 1216 2839 beati
1249 2787 1592 2854 Bernwardi,
1629 2786 1726 2840 ubi
1755 2787 1902 2840 infra
1935 2787 2088 2857 prio-

385 2890 506 2928 rem
557 2875 788 2928 missam
848 2875 1051 2944 posita,
1115 2875 1334 2944 populo
1391 2874 1744 2945 iuspectante
1788 2875 2086 2944 pristinam

384 2962 687 3016 sanitatem
722 2963 953 3033 recepit.
1006 2963 1181 3032 Cujus
1230 2962 1310 3015 rei
1384 2967 1557 3016 testes
1606 2963 1800 3017 idonei
1855 2963 2092 3033 plurimi

383 3057 521 3106 tunc
562 3051 835 3122 temporis
873 3051 1197 3118 astiterunt,
1232 3051 1332 3121 qni
1374 3051 1530 3104 illam
1564 3052 1724 3121 prius
1756 3069 1812 3104 se
1840 3052 2084 3106 debilem
2123 3040 2162 3094 (ἶ

384 3139 660 3193 veraciter
715 3139 1016 3208 agnovisse
1080 3144 1466 3192 asseruerunt.
1527 3139 1652 3193 Mox
1704 3156 1840 3208 ergo
1892 3157 2090 3194 omnes

386 3229 484 3298 qui
517 3229 648 3281 huic
713 3229 987 3281 miraculo
1019 3232 1328 3298 praesentes
1359 3228 1644 3281 affuerunt
1692 3229 1974 3299 multique
2020 3231 2089 3284 de

386 3316 609 3368 civitate
639 3321 1022 3381 accurrentes,
1058 3316 1157 3386 qui
1191 3316 1297 3369 hoc
1323 3315 1529 3369 factum
1585 3316 1724 3368 scire
1752 3322 2084 3386 potuerunt,

387 3406 589 3463 Deum.
617 3403 716 3472 qui
748 3403 919 3456 tantis
949 3403 1228 3456 famulum
1271 3420 1435 3457 suum
1470 3404 1747 3474 glorificat
1778 3405 2086 3472 miraculis,

386 3493 444 3545 in
476 3493 664 3562 ymnis
694 3497 750 3544 et
815 3492 1098 3555 laudibus,
1150 3493 1442 3561 campanis
1491 3492 1662 3546 etiam
1693 3495 2084 3565 concrepanti-

387 3581 510 3646 bus,
549 3579 911 3634 devotissime
946 3579 1375 3633 benedixerunt.

461 3670 542 3722 l-‘i.
608 3668 849 3732 Quidam
894 3668 953 3721 in
997 3667 1312 3738 Thuringia
1354 3685 1588 3722 manum
1622 3670 1836 3723 habens
1865 3671 2084 3726 aridam

384 3757 658 3825 omnique
703 3756 891 3824 operis
941 3755 1130 3810 officio
1182 3757 1486 3826 privatam,
1537 3773 1666 3811 cum
1715 3776 1771 3812 se
1817 3761 1882 3813 ad
1935 3759 2086 3814 beati

385 3845 712 3898 Bernwardi
745 3844 1084 3898 memoriam
1134 3860 1263 3897 cum
1307 3845 1690 3899 oblationibus
1721 3848 1800 3900 ire
1824 3849 2082 3914 vovisset,

385 3933 432 3985 si
489 3932 708 3984 meritis
753 3932 908 3985 illius
964 3932 1267 3985 sanitatem
1328 3935 1597 4004 consequi
1655 3937 2083 4005 promeruisset,

385 4018 683 4088 inopinata
735 4019 1024 4073 celeritate
1076 4021 1230 4090 quod
1278 4024 1832 4092 Optaveratadeptus
1858 4030 1956 4078 est.
1986 4027 2083 4079 Ille

386 4113 576 4160 autem
617 4111 833 4160 tantam
881 4108 1126 4176 gratiam
1155 4109 1590 4179 parvipendens,
1623 4117 1679 4163 et
1707 4117 1901 4164 votum
1929 4114 2082 4182 quod

384 4195 596 4249 fecerat
621 4195 860 4264 implere
887 4195 1276 4261 dissimulans,
1311 4199 1566 4266 ejusdem
1600 4215 1801 4250 manus
1831 4199 2082 4270 itemque

2180 575 2390 629 tiarum
2446 573 2700 627 actiones
2751 572 3049 642 persolvit,
3109 572 3418 643 nobisque,
3473 574 3729 645 qualiter
3790 574 3911 627 hoc

2180 667 2404 732 gestum
2436 660 2528 723 sit,
2564 676 2693 713 cum
2715 659 2976 731 pluribus
3021 675 3121 712 sue
3152 659 3410 714 sanitatis
3439 661 3682 715 testibus
3723 677 3910 713 enar-

2182 749 2344 802 ravit.

2257 842 2340 892 15.
2372 838 2530 891 Alter
2571 837 2805 906 quidam
2842 836 3220 906 Volquardus,
3249 837 3408 890 omni
3441 837 3658 891 civitati
3681 842 3915 891 nostra?

2182 924 2536 990 notissimus,
2581 925 2753 976 simili
2826 925 3086 991 passione
3130 930 3385 988 vexatus,
3447 925 3698 995 quodam
3757 930 3918 977 tem—

2184 1030 2318 1084 pore
2384 1029 2514 1066 eum
2587 1013 2897 1065 aacclesiam
2956 1012 3110 1066 beati
3169 1013 3456 1067 Michaelis
3528 1013 3917 1068 introductus

2183 1102 2400 1168 fuisset,
2446 1101 2890 1172 corporalesque
2930 1101 3240 1155 medicinas
3273 1102 3380 1156 sibi
3420 1101 3685 1156 adhiberi
3713 1101 3917 1171 petis-

2184 1195 2285 1252 set,
2337 1190 2570 1261 quidam
2619 1190 2904 1259 presbiter
2941 1206 2974 1242 a
3034 1191 3147 1243 Deo
3180 1190 3372 1260 potius
3426 1190 3534 1244 sibi
3587 1190 3916 1244 sanitatem

2185 1295 2304 1332 esse
2352 1279 2660 1349 petendam
2713 1277 2875 1332 illum
2922 1278 3243 1343 admonuit,
3299 1284 3355 1332 et
3409 1279 3467 1332 in
3513 1280 3766 1348 criptam
3833 1277 3916 1330 ad

2186 1368 2338 1421 beati
2369 1367 2689 1421 Bernwardi
2720 1367 2979 1420 tumbam
3035 1383 3133 1436 spe
3163 1367 3420 1420 sanitatis
3467 1369 3551 1421 ire
3583 1367 3913 1438 persuasit.

2185 1458 2308 1521 Quo
2351 1457 2522 1520 facto,
2558 1456 2648 1509 vix
2689 1456 2833 1509 hora
2872 1455 3112 1510 dimidia
3138 1462 3420 1510 transacta
3451 1457 3693 1526 criptam
3731 1457 3919 1509 laetus

2188 1545 2376 1610 exivit,
2430 1561 2604 1615 seque
2665 1549 2926 1598 sanatum
3001 1545 3177 1598 fuisse
3231 1545 3450 1598 cunctis
3508 1545 3569 1599 in
3638 1546 3920 1598 (ecclesia

2189 1634 2631 1688 consistentibus
2663 1635 2951 1687 evidenter
3007 1635 3271 1688 ostendit.
3307 1634 3412 1697 Qui
3445 1639 3643 1703 postea
3675 1641 3919 1704 septem

2191 1723 2393 1775 diebus
2431 1723 2675 1792 peractis
2705 1726 3017 1786 revocatus,
3050 1725 3108 1776 et
3153 1722 3222 1776 de
3263 1722 3685 1792 perseverantia
3757 1722 3917 1775 sani-

2191 1810 2322 1864 tatis
2390 1809 2794 1880 interrogatus,
2853 1826 2982 1863 cum
3043 1827 3101 1864 se
3174 1811 3348 1864 nichil
3411 1811 3625 1864 doloris
3684 1810 3915 1864 habere

2191 1899 2389 1953 fuisset
2419 1899 2728 1969 professus,
2787 1899 3023 1969 populo,
3071 1899 3234 1968 cujus
3266 1905 3401 1952 tunc
3454 1899 3770 1953 multitudo
3806 1899 3913 1952 ad-

2193 1993 2331 2053 erat,
2361 1993 2445 2040 est
2466 1993 2873 2057 praesentatus;
2936 1988 3217 2058 Deusque,
3251 2004 3354 2058 pro
3405 2004 3471 2041 eo
3497 1987 3650 2058 quod
3683 1988 3914 2041 factum

2193 2075 2398 2137 fuerat,
2457 2075 2526 2128 ab
2589 2074 2858 2128 omnibus
2937 2075 3162 2146 magnis
3213 2075 3480 2130 laudibus
3536 2080 3623 2129 est
3679 2075 3910 2146 glorifi-

2193 2169 2369 2216 catus.

2270 2257 2351 2306 lti.
2405 2252 2669 2307 Rusticus
2701 2251 2938 2322 quidam
3001 2251 3059 2305 in
3100 2251 3222 2306 vico
3271 2251 3370 2322 qui
3414 2251 3632 2306 Liuline
3681 2249 3760 2286 ³⁵0
3795 2253 3916 2321 (68)

2195 2348 2564 2411 nuncupatur
2615 2341 2902 2408 habitans,
2961 2341 3201 2396 Romam
3233 2342 3301 2395 ad
3352 2347 3611 2395 sanctum
3665 2343 3914 2395 Petrum

2197 2431 2472 2484 orationis
2527 2447 2695 2484 causa
2763 2431 3023 2496 tendens,
3093 2429 3152 2484 in
3215 2431 3418 2484 eodem
3477 2429 3684 2483 itinere
3744 2429 3917 2499 gravi

2197 2520 2367 2589 coepit
2420 2519 2754 2574 infirmitate
2823 2519 3088 2573 detineri.
3135 2520 3244 2584 Qui
3302 2535 3431 2573 cum
3489 2518 3851 2572 omnimodis
3884 2534 3917 2568 a

2197 2608 2456 2662 carnium
2509 2624 2609 2661 esu
2657 2624 2715 2661 se
2756 2607 3039 2662 abstinere
3086 2608 3350 2674 vovisset,
3401 2607 3779 2678 quoadusque
3841 2608 3913 2659 ad

2199 2698 2348 2751 beati
2384 2697 2706 2752 Bcrnwardi
2765 2697 3022 2750 tumbam
3056 2697 3268 2765 gratias
3317 2703 3546 2750 acturus
3576 2697 3778 2748 venire.
3812 2713 3917 2764 po-

2198 2785 2420 2847 tuisset,
2489 2786 2536 2838 si
2587 2801 2690 2856 per
2736 2801 2868 2838 eum
2915 2785 3250 2854 contigisset
3303 2801 3360 2837 se
3409 2800 3443 2836 a
3493 2782 3691 2837 mortis
3751 2784 3912 2853 peri-

2201 2875 2328 2928 culo
2383 2873 2632 2936 liberari,
2683 2873 2956 2926 continuo
3022 2872 3276 2943 pristina:
3309 2872 3601 2926 restitutus
3631 2876 3718 2925 est
3745 2872 3913 2925 sani-

2202 2963 2324 3016 tati.

2275 3055 2357 3104 l7.
2385 3050 2578 3104 Puella
2609 3049 2858 3120 quedam
2908 3050 3142 3120 parvula
3199 3049 3500 3104 Macbthild
3542 3048 3803 3114 nomine,
3839 3049 3910 3102 de

2203 3141 2450 3194 Bawaria
2481 3144 2639 3200 nata,
2693 3144 2776 3192 set
2825 3139 2976 3208 apud
3027 3155 3128 3190 nos
3157 3155 3188 3192 a
3236 3138 3438 3209 primis
3470 3139 3588 3192 fore
3634 3139 3806 3192 annis
3849 3139 3907 3190 in

2198 3229 2320 3282 vico
2375 3229 2628 3282 Tosseim
2705 3231 2815 3294 (69)
2883 3233 3236 3292 conversata,
3299 3227 3552 3296 religiosi
3600 3227 3905 3297 cujusdam

2197 3318 2302 3371 viri
2337 3315 2404 3352 ²³¹
2457 3321 2768 3370 sustentata
2826 3316 3174 3381 elemosinis,
3225 3333 3462 3369 manum
3513 3315 3730 3370 habens
3763 3333 3905 3370 con-

2196 3411 2458 3473 tractam,
2516 3407 2670 3459 venit
2727 3406 2796 3459 ad
2854 3404 3004 3459 beati
3060 3405 3904 3476 Beruwarditumbam;quam

2198 3511 2327 3548 mox
2362 3501 2421 3547 ut
2446 3495 2655 3564 attigit,
2686 3498 2896 3563 optatae
2925 3494 3122 3546 salutis
3154 3494 3469 3547 remedium
3499 3494 3734 3548 invenit.

2272 3587 2351 3638 l8.
2384 3585 2509 3638 Fuit
2535 3599 2764 3653 quoque
2801 3583 3015 3635 Bremis
3064 3582 3272 3635 mulier
3304 3583 3552 3652 quedam
3591 3599 3707 3635 non
3738 3583 3902 3652 igno-

2196 3676 2265 3724 tae
2300 3673 2452 3726 inter
2499 3687 2632 3724 suos
2679 3671 2995 3740 opinionis;
3046 3671 3207 3739 cujus
3258 3670 3427 3723 facies
3482 3671 3682 3724 morbo
3715 3672 3901 3740 ingra-

2197 3767 2455 3814 vescente
2507 3761 2646 3813 adeo
2699 3760 3074 3825 intumuerat,
3128 3766 3188 3814 ut
3218 3759 3443 3812 narium
3491 3765 3546 3812 et
3597 3762 3897 3813 oculorum

2195 3849 2594 3903 discretionem
2636 3865 2783 3919 pene
2832 3847 3094 3901 funditus
3127 3847 3447 3902 ademisset.
3481 3849 3740 3918 Cumque
3774 3851 3898 3903 noti

2195 3938 2317 4005 ejus
2366 3937 2516 3991 beati
2574 3937 2859 4008 pontificis
2920 3936 3235 3990 Bernwardi
3281 3937 3733 4004 compassionem
3797 3938 3901 3990 im-

2195 4028 2518 4096 plorassent
2548 4041 2722 4096 super
2741 4025 2980 4079 nimiam
3015 4025 3170 4078 illius
3195 4024 3590 4089 afflictionem,
3626 4032 3896 4078 voventes

2195 4131 2319 4167 eam
2381 4115 2746 4184 sepulchrum
2812 4113 2968 4166 illius
3041 4113 3421 4174 visitaturam,
3479 4113 3645 4166 dolor
3702 4115 3893 4166 statim

2193 4203 2451 4267 cessavit,
2539 4209 2596 4255 et
2660 4200 2952 4271 inopinata
3024 4201 3310 4254 celeritate
3367 4201 3582 4254 sanitas
3650 4202 3894 4272 pristina

384 4283 605 4338 brachii
657 4283 828 4337 simul
885 4284 1174 4338 debilitate
1222 4286 1494 4338 multatus
1541 4291 1642 4339 est.
1701 4287 1831 4351 Qui,
1899 4288 2080 4341 nimio
2109 4327 2151 4378 Β
2191 4290 2383 4344 rediit.

385 4371 580 4425 dolore
611 4377 870 4442 cogente,
906 4373 1036 4426 licet
1066 4389 1192 4426 sero
1219 4373 1275 4426 in
1305 4390 1363 4426 se
1410 4390 1688 4441 reversus,
1743 4381 1799 4428 et
1828 4392 1929 4428 cur
1974 4377 2082 4430 hoc

381 4465 676 4529 pateretur
706 4461 847 4515 haut
906 4462 1161 4531 ignarus,
1195 4478 1321 4514 cum
1373 4461 1760 4516 oblationibus
1793 4464 2083 4534 promissis

383 4547 452 4601 ad
483 4549 634 4602 beati
673 4549 1012 4604 confessoris
1039 4550 1316 4604 auxilium
1366 4550 1742 4605 invocandum
1777 4553 1859 4605 ire
1891 4553 2080 4623 coepit,

383 4637 757 4708 nondumque
817 4644 1046 4708 peracto
1090 4639 1316 4705 itinere,
1389 4640 1693 4710 perfectam
1749 4642 2078 4709 sospitatem

383 4725 614 4795 recepit.
651 4727 718 4780 Ut
749 4743 884 4797 ergo
916 4728 986 4780 ad
1039 4729 1225 4782 locum
1268 4729 1544 4797 pervenit,
1589 4729 1685 4782 ubi
1728 4730 1909 4783 sancti
1935 4746 2082 4800 prte-

2269 4381 2353 4433 l9.
2394 4377 2518 4432 Fuit
2556 4377 2696 4431 item
2727 4377 2785 4430 in
2817 4378 3117 4447 Nitelogon
3154 4380 3290 4446 (70),
3333 4377 3431 4448 qui
3463 4383 3546 4430 est
3565 4377 3721 4431 vicus
3753 4379 3890 4432 duo-

2193 4465 2299 4519 bus
2351 4466 2668 4520 miliaribus
2712 4465 2817 4535 (7|)
2861 4482 2892 4518 a
2947 4465 3173 4518 civitate
3199 4466 3625 4521 llildenesheim
3651 4466 3888 4525 distans,

2195 4555 2385 4625 puella
2432 4555 2676 4624 quedam
2732 4556 2809 4607 ita
2865 4554 3101 4607 diversis
3135 4571 3236 4624 per
3269 4555 3734 4624 quinquennium
3767 4573 3888 4625 pas-

2192 4643 2450 4696 sionibus
2493 4648 2550 4696 et
2599 4642 2874 4696 molestiis
2916 4643 3174 4712 corporis
3214 4643 3430 4708 affecta,
3485 4648 3550 4696 ut
3583 4645 3887 4698 novissime

2190 4730 2378 4786 nervis
2423 4736 2479 4786 et
2530 4731 2802 4786 membris
2858 4747 3004 4801 pene
3051 4731 3318 4785 omnibus
3357 4735 3670 4798 contracta,
3703 4739 3759 4786 et
3785 4735 3886 4788 sibi

1796 4890 2027 4944 νΑιυΑς
2080 4891 2367 4945 LECTION
2379 4891 2478 4945 ES.

455 5009 530 5096 “‘9
559 5015 612 5077 3,
637 5014 691 5080 4,
730 5014 1059 5096 5,qddunt:
1123 5018 1316 5096 Neque
1373 5019 1480 5072 hoc
1507 5019 2171 5096 _reticend_um_videtu_r,
2224 5020 2358 5096 quia
2412 5021 2606 5096 plures
2665 5023 2778 5076 Deo
2844 5023 3051 5096 devoti,
3109 5028 3228 5078 tam
3267 5024 3401 5096 viri
3430 5041 3604 5095 quam
3660 5029 3882 5096 femine,

383 5087 663 5137 nocturne
694 5087 902 5163 quietis
933 5091 1193 5163 tempore
1231 5088 1302 5163 ad
1344 5090 1728 5163 sepulchrum
1763 5091 1912 5143 beati
1945 5089 2188 5163 presulis
2218 5087 2538 5160 psalmodie
2571 5099 2768 5163 cantus
2800 5110 2857 5145 se
2908 5087 3132 5148 audisse
3161 5101 3218 5148 et
3265 5087 3573 5150 luminaria
3618 5087 3883 5155 divinitus

381 5170 616 5231 accensa
665 5156 870 5231 vidisse
899 5161 967 5231 _et
999 5158 1127 5231 miri
1195 5159 1386 5213 odoris
1425 5156 1816 5231 'fraglanciam
1865 5156 2127 5223 sensisse,
2181 5156 2369 5215 testati
2424 5168 2575 5216 sunt.
2631 5162 2704 5198 ’⁵ο
2730 5164 2927 5218 limine
2977 5181 3116 5219 corr.
3179 5166 3378 5220 liuline
3415 5168 3600 5222 eadem
3631 5186 3795 5226 manu
3836 5177 3876 5226 l.

383 5223 450 5259 ²³¹
490 5225 722 5279 Ekberti
751 5227 988 5280 nomine
1008 5229 1169 5282 addit
1196 5232 1246 5283 3.

2019 5329 2238 5384 NOTJE.

453 5448 561 5578 $67)
592 5450 664 5531 A1
697 5450 1024 5504 11024124.

474 5521 565 5578 68)
598 5519 856 5572 Luimde.

461 5519 565 5586 :68)
598 5519 856 5572 Li‘llinde.

453 5589 564 5656 (69)
596 5589 799 5642 inloco
852 5590 950 5644 ubi
986 5593 1105 5661 jam
1155 5589 1539 5660 Marienburg,
1599 5591 1747 5670 inter
1781 5591 2076 5645 meridiem

2189 5458 2244 5506 et
2266 5453 2544 5506 orientem
2575 5454 2860 5511 Hildesite.

2259 5524 2365 5592 (70)
2392 5524 2735 5594 Nettlingen.

2259 5596 2368 5664 (7i)
2396 5596 2762 5661 Germanicis,
2797 5596 2866 5650 ab
2887 5596 3127 5651 oriente.
