3968 6414
157 383 248 437 iii
1271 384 1619 439 APPENDIX
1657 385 1746 439 AD
1791 386 2000 440 VITAM
2045 385 2100 439 S.
2147 386 2569 442 BERNWARDI
2662 403 2670 418 '
3579 389 3681 442 442

153 507 303 558 esset
345 501 567 556 inutilis
607 507 666 556 et
712 501 830 555 suis
879 503 1208 556 efﬁceretur
1246 503 1453 574 gravis.
1506 503 1640 557 Haec
1686 504 1864 575 igitur
1892 509 1939 561 A
1977 510 2034 560 et
2065 505 2330 574 aliorum,
2365 506 2466 578 qui
2518 506 2588 561 de
2621 507 2861 561 diversis
2903 506 3041 562 locis
3091 508 3160 561 ad
3193 507 3679 579 sollempnitalem

153 595 183 646 6
243 593 432 646 Nonas
481 590 607 644 Maii
659 590 920 645 vehiculo
985 591 1250 658 adducta,
1304 592 1546 662 criptam
1621 593 1866 646 basilica
1974 595 2322 650 inventionis
2372 600 2583 650 sanctae
2628 596 2810 649 crucis
2855 613 2923 651 eo
2970 584 3061 650 die
3096 598 3514 664 contluxerant,
3568 614 3682 651 non

158 686 367 735 nostra».
398 679 739 733 difﬁcillimo
770 680 965 734 labore
994 681 1219 734 duobus
1249 680 1446 734 innixa
1474 681 1694 735 baculis
1725 681 1865 735 irre-
1975 683 2202 737 modica
2249 685 2446 748 turba;
2508 690 2855 756 acceptoque
2903 685 3232 739 testimonio
3271 701 3304 738 a
3350 686 3683 756 parentibus

156 769 289 842 psit,
325 785 388 822 ac
419 785 476 822 se
509 784 681 839 super
707 769 855 822 beati
887 768 994 822 viri
1023 769 1282 822 tumbam
1312 769 1607 824 inclinavit
1633 790 1648 837 ;
1670 771 1868 842 ibique
1978 776 2035 825 et
2063 771 2278 825 civibus
2327 774 2534 842 puellm
2575 773 2644 826 de
2694 789 2762 825 eo
2795 773 2946 844 quod
2979 773 3280 840 acciderat,
3314 774 3681 844 omnipotens

157 859 231 912 ab
281 858 441 912 omni
491 875 605 928 quo
649 856 949 911 laborabat
995 858 1364 912 incommodo
1407 863 1552 912 mira
1581 859 1867 914 celeritate
1976 865 2092 914 tem
2122 862 2300 915 Deum
2347 861 2591 930 publicis
2646 862 2906 915 laudibus
2936 863 2995 916 in
3044 867 3239 916 sancto
3289 878 3392 916 suo
3437 862 3680 916 devotis-

159 947 467 1001 convaluit.
518 947 618 1000 Die
661 947 926 1018 sequenti
976 949 1244 1001 convenit
1287 947 1642 1002 incredibilis
1676 949 1870 1002 multi-
1978 949 2121 1002 sime
2173 950 2659 1019 gloriﬁcaverunt.
2700 951 2891 1004 Puella
2939 967 3072 1005 vero
3120 952 3320 1006 eodem
3357 952 3448 1006 die
3485 952 3555 1006 ad
3582 968 3685 1006 sua

162 1037 300 1092 tudo
345 1035 544 1108 populi
583 1041 796 1090 nostras
848 1036 1108 1103 civitatis,
1158 1037 1597 1108 peregrinorum
1643 1054 1867 1109 quoque
1934 1073 1938 1076 ~
1978 1038 2280 1092 incolumis
2305 1055 2528 1092 reversa
2559 1044 2644 1093 est
2672 1037 2764 1094 ’5’.

1585 1199 1813 1254 VARUS
1873 1199 2274 1254 LECTIONES.

236 1321 309 1357 ³⁸³
340 1322 441 1394 huc
471 1335 640 1394 usque
669 1321 834 1394 codex
858 1325 911 1394 l,
939 1322 1093 1394 foliis
1115 1324 1327 1391 aliquot
1357 1325 1545 1378 vacuis
1575 1324 1939 1378 exstantibus.
1968 1354 2036 1365 —
2065 1327 2134 1379 Ο.
2169 1328 2219 1391 3,
2251 1325 2304 1390 4,
2335 1327 2387 1389 5,
2412 1327 2491 1378 ita
2519 1329 2958 1394 prosequuntur:

235 1395 324 1466 2Q.
351 1393 445 1445 Vir
474 1393 708 1466 quidam
740 1392 810 1466 de
867 1391 1096 1446 civitate
1134 1395 1368 1466 rLubek,
1418 1394 1790 1466 Adelwardus
1839 1395 2095 1466 nomine.
2141 1397 2221 1449 ita
2275 1391 2538 1466 paralisis
2592 1391 2793 1450 morbo
2848 1397 3022 1465 longo
3065 1399 3322 1465 tempore
3372 1394 3683 1448 dissolutus

168 1463 407 1537 iacebat,
435 1470 498 1516 ut
530 1479 632 1537 nec
659 1463 717 1537 i9
753 1464 896 1516 lecto
945 1465 1320 1537 semetipsum
1374 1465 1612 1535 erigere,
1647 1483 1754 1520 nec
1784 1465 1854 1519 ad
1891 1483 1954 1519 os
2004 1483 2242 1520 manum
2278 1463 2582 1537 propriam
2617 1468 2897 1536 potuisset
2943 1463 3243 1520 adducere.
3307 1466 3486 1537 Hujus
3519 1467 3683 1520 uxori

204 1535 648 1607 eatuspontifex
681 1535 1052 1607 Bernvvardus
1085 1537 1143 1588 in
1190 1537 1406 1590 visione
1438 1537 1726 1607 apparuit.
1773 1553 2016 1606 eamque
2049 1541 2112 1591 ut
2139 1555 2242 1606 pro
2269 1535 2450 1591 salute
2483 1537 2588 1590 viri
2623 1535 2921 1592 candelam
2957 1538 3120 1606 juxta
3167 1536 3589 1603 longitudinem
3621 1553 3684 1590 ac

166 1604 550 1678 latitudinem
579 1605 872 1678 sepulchri
904 1605 992 1659 sui
1023 1607 1227 1659 factam
1275 1608 1386 1660 Deo
1434 1604 1640 1660 vovere
1686 1604 1939 1672 debere;
1964 1604 2212 1662 edocuit.
2247 1613 2317 1662 At
2348 1609 2445 1662 illa
2476 1609 2544 1662 de
2575 1625 2816 1678 sompnn
2871 1604 3149 1677 evigilans
3197 1615 3257 1678 et
3282 1607 3558 1662 visionem
3591 1624 3682 1661 re-

163 1681 432 1748 tractans,
494 1675 624 1729 ilico
657 1677 921 1742 surrexit,
975 1681 1032 1730 et
1075 1682 1384 1747 assumptis
1430 1678 1653 1732 duabus
1691 1679 1937 1743 feminis,
1997 1679 2058 1732 in
2116 1680 2396 1732 vestibulo
2429 1679 2634 1733 domus
2667 1675 2766 1733 sue
2816 1679 2938 1732 solo
2968 1675 3383 1748 prosternitur,
3435 1683 3683 1746 postque

165 1746 491 1821 oracionem
527 1753 583 1800 et
629 1747 1204 1821 votumprpmissum
1239 1749 1308 1802 ad
1355 1749 1628 1802 maritum
1677 1766 1903 1802 reversa
1935 1756 2055 1821 est;
2102 1750 2431 1821 invenitque
2463 1767 2594 1803 eum
2635 1767 2740 1820 pro
2773 1746 3106 1820 recuperata
3127 1749 3249 1819 jam
3293 1750 3533 1802 sanitate
3571 1751 3682 1802 Deo

165 1819 390 1889 gracias
422 1821 710 1892 agentem.
752 1818 962 1892 Quiab
994 1818 1093 1872 illa
1139 1821 1280 1892 liora
1329 1825 1445 1873 tam
1477 1821 1648 1890 plene
1702 1820 2008 1885 convaluit,
2066 1827 2277 1875 utnon
2318 1818 2485 1887 longe
2516 1818 2659 1892 post
2711 1821 2778 1874 ad
2822 1818 3015 1874 votum
3063 1818 3506 1891 persolvendum
3553 1837 3682 1874 cum

164 1888 347 1944 inore
377 1889 558 1942 sant-ti
591 1888 697 1942 viri
727 1889 1098 1959 sepulchrum
1125 1890 1396 1953 visitaret,
1432 1888 1494 1944 ac
1527 1892 1734 1961 patrati
1767 1909 1824 1944 se
1859 1891 2119 1944 miraculi
2151 1893 2362 1945 relator
2387 1888 2739 1946 certissimus
2768 1892 3059 1945 existeret.

234 1964 323 2014 2t.
360 1961 498 2031 Alio
529 1976 760 2030 quoque
811 1965 1072 2031 tempore
1113 1961 1233 2030 jam
1272 1961 1406 2014 dicti
1464 1962 1892 2031 patri~familias
1945 1963 2095 2016 tiliu's
2129 1964 2315 2017 adhuc
2373 1963 2713 2024 infantulus,
2760 1963 3057 2030 cujusdam
3109 1961 3274 2016 molis
3313 1963 3562 2031 desuper
3590 1977 3686 2013 ve-

166 2031 385 2086 nientis
416 2030 584 2103 ruina
615 2030 944 2103 oppressus
972 2035 1144 2102 atque
1197 2030 1499 2097 contritus,
1553 2050 1683 2087 cum
1725 2035 1846 2101 jam
1898 2049 2044 2103 pene
2095 2034 2387 2087 videretur
2417 2035 2719 2099 exanimis,
2757 2033 3106 2103 ejnlabunda
3157 2040 3340 2086 mater
3389 2030 3472 2086 sd,
3499 2032 3683 2085 sancti

171 2102 498 2174 Bernwardi
545 2102 928 2174 patrocinium
963 2103 1258 2174 confugit;
1291 2119 1394 2157 nec
1432 2120 1531 2174 spe
1563 2121 1662 2156 sua
1696 2102 1964 2158 frustrata
1995 2109 2098 2158 est.
2133 2106 2272 2159 Nam
2317 2105 2590 2158 continuo
2637 2110 2767 2174 post
2814 2121 3009 2174 preces
3039 2110 3095 2157 et
3147 2105 3410 2158 lacrimas
3464 2103 3588 2172 ejus
3611 2104 3683 2174 ad

170 2175 353 2229 Deum
383 2173 558 2243 fusas,
587 2173 692 2227 sub
717 2173 1088 2229 invocacione
1137 2175 1315 2228 sancti
1363 2173 1608 2245 pre’sulis
1636 2192 1783 2246 puer
1827 2182 2122 2246 tamquam
2173 2177 2243 2230 ab
2291 2175 2434 2247 ipsis
2481 2173 2681 2230 mortis
2735 2173 2994 2229 faucibus
3046 2181 3298 2246 ereptus,
3355 2175 3468 2228 vite
3495 2173 3683 2228 reddi-

165 2249 259 2299 tus
282 2250 384 2297 est.

235 2318 326 2369 22.
363 2315 518 2369 Miles
561 2315 797 2385 quidam
847 2315 1210 2370 Herebordus
1239 2315 1309 2369 de
1340 2315 1473 2369 villa
1517 2316 1813 2370 Horhusen
1846 2315 1924 2384 (ai
1979 2317 2203 2370 diutina
2233 2317 2564 2371 infirmitate
2608 2321 3008 2386 consumptus,
3041 2316 3109 2371 ad
3171 2320 3422 2370 extrema
3479 2330 3686 2384 perve-

165 2391 348 2440 nerat.
390 2387 662 2453 Cognatis
719 2391 910 2440 autem
943 2392 998 2440 et
1029 2387 1227 2441 amicis
1281 2387 1435 2439 illius
1491 2404 1594 2457 pro
1627 2388 1937 2441 amissione
1969 2388 2250 2442 carissimi
2300 2390 2387 2442 sui
2436 2388 2682 2442 nimium
2731 2389 3079 2454 dolentibus,
3129 2387 3392 2440 sacerdos
3428 2387 3688 2453 ejusdem

163 2457 275 2530 loci
308 2459 619 2525 suggessit,
665 2462 726 2530 ut
757 2473 861 2527 pro
893 2473 960 2530 eo
1015 2457 1397 2526 patrocinium
1447 2458 1597 2514 beati
1647 2458 1966 2512 Bernwardi
1995 2459 2423 2530 implorarent,
2457 2468 2651 2513 votum
2705 2460 2998 2520 facientes,
3036 2465 3098 2512 ut
3132 2459 3180 2512 si
3215 2459 3326 2512 vite
3376 2458 3600 2530 restitui
3631 2462 3688 2511 et

165 2529 411 2583 salutem
445 2528 717 2596 consequi
770 2529 1067 2598 potuisset,
1105 2530 1175 2583 ad
1223 2530 1592 2596 sepulchrum
1635 2531 1813 2582 sancti
1859 2529 2036 2583 laneis
2087 2527 2324 2584 indutus
2364 2539 2420 2584 et
2463 2530 2840 2594 discalciatus,
2898 2531 2968 2584 de
3016 2531 3190 2584 domo
3224 2547 3327 2582 sua
3381 2527 3683 2597 incipiens,

165 2599 705 2671 venriregdebuisset.
736 2600 1016 2653 Omnibus
1036 2615 1173 2668 ergo
1205 2599 1260 2652 id
1305 2601 1549 2654 ﬁdeliter
1580 2601 1930 2667 voventibus,
1983 2616 2118 2663 eger
2171 2602 2375 2654 melius
2434 2601 2642 2654 habere
2689 2603 2872 2670 cepit;
2906 2609 2963 2653 et
3010 2600 3440 2671 proﬁcientibus
3487 2601 3685 2652 melio-

166 2669 418 2724 racionis
439 2686 539 2723 sue
587 2671 934 2739 augmentis,
969 2671 1025 2723 in
1062 2671 1219 2724 brevi
1245 2672 1317 2724 ad
1357 2673 1588 2740 plenum
1622 2672 1927 2724 convaluit.
1965 2671 2069 2735 Qui
2099 2674 2466 2740 postmodum
2504 2669 2953 2725 alterius’canse
3001 2669 3292 2724 Occasione
3323 2671 3687 2724 Bruneswich

166 2741 396 2796 civitate
427 2741 759 2806 consistens,
793 2758 856 2795 ex
897 2743 1095 2795 eodem
1130 2743 1249 2794 loco
1289 2743 1358 2794 ad
1403 2743 1847 2812 persolvendum
1899 2748 2091 2794 votum
2143 2742 2251 2795 iter
2291 2742 2557 2811 arripuit,
2606 2760 2673 2795 eo
2719 2744 2870 2812 quod
2906 2743 3182 2795 brevioris
3223 2742 3311 2794 vie
3342 2741 3686 2812 compendio

170 2812 408 2879 nsus,in
439 2813 788 2866 ambulando
835 2812 1029 2866 minus
1074 2818 1217 2866 esset
1268 2813 1646 2867 laboraturus.
1687 2812 2029 2867 Perveniens
2066 2813 2261 2882 itaque
2310 2813 2379 2866 ad
2429 2811 3382 2878 civitatem’Hildensemmensem,
3435 2811 3687 2879 graviter

169 2883 456 2937 inﬁrmari
488 2883 660 2952 cepit.
702 2883 808 2938 Sed
836 2888 1030 2937 tamen
1061 2891 1288 2953 ceptum
1325 2883 1641 2952 adimplere
1670 2884 2021 2945 desiderans.
2076 2884 2371 2937 ecclesiam
2421 2883 2601 2937 sancti
2642 2885 2948 2946 Michaelis,
2982 2884 3041 2936 in
3087 2899 3200 2953 qua
3233 2890 3461 2936 sanctus
3493 2883 3686 2951 presul

168 2953 499 3024 requiescit,
532 2955 796 3023 expeciit,
851 2971 864 3019 ;
899 2955 996 3008 sed
1028 2960 1161 3008 ante
1192 2955 1402 3007 atrium
1437 2955 1671 3007 ecclesie
1703 2961 1996 3022 tamquam
2026 2955 2096 3008 ab
2128 2957 2323 3025 aliquo
2358 2955 2641 3023 impulsus
2669 2955 2903 3008 corruit.
2955 2954 3049 3008 His
3080 2959 3275 3008 autem
3310 2953 3407 3022 qui
3439 2953 3684 3025 comita—

169 3026 385 3078 bantur
414 3041 545 3078 eum
576 3026 1140 3094 apprehendentibns
1189 3033 1362 3095 atque
1397 3026 1736 3079 ducentibus
1779 3034 1840 3078 ut
1887 3025 1953 3079 ad
1979 3024 2240 3096 januam’
2266 3027 2495 3079 basilice
2545 3031 2778 3079 ventum
2828 3030 2927 3086 est,
2974 3026 3211 3078 horrore
3259 3025 3436 3077 nimio
3467 3024 3682 3096 percul-

169 3113 265 3149 sus
297 3101 357 3167 et
386 3112 592 3166 pavore
616 3097 766 3150 inter
799 3113 1001 3150 manus
1033 3113 1234 3149 eorum
1267 3098 1551 3167 collapsus
1580 3103 1684 3160 est,
1717 3113 1819 3150 nec
1853 3095 2181 3167 ullo’modo
2213 3113 2511 3166 assurgere
2559 3102 2659 3149 aut
2690 3096 2940 3149 intrandi
2967 3095 3262 3148 ecclesiam
3296 3097 3444 3148 vires
3474 3095 3684 3167 habere

168 3166 600 3238 potnit,gusqne
623 3168 760 3222 dum
799 3167 1027 3236 publica
1069 3166 1431 3221 confessione
1457 3169 1723 3221 omnibus
1766 3166 1866 3237 qui
1895 3167 2152 3233 aderant,
2185 3185 2290 3237 pro
2317 3185 2431 3238 quo
2472 3173 2626 3221 reatu
2674 3167 2780 3221 hac
2818 3183 2986 3238 peua
3015 3167 3377 3238 multaretur,
3413 3166 3680 3235 aperiret.

169 3236 436 3309 Beceptis
474 3236 611 3305 ergo
643 3238 880 3303 viribus,
912 3239 982 3292 ad
1022 3255 1123 3290 sua
1163 3244 1470 3309 revertens,
1515 3245 1572 3292 et
1600 3239 1735 3293 inde
1783 3236 2118 3309 procedens,
2152 3236 2270 3293 voti
2323 3236 2412 3292 sui
2462 3239 2720 3293 ordinem
2771 3236 2930 3293 tanto
2969 3237 3089 3308 jam
3146 3237 3434 3304 devocior,
3469 3241 3683 3304 quanto

168 3308 369 3362 divino
404 3308 619 3380 [divine
654 3310 706 3379 3]
739 3310 972 3362 verbere
1001 3308 1306 3370 erudicior,
1339 3310 1607 3380 explevit.

241 3382 331 3434 23.
373 3376 630 3433 Matrona
672 3376 920 3450 quedam
973 3379 1310 3444 Bremensis,
1362 3376 1427 3432 in
1469 3379 1804 3434 inﬁrmitate
1844 3379 2055 3449 posita,
2089 3379 2234 3435 vidit
2283 3380 2548 3434 assistere
2593 3380 2700 3432 sibi
2743 3380 3029 3450 quendam
3072 3378 3366 3432 reverendi
3405 3378 3592 3430 vultus
3623 3376 3682 3430 in

174 3450 380 3504 habitu
413 3451 771 3516 sacerdotali,
808 3451 1260 3519 interrogantem
1308 3467 1455 3518 eam,
1506 3459 1841 3505 utrumnam
1860 3456 2197 3514 agnosceret
2237 3467 2409 3522 quem
2443 3451 2777 3520 aspiciebat.
2822 3451 2942 3514 Que
2998 3451 3368 3522 respondens,
3423 3455 3487 3502 ut
3531 3455 3686 3522 pote-

168 3528 258 3575 rat
287 3523 470 3574 —vix
503 3522 655 3574 enim
683 3522 739 3575 in
763 3523 885 3575 solo
917 3528 1143 3592 pectore
1176 3522 1358 3575 vitalis
1387 3522 1623 3591 spiritus
1676 3523 1984 3575 anhelabat
2011 3551 2080 3562 —
2112 3519 2270 3587 dixit,
2313 3538 2444 3575 eum
2494 3519 2599 3574 sibi
2631 3538 2864 3591 prorsus
2911 3521 3264 3581 incognitum
3314 3537 3456 3592 esse.
3491 3524 3560 3592 At
3587 3519 3683 3592 ille

169 3592 592 3662 benignissimo
646 3593 843 3655 aifatu,
899 3588 1049 3663 quod
1097 3594 1217 3663 ipse
1250 3588 1815 3646 esset‘Bernwardus
1869 3592 2413 3647 Hildensemmensis
2463 3588 2784 3661 episcopus,
2839 3592 3248 3663 iudicavit;et.
3306 3591 3440 3659 quia
3486 3588 3684 3663 salutis

165 3680 340 3716 causa
374 3663 712 3728 advenisset,
746 3661 1005 3717 asseruit.
1046 3661 1383 3717 Ammonuit
1412 3665 1613 3726 eciam,
1647 3669 1712 3717 ut
1743 3664 1812 3717 ad
1842 3663 2210 3730 sepulchrum
2265 3664 2444 3732 ipsius
2473 3669 2830 3716 nummatam
2862 3662 2977 3715 vini
3002 3661 3080 3730 (ὁ)
3119 3663 3188 3714 ad
3233 3661 3681 3714 celebracionem

167 3733 498 3800 missarum,
549 3742 886 3804 recuperata
916 3735 1176 3800 sanitate,
1223 3735 1472 3802 offerret,
1506 3741 1678 3804 atque
1723 3735 1830 3788 hoc
1875 3735 2026 3787 dicto
2079 3731 2377 3802 disparuit.
2425 3734 2623 3787 Mulier
2649 3749 2805 3796 vero,
2853 3749 2964 3803 que
2998 3733 3169 3785 morti
3208 3732 3390 3784 vicina
3433 3731 3682 3804 putaba-

162 3809 258 3859 tur
289 3835 359 3846 —
391 3822 526 3859 nam
559 3802 994 3873 solo—prostrata
1022 3822 1177 3858 more
1212 3806 1471 3860 ﬁdelium
1505 3802 1702 3859 ex'liac
1733 3806 1841 3858 vita
1873 3804 2250 3868 migrancium
2278 3805 2537 3874 jacuerat
2574 3833 2634 3844 —
2684 3802 2913 3872 erigaris
2953 3820 3010 3856 se
3031 3804 3344 3871 paulisper,
3396 3802 3680 3864 omnibus,

164 3876 263 3945 qui
297 3877 369 3930 ad
403 3877 586 3930 exitus
625 3877 747 3945 ejus
800 3877 1262 3944 expectacionem
1309 3883 1712 3940 convenerant,
1766 3876 2043 3928 visionem
2085 3877 2409 3937 enarravit;
2453 3880 2624 3945 atque
2671 3876 2741 3928 ab
2774 3875 2976 3928 eadem
3024 3875 3164 3928 hora
3197 3875 3350 3926 salva
3393 3874 3547 3945 facta,
3578 3879 3678 3926 est.

163 3943 540 4001 Postmodum
569 3943 805 4000 visitans
836 3943 1203 4017 sepulchrum
1255 3947 1454 4011 sancti,
1488 3947 1847 4000 oblacionem
1907 3946 2283 4016 prescriptam
2333 3943 2580 4000 ﬁdeliter
2626 3946 2853 4012 obtulit,
2897 3946 3137 4015 aliisque
3193 3943 3554 4017 ﬁdelibusad
3596 3960 3682 3996 se-

164 4019 456 4086 quendam
491 4015 1292 4088 hujuscenmdi'devocionem
1327 4021 1590 4089 exemplo
1621 4018 1750 4072 fuit.
1793 4015 1930 4072 Nam
1967 4015 2142 4070 multi
2163 4025 2357 4086 postea
2389 4023 2502 4071 tam
2539 4018 2695 4089 pium
2733 4019 2943 4089 factum
3003 4017 3316 4079 imitantes,
3366 4015 3683 4086 suifragan-

161 4089 318 4144 tibus
349 4089 571 4143 meritis
609 4091 762 4145 beati
793 4089 1139 4155 Bernwardi,
1172 4107 1205 4143 a
1237 4089 1410 4142 variis
1440 4088 1815 4160 languoribus
1839 4096 1893 4141 et
1915 4088 2339 4143 calamitatibus
2371 4096 2504 4142 sunt
2534 4088 2782 4142 liberati.

1053 4188 1156 4240 Hic
1176 4188 1299 4247 ﬁnis
1319 4187 1561 4240 codicum
1590 4186 1645 4252 4,
1756 4185 1972 4253 Adjicit
1997 4187 2274 4253 scriptura
2293 4186 2457 4254 paulo
2485 4187 2685 4239 minori
2706 4188 2735 4240 3
2761 4203 2774 4240 :

231 4265 323 4320 24.
356 4265 515 4318 Miles
543 4264 779 4334 quidam
813 4265 882 4319 de
914 4265 1118 4318 ducatu
1161 4266 1594 4320 Mekelenborch
1635 4266 1793 4320 febre
1839 4266 2045 4319 acriter
2089 4272 2408 4334 correptus,
2461 4265 2530 4318 ad
2573 4264 3034 4321 exhortacionem
3081 4265 3408 4334 aliquorum
3457 4278 3684 4316 ammo-

163 4334 342 4399 nitns,
381 4341 442 4388 ut
472 4343 666 4389 sancto
705 4338 1060 4398 Bernwardo.
1094 4337 1680 4391 Hddenescmensium
1730 4346 1998 4406 patrono,
2028 4343 2219 4389 votum
2262 4337 2494 4400 faCeret,
2539 4341 2594 4389 et
2624 4337 2746 4390 sine
2793 4336 2969 4389 dubio
3017 4337 3342 4389 relevamen
3377 4339 3432 4386 et
3473 4336 3682 4387 sanita-

162 4410 279 4460 tem
312 4405 572 4476 recipere
601 4423 716 4460 non
753 4408 1064 4470 dubitaret,
1097 4407 1341 4460 faciliter
1376 4408 1701 4477 acquievit;
1733 4405 1804 4461 iet
1837 4413 1967 4459 voto
2000 4407 2165 4470 facto,
2193 4423 2318 4460 mox
2373 4413 2433 4459 ut
2471 4406 2641 4460 verba
2675 4407 2743 4460 de
2791 4410 2916 4475 ejus
2962 4422 3064 4477 ore
3108 4407 3392 4477 exierunt.
3451 4412 3685 4477 sanatus

162 4483 288 4540 est;
325 4479 385 4530 in
422 4475 585 4546 cujus
612 4477 844 4532 evidens
888 4479 1282 4532 testimonium
1334 4475 1490 4532 misit
1533 4479 1683 4532 idem
1735 4478 1898 4531 miles
1944 4477 2228 4531 ﬂorenum
2273 4493 2509 4531 aureum
2554 4493 2660 4546 per
2687 4478 2831 4531 duos
2875 4476 3196 4530 sacerdotes
3235 4475 3305 4529 ad
3355 4476 3684 4546 sepulcrum

160 4550 341 4602 sancti
364 4548 611 4613 presulis
637 4565 651 4612 ;
683 4566 794 4618 que
824 4549 1079 4618 predicta
1110 4549 1188 4603 sic
1220 4551 1546 4617 contigisse,
1571 4549 1814 4603 ﬁdeliter
1843 4548 2028 4601 testati
2070 4553 2222 4602 sunt.

229 4623 320 4672 25.
367 4619 634 4674 Rusticus
691 4616 870 4673 eciam
921 4621 1154 4690 quidam
1201 4621 1270 4674 de
1322 4621 1531 4674 diocesi
1579 4621 2068 4690 Hildenesemensi
2116 4635 2246 4672 cum
2296 4618 2394 4671 diu
2444 4617 2842 4690 febriscitaret,
2888 4633 3096 4690 aquam
3160 4617 3229 4670 de
3267 4616 3466 4669 tumba
3507 4617 3685 4690 sancti

160 4691 412 4759 presulis
442 4690 548 4761 sibi
580 4690 768 4745 atferri
796 4687 984 4760 peciit,
1016 4707 1190 4760 quam
1219 4707 1349 4745 mox
1382 4700 1441 4745 ut
1469 4691 1662 4746 bibere
1693 4691 1863 4761 cepit,
1900 4689 2073 4744 febris
2097 4691 2388 4756 abscessit,
2427 4693 2484 4742 et
2523 4694 2651 4760 post
2680 4689 2844 4742 illum
2878 4688 3032 4742 diem
3083 4704 3201 4743 non
3247 4687 3591 4759 comparuit,
3630 4694 3686 4742 et.

160 4767 222 4815 ut
253 4761 382 4832 ipse
414 4760 584 4826 dixit,
615 4763 671 4815 in
695 4762 936 4816 sanitate
967 4763 1366 4834 perseveravit.

229 4861 307 4923 (a)
342 4857 450 4922 Ita,
479 4858 534 4912 4.
565 4859 594 4907 5
615 4877 630 4923 ;
653 4860 682 4912 3
707 4857 765 4911 in
789 4858 914 4914 loco
946 4875 1075 4912 raso
1095 4860 1345 4913 hornsen.
1379 4888 1445 4896 —
1473 4858 1597 4912 Non
1619 4861 1704 4912 est
1726 4860 1875 4914 Hor-
2060 4855 2136 4926 (ὁ)
2166 4855 2228 4910 Id
2267 4862 2352 4912 est
2378 4854 2631 4927 pretium
2660 4854 2800 4909 vini.

155 4944 289 4983 sum
320 4943 509 5000 prope
537 4929 744 4984 Alfeld.
