3968 6400
278 433 378 486 413
1235 428 1532 485 ALI’ERTI
1573 430 1627 484 S.
1665 426 2133 483 SYMPHOIHANI
2180 424 2474 481 METENS.
2508 421 2816 478 MONACH.

1154 576 1167 579 νγ
1180 575 1281 580 —__
1294 572 1687 580 ...ρ-.--κ-ι--νη--ρ-
1698 569 2043 576 -Μ-,ο--ι

276 576 621 587 —————

2050 567 2453 575 ww

3686 422 3790 475 iii

2470 564 3363 573 —-.__..____.____——————————-——-——~.
3372 562 3675 570 ψη..-
3686 562 3741 569 -..α

1617 701 1774 740 (3(1le
1807 700 1996 740 ANNUM
2030 699 2218 739 DOJHNI
2254 698 2448 737 MXXIV.

1429 865 2613 1016 ALPERTUS

1135 1116 1777 1184 SYMPHORIANI
1838 1114 2307 1178 METENSIS
2372 1110 2909 1176 MONACHUS.

1805 1287 2255 1296 ..ψ-.-

541 1414 629 1497 S.
709 1408 1225 1497 NOTITIA
1297 1408 1456 1494 DE
1538 1404 2120 1494 ALPERTO
2206 1405 2354 1489 ET
2437 1403 2736 1489 EJUS
2822 1401 3505 1493 OPERIBUS.

889 1574 1077 1644 (Apud
1102 1575 1285 1639 Pertz,
1314 1574 1657 1628 Monumenta
1686 1571 1986 1627 Germania:
2018 1568 2299 1634 historica,
2329 1565 2533 1638 Suript.
2561 1572 2698 1620 tom.
2737 1566 2823 1632 IV,
2847 1582 2981 1637 pag.
3008 1565 3156 1635 696.)

341 1854 626 1925 Alpertus,
679 1853 976 1924 Sigeberto
1039 1856 1271 1906 auctore
1324 1850 1395 1921 (1)
1445 1848 1627 1903 sancti
1683 1847 1962 1919 Sympho-
1995 1849 2038 1898 Λ
2078 1841 2442 1914 imperatoris
2498 1845 2629 1896 ante
2680 1841 2879 1895 oculus
2942 1839 3182 1895 haberet
3233 1841 3373 1911 (12),
3420 1841 3536 1908 {res
3591 1840 3791 1910 potius

271 1942 418 1996 riani
461 1942 727 1998 Metensis
773 1940 1108 2008 monachus,
1162 1939 1370 1994 saeculo
1414 1955 1471 1992 x1
1518 1938 1774 2003 ineunte,
1825 1936 1970 1990 duos

269 2032 494 2085 libellos
525 2031 874 2103 composuit,
909 2030 1157 2083 alterum
1189 2030 1258 2082 de
1289 2026 1573 2098 episcopis
1602 2025 1968 2089 Metensibus,

271 2120 644 2174 Constantino
670 2119 866 2173 abbati
904 2122 982 2185 (2)
1013 2116 1376 2187 inscriptum,
1407 2117 1569 2185 cujus
1600 2115 1756 2186 quod
1791 2128 1969 2167 unum

270 2211 452 2261 exstat
480 2207 868 2278 fragmentum
909 2204 982 2274 (3)
1032 2204 1101 2259 de
1146 2203 1456 2258 Deoderico
1488 2202 1773 2273 praecipue
1806 2201 1926 2271 agit
1955 2217 1968 2261 ;

269 2297 536 2361 alterum,
569 2310 743 2365 quem
784 2295 862 2348 De
908 2292 1235 2348 diversitate
1276 2296 1581 2363 tenporum
1629 2290 1869 2355 vocavit,
1903 2289 1971 2344 ad

273 2383 662 2438 Burchardum
718 2381 1195 2438 Wormatiensem
1243 2384 1579 2451 episcopum
1627 2381 1724 2448 (4).
1778 2379 1972 2433 Priore

271 2467 538 2539 quaedam
586 2472 905 2520 memoratu
954 2466 1288 2537 dignissima
1319 2466 1388 2519 ad
1446 2465 1744 2518 historiam
1792 2480 1973 2517 anuo-

272 2571 406 2610 rum
453 2556 693 2610 978-984
734 2554 1002 2609 facientia
1045 2554 1237 2623 tradit,
1300 2570 1430 2625 quae
1463 2569 1495 2607 a
1540 2552 1661 2606 viro
1704 2552 1763 2606 in
1814 2552 1971 2606 obse-

275 2643 427 2716 quiis
462 2644 754 2698 Deoderici
785 2645 807 2698 Ι
837 2643 1098 2713 episcopi
1145 2643 1439 2713 quondam
1480 2641 1705 2695 assiduo
1744 2656 1973 2711 compe-

274 2737 430 2787 rerat
460 2733 565 2802 (5);
622 2732 693 2786 de
742 2732 1105 2786 Adalberone
1138 2732 1185 2785 II
1229 2736 1285 2784 et
1330 2730 1674 2785 Theoderico
1717 2730 1765 2784 Il
1798 2746 1978 2801 pauca

276 2826 502 2875 tantum
556 2821 732 2888 addit,
784 2836 913 2892 qua;
965 2824 1228 2874 nostrum
1256 2836 1321 2873 ex
1366 2819 1628 2890 partibus
1673 2820 1979 2873 Adelbero-

276 2910 365 2964 nis
390 2911 463 2965 IlI
495 2914 553 2965 et
579 2909 914 2965 Theoderici
957 2908 1117 2964 ducis
1155 2914 1354 2963 contra
1401 2909 1816 2963 Theodericum
1855 2908 1976 2980 epi-

277 3015 513 3071 scopum
539 2999 785 3066 stetisse,
832 2999 1078 3070 ideoque
1103 3003 1234 3053 ante
1264 3014 1483 3052 anuum
1522 3001 1653 3054 1017
1686 2997 1977 3068 scripsisse

2078 1932 2390 2003 provinciae
2416 1946 2592 2001 quam
2642 1929 2875 2000 imperii
2922 1930 3271 1984 enarrandas
3304 1929 3413 1984 sibi
3456 1930 3788 2000 proposuit.

2082 2020 2343 2076 Narravit
2377 2019 2558 2089 igitur
2603 2035 2732 2089 quae
2779 2023 2880 2072 aut
2932 2017 3053 2088 ipse
3102 2024 3369 2087 expertus
3417 2019 3608 2073 fuerat
3672 2018 3791 2088 (13)

2083 2114 2180 2163 aut
2208 2125 2242 2162 a
2286 2107 2421 2161 viris
2468 2106 2566 2177 qui
2616 2106 2725 2175 ipsi
2771 2105 2883 2160 tide
2931 2107 3091 2176 digni
3141 2107 3483 2161 videbantur
3522 2106 3793 2161 audierat

2083 2196 2215 2267 (14),
2252 2212 2340 2250 res
2392 2200 2652 2264 tempore
2705 2195 2960 2250 Ausfridi
2998 2201 3055 2248 et
3090 2194 3393 2249 Adalboldi
3443 2194 3503 2248 in
3554 2193 3790 2249 diaecesi

2081 2284 2428 2355 Trajectensi
2458 2288 2667 2353 gestas,
2715 2284 2875 2337 nullo
2911 2282 3162 2355 partium
3194 2284 3381 2337 studio
3413 2283 3526 2354 (l5)
3560 2284 3791 2348 ductus,

2083 2379 2142 2429 at
2194 2372 2255 2427 in
2288 2372 2551 2428 homines
2580 2372 2874 2441 improbos
2906 2378 2961 2427 et
3000 2373 3245 2427 nefarios
3275 2372 3483 2427 acriter
3508 2372 3789 2425 invectus.

2084 2463 2251 2517 Libro
2309 2461 2498 2532 primo
2549 2452 2617 2515 de
2666 2461 2835 2514 rebus
2873 2461 3149 2526 Ausfridi,
3202 2461 3452 2514 secundo
3493 2460 3563 2513 de
3615 2460 3791 2513 rebus

2083 2551 2383 2607 Adalboldi
2415 2550 2669 2622 episcopi
2698 2550 2835 2622 agit.
2885 2550 3125 2621 Scripsit
3172 2566 3326 2604 anno
3362 2552 3487 2607 1021
3535 2548 3652 2619 (16)
3686 2565 3789 2602 au-

2090 2644 2247 2706 1022,
2288 2640 2556 2694 defuncto
2600 2640 2721 2709 jam
2776 2640 3068 2695 Balderico
3112 2639 3251 2709 (l7),
3300 2639 3396 2693 sed
3428 2639 3669 2691 ecclesia
3693 2654 3790 2691 ca-

2085 2730 2330 2785 thedrali
2362 2730 2710 2798 Trajectensi
2739 2729 2997 2783 nondum
3033 2733 3362 2782 consecrata
3394 2727 3532 2798 (18).

2157 2821 2328 2875 Liber
2351 2820 2423 2874 ad
2452 2818 2882 2889 intelligendam
2906 2823 3073 2871 terra:
3103 2816 3260 2870 illius
3293 2816 3593 2870 historiam
3623 2815 3790 2868 valde

2090 2910 2261 2974 utilis,
2320 2925 2437 2963 una
2503 2924 2634 2961 cum
2681 2907 2919 2961 historia
2979 2906 3378 2977 episcoporum
3446 2903 3788 2959 Metensium

2089 3000 2298 3052 saeculo
2332 3014 2388 3051 x1
2418 2998 2476 3051 in
2504 3012 2710 3051 manus
2755 2995 3037 3064 Sigeberti
3083 2993 3523 3059 Gemblacensis,
3568 2992 3629 3047 in
3666 3008 3793 3046 mo-

276 3088 606 3158 indigitant.
650 3088 834 3153 Liber,
867 3088 1187 3157 catalogum
1209 3088 1611 3157 episcoporum
1640 3085 1974 3140 Metensiuni
2010 3103 2049 3156 Β
2088 3089 2339 3142 nasterio
2375 3087 2431 3141 S.
2488 3084 2772 3139 Vincentii
2819 3084 2978 3138 Metis
3043 3082 3273 3150 morati,
3336 3081 3565 3137 devenit
3619 3085 3677 3136 et
3720 3080 3794 3134 ab

279 3180 472 3230 sancto
519 3176 802 3232 Clementi
852 3178 1146 3229 ostensum
1196 3180 1445 3241 secutus,
1504 3176 1801 3245 Alpertum
1868 3174 1974 3227 ali-

278 3259 508 3329 quando
546 3259 606 3312 in
648 3257 880 3312 Metensi
930 3257 1157 3311 dioecesi
1204 3263 1490 3313 versatum
1549 3259 1814 3329 cleroque
1860 3260 1977 3312 Me-

278 3346 428 3401 tensi
483 3346 796 3417 ascriptum
823 3345 1000 3400 fuisse
1047 3346 1253 3417 probat
1302 3346 1399 3417 (6),
1448 3363 1554 3401 nec
1599 3352 1790 3401 tamen
1821 3347 1981 3400 Metis

279 3433 631 3504 conscriptus
663 3438 769 3499 est,
815 3449 945 3487 cum
978 3433 1352 3488 Constantino
1392 3434 1583 3488 abbati
1614 3435 1862 3488 directus
1902 3435 1979 3506 (7)

280 3538 393 3577 non
432 3526 627 3576 autem
660 3522 885 3576 oblatus
933 3538 1054 3576 esse
1097 3522 1336 3577 dicatur.
1387 3524 1549 3578 Certe
1580 3522 1756 3578 libros
1786 3525 1863 3578 De
1893 3525 1980 3579 di-

280 3610 543 3665 versitate
585 3614 913 3681 temporum
960 3611 1229 3682 Alpertus
1278 3611 1515 3665 minime
1559 3613 1719 3666 Metis
1750 3614 1846 3684 (8).
1884 3614 1981 3668 sed

283 3700 341 3752 in
375 3699 604 3755 dioecesi
655 3698 1025 3769 Trajectensi,
1063 3699 1228 3769 cujus
1279 3701 1429 3754 clero
1480 3700 1584 3753 sub
1629 3700 1893 3756 Ausfrido
1926 3706 1984 3757 et

283 3787 603 3843 Adalboldo
646 3788 931 3858 episcopis
974 3788 1254 3858 ascriptus
1284 3788 1471 3842 fuerat
1500 3789 1593 3858 (9),
1634 3789 1695 3843 in
1743 3790 1982 3845 ecclesia

280 3882 377 3931 aut
428 3876 774 3931 monasterio
822 3893 853 3930 e
902 3875 1135 3931 sinistra
1184 3876 1370 3930 Rheni
1421 3877 1534 3946 (10)
1581 3878 1709 3944 sito,
1741 3878 1983 3949 Trajecti

281 3966 519 4019 fortasse
548 3965 656 4034 (11)
697 3968 796 4018 aut
840 3964 1175 4034 Noviomagi
1213 3980 1486 4034 prmsens,
1533 3968 1896 4037 composuit;
1927 3972 1985 4022 et

283 4069 413 4107 cum
451 4053 754 4107 Adalboldi
798 4053 1053 4123 episcopi
1098 4053 1308 4106 librum
1356 4053 1425 4107 de
1456 4054 1631 4125 gestis
1664 4055 1909 4111 Heinrici
1934 4056 1984 4111 II

2086 3172 2208 3242 ipso
2239 3171 2552 3243 exscriptus
2598 3176 2707 3241 (19)
2749 3176 2851 3226 est.
2891 3173 3032 3226 Usus
3062 3177 3146 3225 est
3179 3171 3508 3242 Sigebertus
3555 3169 3796 3224 fortasse

2090 3262 2293 3315 eodem
2344 3260 2559 3327 codice,
2595 3275 2766 3332 quem
2792 3260 2916 3330 jam
2965 3260 3231 3314 manibus
3286 3264 3431 3326 tero,
3482 3258 3652 3312 unico
3680 3259 3796 3313 sal-

2091 3355 2208 3405 tem
2240 3349 2339 3421 qui
2369 3349 2618 3419 supersit
2664 3354 2721 3403 et
2775 3364 2946 3419 quem
2977 3366 3010 3402 a
3033 3349 3282 3403 Roberto
3337 3348 3800 3402 Verboeckhorst

2091 3438 2399 3508 prmposito
2450 3439 2505 3492 S.
2558 3437 2805 3506 Ludgeri
2854 3435 3323 3490 Helmstadiensis
3370 3436 3479 3489 sibi
3514 3435 3795 3490 traditum

2094 3527 2373 3581 Eccardus
2425 3526 2483 3579 in
2532 3526 2780 3596 Corpore
2831 3525 2922 3580 SS.
2953 3525 3129 3579 medii
3159 3524 3327 3579 acvit.
3376 3524 3418 3588 Ι,
3450 3539 3506 3594 p.
3562 3527 3795 3590 91-132,

2092 3615 2286 3686 paucis
2333 3614 2471 3668 locis
2517 3612 2862 3680 emendavit,
2910 3613 3009 3668 sed
3059 3612 3448 3682 compluribus
3495 3613 3647 3666 male
3694 3628 3797 3667 ex-

2093 3704 2317 3774 pressit.
2354 3708 2425 3758 At
2468 3719 2601 3774 pars
2640 3702 2853 3774 operis,
2902 3701 3120 3756 scilicet
3164 3700 3298 3756 libri
3325 3718 3345 3755 1
3374 3701 3561 3770 capita
3597 3705 3798 3768 11-15,

2098 3793 2343 3848 Eccardo
2380 3793 2683 3861 ignorante
2706 3792 2825 3862 jam
2880 3806 3033 3845 anno
3096 3789 3230 3844 1680
3281 3789 3385 3844 sub
3422 3789 3594 3843 titulo
3657 3792 3802 3846 Vite

2096 3882 2151 3937 S.
2205 3882 2443 3948 Aufridi
2489 3883 2730 3950 episc0pi
2786 3880 3132 3948 Ultrajeetini
3163 3893 3317 3947 pars,
3367 3882 3583 3931 auctore
3612 3894 3802 3932 mona-

2095 3969 2191 4023 cho
2244 3970 2596 4037 Ultrajectino
2634 3970 2692 4024 S.
2743 3969 2924 4035 Pauli,
2980 3972 3137 4020 tomo
3184 3967 3227 4031 Ι,
3269 3964 3418 4031 Maii,
3478 3981 3610 4036 pag.
3668 3966 3799 4021 431.

2096 4058 2222 4124 432,
2307 4056 2369 4110 in
2445 4055 2598 4111 Actis
2672 4056 2766 4111 SS.
2838 4054 3368 4125 Antwerpieusibus
3460 4052 3801 4123 prodierat,

1925 4144 2151 4199 NOTAE.

357 4219 431 4359 (lg
463 4221 540 4273 De
573 4219 664 4273 SS.
701 4220 861 4285 ecc1.,
898 4235 1021 4290 cap.
1061 4220 1179 4273 143.

357 4292 410 4357 (2
465 4292 540 4343 De
584 4306 651 4343 eo
689 4291 817 4344 vide
873 4306 1046 4359 supra
1096 4306 1179 4359 pa)

357 4291 428 4359 (2)
465 4292 540 4343 De
584 4306 651 4362 eo
689 4291 817 4344 vide
873 4306 1046 4359 supra
1096 4306 1228 4361 pag.
1283 4292 1386 4345 658
1437 4291 1780 4362 (Patrologiae
1839 4298 1976 4348 tom.

286 4362 548 4424 CXXXIX,
582 4360 651 4415 ad
685 4377 773 4414 an.
815 4362 990 4428 1024).

357 4432 431 4503 (3)
463 4433 544 4486 Ad
577 4432 932 4502 deperditam
964 4430 1156 4501 operis
1203 4436 1424 4502 partem
1459 4433 1747 4503 pertinere
1789 4434 1985 4489 viden-

288 4509 381 4556 tur
421 4520 551 4574 quae
580 4504 745 4572 Hugo
785 4503 1225 4557 Flaviniaceusis
1256 4503 1403 4556 libro
1434 4520 1472 4557 11
1505 4504 1677 4558 tradit
1708 4521 1720 4559 :
1759 4507 1987 4561 Domnus

287 4575 586 4640 Fingenius
630 4575 933 4630 Scottorum
982 4576 1238 4643 progenie
1303 4575 1587 4628 oriundus.
1624 4614 1638 4630 .
1675 4616 1686 4628 .
1724 4616 1736 4629 .
1774 4616 1786 4628 .
1820 4578 1987 4645 Cujus

286 4645 580 4697 adventum
606 4646 1098 4713 peregrinationem
1128 4650 1179 4699 et
1208 4648 1599 4703 conversionem
1644 4648 1741 4715 qui
1775 4649 1986 4714 plenius

284 4730 437 4768 nosse
485 4716 776 4781 desiderat,
822 4718 881 4769 in
946 4718 1074 4771 Vita
1123 4717 1435 4770 Theoderici
1474 4719 1664 4771 eximii
1728 4719 1987 4773 Metensis

286 4787 523 4853 episcopi
553 4788 683 4839 sciri
709 4791 902 4854 potest.

361 4855 591 4928 (Quid
622 4857 1003 4911 Theodericum
1031 4858 1082 4913 II
1129 4860 1424 4912 Metensum
1467 4861 1795 4928 episcopum,
1850 4860 1989 4912 scri-

289 4924 374 4999 bit
418 4925 688 4999 Meurisse
729 4928 789 4980 in
853 4928 1175 4999 llistrepp.
1238 4924 1594 4996 Metensium,
1745 4932 1870 4995 349,
1919 4946 1987 4983 eo

287 4997 526 5069 fortasse
580 4996 640 5050 in
687 5013 953 5069 errorem,
995 4996 1199 5069 ductus
1244 5000 1399 5069 quod
1447 4996 1718 5055 ultimum
1776 5001 1989 5055 codicis

287 5066 445 5120 unici
468 5071 641 5136 caput
670 5067 740 5123 de
765 5068 1113 5122 Theoderico
1142 5070 1187 5122 ll
1219 5066 1355 5140 agit.

362 5139 435 5204 (5)
467 5139 600 5204 Cap.
638 5141 685 5192 1.

362 5212 439 5279 (6)
482 5207 871 5283 _Deodericum
923 5215 1096 5283 vocat
1114 5217 1355 5265 nostrum
1402 5213 1707 5281 praesulem,
1758 5228 1881 5283 cap.
1940 5216 1987 5266 1.

364 5284 443 5351 (7)
481 5280 665 5349 Igitur
689 5281 919 5342 missus,
951 5280 1101 5335 haud
1129 5298 1162 5335 a
1185 5280 1467 5351 prasente
1493 5283 1736 5337 oblatus.

362 5350 438 5417 (8)
472 5352 644 5405 Vocat
675 5367 802 5405 eam
832 5352 1027 5405 Metim
1057 5355 1115 5405 in
1133 5350 1308 5421 Belgis
1344 5370 1381 5417 1,
1410 5357 1461 5407 5.

366 5424 445 5489 (9)
513 5422 760 5477 Clericos
817 5424 1173 5491 Trajectense
1237 5429 1450 5478 nostros
1496 5428 1660 5477 vocat
1708 5440 1743 5489 1,
1800 5428 1851 5487 8,
1904 5427 1990 5491 12,

301 5493 411 5555 13;
464 5492 534 5545 cf.
590 5498 646 5546 et
708 5493 1097 5547 narrationem
1161 5494 1231 5546 de
1284 5494 1549 5547 Ansfrido
1590 5511 1627 5560 1,
1690 5497 1875 5559 ll-l8,
1921 5496 1991 5549 de

297 5562 707 5615 mercatoribus
732 5564 1090 5617 Tielensibus
1121 5570 1179 5617 et
1207 5564 1359 5618 bello
1399 5568 1597 5618 contra
1634 5565 1916 5618 Frisiones
1954 5582 1988 5619 ιι

299 5632 362 5680 20
395 5645 519 5699 sqq.

2160 4224 2266 4293 (10)
2300 4242 2359 4288 11,
2397 4228 2447 4280 1.
2481 4228 2531 4279 9.

2191 4297 2277 4359 11)
2313 4313 2348 4360 1,
2379 4300 2476 4349 14ς
2513 4298 2605 4350 Est
2642 4296 2790 4349 collis
2820 4309 2914 4349 sex-
2943 4292 3186 4346 millibus
3217 4307 3251 4345 a
3276 4291 3541 4359 Trujecto.

2194 4369 2277 4435 12)
2314 4383 2350 4432 1,
2385 4371 2436 4421 5.
2481 4367 2562 4421 Cf.
2591 4365 2891 4420 Adalboldi
2927 4364 3131 4435 laudes
3155 4379 3219 4435 11,
3245 4366 3299 4417 2.

2196 4432 2281 4503 13⁷)
2330 4436 2584 4507 Exempli
2640 4437 2826 4507 gratia
2858 4451 2902 4501 1,
2958 4438 3059 4489 l5:
3094 4433 3301 4488 Audivi
3336 4432 3647 4501 quemdam,
3690 4438 3803 4487 etc.

2196 4507 2282 4575 li)
2319 4524 2336 4561 1
2373 4510 2574 4574 18,12;
2610 4524 2668 4573 11,
2712 4509 2793 4562 l-i.
3214 4574 3221 4575 ί
3274 4573 3282 4575 Α
3690 4574 3695 4575 ί

2170 4510 2282 4574 (li)
2319 4524 2336 4561 Ι
2373 4510 2574 4574 18,12;
2610 4524 2668 4573 11,
2712 4510 2793 4562 l-i.

2170 4573 2283 4647 (15)
2342 4573 2534 4644 (11.11,
2581 4580 2663 4632 14.
2718 4574 2993 4632 Baldcrici
3053 4591 3143 4630 res
3182 4573 3543 4629 Thietmarus
3592 4574 3806 4629 eodem

2096 4649 2213 4703 fere
2247 4649 2415 4702 modo
2448 4648 2699 4719 exponit.

2169 4720 2284 4787 (l6)
2321 4714 2554 4773 Initium
2601 4716 2885 4772 scribendi
2927 4716 3063 4771 fecit
3101 4715 3364 4787 Heinrico
3386 4714 3432 4768 II
3456 4714 3806 4787 jamuimpe-

2097 4785 2283 4844 ratore
2316 4790 2377 4859 (1,
2419 4793 2471 4859 7)
2519 4795 2575 4844 et
2622 4796 2928 4859 postquam
2958 4786 3258 4841 Adalboldi
3290 4786 3430 4859 liber
3469 4786 3539 4838 de
3570 4785 3806 4841 Heinri-

2096 4877 2162 4914 co
2193 4862 2237 4914 Il
2272 4857 2561 4930 prodierat
2589 4857 2966 4931 {opussuum
3001 4874 3179 4928 usque
3209 4872 3303 4911 an.
3345 4857 3471 4911 1021
3507 4858 3809 4927 produxit,

2099 4934 2270 4998 11,16,
2317 4934 2399 4985 17.

2171 5004 2284 5070 (17)
2314 5006 2421 5056 An.
2460 5002 2615 5055 1021.

2171 5004 2710 5141 Addnigziéuo
2788 5069 3061 5124 solemnis
3135 5067 3385 5124 ecclesia:
3458 5068 3811 5141 cathedralis

2098 5138 2477 5209 TrajeCtensis
2526 5158 2630 5212 per
2656 5142 3039 5196 Adalboldum
3093 5141 3424 5212 episcopum
3479 5138 3533 5191 d.
3586 5156 3640 5192 v1
3679 5142 3807 5195 Kal.

2096 5213 2232 5269 Julii
2265 5230 2362 5267 an.
2423 5209 2557 5268 1023
2609 5224 2889 5283 praesente
2944 5209 3227 5283 lleinrico
3268 5211 3316 5283 ll_
3370 5209 3725 5278 imperatore
3753 5217 3813 5264 et

2098 5283 2411 5361 duodecim
2431 5280 2952 5361 archiepiscopiset
2980 5282 3263 5361 episcopis
3294 5280 3438 5361 facta
3467 5284 3552 5333 est
3580 5297 3594 5343 ;
3629 5296 3810 5361 quam

2100 5360 2250 5431 certe
2286 5350 2649 5431 _noster_non
2687 5350 2924 5431 _silentio
2964 5350 3360 5431 praeteriisset,
3386 5350 3433 5403 si
3477 5366 3544 5431 ea
3572 5357 3812 5431 peracta

2102 5425 2438 5495 scripsisset.
2490 5425 2728 5495 Scripsit
2758 5425 2932 5479 etiam
2965 5421 3117 5478 'dum
3172 5421 3467 5478 Heinricus
3496 5421 3541 5473 ll
3570 5421 3632 5475 in
3662 5422 3810 5475 vivis

2102 5500 2241 5550 erat.

2176 5568 2291 5635 (19)
2326 5566 2403 5621 Ad
2436 5582 2529 5620 an.
2583 5569 2708 5632 97s,
2760 5567 3025 5631 982—9811,
3077 5566 3391 5631 997.1003,
3447 5566 3804 5635 1005,1006,

2111 5640 2266 5703 l009,
2325 5639 2480 5702 1010,
2535 5639 2708 5705 102ος
2744 5653 2834 5690 an.
2872 5638 3007 5691 1808
3065 5636 3415 5689 Baldericum
3471 5634 3803 5690 antehabet.
