3968 6422
121 431 221 484 ΗΒ
1121 431 1248 486 LIB.
1290 432 1378 488 DE
1424 431 1778 489 EPISCOl’IS
1819 432 2256 489 METENSIBUS
2298 430 2644 488 LIBELLUS.
3542 433 3644 487 446

117 570 185 608 ex
255 553 449 608 codice
508 554 948 609 membranaceo
996 559 1214 609 vetusto
1283 557 1337 611 S.
1413 558 1572 610 Pauli
1633 558 1825 629 Traje-
1860 563 1905 616 Λ
1944 574 2011 612 ea
2064 574 2238 612 manu
2296 563 2394 613 aut
2441 559 2512 613 ab
2561 559 2738 612 altero
2784 558 3044 629 ejusdem
3098 558 3290 613 szeculi
3348 559 3643 631 scriptore,

117 643 330 696 ctensis
371 643 676 714 descripta,
711 661 881 714 quem
916 660 981 698 ex
1007 645 1197 698 codice
1227 647 1644 700 llannoverano
1676 648 1828 702 haud
1937 649 2174 703 fortasse
2205 647 2526 718 Sigeberto,
2563 664 2734 718 quem
2767 663 3027 702 numero.

119 732 356 786 ﬂuxisse
409 737 668 803 apparet,
727 749 905 804 quare
953 735 1077 804 ejus
1117 750 1348 805 quoque
1388 735 1532 790 ratio
1573 735 1835 791 habenda
2011 736 2061 803 2)
2095 734 2342 804 Siguavi,
2394 734 2490 788 sed
2521 751 2624 788 nec
2668 733 2792 805 ipso
2828 735 3120 787 interdum
3156 750 3302 788 verae
3347 733 3647 788 sententia:

119 826 264 874 erat.
307 821 556 875 Editioni
588 821 764 892 igitur
793 827 1006 876 nostra
1036 823 1421 878 inserviernnt
1453 839 1467 878 :
1943 823 2170 886 callido,
2205 825 2476 876 correcta.

203 913 256 979 Ι)
289 911 348 965 C.
392 902 617 978 regius.-
645 912 879 965 Constat
910 911 1059 963 foliis
1097 928 1190 964 sex
1240 912 1693 966 niembranaceis
1740 912 1836 966 in-
2017 911 2067 979 3)
2099 910 2276 964 Editio
2320 911 2574 981 capitum
2631 913 2791 964 Η-Ιὸ
2831 910 2957 964 libri
3006 910 3202 982 primi,
3241 909 3301 964 in
3350 910 3502 964 Actis
3546 911 3643 965 SS.

122 999 224 1052 fol.
284 1004 339 1052 et
395 998 548 1053 binis
598 1015 700 1069 per
755 999 1027 1069 paginam
1081 1001 1366 1054 columnis
1406 1001 1592 1054 littera
1633 1001 1838 1072 exigua
1937 1001 1983 1076 gl.
2019 1017 2073 1053 c.

123 1087 442 1158 gracilique
489 1088 697 1142 saeculo
748 1104 804 1141 x1
854 1094 1118 1142 exaralus
1161 1095 1265 1142 est.
1315 1089 1572 1144 Scribam
1623 1090 1836 1144 librum
2016 1088 2233 1153 Quibus
2286 1087 2574 1154 adhibitis,
2605 1092 2868 1166 .textum,
2931 1092 3210 1158 quantum
3257 1087 3383 1142 ﬁeri
3434 1089 3646 1160 ‘potuit,
3692 1164 3698 1170 ξ

123 1192 240 1228 non
271 1175 623 1230 intellexisse
656 1177 838 1229 multa
879 1178 999 1229 loca
1033 1178 1296 1247 probant,
1332 1184 1430 1232 aut
1472 1178 1650 1250 ipsius
1681 1184 1834 1249 post-
1944 1177 2206 1249 pristinze
2235 1177 2549 1246 integritati
2584 1177 2907 1230 restitutum
2940 1177 3338 1247 proponimus.

2337 1338 2596 1345 μ*-

2599 1339 2700 1343 .__
2713 1337 3634 1350 ___.._..__.____._______.._.__.____

733 1449 883 1532 DE
968 1447 1553 1535 EPISCOPIS
1640 1447 2365 1533 METENSIBUS
2448 1447 3032 1532 LIBELLUS.

209 1637 226 1687 l
481 1636 658 1707 Hujus
712 1636 817 1707 (20)
873 1637 1068 1709 itaque
1127 1637 1483 1708 temporibus
1543 1637 1653 1707 (an.
1715 1639 1840 1705 978)
1876 1637 1913 1690 Β
1953 1641 2152 1690 contra
2184 1639 2406 1692 Graacos
2436 1637 2598 1690 duxit
2644 1636 2974 1690 exercitum.
3016 1637 3120 1692 Ubi
3152 1638 3290 1692 dum
3331 1637 3648 1692 inconsulte

132 1724 439 1779 Lotliarius
470 1741 562 1778 rex
594 1726 940 1779 Francorum
970 1727 1025 1780 in
1058 1734 1282 1797 partem
1319 1728 1619 1797 Belgarum
1651 1728 1833 1797 regni,
1949 1731 2005 1780 et
2061 1725 2236 1779 nimia
2286 1725 2598 1791 celeritate,
2651 1742 2838 1796 neque
2885 1731 2946 1779 ut
3000 1743 3090 1780 res
3139 1725 3323 1798 prtelii
3372 1728 3645 1797 exposcit,

127 1814 283 1885 quod
335 1815 355 1848 ²
391 1814 497 1867 sub
550 1815 795 1884 imperio
842 1816 1068 1870 Oltonis
1117 1817 1338 1869 cazsaris
1388 1822 1529 1883 erat,
1577 1817 1833 1870 animum
1951 1831 2207 1885 pugnam
2253 1814 2560 1882 commisit,
2608 1815 2793 1868 omnis
2835 1815 3100 1868 nobilitas
3145 1815 3326 1869 nostri
3365 1817 3646 1870 exercitus

125 1903 402 1963 intendit.
451 1908 515 1957 ut
559 1921 675 1957 suae
720 1904 924 1958 ditioni
964 1908 1215 1960 llrenum
1268 1922 1450 1976 usque
1484 1906 1588 1960 sibi
1631 1906 1838 1976 subju-
1948 1903 2141 1973 gladio
2193 1909 2248 1956 et
2278 1908 2416 1956 aestu
2454 1902 2620 1956 nimii
2669 1903 2875 1956 caloris
2903 1908 2959 1957 et
3003 1904 3095 1957 siti
3140 1904 3331 1975 periit,
3364 1921 3469 1958 nec
3500 1921 3648 1958 unus

124 1995 311 2058 garet.
358 1991 499 2043 Nam
541 1991 677 2044 dum
723 1991 866 2045 forte
915 1992 1092 2062 Aquis
1140 1993 1271 2046 Otto
1305 1995 1488 2046 Cmsar
1530 1995 1551 2026 ³
1582 1993 1652 2046 ad
1703 2011 1839 2046 cou-
1950 1992 2182 2062 quidem
2216 2007 2282 2045 ex
2315 1991 2394 2045 eis
2424 1991 2726 2062 superfuit,
2760 1991 2856 2062 qui
2903 1993 3048 2046 facta
3079 1993 3323 2062 posteris
3358 1994 3651 2047 nuntiaret

124 2083 334 2132 ventus
367 2079 621 2147 agendos
673 2085 828 2132 tutus
859 2085 915 2134 et
965 2081 1124 2134 omni
1177 2083 1383 2134 timore
1426 2081 1651 2136 sublato
1701 2099 1836 2135 con-
1949 2084 2063 2148 (an.
2098 2081 2242 2150 982).
2292 2082 2414 2145 Quo
2445 2097 2676 2134 rumore
2707 2081 2776 2133 ad
2812 2098 2978 2134 aures
3026 2081 3242 2151 reginae
3291 2083 3649 2152 Theuphanu

123 2167 374 2230 sisteret,
409 2171 466 2221 et
498 2167 550 2221 id
600 2183 704 2237 per
747 2170 1133 2238 exploratores
1184 2170 1450 2224 Lethario
1496 2171 1618 2240 regi
1659 2187 1839 2224 enun-
1950 2171 2190 2241 perlato,
2235 2186 2364 2240 qua:
2395 2170 2466 2224 ab
2509 2169 2855 2240 imperatore
2901 2171 3130 2224 Itohsan
3159 2173 3272 2240 (21)
3307 2172 3502 2226 relicta
3532 2172 3651 2225 fue-

124 2256 332 2308 tiatum
382 2260 548 2320 esset,
584 2258 806 2326 magnis
839 2257 1138 2312 itineribus
1168 2257 1235 2311 ad
1270 2274 1402 2312 eum
1433 2260 1749 2324 contendit,
1783 2263 1839 2313 et
1948 2262 2056 2322 rat,
2091 2259 2280 2312 statim
2331 2258 2555 2328 procaci
2610 2257 2920 2325 locutione,
2953 2264 3016 2312 ut
3065 2259 3177 2312 fert
3221 2259 3416 2312 levitas
3447 2261 3651 2314 mulie-

127 2345 197 2397 de
232 2345 549 2414 improviso
580 2361 759 2416 prope.
791 2352 975 2400 castra
1005 2347 1257 2414 accessit,
1291 2352 1352 2401 ut
1383 2349 1720 2418 imperatori
1749 2348 1836 2402 vix
1951 2364 2101 2416 rum,
2158 2348 2503 2401 conterrales
2556 2364 2690 2400 suos
2738 2378 2806 2386 —
2853 2352 2975 2400 erat
3020 2346 3172 2401 enim
3222 2348 3291 2401 de
3333 2349 3546 2402 Graecia
3584 2379 3640 2388 -—

127 2433 370 2485 facultas
415 2432 502 2486 sui
536 2433 853 2504 recipiendi
905 2436 1349 2506 relinqueretur,
1391 2438 1654 2507 atquein
1703 2437 1837 2506 fuga
1949 2436 2020 2489 ad
2066 2437 2271 2490 malum
2321 2437 2589 2490 extollere
2640 2435 2971 2507 exitumque
3022 2436 3240 2490 adversi
3291 2437 3475 2508 prmlii
3522 2453 3650 2492 cum

127 2522 503 2575 acceleranda
551 2524 941 2578 emolumenta
979 2529 1167 2577 essent
1217 2526 1397 2578 multa
1439 2526 1654 2591 relicta,
1706 2542 1836 2598 qua:
1950 2541 2176 2578 summo
2226 2525 2437 2594 probro
2468 2526 2540 2579 ad
2589 2525 3020 2595 derogationem
3069 2525 3431 2596 imperatoris
3469 2526 3648 2580 intor-

129 2611 332 2662 omnia
379 2610 591 2679 praedas
649 2611 910 2665 hostibus
966 2612 1213 2666 fuerant.
1269 2614 1380 2666 Hac
1427 2613 1697 2667 felicitate
1741 2630 1835 2667 rex
1949 2630 2143 2684 quere,
2199 2614 2299 2684 qui
2357 2619 2514 2667 tanta
2577 2613 2909 2683 frequenter
2965 2613 3176 2668 virtute
3226 2612 3250 2647 δ
3300 2615 3578 2678 laudatus,
3623 2632 3656 2668 a

129 2699 484 2762 sublevatus,
534 2715 694 2768 spem
744 2699 861 2753 suis
917 2717 1128 2770 augere
1179 2705 1236 2754 et
1285 2701 1553 2754 audacius
1610 2703 1838 2756 crebras
1950 2702 2068 2755 suis
2123 2707 2241 2755 tam
2295 2701 2460 2755 facile
2515 2702 2588 2754 sit
2646 2707 2970 2770 superatus.
3039 2703 3252 2756 Prae-sul
3293 2703 3654 2767 Deodericus,

130 2787 498 2841 incursiones
549 2804 742 2856 agere,
801 2789 1135 2860 Mettimque
1187 2806 1367 2860 usque
1408 2790 1834 2861 proficiscitur:
1950 2791 2160 2844 auditis
2212 2790 2427 2861 regina:
2475 2790 2959 2844 contumeliarum
3009 2790 3212 2856 verbis,
3271 2793 3540 2858 multum,
3593 2797 3656 2845 ut

130 2877 225 2930 sed
263 2877 428 2930 nulla
458 2893 518 2930 re
565 2877 856 2930 navefacta
904 2878 1214 2948 probrosus
1245 2878 1431 2932 rediit.
1487 2880 1550 2932 Et
1579 2879 1723 2932 sicut
1771 2896 1836 2954 ex_
1873 2920 1912 2972 Ο
1949 2881 2190 2949 dignum
2236 2885 2378 2945 erat,
2429 2884 2624 2932 contra
2656 2895 2781 2932 eam
2817 2883 3102 2945 movetur;
3139 2885 3196 2932 et
3237 2896 3365 2933 cum
3412 2880 3480 2934 de
3511 2880 3652 2934 ami-

129 2965 406 3020 felicitate
455 2965 683 3036 obrepit
723 2967 1051 3030 insolentia,
1085 2968 1163 3020 sic
1206 2967 1344 3021 item
1375 2984 1439 3021 ex
1482 2969 1680 3022 eadem
1730 2969 1839 3022 ali-
1878 2965 1912 2972 “
1953 2969 2162 3022 cissimi
2195 2985 2256 3021 ac
2299 2967 2746 3021 reverentissimi
2789 2966 3009 3020 domini
3041 2967 3496 3033 adversitatibus,
3532 2973 3652 3021 tum

130 3055 367 3123 quando
428 3055 646 3109 desidia
700 3055 910 3110 mentis
965 3055 1101 3109 oriri
1159 3057 1319 3110 solet.
1381 3059 1594 3110 Przesul
1649 3057 1841 3128 itaque
1953 3074 2189 3111 suorum
2240 3058 2580 3112 dilectorum
2635 3053 2656 3088 ⁷
2707 3055 2976 3118 militum,
3029 3060 3085 3109 et
3135 3060 3456 3110 ceterorum
3509 3057 3653 3110 ami-

132 3143 506 3212 Deodericns,
554 3144 817 3214 quamvis
871 3145 1072 3198 inanes
1118 3146 1382 3200 incursus
1432 3146 1586 3217 regis
1631 3147 1840 3212 forent,
1945 3164 2149 3200 eorum
2195 3145 2294 3217 qui
2346 3145 2749 3210 occubuerant,
2811 3145 3062 3198 maximo
3111 3145 3308 3198 dolore
3356 3144 3652 3216 affligitur,

131 3238 328 3287 tamen
377 3233 500 3302 ejus
553 3233 786 3303 ineptia:
835 3239 899 3287 ut
930 3235 1385 3305 reprimerentur
1413 3237 1631 3291 statuit.
1685 3236 1841 3291 Unde
1953 3241 2145 3288 tamen
2202 3235 2605 3305 procacitatem
2661 3238 2717 3287 et
2771 3233 3176 3286 contumeliam
3237 3235 3451 3303 regina:
3513 3233 3654 3286 obli-

130 3320 344 3374 litteris
375 3337 505 3375 cum
536 3321 740 3392 legatis
786 3322 855 3375 ad
890 3323 1159 3376 Ottonem
1205 3325 1485 3377 Cmsarem
1519 3324 1725 3389 missis,
1772 3325 1841 3378 de
1953 3323 2110 3378 vioni
2143 3340 2256 3377 non
2288 3323 2460 3377 dedit.
2494 3324 2607 3376 Hoc
2640 3321 2854 3376 ultione
2886 3322 3076 3376 divina
3100 3327 3309 3386 actum,
3341 3321 3653 3374 secundum

133 3409 221 3462 his
278 3409 453 3462 rebus
505 3425 635 3462 eum
693 3409 995 3464 certiorem
1053 3411 1205 3476 facit,
1265 3411 1517 3482 dicitque
1568 3411 1626 3466 in
1683 3417 1840 3466 tanto
1952 3412 2291 3484 praedictum
2323 3412 2500 3464 sancti
2532 3411 2684 3464 illius
2715 3411 2984 3475 hominis,
3019 3411 3269 3464 amultis
3299 3411 3656 3478 credebatur,

132 3515 234 3550 suo
269 3498 520 3566 imperio
551 3515 667 3553 non
699 3499 908 3553 debere
938 3516 1070 3554 eum
1098 3500 1245 3554 hanc
1268 3501 1673 3554 contumeliam
1707 3502 1838 3554 diu-
1952 3507 2024 3556 ut
2061 3501 2161 3572 qui
2215 3501 2272 3554 in
2327 3500 2698 3553 vastationem
2745 3499 2908 3569 regni
2958 3501 3304 3553 Francorum
3352 3499 3655 3552 consilium

131 3588 242 3641 tius
276 3587 400 3659 pati
449 3588 554 3642 sibi
604 3589 952 3659 populisque
997 3589 1120 3658 ejus
1160 3589 1303 3643 ﬁeri.
1359 3589 1574 3653 Quibus
1612 3590 1841 3656 auditis,
1953 3591 2250 3653 dederant,
2301 3588 2412 3659 ipsi
2442 3588 2500 3641 in
2543 3589 2862 3659 peregrinis
2912 3588 3077 3641 terris
3117 3589 3414 3658 sepultura
3446 3592 3502 3641 et
3541 3603 3656 3640 om-

131 3676 238 3729 sibi
272 3693 402 3730 eam
452 3693 573 3730 rem
618 3677 932 3748 imperator
977 3694 1128 3731 cura:
1173 3678 1491 3732 necessario
1541 3679 1843 3732 a'stimavit
1952 3680 2111 3733 nium
2145 3677 2460 3731 amicorum
2494 3676 2707 3729 solatiis
2736 3681 3014 3729 carerent.
3051 3677 3174 3746 ipse
3209 3692 3342 3728 vero
3372 3677 3498 3729 Otto
3530 3676 3654 3730 Cae—

132 3781 273 3818 esse.
329 3765 642 3819 Consuesse
673 3766 828 3819 enim
863 3767 1108 3820 Francos
1142 3783 1321 3837 regno
1351 3768 1474 3837 ejus
1506 3767 1756 3838 impetus
1787 3774 1845 3822 et
1953 3785 2045 3821 sar
2077 3766 2382 3821 temerario
2429 3781 2594 3819 cursu
2625 3781 2753 3818 cum
2788 3765 2980 3834 paucis
3027 3764 3098 3818 ad
3131 3779 3300 3817 naves
3329 3765 3655 3819 Graecorum

133 3853 370 3923 rapinas
421 3855 630 3920 facere,
682 3855 1016 3910 detrimenti
1073 3860 1129 3909 et
1170 3856 1538 3911 contumelim
1585 3856 1667 3910 illi
1723 3873 1842 3910 esse
1954 3861 2316 3926 pugnaturus
2364 3852 2677 3918 advolavit;
2725 3869 2758 3906 a
2789 3852 2998 3922 quibus
3044 3852 3462 3922 circnmceptus
3502 3881 3572 3891 —
3602 3856 3659 3905 et

123 3941 429 4009 judicavit.
485 3944 821 3998 Convocatis
866 3945 1062 4014 itaque
1102 3945 1318 3998 cunctis
1359 3945 1736 4015 principibus,
1773 3946 1842 3999 de
1953 3944 2144 3996 nullus
2168 3941 2218 3994 ei
2253 3943 2405 3994 locus
2436 3941 2714 3995 evadendi
2756 3940 2945 4012 patuit
2973 3970 3042 3981 —
3069 3941 3128 3994 in
3163 3957 3318 3994 mare
3345 3957 3474 3993 cum
3507 3957 3655 4011 equo

129 4031 305 4085 illatis
358 4031 466 4085 sibi
517 4031 747 4102 injuriis
777 4049 808 4085 a
858 4049 991 4104 rege
1040 4038 1384 4104 conquestus
1413 4038 1517 4088 est.
1553 4033 1639 4088 Hii
1668 4039 1687 4071 ⁴
1717 4050 1841 4087 om-
1953 4030 2210 4086 insilivit.
2244 4032 2427 4100 Super
2447 4047 2619 4102 quem
2646 4036 2764 4084 tam
2786 4030 2881 4082 diu
2916 4029 3081 4096 sedit,
3109 4030 3289 4083 donec
3322 4030 3660 4084 indumenta

134 4136 256 4186 nes,
303 4118 544 4174 consilio
577 4121 730 4188 dato,
785 4121 960 4174 armis
1009 4121 1091 4176 illi
1139 4122 1489 4176 obviandum
1523 4138 1643 4176 esse
1688 4122 1840 4177 dice-
1953 4119 2146 4172 omnia
2192 4118 2402 4189 quibus
2454 4117 2693 4172 indutus
2741 4125 2864 4172 erat
2912 4119 3102 4189 gladio
3137 4119 3456 4184 discideret,
3509 4123 3657 4172 utse

131 4208 287 4262 bant.
340 4209 598 4272 Quorum
630 4209 891 4263 omnium
938 4227 1214 4264 consensu
1257 4210 1494 4281 suscipit
1524 4212 1843 4280 negotium,
1873 4199 1916 4253 Ῑ)
1957 4208 2024 4262 ad
2080 4207 2395 4261 natandum
2454 4207 2860 4278 expeditiorem
2916 4212 3159 4276 aptaret.
3213 4210 3258 4260 Α
3310 4207 3476 4277 longe
3527 4223 3656 4261 vero

129 4301 182 4348 et
214 4314 279 4350 ex
315 4297 476 4350 omni
530 4302 693 4367 parte
726 4298 957 4368 imperii
1000 4299 1109 4363 sui,
1144 4299 1318 4354 etiam
1359 4316 1423 4354 ex
1457 4301 1636 4364 Italia,
1673 4300 1844 4354 innu-
1957 4296 2239 4366 aspiciens
2289 4296 2501 4360 navim,
2561 4296 2628 4349 ad
2682 4313 2854 4366 quam
2903 4311 3131 4348 summo
3180 4301 3389 4350 conatu
3429 4327 3496 4334 —
3536 4301 3661 4350 erat

131 4386 430 4440 merabilis
480 4387 865 4441 multitudinis
895 4388 1048 4458 cogit
1091 4388 1424 4454 exercitum,
1461 4405 1639 4460 usque
1690 4388 1849 4443 Pari-
1957 4385 2110 4438 enim
2145 4384 2528 4454 peritissimus
2561 4389 2757 4437 natatu
2795 4413 2852 4423 —
2890 4383 3122 4437 tendere
3153 4382 3434 4450 cupiebat.
3477 4384 3658 4447 Quem

131 4475 249 4528 sius
281 4475 553 4544 perrexit,
599 4479 654 4528 et
683 4480 905 4530 vastata
934 4476 1188 4547 regione,
1218 4477 1339 4530 sine
1374 4477 1544 4530 ullius
1577 4493 1843 4547 congres-
1956 4479 2148 4527 nauta:
2217 4478 2508 4526 natantem
2575 4477 2895 4535 cernentes,
2954 4476 3185 4540 captum
3246 4476 3544 4524 traxerunt
3599 4471 3657 4524 in

130 4562 291 4616 sione
328 4563 521 4617 rediit.
578 4565 710 4617 Erat
738 4569 860 4618 tum
912 4567 1191 4635 temporis
1222 4566 1280 4620 in
1326 4567 1556 4620 Francia
1600 4566 1685 4619 vir
1715 4584 1844 4620 san-
1957 4563 2168 4616 navim.
2206 4563 2334 4616 Erat
2380 4561 2532 4615 enim
2586 4560 2821 4632 quidam
2856 4560 2914 4612 iu
2967 4559 3096 4612 navi
3146 4575 3274 4612 cum
3327 4559 3408 4612 eis
3453 4575 3521 4613 ex
3554 4575 3656 4613 na-

131 4651 328 4706 ctitate
388 4656 444 4705 et
496 4651 705 4722 spiritu
763 4653 894 4706 talis
959 4651 1002 4718 ³,
1058 4654 1149 4708 cui
1201 4655 1474 4708 divinitus
1532 4655 1842 4708 revelatum
1954 4651 2110 4705 tione
2167 4650 2493 4704 Sclavorum
2541 4655 2710 4702 notus
2758 4647 3107 4718 imperatori,
3171 4647 3271 4717 qui
3319 4664 3448 4702 mox
3494 4649 3657 4718 palu-

132 4746 235 4807 est,
286 4755 511 4806 omnes,
545 4739 786 4794 consilio
817 4757 1067 4812 quorum
1097 4746 1286 4796 actum
1336 4747 1438 4807 est,
1475 4747 1536 4795 ut
1566 4742 1846 4796 exercitus
1957 4740 2289 4794 damentnm
2341 4753 2455 4807 quo
2489 4741 2612 4790 erat
2659 4735 2896 4789 indutus
2938 4752 3152 4790 exuens
3183 4734 3226 4797 ⁸,
3263 4741 3327 4788 ut
3357 4752 3423 4789 eo
3457 4735 3656 4790 indue-

133 4828 190 4883 in
241 4829 543 4884 Franciam
598 4830 925 4896 duceretur,
977 4830 1126 4884 infra
1158 4837 1374 4901 septem
1419 4847 1703 4885 annorum
1736 4830 1841 4885 cir-
1957 4833 2115 4881 retur
2157 4831 2211 4879 et
2259 4826 2408 4879 nuda
2462 4823 2720 4878 membra
2769 4823 3086 4893 obtegeret,
3135 4823 3372 4878 tradidit
3413 4829 3468 4878 et
3512 4836 3656 4878 nutu

131 4919 292 4971 culos
346 4934 472 4972 esse
527 4919 859 4973 morituros.
917 4920 1090 4990 Cujus
1139 4921 1501 4992 prophetiam
1554 4920 1631 4974 ita
1680 4937 1843 4974 com-
1956 4933 2069 4988 quo
2101 4919 2322 4986 poterat
2352 4912 2567 4984 innuit,
2593 4912 2975 4983 suspicionem
3015 4912 3203 4966 nautis
3252 4913 3551 4977 adimeret,
3587 4929 3658 4968 ne

133 5008 351 5075 pletam
404 5007 748 5076 colligimus.
786 5009 926 5062 Nam
981 5009 1117 5063 dum
1152 5009 1384 5064 Francia
1432 5025 1694 5062 reversus
1737 5014 1841 5076 est,
1955 4999 2548 5068 animadverterent",
2583 5001 2793 5072 ipsum,
2846 5002 2944 5072 qui
2977 5008 3147 5068 esset,
3198 5019 3344 5056 esse.
3380 5003 3430 5056 is
3460 5002 3654 5067 etiam,

131 5110 262 5149 mox
331 5096 392 5149 in
446 5095 700 5149 secundo
754 5112 904 5150 anno
962 5102 1091 5168 post
1129 5097 1443 5168 imperator
1487 5097 1547 5151 in
1586 5096 1846 5153 Calabria
1957 5094 2237 5164 adprimze
2286 5091 2670 5164 persuasionis
2735 5089 2781 5124 ¹⁰
2834 5090 3063 5161 eloquio
3127 5091 3386 5158 idoneus,
3447 5091 3545 5154 ait,
3611 5089 3655 5142 si

1555 5223 1784 5275 νΑιιιΑε
1839 5219 2237 5274 LECTIONES.

205 5320 510 5372 ‘numcros
562 5319 759 5386 adjeci.
834 5321 852 5352 ²
909 5319 1187 5388 regnique
1239 5335 1286 5374 ο.
1365 5320 1387 5354 ³
1419 5335 1576 5372 cesar
1622 5333 2011 5384 nonnunquam
2062 5332 2108 5370 c.
2160 5321 2209 5370 et
2240 5316 2356 5370 alia
2387 5313 2679 5388 ejusmodi
2711 5329 2755 5366 e.
2815 5329 2869 5388 g_.
2905 5311 3134 5388 regi_ne_,_
3186 5312 3350 5388 Ietas:
3409 5308 3651 5388 editicia,

130 5404 291 5464 eger,
353 5389 531 5458 cepit,
590 5378 1174 5464 presul._cenobium,
1233 5391 1458 5460 equavi,
1507 5391 1610 5464 sed
1639 5378 1947 5464 plurimum
1983 5403 2034 5452 e,
2067 5405 2135 5441 ai.
2188 5404 2241 5464 o3
2267 5378 2477 5464 scribit.
2552 5384 2590 5439 '.
2625 5384 2683 5437 hi
2823 5378 2867 5464 7.5
2898 5378 3167 5453 spiritalis
3207 5397 3250 5436 c.
3329 5378 3353 5413 ⁶
3386 5395 3560 5434 manu
3594 5382 3649 5433 2.

132 5495 150 5526 ._
175 5456 530 5514 delictorum
558 5456 607 5514 οῖ
687 5458 710 5494 ⁸
743 5459 937 5514 exiens
967 5474 1106 5516 corr.
1140 5456 1354 5516 exuens
1384 5456 1451 5515 ομ
1505 5460 1529 5495 9
1557 5456 2041 5515 animaverterent
2069 5475 2115 5511 c.
2196 5456 2243 5491 ¹⁰
2288 5460 2370 5512 ita
2397 5459 2462 5512 Ε.
2492 5456 2872 5527 persuasioris
2896 5469 2947 5508 c.

1787 5557 2009 5612 ΝΟΤίΕ.

200 5657 320 5723 (20)
355 5653 584 5710 Scilicet
615 5653 912 5709 Deoderici
944 5654 1219 5727 episcopi.
2025 5653 2134 5724 (2t)
2170 5655 2442 5708 Rossano.
