3968 6404
274 411 371 466 447
1229 411 1540 467 ALPERTI
1579 413 1632 467 S.
1675 411 2146 468 SYMPHORIANI
2187 413 2480 467 METENS.
2519 410 2820 466 MONACH.
3692 410 3806 462 448

278 533 511 589 monitis
542 533 660 587 suis
705 549 904 588 aurem
954 533 1280 604 praeberent
1325 536 1381 586 et
1410 533 1658 587 consiliis
1708 533 1982 587 obsecun-
2018 535 2062 587 Α
2097 533 2374 605 permisit.
2411 535 2536 605 Ipse
2593 538 2786 588 autem
2840 549 2970 587 cum
3025 533 3330 588 Deoderico
3380 533 3626 604 praesule
3679 534 3810 588 Βο-

277 623 500 688 darent,
550 621 1040 676 fortunatissimos
1080 623 1138 675 in
1168 621 1325 676 brevi
1356 622 1617 688 futuros;
1664 638 1776 675 non
1811 624 1978 690 longe

279 712 412 764 hinc
459 711 656 764 abesse
709 712 940 765 Robsan
985 712 1024 745 ¹¹
1060 711 1345 764 civitatem
1380 728 1393 764 :
1430 714 1486 764 in
1518 727 1626 781 qua
1655 727 1837 765 omnes
1866 713 1978 764 the-

281 801 434 852 sauri
462 799 670 854 Ottonis
711 799 950 852 Caesaris
989 798 1086 852 sub
1118 800 1297 861 istius,
1331 800 1428 865 qui
1456 798 1822 852 cubicularius
1863 799 1979 866 ejus

279 892 376 953 est,
431 887 680 940 custodia
740 889 1067 953 retinentur;
1129 901 1355 954 quorum
1416 888 1714 939 maximam
1767 892 1980 956 partem

278 977 426 1029 vobis
484 975 726 1028 dandam
772 977 1010 1044 profecto
1055 977 1332 1038 noveritis,
1386 975 1524 1027 hunc
1563 976 1611 1027 si
1650 976 1776 1028 illuc
1807 975 1980 1028 duxe-

281 1065 404 1118 ritis
433 1071 483 1118 et
517 1065 815 1118 libertatem
844 1066 962 1129 frui
987 1065 1363 1132 ptTIltiSH‘lliS.
1414 1064 1509 1116 His
1536 1063 1764 1130 auditis,
1798 1069 1856 1116 et
1884 1064 1979 1116 in-

282 1153 461 1208 vicem
493 1169 552 1206 se
579 1152 1168 1222 circumspicientibus
1199 1157 1254 1204 et
1282 1152 1462 1226 multa
1493 1152 1560 1204 ad
1593 1153 1714 1205 haec
1743 1151 1894 1205 inter
1922 1168 1980 1205 se

282 1241 726 1307 conferentibus,
758 1241 1009 1303 tandem,
1037 1245 1100 1292 ut
1131 1245 1214 1292 est
1245 1255 1370 1292 mos
1400 1240 1669 1293 humanae
1700 1240 1980 1310 cupidita-

283 1330 373 1391 tis,
408 1345 506 1400 spe
530 1329 783 1398 pecuniae
816 1329 988 1381 illecti
1021 1343 1033 1380 :
1060 1328 1138 1392 Si,
1174 1344 1293 1397 qua:
1330 1327 1749 1396 pollicitaveris,
1799 1328 1980 1396 aiunt,

283 1433 339 1472 re
363 1419 779 1485 perpetravcris,
829 1417 1184 1469 hortationem
1222 1418 1434 1469 consilii
1464 1419 1545 1469 tui
1573 1420 1689 1470 sine
1721 1417 1982 1470 dilatione

283 1506 673 1572 aggredimur!
706 1535 771 1544 —
803 1507 940 1558 Huic
981 1506 1390 1573 pollicitationi,
1425 1504 1632 1576 inquit,
1681 1522 1762 1558 me
1803 1509 1982 1574 ipsum

283 1600 331 1648 et
360 1594 518 1663 fidem
562 1596 858 1662 interpono.
906 1595 1095 1647 Nautze
1127 1593 1384 1646 videntes
1431 1594 1808 1647 constantiam
1843 1610 1973 1663 pro-

287 1682 554 1747 missoris,
587 1682 655 1736 de
685 1682 847 1752 cujus
881 1698 977 1734 ore
1013 1681 1362 1751 pendebant,
1413 1683 1744 1753 semetipsos
1775 1684 1982 1736 cohor-

285 1771 572 1839 tabantur,
622 1771 895 1836 dicentes,
928 1776 1198 1824 extrema:
1230 1770 1536 1824 dementia).
1582 1786 1723 1834 esse,
1758 1786 1825 1823 ea
1857 1785 1982 1840 qua:

276 1860 406 1929 jure
437 1859 505 1911 ab
537 1859 618 1912 eis
645 1875 746 1929 pro
779 1857 1176 1928 redemptione
1199 1857 1405 1927 captivi
1436 1857 1764 1927 accipienda
1791 1863 1984 1910 essent

284 1963 313 1999 θ
346 1945 612 1998 manibus
641 1943 932 2000 amittere.
975 1945 1096 1997 Mox
1136 1943 1384 2014 impulsa
1416 1943 1564 2009 navi,
1603 1948 1882 1997 venerunt
1913 1943 1981 1996 ad

286 2033 625 2104 praedictum
683 2033 872 2086 locum
937 2032 1166 2086 Rohsan
1217 2033 1526 2096 civitatem,
1581 2037 1636 2085 et
1691 2032 1981 2103 applicue-

284 2128 420 2176 runt
451 2124 514 2156 ¹²·
550 2123 758 2176 Ductor
786 2137 920 2173 vero
949 2136 1151 2174 eorum
1182 2137 1419 2174 cernens
1449 2120 1643 2174 omnia
1671 2121 1775 2175 sub
1805 2121 1984 2174 animi

287 2207 374 2261 sui
406 2208 698 2261 voluntate
738 2223 858 2260 esse
901 2209 1224 2272 convoluta,
1268 2209 1432 2261 lmtus
1477 2207 1660 2277 surgit
1705 2213 1762 2260 et
1792 2207 1984 2277 paucis

288 2297 625 2351 cohortatur
671 2302 902 2361 nautas;
937 2302 1000 2349 ut
1047 2295 1230 2350 securi
1261 2297 1384 2366 ejus
1427 2295 1675 2349 reditum
1725 2301 1986 2366 expecta-

288 2389 435 2451 rent,
472 2384 775 2454 praecepit;
823 2401 881 2436 se
928 2384 1166 2451 iturum,
1200 2390 1256 2438 et
1297 2384 1559 2438 celeriter
1587 2384 1986 2438 subsecuturos

290 2473 497 2544 captivi
546 2488 675 2525 cum
739 2473 1000 2541 pecunia,
1062 2490 1232 2543 quam
1293 2473 1654 2543 promiserat,
1717 2474 1987 2527 adductu-

292 2578 421 2616 rum
464 2563 529 2613 ‘3.
582 2561 690 2626 Qui
738 2561 978 2616 festinus
1027 2561 1320 2630 ingressus
1368 2563 1675 2627 civitatem,
1713 2563 1978 2616 Deoderi-

293 2666 420 2704 cum
444 2651 773 2719 pontificem
807 2651 1079 2720 repperit,
1105 2651 1203 2720 qui
1227 2651 1572 2720 imperatore
1595 2651 1987 2720 proﬁciscente

294 2737 362 2791 ad
396 2736 659 2806 pra-lium
692 2736 770 2789 ibi
805 2752 935 2790 cum
965 2738 1163 2806 regina
1197 2737 1552 2806 Ttieophanu
1584 2739 1812 2790 relictus
1843 2742 1985 2801 erat,

291 2826 490 2896 illique
529 2841 760 2878 onmem
814 2828 897 2878 rei
956 2827 1218 2878 ordinem
1283 2826 1590 2895 expromit,
1649 2831 1704 2879 et
1759 2826 1816 2879 id
1859 2842 1989 2878 cum

293 2929 517 2967 summo
563 2913 790 2966 silentio
835 2913 1157 2983 supprimat
1203 2921 1416 2977 mouet,
1469 2919 1524 2967 et
1569 2913 1637 2967 ad
1687 2930 1817 2968 eum
1859 2929 1990 2966 mox

293 3002 508 3069 veniat;
541 3003 764 3056 nullum
813 3019 1027 3068 secum,
1056 3003 1103 3055 si
1136 3003 1543 3073 imperatorem
1593 3003 1808 3055 salvum
1843 3001 1991 3054 reci-

291 3108 425 3164 pere
457 3093 637 3161 cupit,
685 3096 894 3161 praeter
923 3092 1063 3146 duos
1095 3092 1302 3145 virtute
1349 3093 1622 3162 probatos
1656 3091 1865 3145 milites
1896 3107 1987 3143 su-

290 3185 429 3234 mat.
468 3180 774 3250 Episcopus
803 3179 1032 3250 gavisus
1061 3180 1128 3233 de
1171 3180 1554 3234 iucolomitate
1586 3179 1735 3249 regis
1771 3179 1989 3234 domini

291 3268 400 3334 sui,
438 3269 682 3337 Liuponi
729 3274 786 3320 et
812 3269 1108 3322 ltichizoni
1155 3268 1434 3321 militibus
1465 3269 1601 3333 suis,
1637 3285 1828 3321 secum
1860 3285 1988 3338 per-

293 3362 432 3428 gant
480 3358 542 3422 η,
589 3357 787 3426 jussit;
826 3373 884 3410 se
921 3356 1072 3410 foras
1103 3372 1296 3409 muros
1344 3357 1604 3418 civitatis,
1640 3357 1782 3410 situs
1831 3358 1990 3410 loco-

293 3461 422 3498 rum
456 3451 513 3498 et
543 3445 785 3498 aediﬁcia
826 3445 1127 3499 domorum
1177 3444 1397 3498 visendi
1445 3444 1650 3515 gratia,
1681 3445 1990 3514 procedere

294 3533 456 3587 velle.
511 3535 575 3587 Et
616 3534 810 3588 exiens
858 3533 1220 3587 altitudinem
1281 3533 1439 3586 navis
1498 3538 1869 3604 conspexerat
1925 3562 1986 3572 —

295 3627 416 3675 erat
447 3621 602 3674 enim
649 3622 796 3674 miro
827 3638 998 3692 opere
1047 3621 1359 3676 secundum
1393 3623 1720 3676 Graecorum
1769 3638 1986 3675 morem

293 3715 638 3775 constructa,
668 3742 734 3750 —-—
762 3716 817 3764 et
845 3710 1040 3765 subtili
1068 3711 1279 3764 intuitu
1312 3711 1608 3764 introitum
1642 3711 1764 3780 ejus
1795 3712 1990 3781 explo-

294 3801 456 3860 ravit,
519 3805 574 3854 et
625 3799 856 3854 tandem
916 3801 1040 3853 nisu
1097 3815 1211 3870 quo
1261 3802 1469 3869 potuit,
1528 3800 1819 3853 difﬁcilem
1869 3800 1991 3868 ejus

295 3904 589 3942 ascensum
612 3889 924 3958 superavit.
948 3889 1322 3958 Conspicatur
1342 3904 1476 3957 ergo
1498 3889 1798 3942 dominum
1823 3891 1992 3958 longe

296 3977 366 4030 ab
405 3977 617 4030 honore
665 3976 824 4045 regio
864 3977 1180 4040 sedentem,
1212 3982 1268 4029 et
1309 3977 1574 4030 manibus
1605 3977 1856 4047 applosis
1886 3979 1992 4031 ele-

295 4071 422 4118 vata
452 4081 588 4118 voce
633 4065 918 4132 clamavit,
950 4082 1162 4136 rexque
1207 4066 1336 4118 ilico
1368 4066 1519 4119 haud
1551 4066 1804 4135 segniter
1841 4065 1994 4119 foras

297 4153 517 4207 exiluit.
573 4155 770 4207 Nauta:
817 4170 948 4207 vero
999 4154 1248 4223 primum
1292 4153 1602 4207 familiares
1645 4153 1853 4223 captivi
1897 4170 1992 4222 pe-

297 4242 525 4296 cuniam
583 4247 873 4312 portantes
923 4242 1226 4307 arbitrati;
1276 4247 1358 4294 set
1407 4257 1534 4294 cum
1585 4242 1750 4295 aliter
1786 4258 1851 4295 ac
1888 4241 1996 4295 rati

298 4337 460 4385 erant
497 4332 809 4397 accidisset,
852 4348 1010 4385 arma
1057 4347 1258 4401 capere
1310 4331 1686 4401 hostibusque
1735 4331 1993 4386 resistere

297 4422 674 4492 temptabant.
726 4421 930 4474 Milites
963 4437 1095 4474 vero
1127 4421 1383 4491 praedicti
1436 4421 1613 4490 Liupo
1645 4426 1700 4474 et
1750 4421 1993 4474 Ricliezo

299 4510 628 4580 episcopum
680 4514 742 4563 ut
789 4509 1086 4563 celerrime
1136 4511 1334 4573 exiret,
1383 4510 1814 4575 ammonebant,
1855 4526 1994 4562 cun-

299 4603 545 4650 ctautem
586 4597 658 4650 ob
711 4597 975 4650 timorem
1036 4597 1474 4661 submersionis,
1525 4596 1577 4650 vi
1629 4597 1798 4650 etiam
1841 4602 1995 4650 veste

301 4687 469 4738 scissa
517 4687 587 4740 de
615 4686 745 4739 navi
797 4689 1113 4756 eiecerunt,
1161 4703 1486 4756 magnoque
1536 4685 1756 4756 impetu
1786 4686 1997 4739 strictis

301 4774 506 4843 gladiis
573 4775 632 4827 in
696 4780 898 4828 nautas
970 4776 1139 4840 facto,
1204 4775 1344 4828 alios
1410 4775 1793 4839 interﬁciunt,
1859 4774 1997 4827 alios

302 4864 585 4928 sauciant;
637 4863 733 4916 alii
780 4865 884 4917 sub
933 4869 1181 4917 transtra
1229 4864 1538 4928 delituunt,
1590 4863 1688 4916 alii
1739 4863 1998 4916 certatim

303 4967 360 5004 se
388 4951 457 5005 de
507 4950 638 5004 navi
676 4950 934 5020 ejiciunt,
986 4957 1199 5005 etcum
1231 4951 1486 5021 periculo
1527 4951 1657 5004 vitae
1705 4952 1910 5021 pelago
1939 4967 1998 5004 se

302 5039 684 5092 crediderunt.
739 5040 851 5092 Rex
883 5055 1015 5093 vero
1060 5040 1356 5092 innectens
1398 5039 1566 5092 nudis
1611 5039 1853 5108 pedibus
1883 5039 1996 5091 cal-

302 5128 453 5182 caria
483 5133 540 5182 et
569 5143 803 5180 ascenso
834 5143 1005 5197 equo,
1051 5143 1252 5180 omnes
1283 5127 1452 5182 traxit
1481 5128 1552 5181 ad
1598 5132 1830 5181 terram.
1870 5127 2001 5190 Qui-

303 5217 410 5271 bus
456 5215 793 5270 necessariis
852 5215 1189 5270 liberalitate
1236 5217 1394 5282 regia
1438 5215 1788 5270 sufﬁcienter
1835 5215 1999 5269 attri-

302 5305 454 5360 butis
481 5309 537 5360 et
565 5305 959 5377 copiosissima
1003 5305 1245 5375 pecunia
1273 5305 1482 5359 ditatos
1513 5305 1671 5359 abire
1702 5321 1831 5358 cum
1863 5321 2000 5375 pace

2094 639 2243 677 mam
2278 623 2468 689 rediit,
2506 622 2702 694 ibique
2736 639 2891 693 (eger
2921 639 3038 676 non
3071 627 3199 692 post
3229 623 3441 676 multos
3471 621 3596 676 dies
3629 622 3815 676 mori-

2093 717 2188 765 tur
2216 714 2324 782 (an.
2374 715 2498 777 983,
2532 715 2650 766 Dec.
2705 713 2790 780 6);
2820 711 2973 781 apud
3021 714 3288 766 Sanctum
3326 712 3556 764 Petrum
3612 710 3672 764 iu
3706 727 3816 781 pa-

2091 801 2294 870 radyso
2319 801 2482 870 juxta
2509 799 2826 853 oratorium
2861 805 3069 854 sanctae
3104 799 3289 854 Mariae
3322 799 3641 852 honoriﬁce
3665 815 3811 852 cum

2094 889 2342 942 maximo
2388 889 2520 942 fletu
2573 888 2755 942 tocius
2802 887 2961 941 urbis
3003 889 3298 958 sepelitur.
3345 889 3444 942 His
3489 887 3567 940 ita
3594 887 3809 957 gestis,

2093 975 2433 1029 Deodericus
2472 977 2706 1044 praesul,
2759 983 2960 1044 parata
2991 975 3366 1047 profectione,
3398 976 3506 1029 iter
3554 977 3809 1029 domum

2091 1063 2490 1134 proﬁciscendi
2538 1063 2803 1132 arripuit,
2854 1070 2910 1116 et
2941 1080 3163 1118 memor
3193 1063 3407 1134 regina:
3455 1063 3810 1134 improperii

2091 1151 2362 1205 adversus
2427 1153 2707 1206 Caesarem
2772 1152 2998 1222 prolati.
3073 1168 3264 1206 secum
3333 1154 3552 1205 volvere
3606 1152 3809 1222 coepit,

2089 1239 2332 1309 qualiter
2375 1238 2458 1291 illi
2493 1240 2598 1291 sub
2639 1239 2936 1292 occasione
2984 1239 3090 1293 ﬁlii
3141 1239 3420 1308 regnandi
3467 1240 3593 1307 iura
3644 1242 3807 1292 sub-

2093 1327 2358 1380 traheret.
2395 1327 2522 1380 llaac
2549 1327 2821 1397 cogitanti
2857 1343 2945 1380 res
2976 1333 3282 1396 Oportuna,
3317 1333 3381 1380 ut
3410 1327 3519 1380 sibi
3555 1327 3809 1380 videba-

2091 1419 2206 1480 tur,
2261 1420 2346 1468 set
2398 1415 2612 1484 absque
2676 1415 3172 1484 pl‘aadestinatione
3223 1415 3324 1469 Dei
3385 1415 3588 1468 accidit
3663 1415 3814 1467 Erat

2093 1502 2325 1572 quidam
2377 1503 2615 1556 Noricus
2663 1503 2894 1556 nomine
2947 1503 3265 1565 Heinricus,
3316 1503 3404 1556 vir
3450 1519 3810 1574 magnarum

2093 1606 2288 1660 opum,
2356 1590 2638 1644 desiderio
2707 1591 2986 1660 regnandi
3044 1591 3348 1656 inductus;
3403 1607 3811 1662 quoscumque

2093 1677 2298 1748 potuit,
2351 1679 2470 1732 adit
2530 1680 2591 1745 '5,
2653 1681 3090 1749 persuadetque,
3149 1695 3514 1733 communem
3555 1696 3685 1732 cum
3733 1697 3811 1732 eo

2093 1783 2320 1820 causam
2383 1773 2652 1823 statuant.
2713 1769 2902 1822 Multis
2954 1769 3357 1838 largitionibus
3403 1769 3568 1830 datis,
3631 1768 3812 1822 facile

2095 1869 2191 1906 eos
2221 1853 2290 1907 ad
2339 1870 2498 1906 suam
2556 1855 2898 1908 sententiam
2932 1855 3217 1925 perduxit.
3275 1854 3510 1908 Plurimi
3545 1854 3631 1908 his
3661 1869 3810 1925 per-

2095 1942 2455 1995 suasionibus
2507 1943 2680 1997 illecti
2723 1960 2780 1996 se
2815 1944 2864 1996 ei
2899 1945 3264 2006 dediderunt,
3299 1949 3355 1997 et
3385 1959 3515 1996 eum
3549 1959 3728 2012 super
3764 1945 3812 1976 ⁸⁸

2095 2047 2152 2084 se
2186 2047 2380 2098 regem
2423 2029 2468 2064 ¹⁷
2517 2032 2982 2088 nominaverunt.
3035 2033 3139 2086 Ubi
3176 2033 3297 2086 lirec
3349 2049 3382 2084 a
3432 2031 3812 2084 narrantibus

2095 2120 2326 2190 praesuli
2380 2121 2645 2174 nuntiata
2676 2127 2826 2187 sunt,
2882 2122 3170 2175 diverteris
3224 2121 3292 2174 ab
3325 2121 3526 2173 itinere
3561 2119 3629 2172 ad
3663 2135 3809 2172 eum

2095 2210 2385 2278 profectus
2433 2213 2535 2276 est,
2595 2227 2624 2262 a
2655 2227 2769 2280 quo
2819 2215 2876 2263 et
2925 2210 2970 2243 ¹⁸
3003 2209 3304 2279 magniﬁce
3353 2207 3686 2278 suscipitur,
3747 2213 3812 2261 et

2095 2314 2264 2351 causa
2292 2299 2440 2351 inter
2468 2314 2564 2351 eos
2592 2299 2690 2352 diu
2716 2299 2950 2369 agitata,
2992 2298 3135 2352 dolis
3169 2296 3542 2368 pseudoregis
3580 2326 3649 2336 —
3679 2303 3812 2349 erat

2097 2386 2248 2440 enim
2277 2391 2494 2439 astutus
2519 2386 2748 2457 eloquio
2771 2417 2838 2427 —
2862 2388 3066 2457 praesul
3091 2386 3560 2449 circumvenitur;
3591 2385 3812 2437 oblatis

2097 2475 2264 2530 donis
2313 2475 2536 2528 eximiis
2579 2475 2626 2509 ¹⁹
2665 2482 2720 2530 et
2750 2477 3007 2546 pluriora
3049 2491 3177 2528 cum
3225 2474 3473 2528 maxima
3519 2478 3810 2544 potestate

2097 2563 2262 2632 regni
2310 2564 2605 2632 polliCens,
2662 2564 2998 2617 electionem
3049 2569 3105 2616 et
3139 2563 3492 2616 deditionem
3542 2562 3695 2626 fecit,
3751 2566 3814 2614 et

2099 2653 2169 2705 ad
2201 2660 2447 2722 coeptum
2497 2652 2607 2706 iter
2636 2669 2898 2705 reversus
2941 2659 3025 2705 est
3057 2653 3167 2721 (an.
3221 2652 3366 2720 984).
3401 2652 3661 2720 Cumque
3693 2650 3810 2703 hoc

2098 2741 2310 2795 factum
2345 2742 2454 2794 late
2502 2757 2602 2812 per
2649 2742 2896 2811 populos
2943 2741 3454 2810 percrebresceret,
3489 2754 3721 2808 prorsus
3757 2739 3812 2773 ³ο

2101 2837 2222 2884 erat
2269 2831 2460 2883 nullus
2509 2846 2768 2883 summus
2817 2846 3006 2899 neque
3051 2829 3346 2896 minimus,
3393 2829 3492 2899 qui
3525 2844 3648 2897 ejus
3678 2833 3812 2880 acta

2099 2935 2216 2972 non
2245 2918 2626 2972 detestaretur
2658 2935 2670 2972 :
2703 2935 2832 2971 cum
2867 2934 2998 2971 eum
3035 2919 3222 2971 locum
3261 2916 3460 2986 gratiae
3499 2917 3649 2986 apud
3685 2915 3811 2970 im-

2101 3013 2425 3078 peratorem
2456 3011 2695 3066 teneret,
2730 3011 2789 3058 ut
2829 3023 2998 3059 nemo
3037 3006 3095 3058 in
3124 3006 3284 3059 omni
3316 3021 3494 3074 regno
3520 3005 3808 3073 potentia,

2022 3097 2062 3151 C
2100 3095 2335 3148 consilio
2367 3098 2422 3146 et
2466 3094 2850 3148 familiaritate
2901 3094 3050 3163 regis
3081 3109 3210 3146 eum
3262 3091 3631 3162 praecederet,
3684 3108 3808 3145 non

2100 3184 2305 3238 debere
2352 3199 2482 3237 eum
2529 3188 2752 3236 tantum
2802 3182 3023 3236 facinus
3071 3182 3114 3214 ²¹
3158 3188 3355 3234 contra
3390 3180 3648 3233 omnium
3682 3179 3810 3248 opi-

2099 3273 2333 3326 nionem
2385 3273 2656 3326 adversus
2708 3272 2891 3326 ﬁlium
2942 3271 3096 3340 regis
3149 3271 3532 3322 committere.
3594 3268 3808 3337 Sicque

2099 3363 2309 3415 factum
2343 3367 2448 3426 est,
2477 3367 2542 3414 ut
2575 3361 2710 3413 dum
2745 3360 3062 3429 repentinae
3093 3374 3211 3412 suae
3254 3356 3562 3412 temeritati
3592 3372 3805 3409 consu-

2100 3451 2215 3502 lere
2247 3449 2449 3514 noluit,
2484 3449 2796 3502 multorum
2832 3447 2900 3500 ad
2931 3446 3019 3499 sui
3055 3446 3487 3514 derogatiouem
3519 3460 3620 3496 ora
3663 3459 3810 3512 ape-

2103 3537 2214 3590 ruit
2244 3537 2312 3591 ".
2349 3536 2602 3606 Denique
2633 3552 2764 3589 cum
2806 3535 3069 3605 plurimis
3107 3533 3464 3604 principibus
3509 3532 3632 3601 ejus
3664 3547 3806 3584 con-

2099 3623 2292 3676 silium
2351 3623 2652 3692 displicere
2722 3621 3022 3690 comperit,
3083 3621 3219 3691 quia
3279 3621 3370 3674 his
3429 3620 3622 3673 insciis
3683 3621 3811 3673 hanc

2101 3712 2293 3765 omnia
2323 3716 2535 3780 egerat,
2571 3726 2779 3780 magno
2809 3710 3006 3763 dolore
3039 3709 3290 3776 affectus,
3329 3708 3482 3761 domi
3523 3723 3581 3760 se
3625 3708 3811 3760 conti-

2101 3801 2251 3867 nuit,
2281 3806 2339 3854 et
2367 3815 2650 3869 nusquam
2699 3798 3046 3868 digrediens,
3085 3797 3595 3866 transgressionem
3639 3811 3812 3849 suam

2102 3890 2318 3943 occulte
2347 3905 2536 3941 secum
2591 3887 2984 3940 miserebatur.
3034 3888 3166 3940 Post
3217 3902 3332 3939 non
3388 3886 3631 3938 multum
3667 3888 3812 3937 tem-

2102 3979 2256 4048 poris
2279 3976 2624 4047 egritudine
2652 3982 2952 4048 superatus
2980 3976 3038 4028 in
3075 3977 3281 4029 lectum
3311 3973 3540 4038 decidit,
3575 3978 3630 4027 et
3657 3973 3815 4026 circa

2102 4067 2368 4136 quintum
2405 4065 2804 4135 praedictorum
2856 4071 3073 4134 septem
3113 4079 3400 4116 annorum
3439 4063 3703 4127 decessit,
3755 4068 3815 4113 et

2104 4155 2164 4209 in
2194 4153 2452 4208 cmuobio
2481 4154 2659 4206 sani-ti
2710 4153 3010 4216 Viucentii,
3044 4151 3194 4222 quod
3241 4151 3361 4220 ipse
3402 4150 3727 4204 construxit
3757 4155 3816 4203 et

2105 4242 2426 4296 innumeris
2499 4249 2671 4312 atque
2737 4241 3110 4312 amplissimis
3195 4238 3572 4293 accumulavit
3636 4254 3813 4292 orna-

2109 4331 2335 4395 mentis,
2392 4332 2707 4384 tnmulatus
2765 4337 2849 4383 est
2904 4330 2970 4382 ’3.
3033 4331 3160 4383 Haec
3219 4330 3278 4381 in
3324 4335 3578 4381 extrema
3627 4327 3813 4379 nostri

2107 4421 2371 4490 praesulis
2417 4423 2582 4472 aetate
2628 4424 2771 4487 acta,
2820 4419 2891 4472 ab
2923 4435 2988 4471 eo
3015 4419 3113 4488 qui
3145 4418 3204 4470 iu
3257 4417 3378 4486 ejus
3430 4421 3550 4468 erat
3581 4415 3816 4469 assidue

2106 4507 2398 4578 obsequiis
2462 4508 2710 4576 cognita,
2779 4507 3016 4572 confeci,
3081 4523 3195 4560 non
3245 4504 3639 4575 comparantia
3689 4504 3816 4573 ejus

2107 4596 2495 4666 superioribus
2526 4597 2702 4667 gestis
2729 4597 2799 4650 ab
2824 4596 2926 4649 illo
2953 4594 3364 4665 gloriosissime
3387 4592 3650 4662 peractis,
3681 4608 3815 4661 quin,

2108 4687 2240 4755 quia
2273 4686 2518 4756 pleniter
2557 4692 2692 4738 nota
2721 4702 2833 4739 non
2861 4689 3040 4744 erant,
3077 4701 3104 4737 a
3138 4684 3299 4737 nobis
3331 4681 3626 4752 praeterita
3655 4688 3811 4732 sunt.

2108 4775 2312 4827 Verum
2344 4774 2524 4843 aliqui
2553 4774 2802 4844 quadam
2853 4772 3220 4825 miseratione
3260 4769 3439 4824 animi
3487 4768 3685 4822 mirari
3731 4786 3819 4820 so-

2110 4863 2249 4927 lent,
2283 4862 2573 4933 quomodo
2622 4862 2707 4915 vir
2758 4861 2889 4914 talis
2922 4878 2986 4914 ac
3017 4864 3100 4914 tot
3143 4859 3450 4914 virtutibus
3500 4857 3815 4927 praedictus

2108 4951 2178 5005 ab
2223 4956 2374 5005 statu
2423 4968 2541 5004 suae
2585 4949 2936 5003 auctoritatis
2968 4955 3084 5002 tam
3115 4947 3279 5002 facile
3328 4945 3554 5000 deviare
3595 4945 3816 5014 potuis-

2109 5043 2212 5105 set,
2245 5045 2305 5092 ut
2344 5044 2468 5108 regi
2512 5039 2787 5109 praedicto
2819 5043 2934 5091 tam
2978 5041 3214 5106 repente
3245 5035 3369 5089 sine
3401 5034 3641 5087 consilio
3676 5048 3812 5085 suo-

2109 5143 2239 5180 rum
2273 5144 2331 5180 se
2361 5127 2647 5180 subderet.
2685 5125 2826 5181 Huic
2855 5124 3250 5180 ammirationi
3281 5123 3580 5191 responsio
3615 5126 3814 5175 nostra

2109 5215 2214 5269 hac
2253 5216 2616 5269 excusatione
2670 5215 2833 5269 facile
2881 5213 3228 5268 medebitur.
3274 5211 3502 5266 Recenti
3538 5209 3695 5264 enim
3726 5225 3817 5262 ca-

2110 5304 2389 5368 lamitate,
2447 5309 2618 5375 atque
2675 5305 2872 5358 dolore
2921 5301 3246 5356 vehementi
3287 5318 3401 5371 quo
3443 5299 3816 5369 premebatur

1718 5445 1947 5500 VAHM‘]
1998 5445 2398 5500 LECTIONES.

1253 5557 1297 5588 ¹³
1332 5556 1711 5610 adventurum
1770 5559 1817 5608 t.

1188 5628 1229 5659 ²¹
1266 5626 1464 5680 facnus
1500 5630 1550 5681 1.

383 5559 420 5590 ¹¹
459 5558 693 5610 rothsan
722 5561 772 5610 2.

860 5559 900 5591 ¹²
951 5558 1064 5628 apl.
1127 5561 1169 5610 t.

323 5623 366 5657 ¹⁹
394 5625 594 5678 eximis
618 5642 663 5679 c.

742 5625 790 5659 ²⁰
822 5625 1024 5696 ριόδιιέ
1060 5631 1077 5680 1
1096 5669 1106 5678 .

1902 5557 1942 5590 ¹ι
1988 5560 2270 5625 peragant
2304 5559 2349 5608 1.

1629 5628 1674 5660 ²²
1707 5627 1973 5695 apperuit
2007 5630 2052 5678 t.

2433 5553 2476 5588 ¹⁵
2515 5554 2659 5608 adiit
2707 5559 2759 5608 2.
2845 5556 2885 5588 ίσ
2917 5553 3020 5607 sub
3057 5568 3100 5606 c.
3187 5555 3224 5585 '7
3285 5567 3419 5608 rege
3449 5569 3492 5603 c.
3578 5550 3622 5583 ⁸⁸
3679 5555 3728 5604 te
3767 5556 3811 5604 t.

2135 5627 2181 5658 ’3
2213 5642 2386 5678 vocem
2418 5629 2482 5680 Ε.
2514 5626 2704 5694 supple
2729 5628 2791 5678 it.

3285 5567 3419 5620 rege
3449 5569 3492 5603 c.
