3968 6484
139 396 236 449 449

1312 395 1442 450 LIB.
1488 397 1579 451 DE
1624 396 1976 452 EPISCOPIS
2016 396 2480 452 METENSIBUS.

3553 406 3656 455 450

139 532 205 570 ex
259 513 592 569 amicissimi
642 519 700 568 et
745 513 1202 584 conjunctissimi
1250 513 1357 567 viri
1411 519 1618 581 morte,
1669 515 1908 569 desti-A
1948 520 2143 569 autem
2181 515 2365 569 adhuc
2404 519 2534 586 post
2574 515 3039 572 emendationem
3081 519 3451 587 pertinatiam
3487 520 3537 557 ³ο
3565 525 3663 576 tle-

138 610 288 659 tutus
337 609 392 659 et
432 605 690 668 attlictus,
755 609 812 657 et.
858 604 1074 674 reginae
1121 603 1445 673 obprobriis
1492 604 1837 671 stimulatus,

139 694 421 764 simulque
447 695 595 763 regis
619 693 874 763 praedicti
903 692 1373 746 aSSertationibus
1403 691 1451 726 ²⁵
1480 693 1744 746 seductus
1770 695 1838 760 ’5,

138 799 300 854 paene
355 781 712 835 obliviscitur
740 779 790 816 ³⁸
839 782 948 846 sui,
984 787 1040 835 et
1069 783 1264 835 animo
1296 782 1351 835 in
1384 782 1606 834 diversa
1635 782 1839 836 distra-

140 878 244 938 cto,
279 871 414 942 quid
448 876 642 941 ageret
675 871 926 924 incertus
957 877 1098 924 erat.
1132 870 1228 925 Set
1257 876 1451 923 tamen
1502 887 1617 923 non
1647 871 1845 924 deerat

142 961 191 1014 ei
239 959 523 1013 verissimi
575 959 814 1013 scientia
866 964 921 1012 et
967 961 1110 1013 ratio
1161 959 1404 1024 consilii,
1447 958 1658 1028 quibus
1701 976 1842 1012 sem-

143 1065 240 1121 per
292 1065 413 1120 pra:
474 1049 743 1102 omnibus
801 1047 1097 1119 pollebat;
1140 1048 1280 1118 quin
1325 1048 1382 1102 id
1433 1047 1491 1101 in
1539 1047 1695 1100 brevi
1753 1063 1841 1101 re-

142 1137 334 1192 sarciri
381 1144 439 1192 et
485 1138 551 1192 ad
601 1153 762 1190 suam
826 1137 1125 1208 pristinam
1183 1137 1495 1207 perducere
1533 1142 1727 1206 posset
1765 1137 1847 1189 di-

142 1227 437 1297 gnitatem,
508 1227 590 1279 illi
660 1225 880 1280 diutius
936 1226 981 1279 si
1034 1225 1221 1278 vivere
1293 1226 1562 1280 licuisset.
1629 1225 1843 1279 Verum

142 1318 276 1370 dum
340 1315 598 1370 omnium
665 1316 921 1368 virorum
979 1321 1312 1368 nostrorum
1397 1331 1596 1369 causas
1665 1313 1844 1367 subli-

142 1405 317 1458 mium
371 1405 692 1471 considero,
746 1403 890 1457 nihil
939 1403 998 1457 in
1049 1404 1130 1456 eis
1177 1403 1464 1473 repperio,
1511 1403 1663 1474 quod
1728 1417 1843 1455 non

141 1495 261 1563 ejus
310 1494 444 1548 vitae
487 1491 758 1563 eligantia
800 1497 1069 1562 superet;
1112 1496 1166 1544 et
1211 1492 1318 1545 hoc
1367 1492 1610 1562 quisque
1670 1490 1842 1544 etiam

140 1582 356 1635 crirneu
417 1583 757 1651 arrogantia:
799 1581 975 1644 subit,
1012 1580 1058 1633 si
1107 1580 1410 1645 existimet,
1443 1596 1502 1633 se
1533 1581 1661 1633 vitie
1695 1580 1844 1632 Deo—

141 1673 315 1726 derici
345 1673 624 1742 cujusque
665 1671 884 1741 judicio
916 1687 1084 1740 passe
1117 1671 1458 1740 comparari.
1489 1669 1648 1723 Multi
1681 1686 1844 1722 nam-

1949 620 2165 675 ponere
2201 605 2468 671 noluerit,
2523 610 2712 659 sumat
2756 605 2865 659 sibi
2913 607 3118 661 solatio
3165 613 3264 661 tua
3317 609 3545 664 licentia
3603 617 3660 665 et

1953 711 2083 747 meo
2127 694 2334 747 affectu
2380 694 2646 748 caninam
2703 695 2974 761 litteram,
3021 703 3088 750 ut
3146 698 3232 751 vel
3268 698 3347 751 sic
3391 698 3662 754 inconve-

1953 781 2134 835 nienti
2184 799 2326 835 sono
2360 782 2607 847 deditus,
2659 783 2963 836 ridiculum
3016 785 3270 854 prmbeat
3313 787 3652 856 legentibus.

2023 874 2077 923 2.
2133 872 2270 939 (An.
2334 873 2458 938 98%,
2512 871 2626 924 Oct.
2699 874 2800 936 l6;
2876 875 3033 938 lOOEi,
3108 877 3228 928 Dec.
3288 875 3399 942 14.)
3437 897 3456 923 ι
3519 876 3660 929 ltem

1951 958 2234 1012 Adalbero
2283 959 2448 1011 annis
2490 961 2578 1012 22.
2614 980 2640 1006 »
2681 959 2861 1012 Verba
2918 962 3100 1014 sancti
3139 962 3330 1031 angeli
3371 963 3566 1016 brevia
3607 968 3663 1016 et

1923 1050 2196 1106 obscura
2247 1051 2428 1104 solent
2510 1066 2651 1116 esse,
2714 1056 2776 1104 ut
2831 1051 2890 1104 in
2967 1053 3056 1106 his
3130 1053 3471 1125 indagandis
3549 1056 3661 1125 pias

1956 1146 2174 1192 mentes
2243 1139 2655 1193 delectabiliter
2739 1148 3130 1195 exerceantur.
3217 1143 3354 1196 Ecce
3446 1144 3660 1198 etenim

1953 1227 2128 1281 dicit:
2168 1251 2187 1276 ι
2219 1228 2358 1281 Item
2400 1228 2725 1281 Adulbero:
2760 1247 2786 1278 »
2839 1229 3002 1298 quasi
3053 1229 3291 1298 diceret,
3350 1231 3525 1285 istum
3572 1249 3662 1286 su-

1953 1317 2166 1387 periori
2204 1319 2316 1386 (22)
2347 1333 2466 1370 esse
2510 1316 2759 1370 similem
2808 1323 2863 1371 et
2913 1318 3147 1372 nomine
3192 1325 3248 1372 et
3278 1321 3412 1386 vita,
3460 1328 3524 1374 ut
3561 1322 3661 1392 qui

1954 1405 2326 1460 concordabit
2374 1404 2628 1472 nomine,
2698 1421 2816 1458 non
2893 1406 3239 1476 discrepabit
3299 1409 3657 1477 operatione.

1957 1495 2174 1548 Dicitur
2202 1500 2416 1560 autem,
2452 1501 2724 1565 utrosque
2767 1497 2877 1561 (23)
2921 1495 3214 1566 episcopos
3257 1496 3660 1552 devotissimos

1955 1583 2015 1636 in
2063 1583 2213 1636 curis
2278 1599 2598 1652 pauperum
2658 1585 2928 1648 extitisse,
2979 1590 3036 1638 et
3101 1584 3158 1638 in
3221 1586 3548 1640 extruendis
3603 1592 3659 1640 et

1957 1672 2220 1741 regendis
2251 1671 2504 1724 coclesiis
2540 1671 2661 1724 sine
2701 1672 2923 1726 defectu
2968 1689 3380 1742 perseverasse,
3424 1675 3580 1728 unde
3605 1681 3660 1729 et

139 1777 250 1832 que
302 1777 414 1814 non
463 1777 492 1813 a
542 1777 600 1813 se
649 1760 807 1838 ipsis,
860 1764 944 1813 set
1001 1775 1065 1812 ex
1115 1759 1361 1811 aliorum
1411 1757 1704 1811 beneficiis
1751 1758 1838 1810 vel
1879 1797 1918 1850 Β
1959 1759 2193 1814 nomine
2237 1766 2294 1814 et
2338 1759 2453 1812 vita
2501 1762 2707 1814 merito
2759 1760 2828 1814 ab
2878 1763 3082 1831 angelo
3114 1764 3397 1833 comquari
3429 1779 3656 1818 merue-

140 1849 310 1902 etiam
364 1849 600 1919 rapinis,
655 1849 970 1919 locupletes
1013 1851 1069 1901 et
1112 1847 1249 1900 clari
1280 1844 1326 1880 ²⁷
1369 1846 1579 1910 effecti;
1626 1845 1848 1899 Deode—

140 1937 290 1991 ricus
322 1953 456 1990 vero
489 1938 658 2008 longe
689 1937 853 1990 aliter
892 1935 1276 2007 generositate
1316 1942 1624 2005 parentum
1661 1941 1717 1987 et
1748 1950 1843 1988 ex-

138 2026 404 2080 cellentia
448 2027 756 2095 majorum,
792 2042 861 2079 ex
911 2025 1111 2078 innata
1160 2041 1393 2095 quoque
1433 2023 1594 2094 copia
1639 2039 1844 2093 magna

137 2115 490 2186 prandiorum
541 2115 889 2167 clarissimus
946 2113 1210 2168 habetur.
1251 2115 1430 2167 Aliter
1472 2113 1650 2181 enim,
1699 2113 1846 2165 vires

137 2207 260 2274 ejus
312 2203 729 2272 magnitudinis
769 2203 839 2256 ab
871 2202 1107 2256 ineunte
1143 2207 1310 2255 astate
1356 2217 1548 2254 secum
1595 2217 1847 2254 crescere

137 2297 192 2345 et
232 2308 354 2346 suae
404 2293 646 2362 gloriam
698 2292 968 2362 potentiae
1010 2307 1190 2361 usque
1223 2290 1278 2343 in
1311 2291 1485 2344 tinem
1531 2290 1662 2343 vitae
1696 2289 1846 2358 apud

137 2399 194 2434 se
241 2381 578 2449 consistere,
638 2380 971 2451 impossible
1030 2384 1195 2433 esset.
1245 2378 1426 2442 Quam
1477 2377 1750 2448 frequens
1793 2381 1848 2430 et

134 2470 374 2525 sedulus
403 2471 550 2524 circa
581 2485 698 2523 sua:
730 2471 972 2523 salutem
1000 2469 1210 2521 anima:
1234 2467 1424 2528 fuerit,
1447 2465 1844 2521 testimonium

134 2566 218 2613 est
247 2560 571 2612 oratorium
603 2559 782 2612 sancti
830 2557 1132 2623 Vineentii,
1181 2557 1250 2610 de
1281 2572 1394 2626 quo
1425 2571 1598 2625 supra
1629 2555 1845 2608 dictum

131 2654 233 2713 est,
284 2649 344 2701 in
393 2647 580 2701 insula
632 2647 877 2701 Mosella:
917 2645 1171 2699 lluminis
1219 2645 1370 2698 foras
1419 2659 1612 2697 muros
1661 2643 1846 2696 Mettis

131 2737 382 2791 civitatis
413 2753 587 2806 opere
627 2736 932 2805 magnitico
963 2736 1034 2788 ab
1066 2751 1132 2788 eo
1153 2739 1566 2794 constructum,
1601 2732 1660 2785 in
1691 2731 1843 2802 quod

131 2826 304 2879 etiam
337 2826 718 2896 plurimorum
763 2840 1000 2894 corpora
1049 2827 1375 2876 sanctorum
1409 2838 1476 2874 ex
1527 2819 1575 2854 ²⁸
1624 2821 1846 2889 longin-

130 2917 262 2984 quis
306 2914 641 2984 regionibus
685 2914 782 2984 pio
831 2913 1017 2966 studio
1050 2911 1284 2965 advecta
1331 2909 1634 2978 congessit.
1683 2909 1845 2973 Quic-

130 3004 267 3073 quid
293 3007 471 3057 etiam
501 3002 787 3056 facultatis
808 3001 1068 3055 coenobio
1090 3006 1146 3054 et
1165 2998 1599 3069 congregationi
1636 2997 1845 3052 divinis

1957 1853 2111 1901 runt.

2028 1938 2079 1989 3.
2135 1935 2264 2001 (An.
2322 1936 2476 2001 1006,
2526 1935 2700 2004 1047.)
2753 1936 2880 1989 Haec
2929 1936 3118 1990 littera
3167 1937 3286 2007 (24)
3334 1937 3488 1992 illius
3540 1941 3654 2009 (25)

1955 2023 2202 2088 nomini,
2235 2023 2334 2094 qui
2361 2023 2420 2076 in
2442 2023 2574 2077 sede
2607 2040 2757 2078 nunc
2784 2025 3126 2079 substitutus
3166 2032 3271 2095 est,
3306 2027 3564 2092 minime,
3600 2033 3659 2081 ut

1955 2112 2326 2182 perspicuum
2357 2119 2460 2174 est,
2494 2112 2800 2182 congruit;
2853 2113 3001 2167 unde
3035 2117 3089 2166 et
3124 2116 3287 2168 multi
3321 2116 3652 2186 opinantur,

1955 2199 2120 2255 illum
2151 2201 2210 2255 in
2243 2217 2484 2255 numero
2528 2203 2867 2272 pontiticum
2909 2218 3021 2255 non
3071 2205 3542 2272 computandum,
3576 2211 3659 2257 set

1956 2298 2194 2362 propter
2219 2287 2730 2361 transgressionem
2766 2290 2966 2360 populi
3017 2291 3395 2361 subpositum,
3428 2298 3483 2345 et
3515 2301 3655 2346 lam-

1956 2379 2052 2432 diu
2085 2379 2270 2449 quoad
2299 2379 2396 2432 ille
2426 2378 2646 2432 venerit
2675 2379 2774 2449 qui
2808 2378 3054 2432 litteram
3097 2386 3476 2449 praenotatam
3525 2396 3658 2449 por-

1955 2469 2179 2535 taverit,
2229 2469 2622 2538 episcopatum
2663 2483 2882 2521 cessare
2925 2467 3142 2521 dicunt.
3197 2468 3292 2522 Set
3337 2484 3440 2521 nos
3487 2469 3658 2522 etiam

1957 2557 2023 2610 ad
2060 2563 2315 2610 nostram
2357 2556 2691 2626 opinionem
2718 2555 3015 2610 mittamus
3059 2573 3315 2610 manum.
3361 2557 3501 2610 Nam
3534 2557 3660 2611 exi-

1955 2646 2259 2699 stimamus
2290 2649 2334 2698 A
2378 2645 2623 2716 positam
2659 2645 2823 2715 quasi
2855 2647 3014 2699 Alter
3047 2645 3410 2709 Deodericus,
3452 2645 3510 2700 in
3544 2662 3658 2716 quo

1957 2750 2058 2788 nos
2090 2733 2332 2804 qumstio
2363 2733 2600 2786 obscura
2650 2749 2716 2786 eo
2769 2740 3061 2804 angustat,
3115 2750 3217 2787 cur
3259 2750 3375 2787 non
3421 2735 3660 2803 angelus

1957 2822 2270 2876 dixerit“:
2304 2843 2324 2870 ι
2378 2823 2518 2875 ltem
2570 2821 2912 2875 Deodericus
2958 2837 3031 2887 u;
3082 2822 3230 2876 sicut
3278 2823 3348 2876 de
3399 2824 3656 2892 superio-

1956 2911 2114 2965 ribus
2145 2911 2384 2964 dixerat.
2442 2910 2701 2979 Denique
2732 2911 2906 2980 hujus
2937 2911 3217 2964 sermonis
3265 2912 3483 2964 occulta
3518 2911 3656 2964 dum

1956 3000 2201 3053 enodare
2231 2997 2517 3068 cupimus,
2550 2998 2795 3051 occurrit
2840 2998 3056 3065 animo,
3104 2999 3268 3070 quasi
3299 2999 3371 3053 ob
3411 2999 3552 3053 duas
3585 2998 3659 3051 si-

129 3092 236 3146 sibi
270 3092 572 3162 obsequiis
606 3090 1005 3145 insistentibus
1050 3089 1312 3154 contulit,
1360 3104 1523 3158 papae
1566 3087 1837 3140 Romanae
1877 3080 1916 3134 C
1954 3087 2348 3159 gnilicationes
2395 3089 2636 3139 alterum
2671 3087 2950 3156 posuisse,
2989 3095 3090 3140 aut
3119 3103 3186 3141 ex
3231 3087 3658 3157 computatione

131 3182 300 3246 sedis,
346 3186 629 3251 praesente
676 3180 896 3234 Caesare
944 3180 1152 3234 Ottone
1198 3177 1466 3238 secundo,
1508 3173 1845 3228 auctoritate

129 3271 236 3323 sub
280 3269 655 3323 anathemate
706 3267 1000 3322 stabilivit.
1051 3266 1309 3337 Denique
1342 3265 1531 3319 dehis
1575 3263 1846 3317 omnibus

126 3374 279 3428 papa
311 3357 691 3428 privilegium
712 3356 993 3410 conscribi
1011 3355 1203 3426 jussit,
1256 3359 1311 3408 et
1335 3353 1581 3423 praesule
1606 3358 1844 3421 rogante

124 3447 504 3501 dalmaticam
537 3452 594 3500 et
639 3446 894 3500 sandalia
926 3443 1119 3498 abbati
1149 3442 1327 3496 sancti
1355 3440 1636 3495 Vincentii
1668 3440 1844 3504 misit,

125 3541 189 3589 ut
220 3551 462 3605 semper
492 3535 666 3589 abbas
715 3534 825 3588 loci
875 3534 1050 3595 illius,
1103 3533 1336 3586 absente
1380 3532 1667 3601 episcopo.
1702 3527 1846 3581 divi-

122 3640 266 3678 num
318 3624 580 3679 ofﬁcium
636 3623 755 3677 vice
790 3621 987 3676 suain
1039 3621 1170 3675 sede
1219 3617 1532 3689 episcopali
1575 3618 1634 3670 in
1677 3617 1847 3671 domo

123 3713 309 3766 sancti
337 3711 621 3782 Stephani
651 3709 1129 3782 prothomartyris
1161 3707 1493 3779 peregisset.

193 3801 313 3854 Hoc
369 3801 720 3871 opusculum
791 3815 899 3870 ego
967 3801 1258 3868 Alpertus,
1321 3810 1426 3868 nec
1477 3794 1627 3847 inter
1656 3807 1848 3845 servos

123 3889 222 3943 Dei
255 3890 679 3952 nominandus,
720 3888 788 3940 de
822 3887 1067 3957 praesule
1115 3891 1311 3939 nostro
1363 3881 1594 3951 digessi,
1629 3880 1848 3950 tibique

117 3985 318 4032 sancte
367 3979 541 4032 Pater
575 3977 967 4040 Constantine,
1013 3973 1079 4027 ad
1121 3971 1526 4040 corrigendum
1565 3967 1744 4022 direxi
1775 3964 1848 4035 '9,

117 4082 191 4120 ne
222 4068 504 4132 aemulus,
537 4065 583 4118 si
627 4065 756 4136 quis
786 4069 870 4116 est
895 4061 994 4133 qui
1025 4060 1389 4116 dormitando
1425 4059 1569 4111 sacri
1607 4056 1847 4126 vigilan-

116 4154 195 4208 tia
267 4156 557 4210 abhorret
597 4152 768 4207 studii
819 4150 1302 4222 amplertiturque
1372 4147 1508 4216 a'gri
1554 4151 1848 4214 torporem

117 4243 239 4298 otii.
286 4242 520 4314 aliquid
583 4241 643 4295 in
700 4240 783 4295 eis
836 4239 906 4293 ad
947 4237 1368 4293 detrahendum
1423 4233 1692 4305 reperiat.
1751 4231 1848 4286 Sin

1955 3177 2204 3241 numeri,
2237 3193 2351 3247 qua
2373 3175 2616 3230 dicimus
2638 3176 2685 3208 ³²
2718 3197 2745 3224 ‹‹
2776 3192 2943 3240 unus,
2978 3198 3004 3223 »
3043 3176 3255 3240 «alter,
3284 3195 3310 3225 ι»
3338 3195 3364 3225 (ι
3397 3175 3604 3228 tercius
3629 3195 3655 3225 »

1953 3273 2054 3320 aut
2083 3282 2148 3319 ex
2179 3265 2518 3319 discretione
2567 3265 2802 3318 alterius
2835 3265 2983 3329 vitaz,
3017 3272 3083 3318 ut
3111 3266 3158 3298 ³³
3211 3265 3443 3318 nomine
3477 3266 3657 3335 arqui-

1953 3372 2124 3409 vocos
2145 3361 2229 3408 set
2260 3355 2376 3408 vita
2414 3353 2718 3408 dissimiles
2763 3353 2983 3406 futuros
3031 3353 3436 3407 innotesceret.
3478 3354 3656 3407 Nemo

1953 3449 2149 3498 tamen
2207 3450 2462 3497 nostrum
2531 3442 2704 3495 vitam
2760 3443 2992 3495 illorum
3065 3443 3348 3496 discutere
3425 3441 3658 3512 poterit,

1953 3533 2090 3604 quia
2122 3533 2275 3585 solus
2309 3534 2456 3585 Deus
2494 3531 2663 3584 corda
2712 3533 3043 3584 mortalium
3094 3531 3373 3599 intuetur,
3406 3536 3462 3583 et
3504 3536 3660 3584 actus

1955 3624 2125 3675 etiam
2150 3620 2504 3684 sublimium,
2556 3619 2718 3689 quia
2764 3620 2930 3673 nobis
2971 3619 3280 3690 aliquando
3321 3619 3406 3672 vel
3455 3619 3657 3672 adula-

1953 3711 2108 3764 tione
2149 3711 2233 3762 vel
2281 3725 2475 3762 amore
2539 3708 2712 3761 etiam
2770 3708 3098 3778 ignorantia
3146 3713 3514 3774 venerantur,
3563 3723 3657 3760 co-

1955 3815 2074 3853 ram
2109 3798 2285 3852 oculis
2337 3797 2436 3851 Dei
2485 3796 2848 3850 districtioris
2890 3795 3094 3865 judicii
3141 3796 3421 3849 sententia
3451 3796 3658 3848 exami-

1956 3894 2188 3942 nantur.
2217 3885 2374 3939 Illius
2415 3901 2662 3956 namque
2695 3899 2906 3938 nomen
2944 3884 3300 3954 Redemptor
3325 3889 3521 3937 noster
3552 3900 3655 3938 no-

1954 3977 2056 4041 vit,
2087 3991 2258 4046 quem
2279 3974 2436 4028 omni
2467 3989 2602 4027 cura
2650 3973 2851 4027 ovibus
2892 3973 3213 4026 commissis
3265 3972 3424 4027 factis
3463 3972 3658 4026 lauda-

1955 4065 2087 4119 bilis
2134 4061 2584 4117 conversationis
2626 4067 2682 4115 et
2711 4062 2988 4115 virtutum
3023 4060 3300 4131 exemplis
3343 4061 3657 4114 secundum

1957 4154 2296 4224 dignitatem
2332 4150 2702 4222 apostolicam
2733 4149 3043 4221 praesidere
3069 4149 3347 4220 cognovit.

1579 4388 1810 4443 \‘ARHS
1855 4384 2251 4440 LECTIONES.

186 4514 234 4547 ²⁴
265 4515 453 4565 asert.
497 4525 523 4562 c
627 4507 675 4540 ⁸⁸
728 4512 813 4560 set
843 4506 1045 4560 ductus
1072 4522 1116 4559 c.
1224 4508 1269 4541 *0
1294 4504 1659 4557 obliviscetur
1715 4506 1761 4554 l.
1869 4499 1912 4534 ’7
1947 4499 2073 4554 dari
2103 4515 2146 4553 c.
2257 4497 2302 4531 ²⁸
2335 4502 2467 4552 etc.
2569 4495 2616 4530 ²⁹
2668 4495 2840 4563 dirig.
2891 4495 3112 4548 correxi
3146 4498 3192 4548 l.
3294 4493 3344 4527 ³ο
3375 4494 3660 4565 pertiuan-

113 4603 253 4654 tiam
288 4616 336 4654 c.
425 4598 472 4632 ³³
519 4596 744 4652 dixerit.
784 4595 924 4649 dixit
952 4609 997 4647 c.
1076 4594 1124 4627 ³³
1156 4585 1287 4647 diu”;
1315 4608 1358 4646 c.
1438 4592 1485 4625 ³³
1515 4607 1586 4645 uo
1622 4594 1670 4644 1.

1787 4719 2008 4772 NOTAE.

179 4859 298 4924 (22)
329 4849 856 4924 Scil.,Adalberoni
890 4849 931 4902 Ι.

179 4928 302 4997 (23)
339 4923 767 4980 Adalberones.

2025 4841 2139 4909 (24)
2173 4843 2232 4894 A.

2018 4914 2132 4981 (25)
2160 4911 2489 4965 Theoderici
2522 4911 2587 4964 ll.
