3968 6452
339 370 433 422 [iiii
1292 362 1590 416 ALPERTI
1632 362 1687 414 S.
1731 357 2205 414 SYMI’HORIANI
2250 357 2552 411 METENS.
2603 356 2903 411 MONACH.
3763 358 3857 410 452

1627 500 1877 508 .———-—-——

357 508 639 517 ._______—.—.——

1888 497 2299 506 _.—.————.—_—

2306 497 3337 504 *Μῌῌνψ-ῇη

913 687 1111 794 DE
1219 681 2274 794 DIVERSITATE
2391 679 3266 791 TEMPORUM

1836 906 2088 971 LIBRI
2146 906 2357 971 DUO.

2016 1083 2173 1090 ..ρ-ρ...-

1554 1244 1959 1317 INCIPIT
2033 1243 2644 1317 PROLOGUS.

1956 1430 2247 1441 —_—

426 1542 620 1595 Frater
651 1541 833 1594 Immo
862 1539 973 1608 (26)
1022 1554 1189 1592 causa
1233 1538 1447 1593 amoris
1494 1539 1564 1592 ad
1609 1554 1700 1592 me
1727 1538 1909 1594 venit:
1945 1543 2043 1593 tua
2082 1546 2127 1597 A
2158 1540 2383 1611 collegi,
2417 1557 2489 1595 ne
2537 1541 2831 1595 verbosior
2862 1556 3033 1611 quam
3068 1541 3363 1595 debuerim
3409 1541 3659 1596 viderer.
3707 1544 3777 1597 Et
3808 1547 3866 1595 ut

350 1636 544 1682 saneta
591 1628 800 1694 studia,
847 1626 1169 1681 venerande
1210 1627 1420 1698 prazsul
1456 1626 1799 1692 Burcharde,
1846 1626 2043 1695 fidem,

348 1721 703 1770 sanctitatem
735 1723 792 1769 et
821 1716 1179 1770 honestatem
1214 1731 1437 1769 morum
1485 1716 1701 1780 retulit,
1729 1720 1800 1784 _et
1832 1721 2046 1785 quanta

349 1805 682 1858 auctoritate
722 1810 1082 1858 construeres
1127 1806 1184 1856 et
1232 1818 1460 1873 regeres
1516 1803 1811 1857 ecclesiam
1869 1804 1974 1857 tibi
2013 1820 2046 1857 a

348 1895 464 1948 Deo
489 1893 876 1961 commissam,
909 1892 1173 1946 ostendit.
1212 1893 1340 1962 Ejus
1397 1892 1787 1956 relationibus,
1842 1892 2042 1959 fateor,

346 1982 655 2037 admodum
690 1998 806 2035 non
852 1982 1036 2035 solum
1068 1980 1522 2051 congaudebam,
1574 1981 1671 2034 sed
1708 1981 1879 2034 etiam
1906 1996 2042 2035 con-

347 2069 524 2140 digna
576 2069 981 2134 admiratione,
1028 2069 1239 2139 gratias
1288 2069 1403 2122 Deo
1450 2073 1571 2122 toto
1622 2069 1792 2123 corde
1840 2085 2043 2140 repen-

347 2158 505 2223 dens,
575 2157 922 2211 exultabam.
974 2155 1233 2227 Cumque
1291 2158 1479 2211 adhuc
1529 2157 1599 2211 de
1644 2162 1745 2211 tua
1789 2158 2046 2211 bonitate

348 2248 606 2319 pluriora
651 2248 795 2301 scire
856 2246 1263 2313 desiderarem,
1305 2252 1521 2318 quanta
1567 2247 1936 2302 meditatione
1983 2247 2043 2301 in

349 2337 558 2391 sanctis
597 2335 926 2406 Scripturis,
980 2336 1175 2389 labore
1215 2336 1572 2406 jejuniorum
1609 2340 1667 2390 et
1693 2336 2041 2407 vigiliarum,

349 2429 407 2478 et
435 2423 494 2477 in
525 2423 742 2478 caeteris
773 2423 981 2477 Christi
1015 2425 1285 2493 operibus
1315 2441 1465 2479 esses
1494 2429 1819 2496 occupatus,
1868 2441 2045 2494 expo-

348 2513 480 2566 suit.
518 2512 773 2582 Denique
806 2516 1021 2583 quanlo
1074 2513 1325 2584 amplius
1372 2513 1457 2567 tui
1505 2514 1857 2567 mentionem
1893 2513 2045 2583 apud

350 2617 454 2654 nos
480 2607 678 2670 egerat
708 2602 773 2670 δι,
806 2606 966 2656 tanto
1010 2602 1319 2672 gratiorem
1355 2602 1519 2656 nobis
1563 2602 1717 2656 diem
1765 2602 2037 2672 etjacun-

348 2690 569 2743 diorem
604 2688 885 2745 effecerat.
918 2690 985 2743 Et
1012 2691 1146 2761 quia
1176 2690 1237 2744 in
1266 2695 1380 2744 tam
1435 2690 1712 2746 laudabili
1745 2692 1857 2746 vita
1882 2692 2045 2763 agni-

346 2782 439 2831 tus
470 2793 549 2843 es,
601 2794 953 2849 quamquam
986 2784 1041 2832 et
1076 2785 1207 2833 ante
1247 2778 1510 2850 plurimis
1540 2784 1595 2833 et
1641 2781 2047 2851 praestantibus

344 2864 479 2918 viris
529 2865 911 2920 referentibus
952 2866 1137 2920 multa
1184 2866 1459 2937 praeclara
1508 2872 1565 2921 et
1607 2868 1853 2922 illustria
1883 2868 1952 2923 de
1991 2873 2047 2922 te

345 2953 459 3007 sint
484 2954 700 3023 audita,
752 2954 1067 3009 secundum
1123 2955 1271 3009 dicta
1323 2956 1634 3011 Salvatoris
1680 2956 1863 3011 n0stri
1895 2956 2047 3011 unici

346 3039 472 3093 Filii
499 3040 636 3094 Dei:
667 3062 687 3088 ι
722 3041 845 3094 Non
868 3046 1053 3110 potest
1078 3037 1128 3073 ³⁵
1161 3040 1357 3094 civitas
1374 3041 1647 3095 abscondi
1674 3058 1847 3112 super
1876 3058 2047 3096 mon-

341 3134 457 3183 tem
492 3129 697 3198 posita,
733 3144 919 3199 neque
953 3129 1183 3182 lucerna
1218 3145 1395 3199 supra
1430 3130 1841 3184 candelabrum
1876 3131 2047 3184 missa

345 3217 526 3285 (Matt.
556 3234 610 3283 v,
643 3217 728 3283 14,
766 3218 892 3283 15);
929 3235 957 3268 π
1008 3221 1203 3270 tamen
1254 3216 1499 3271 interior
1544 3224 1643 3271 tua
1689 3217 2043 3272 conversatio

343 3303 600 3373 apertius
644 3304 1027 3369 manifestata,
1064 3304 1405 3360 memoriam
1441 3306 1546 3374 tui,
1578 3305 1766 3376 sigillo
1796 3306 2047 3361 caritatis

345 3391 553 3446 Christi
623 3392 845 3463 pectori
900 3408 1030 3446 meo
1083 3392 1269 3446 areius
1335 3393 1697 3464 impressam,
1765 3400 2047 3465 perpetua

343 3480 864 3551 conglutinatione.
924 3481 970 3534 si
1022 3498 1309 3552 praesumo
1361 3482 1638 3549 confiteri,
1689 3483 1832 3536 mihi
1862 3500 2044 3553 copu-

344 3570 498 3624 labit.
525 3570 594 3623 Et
626 3570 671 3623 si
711 3569 977 3640 angustia
1005 3570 1305 3624 familiaris
1360 3570 1443 3624 rei
1478 3571 1538 3625 in
1570 3571 2043 3627 administrandis

340 3657 630 3729 obsequiis
657 3658 881 3727 copiam
928 3658 1071 3712 mihi
1123 3659 1375 3729 negabit,
1424 3664 1618 3713 tamen
1670 3660 1782 3730 pur.
1837 3660 2045 3714 mentis

340 3746 573 3800 affectus
593 3746 653 3801 in
690 3746 1054 3819 Cbristoitibi
1082 3764 1312 3819 semper
1357 3748 1559 3815 aderit,
1607 3749 1837 3803 fulcitus
1885 3749 2043 3803 testi-

338 3836 536 3889 monio
562 3834 893 3905 Scripturae,
942 3836 1217 3890 dicentis:
1257 3834 1584 3891 «Voluntas
1632 3837 1783 3890 bona
1837 3837 2045 3891 sufficit

340 3923 555 3977 omnia.
604 3943 632 3972 ››
686 3923 972 3977 Cazterum
1031 3923 1252 3976 nomini
1308 3927 1408 3976 tuo
1488 3923 1663 3977 istum
1718 3924 2043 3977 consecravi

340 4010 601 4065 libellum
655 4010 725 4064 de
763 4014 1088 4064 nostrorum
1126 4010 1351 4064 dierum
1382 4010 1710 4065 hominibus
1758 4011 2043 4083 composi-

2157 1636 2393 1701 propter
2443 1635 2571 1683 tuas
2642 1629 3046 1699 occupationes
3116 1630 3498 1684 sanctissimas
3564 1631 3863 1685 fastidium

2156 1714 2416 1780 vitarem,
2476 1713 2737 1766 brevitati
2782 1714 3036 1766 animum
3082 1712 3141 1766 in
3191 1714 3460 1767 omnibus
3497 1714 3657 1769 dedi.
3702 1718 3778 1768 At
3823 1717 3865 1768 si

2157 1802 2400 1855 aemulus
2429 1800 2557 1871 quis
2613 1801 2759 1853 forte
2813 1815 2877 1853 ex
2928 1800 3167 1854 adverso
3221 1802 3538 1868 emerserit,
3601 1809 3663 1856 et
3692 1803 3865 1856 livido

2158 1891 2322 1944 oculo
2372 1889 2460 1943 his
2498 1888 2765 1959 inspectis
2816 1889 2888 1942 ob
2943 1888 3216 1943 invidiam
3257 1905 3458 1959 rugam
3490 1891 3864 1953 contraxerit,

2157 1986 2215 2033 et
2247 1980 2305 2032 in
2340 1979 2450 2032 hoc
2481 1994 2571 2031 me
2618 1977 3041 2047 reprehendere
3089 1979 3454 2048 temptaverit
3487 1978 3552 2046 “,
3587 1980 3751 2050 quod
3784 1997 3867 2033 su-

2154 2064 2376 2137 perflue
2406 2081 2553 2119 nova
2596 2070 2655 2118 et
2690 2064 3063 2133 impudenter
3116 2065 3359 2135 inpolito
3413 2082 3679 2120 sermone
3746 2068 3864 2121 edi-

2158 2155 2363 2220 derim,
2393 2170 2460 2208 eo
2511 2154 2663 2225 quod
2720 2153 3006 2207 sufficiant
3057 2154 3189 2208 libri
3227 2170 3373 2224 quos
3419 2155 3659 2209 studiosi
3719 2156 3863 2209 reei-

2155 2244 2338 2315 piant,
2392 2243 2605 2298 nedum
2654 2243 2828 2296 etiam
2883 2242 3008 2296 istis
3067 2243 3353 2313 imperitis
3400 2244 3643 2314 scriptis,
3694 2246 3864 2316 quasi

2156 2331 2347 2385 inutili
2374 2332 2543 2396 fasce,
2589 2334 2920 2396 onerentur,
2974 2336 3031 2385 et
3059 2346 3125 2385 ea
3153 2346 3323 2385 causa
3367 2332 3628 2386 libellum
3683 2348 3860 2404 repu-

2157 2420 2326 2474 lerit:
2358 2420 2405 2473 is
2437 2419 2599 2484 sciat,
2630 2435 2763 2473 eum
2807 2424 2922 2473 tua;
2967 2419 3282 2490 cognitioni
3326 2422 3690 2475 solummodo
3740 2438 3865 2477 esse

2160 2508 2415 2571 missum,
2446 2512 2509 2562 ut
2538 2513 2636 2561 tuo
2677 2507 2896 2577 judicio
2939 2515 3040 2562 aut
3083 2509 3396 2577 aboleatur,
3431 2514 3533 2563 aut
3581 2510 3864 2580 legendus

2158 2602 2433 2651 servetur.
2489 2598 2628 2651 Nam
2681 2613 2780 2667 spe
2837 2596 3033 2667 gratia:
3111 2603 3226 2651 tua:
3281 2597 3548 2664 conﬁsus,
3609 2598 3680 2652 ab
3764 2600 3864 2653 has

2156 2684 2477 2740 intentione
2510 2685 2719 2738 mentis
2750 2701 2893 2739 mea:
2925 2701 3040 2739 non
3070 2685 3234 2739 facile
3268 2686 3574 2757 quisquam
3605 2690 3866 2740 retraxe-

2158 2774 2251 2841 rit,
2282 2774 2422 2844 quin
2470 2772 2743 2844 quicquid
2775 2773 3066 2827 sentencia
3111 2778 3209 2827 tua
3253 2774 3604 2844 probaverit,
3638 2773 3862 2846 absque

2157 2862 2531 2933 ambiguitate
2564 2862 2621 2916 id
2655 2862 2899 2916 aliorum
2948 2862 3120 2916 etiam
3167 2862 3591 2917 examinatione
3639 2864 3721 2917 sit
3750 2869 3862 2917 sta-

2156 2950 2497 3004 biliendum.
2526 2951 2588 3003 Et
2617 2950 2665 3003 si
2696 2950 2929 3004 demum
2969 2951 3093 3004 haec
3133 2950 3480 3021 obiicientur
3525 2957 3581 3005 et
3620 2968 3859 3022 arguar,

2157 3040 2309 3111 quod
2343 3038 2611 3093 omnibus
2640 3039 2870 3108 cognita
2919 3039 3266 3109 scripserim,
3319 3045 3419 3094 tuo
3458 3042 3703 3095 consilio
3732 3058 3863 3111 per-

2155 3129 2427 3198 pendant,
2451 3143 2540 3181 me
2568 3129 2672 3181 hac
2705 3128 3077 3197 responsione
3121 3128 3245 3183 uti:
3279 3134 3413 3183 nota
3444 3129 3864 3184 delectabiliter

2155 3217 2363 3287 smpius
2391 3215 2597 3283 audiri,
2632 3220 2693 3270 ut
2720 3216 2863 3269 solet
2892 3216 3017 3269 fieri
3047 3216 3106 3269 in
3135 3216 3458 3281 cantilenis,
3491 3217 3672 3288 quod,
3714 3224 3866 3271 vete-

2152 3304 2311 3358 ribus
2355 3320 2419 3357 ex
2476 3303 2809 3359 assiduitate
2858 3303 3143 3369 fastiditis,
3185 3320 3348 3358 novas
3395 3305 3765 3376 frequentius
3803 3307 3859 3359 in

2152 3393 2273 3447 dies
2322 3393 2602 3464 repetitae,
2668 3393 3060 3447 delectabilius
3116 3394 3449 3448 audiuntur.
3511 3394 3663 3449 Inter
3740 3396 3863 3450 haec

2153 3482 2376 3537 noverit
2398 3487 2495 3536 tua
2516 3482 2798 3552 dignitas,
2854 3483 3007 3553 quod
3036 3482 3210 3537 etiam
3240 3482 3311 3536 ad
3338 3483 3663 3538 evitandam
3709 3486 3862 3538 ocio-

2152 3569 2375 3623 sitatem
2430 3574 2487 3623 et
2545 3569 2823 3624 desidiam
2898 3569 3086 3624 cordis
3152 3586 3243 3624 res
3324 3569 3460 3625 istas
3518 3571 3861 3626 scribendas

2152 3656 2541 3727 susceperim;
2597 3662 2655 3711 et
2697 3658 2833 3729 quia
2876 3658 2947 3713 ad
2979 3674 3123 3729 opus
3184 3658 3282 3712 Dei
3339 3658 3456 3713 sive
3487 3660 3557 3713 ad
3611 3661 3861 3731 alicujus

2151 3746 2375 3799 virtutis
2418 3746 2705 3816 profectus
2735 3746 2979 3801 idoneus
3025 3763 3144 3801 non
3197 3762 3345 3813 sum,
3379 3747 3440 3801 in
3498 3748 3608 3801 hoc
3660 3750 3860 3802 saltim

2153 3836 2425 3904 opusculo
2462 3836 2737 3889 miserum
2768 3835 3026 3890 animum
3058 3836 3129 3890 ab
3160 3835 3321 3889 inani
3354 3835 3682 3890 curiositate
3708 3838 3866 3892 cohi-

2150 3923 2367 3977 berem.
2400 3923 2559 3987 Quod
2609 3924 2783 3977 etiam
2813 3924 2939 3979 ideo
2969 3925 3091 3979 sine
3142 3924 3376 3978 nomine
3425 3926 3671 3979 auctoris
3702 3927 3867 3998 posi-

2151 4016 2274 4066 tum
2303 4017 2407 4077 est,
2440 4017 2527 4081 ut,
2560 4012 2607 4065 si
2637 4012 2920 4083 displicet,
2954 4013 3099 4067 sicut
3145 4013 3389 4084 praedixi
3417 4013 3707 4084 superius,
3767 4032 3865 4069 re-

338 4104 485 4165 tum,
517 4097 606 4152 cui
638 4114 850 4152 nomen
893 4104 977 4151 est
1028 4099 1103 4152 De
1160 4098 1487 4152 diversitate
1518 4104 1867 4170 temporum,
1904 4100 2040 4170 quia
2075 4112 2115 4166 (Γ,
2152 4116 2329 4167 seces,
2389 4100 2504 4154 sive
2551 4101 2704 4155 fossa
2767 4102 2913 4155 facta
2999 4102 3178 4156 humo
3247 4102 3463 4172 operiri
3513 4102 3764 4172 jubeas;
3819 4104 3862 4157 si

337 4187 398 4240 in
429 4202 498 4240 eo
529 4187 752 4241 diversa
800 4187 1035 4240 collecta
1083 4185 1366 4241 videntur.
1416 4187 1541 4240 Non
1582 4187 1734 4241 enim
1794 4189 2040 4258 pleniter

336 4274 530 4329 omnia
592 4290 722 4345 qua
778 4275 847 4328 de
898 4274 1191 4345 proposita
1237 4276 1478 4328 materia
1537 4275 1836 4330 scribenda
1876 4283 2038 4331 erant

2147 4206 2279 4243 vero
2305 4189 2510 4259 placet,
2543 4189 2807 4260 adposito
2838 4190 3074 4245 nomine
3112 4206 3281 4244 causa
3320 4190 3585 4244 exercicii
3613 4191 3867 4246 feliciter

2146 4278 2319 4343 legas.

1244 4396 1500 4451 INCIPIT
1532 4396 1865 4451 EPISTULA
1908 4397 2124 4453 DOMNI
2167 4396 2583 4453 BURGHARDI
2622 4397 2956 4454 EPISCOPI.

409 4502 806 4567 Buncnanoos,
860 4505 1068 4554 sanctae
1109 4499 1543 4554 Wormaciensis
1588 4502 1857 4555 (ecclesia:
1899 4517 2037 4572 pro-

336 4589 487 4643 visor
512 4589 872 4643 humillimus
921 4592 1195 4657 ALPERTO,
1238 4588 1473 4657 speciali
1524 4605 1649 4655 suo,
1702 4590 1902 4660 gratiae
1945 4589 2037 4643 in-

335 4678 659 4747 tegritatem
688 4682 744 4731 et
768 4677 1078 4747 plurimam
1113 4678 1377 4731 salutem.

412 4765 627 4819 Literas
656 4771 804 4833 tuas,
834 4781 977 4837 quas
1008 4766 1245 4820 nomine
1290 4780 1419 4822 meo
1448 4765 1557 4821 tibi
1585 4765 1833 4825 multum
1879 4766 2033 4821 inco-

2149 4500 2310 4570 gnito
2342 4501 2566 4567 misisti,
2626 4501 2890 4555 hilariter
2929 4501 3140 4573 accepi,
3196 4518 3339 4573 quas
3390 4504 3565 4559 etiam
3591 4520 3701 4575 per
3734 4507 3865 4562 dili-

2148 4591 2395 4643 ctionem
2428 4591 2759 4661 pariterque
2809 4594 2961 4645 tuam
2996 4591 3340 4660 petieionem
3371 4597 3427 4644 et
3471 4592 3595 4663 ipse
3628 4595 3771 4665 legi,
3809 4605 3863 4650 et

2148 4693 2336 4733 coram
2369 4694 2461 4731 me
2517 4679 2707 4749 legere
2756 4679 3006 4749 prmcepi
3038 4698 3053 4746 ;
3091 4677 3151 4732 in
3211 4679 3420 4750 quibus
3478 4682 3655 4735 studii
3685 4682 3764 4752 ³⁷,
3799 4702 3863 4738 ac

2146 4767 2456 4821 voluntatis
2494 4772 2610 4821 tua:
2656 4767 3017 4822 devotionem
3048 4766 3183 4822 satis
3241 4783 3529 4840 superque
3583 4773 3860 4841 cognovi.

1747 4890 1995 4949 VARL/E
2036 4889 2429 4945 LECTIONES.

410 4990 456 5024 ³⁸
488 4987 670 5057 egerit
726 4991 782 5043 t.
820 4993 1015 5058 egerat
1043 4991 1095 5042 2.
1174 4987 1221 5021 3"
1247 4993 1378 5059 pote
1424 4993 1469 5042 f.
1543 4986 1592 5022 ³⁵
1624 4989 2004 5059 taamptaverit
2034 5003 2081 5042 c.
2158 4985 2205 5022 ³⁷
2265 4988 2458 5044 studui
2502 4993 2551 5043 t.

1981 5113 2205 5167 NOTAE.

398 5212 512 5283 (26)
542 5212 895 5283 Immonem,
917 5209 1199 5283 abbatem,
1229 5211 1612 5283 Gorziensem,
1643 5212 2038 5266 Promiensem

335 5290 394 5339 et
421 5281 835 5353 Auguiensem,
873 5281 1107 5353 fratrem
1138 5282 1354 5352 Alperti
1378 5284 1550 5336 fuisse
1579 5285 1903 5352 suspicatur
1935 5284 2042 5336 Ec-

330 5352 573 5420 cardus;
610 5354 709 5407 sed
741 5353 921 5407 Immo
962 5352 1236 5406 diaconus
1287 5353 1718 5407 Wormatiensis
1760 5353 1932 5407 fuisse
1958 5353 2041 5406 vi-

332 5426 520 5492 detur,
581 5425 648 5479 ad
703 5425 1235 5494 quemimonacbus
1281 5424 1556 5478 Tielensis
1615 5424 1914 5494 epistolam
1967 5424 2038 5476 de

332 5495 626 5549 miraculis
652 5493 724 5547 S.
759 5493 1092 5564 Walburgis
1136 5494 1381 5564 scripsit.
1424 5499 1546 5548 Act.
1592 5493 1684 5549 SS.
1738 5494 1900 5549 Febr.
1938 5493 2034 5557 III,

331 5581 389 5634 p.
458 5567 583 5618 548.
633 5564 807 5618 etiam
863 5566 933 5619 de
986 5564 1263 5618 Immonis
1310 5564 1485 5618 fratre
1531 5579 1720 5619 sermo
1785 5569 1918 5619 est:
1978 5566 2038 5617 Si

2151 5215 2331 5265 testem
2356 5212 2521 5280 hujus
2546 5213 2693 5279 signi
2720 5210 2915 5265 habere
2943 5214 3117 5280 cupis,
3148 5214 3387 5279 fratrem
3441 5217 3616 5277 tuum,
3659 5231 3733 5268 an
3782 5220 3864 5269 ita

2149 5297 2204 5336 se
2225 5297 2309 5336 res
2330 5284 2548 5347 habeat,
2570 5283 2954 5347 interrogabis,
2986 5285 3083 5350 qui
3111 5283 3270 5348 hanc,
3301 5286 3499 5336 marito
3535 5299 3632 5338 suo
3664 5288 3723 5339 in
3765 5289 3864 5341 illa

2149 5354 2457 5407 miserabili
2514 5354 2655 5406 cede
2696 5355 2997 5407 Frisiorum
3048 5356 3353 5420 interfecto,
3405 5357 3569 5407 auxit
3604 5370 3862 5412 umorem.

2147 5424 2329 5547 Solem
2361 5429 2556 5503 tamen
2587 5427 2658 5479 ab
2690 5424 2947 5494 Alperto,
2978 5424 3183 5478 clerico
3212 5428 3276 5478 ut
3294 5424 3537 5492 videtur,
3561 5425 3861 5483 diversum

2189 5512 2217 5546 a
2265 5510 2472 5547 uerim.

2189 5510 2472 5548 anuerim.
