3968 6480
186 354 278 407 ἱ53
1036 354 1123 407 DF.
1169 352 1627 409 DIVERSITATE
1669 355 2055 412 TEMPORUM
2101 359 2290 414 LIBRI
2334 360 2490 414 DUO.
2533 391 2600 399 —
2642 363 2768 416 LIB.
2803 363 2841 416 Ι.

3593 371 3697 422 «illi

175 475 270 530 Set
295 477 397 530 has
455 475 726 546 quociens
776 474 1012 540 revolvi,
1067 474 1285 528 tociens
1323 490 1426 545 per
1457 475 1684 545 singula
1731 492 1877 546 pene
1917 480 1962 531 Α
1995 476 2056 530 in
2085 479 2346 548 quolibet
2379 478 2544 545 libro,
2595 481 2845 535 diversas
2871 497 2966 536 sex
2992 498 3188 536 causas
3221 486 3402 554 quaeri
3431 489 3698 544 convenit

178 565 343 619 verba
401 570 741 630 commotus,
794 563 1002 617 nostris
1060 564 1255 634 pueris
1301 565 1681 635 praesentibus
1711 581 1883 634 super

176 655 284 708 hoc
313 654 490 720 dolui,
529 653 744 707 scilicet
808 653 964 724 quod
1001 653 1084 707 liis
1136 653 1494 724 temporibus
1543 659 1676 707 sunt
1714 654 1878 719 nulli,

176 744 264 797 vel
296 743 389 796 vix
441 742 794 814 paucissimi,
855 743 956 813 qui
995 743 1064 796 ad
1113 742 1464 796 studendum
1515 742 1885 796 inveniantur

177 832 394 895 idonei,
429 832 516 885 vel
575 831 784 902 quibus
824 832 1088 885 voluntas
1134 831 1378 884 sufficiat
1427 831 1716 897 studendi,
1752 847 1883 884 cum

181 927 236 975 et
293 922 400 975 hoc
432 921 664 991 negotio
709 925 764 974 et
794 920 1195 990 unusquisque
1225 921 1573 985 reﬁceretur,
1607 935 1672 973 ac
1717 919 1883 973 labiis

179 1010 407 1063 animus
433 1026 466 1063 a
517 1009 688 1062 variis
719 1009 1125 1062 tumultuantis
1173 1008 1345 1062 seculi
1386 1008 1706 1062 commissis
1737 1007 1880 1061 inte-

180 1099 288 1152 rim
322 1099 793 1169 suspenderetur,
823 1114 1044 1151 necnon
1078 1103 1203 1150 cata
1260 1097 1523 1150 cautione
1563 1097 1885 1166 posteritati

180 1187 509 1258 sequacium
568 1187 859 1241 laudabile
902 1186 1229 1239 traderetur
1259 1185 1609 1254 exemplum.
1674 1185 1885 1239 Omnes

180 1283 372 1331 autem
430 1278 846 1330 delectamento
878 1275 1304 1330 mundanorum
1338 1274 1492 1328 illusi
1543 1279 1599 1328 et
1629 1273 1697 1328 ad
1730 1273 1883 1327 dete-

179 1367 332 1419 riora
381 1365 737 1435 pronissimi,
788 1363 1013 1418 miseris
1069 1363 1242 1434 hujus
1305 1363 1480 1416 seculi
1537 1361 1885 1415 vanitatibus

179 1455 518 1519 inserviunt,
595 1460 651 1508 et
711 1459 826 1507 tam
893 1453 1256 1508 delectabiles
1309 1451 1636 1505 animarum
1686 1451 1885 1520 epulas

176 1560 435 1598 exercere
466 1548 564 1598 aut
594 1559 850 1614 qumrere
875 1542 1160 1612 jnesciunt
1199 1557 1263 1595 ac
1285 1541 1513 1611 penitus
1545 1541 1880 1610 neglegunt,

178 1633 324 1686 sicut
372 1632 649 1702 scriptum
707 1638 818 1685 est:
890 1631 1160 1686 «Omnes
1211 1630 1663 1698 declinaverunt,
1712 1629 1880 1682 simul

175 1721 409 1775 inutiles
440 1721 572 1775 facti
619 1726 776 1786 sunt;
839 1737 955 1774 non
999 1725 1081 1773 est
1130 1720 1229 1789 qui
1259 1719 1430 1772 faciat
1482 1717 1724 1786 bonum,
1766 1735 1882 1771 non

173 1817 258 1863 est
298 1828 478 1882 usque
528 1813 597 1864 ad
665 1827 844 1864 unum
902 1812 1069 1876 (Itum.
1109 1826 1187 1869 Ill,
1253 1811 1365 1877 12).
1397 1829 1423 1854 ››
1471 1807 1651 1877 Igitur
1708 1808 1880 1861 studii

175 1900 255 1953 tui
291 1899 517 1954 devotio
563 1915 677 1953 non
728 1904 813 1952 est
859 1897 1050 1950 inanis
1101 1897 1254 1968 apud
1313 1913 1420 1956 me,
1476 1912 1582 1949 nec
1657 1895 1884 1949 videtur

173 1977 566 2058 vituperanda,
603 1992 689 2041 set
733 1988 979 2042 multum
1012 1986 1316 2040 laudanda.
1359 1985 1499 2038 Nam
1537 1985 1594 2038 in
1627 1983 1883 2038 dictami-

172 2077 261 2131 nis
295 2077 382 2132 tui
429 2077 548 2144 ﬁlo,
583 2077 738 2131 haud
771 2076 1028 2146 segniter
1052 2080 1300 2140 tornato,
1337 2090 1574 2143 magnas
1605 2078 1660 2127 et
1690 2079 1881 2127 aucto-

174 2167 320 2220 rales
375 2183 574 2219 causas
647 2182 765 2220 non
817 2164 1200 2219 titubantibus
1248 2162 1502 2232 vestigiis
1555 2162 1882 2215 cautissime

173 2255 543 2308 conservasti.
601 2254 662 2308 In
695 2253 850 2307 omni
911 2256 1062 2306 enim
1115 2253 1468 2324 expositione
1499 2251 1792 2317 auctorali,
1828 2254 1883 2304 et

1429 2390 1770 2397 _.—.___-—

881 2395 1216 2402 .___.____———

1992 570 2166 636 atque
2224 568 2477 638 expediri
2534 574 2780 638 0j'ortet,
2832 570 2979 624 sicut
3030 572 3088 624 in
3121 574 3397 643 prooemio
3428 576 3697 630 editionis

1992 659 2193 725 primae
2245 673 2629 726 ysagogarum
2681 659 2964 729 Porphirii
2996 659 3298 715 Severinus
3343 661 3412 732 ⁸⁸,
3445 666 3694 732 pruden-

1992 743 2246 796 tissimus
2296 744 2514 810 doctor,
2576 746 2746 799 Fabio
2821 748 3178 818 exhortante,
3238 750 3482 805 dicendo
3540 753 3697 807 insti-

1993 831 2132 884 tuit:
2176 851 2202 881 (ι
2264 832 2521 886 Primum
2581 834 2790 905 inquit,
2863 836 3046 903 docet,
3123 855 3251 908 quae
3300 839 3373 893 sit
3418 841 3696 913 cujusque

1995 921 2184 989 operis
2208 921 2470 986 intentio,
2506 923 2756 976 secundo
2773 939 2902 994 quas
2925 926 3163 992 utilitas,
3199 926 3376 979 tercio
3399 929 3496 998 qui
3517 930 3690 996 ordo;

1995 1013 2198 1077 quarto
2259 1008 2306 1061 si
2383 1009 2528 1078 ejus,
2615 1011 2778 1079 cujus
2844 1029 2990 1082 opus
3085 1030 3206 1068 esse
3259 1015 3484 1078 dicitur,
3565 1035 3693 1089 ger-

1995 1112 2197 1149 manus
2250 1098 2633 1168 propriusque
2656 1096 2704 1132 39
2735 1101 2878 1154 liber
2909 1103 3256 1173 est;quinto
3299 1120 3423 1175 quas
3463 1105 3532 1158 sit
3572 1107 3694 1175 ejus

1993 1184 2324 1255 inscriptio;
2362 1191 2584 1240 sextum
2617 1191 2700 1241 est
2747 1189 2803 1243 id
2843 1189 3050 1258 dicere,
3113 1192 3181 1245 ad
3241 1209 3414 1263 quam
3473 1199 3694 1263 partem

1995 1273 2376 1343 pllllUsopllltB
2423 1275 2835 1345 cujuscumque
2887 1277 3019 1331 libri
3078 1279 3319 1333 ducatur
3361 1281 3626 1337 intentio.
3664 1305 3690 1333 ι)

1997 1364 2125 1415 llaec
2155 1363 2351 1416 omnia
2405 1363 2463 1416 in
2503 1364 2647 1417 libro
2699 1370 2800 1418 tuo
2858 1371 3020 1420 caute
3065 1371 3435 1438 conservasti,
3487 1379 3571 1424 set
3600 1389 3696 1424 no-

1994 1450 2167 1503 minis
2205 1450 2289 1504 tui
2357 1451 2785 1522 inscriptionem
2843 1470 2960 1508 non
3019 1457 3354 1525 apposuisti.
3411 1458 3693 1521 Quoniam

1995 1543 2186 1592 autem
2247 1554 2376 1592 meo
2420 1540 2658 1593 arbitrio
2723 1542 2827 1594 hoc
2871 1541 3250 1612 judicaudum
3310 1544 3356 1580 ιθ
3417 1547 3693 1616 reliquisti

1993 1627 2124 1681 ideo
2158 1627 2448 1698 sicjudico
2493 1645 2598 1682 nec
2628 1645 2746 1684 non
2800 1635 2855 1684 et
2885 1630 3094 1699 jubeo:
3132 1633 3384 1686 Titulum
3417 1634 3564 1687 libro
3592 1652 3691 1705 ap-

1994 1734 2190 1788 ponas,
2245 1733 2455 1771 nomen
2503 1723 2666 1772 t-uum
2717 1719 3062 1774 tiducialiter
3121 1721 3419 1788 inscribas,
3477 1728 3532 1776 et
3563 1725 3689 1777 uni-

1995 1805 2202 1876 cuique
2236 1806 2427 1875 legere
2459 1807 2667 1860 volenti
2716 1807 2861 1860 liber
2909 1813 3118 1877 pateat,
3155 1827 3217 1862 ac
3244 1811 3459 1864 stabilis
3498 1811 3692 1864 incon-

1994 1895 2302 1964 vulsusque
2352 1910 2481 1947 meo
2532 1895 2752 1964 judicio
2803 1902 3156 1965 permaneat.
3190 1899 3244 1950 Si
3273 1899 3400 1969 quis
3425 1916 3580 1966 vero,
3604 1901 3689 1953 in-

1995 1983 2146 2036 vidia
2203 1983 2561 2050 stimulante,
2606 1984 2974 2038 detractionis
3015 2003 3308 2041 murmure
3340 2004 3444 2040 nos
3472 1995 3693 2042 nostra-

1995 2087 2105 2141 que
2134 2071 2442 2141 vituperet,
2465 2072 2596 2126 huic
2621 2073 2958 2142 respondeo,
2989 2080 3046 2128 et
3070 2075 3370 2129 confusum
3394 2077 3479 2131 his
3508 2079 3692 2132 verbis

1994 2160 2387 2214 obmutescere
2409 2160 2584 2214 facio:

2065 2249 2297 2303 Invidus
2318 2266 2377 2302 es
2399 2249 2628 2330 nostris,
2663 2251 2937 2321 quoniam
2965 2256 3025 2304 tu
3048 2251 3185 2305 talia
3205 2254 3408 2308 nescis.

2281 2387 2594 2395 ψ-

2729 2390 3081 2397 ——-_

3235 2392 3484 2402 _._.

918 2506 1195 2550 EXPLICIT
1227 2503 1509 2547 EPISTULA
1546 2502 1733 2545 DOMNI
1765 2500 2111 2543 BURCIIARDI
2142 2500 2607 2545 \VORMACIENSIS
2642 2501 2930 2545 EPISCOPI.

174 2674 709 2778 INCIPIT
763 2666 1519 2774 ALPERTUS
1591 2666 1772 2766 DE
1837 2662 2786 2765 DIVERSITATE
2841 2665 3689 2770 TEMPORUM.

1527 2866 1904 2874 *φρ-υ.-

1672 2974 1961 3046 LIBER
2037 2973 2062 3044 Ι
2093 2969 2174 3045 ⁴².

242 3136 261 3186 1
302 3129 368 3184 ιδ.
405 3127 575 3198 Apud
628 3129 938 3183 Germanos
991 3125 1089 3196 qui
1130 3123 1276 3178 circa
1327 3124 1592 3178 Rhenum
1623 3122 1880 3177 incolunt
1915 3124 1953 3177 C
1993 3121 2167 3174 ullam
2205 3138 2364 3192 spem
2406 3122 2680 3192 pociundi
2731 3139 2802 3177 ne
2844 3125 3078 3195 quidem
3133 3127 3502 3197 existimaret,
3560 3147 3693 3201 pro-

167 3222 277 3275 duo
326 3217 620 3284 ditissimi,
663 3217 1028 3270 Wicmannus
1077 3215 1192 3283 (27)
1253 3218 1309 3267 et
1337 3213 1680 3278 Baldericus,
1727 3228 1880 3265 sum-

167 3310 271 3362 mis
305 3309 519 3378 opibus
573 3307 724 3359 inter
774 3320 839 3370 se
881 3304 950 3358 de
977 3308 1274 3373 potentatu
1318 3301 1760 3356 contendebant.
1786 3299 1880 3354 Set

169 3400 543 3452 Wicmannus
602 3395 785 3466 gratia
843 3398 900 3446 et
949 3392 1210 3446 amicicia
1265 3391 1417 3461 regis
1450 3391 1878 3460 multorumque

166 3489 587 3542 Germanorum
623 3484 943 3548 nitebatur;
977 3482 1120 3535 alter
1165 3480 1522 3534 Coloniensis
1574 3479 1878 3533 sacerdotis

166 3577 424 3647 itemque
485 3572 759 3628 Gerliardi
796 3569 1162 3635 Mosellensis,
1210 3569 1461 3639 potentis
1518 3568 1624 3621 viri
1666 3567 1881 3621 auxilia

166 3666 272 3719 sibi
299 3665 585 3719 concibat.
617 3661 712 3714 llis
743 3660 914 3713 rebus
944 3657 1269 3712 conﬁrmati
1301 3655 1368 3723 ",
1398 3656 1879 3712 contumeliosum

165 3749 591 3813 existimabant,
642 3761 749 3799 nec
781 3745 925 3798 alter
978 3742 1143 3797 alteri
1184 3742 1244 3795 in
1281 3743 1396 3795 ullo
1428 3744 1472 3777 ‘5
1522 3741 1752 3811 negotio
1795 3757 1880 3794 ce-

167 3840 345 3895 deret.
397 3835 689 3891 Interdum
743 3835 916 3886 etiam
973 3847 1111 3901 pace
1163 3831 1314 3884 inter
1365 3847 1463 3883 eos
1512 3831 1673 3895 facta,
1743 3829 1878 3883 dolo

167 3927 396 3998 pocius,
447 3940 622 3996 quam
682 3926 747 3977 ut
785 3921 959 3975 ullius
1005 3936 1156 3973 verae
1187 3918 1460 3972 amicicim
1491 3918 1663 3972 {idem
1688 3934 1873 3971 serva-

167 4022 316 4081 rent,
370 4014 699 4069 studebant.
761 4011 856 4064 Set
909 4008 1233 4063 Baldericus
1279 4007 1543 4060 ditissimi
1604 4011 1660 4058 et
1707 4006 1876 4075 longe

170 4103 519 4160 nobilissimi
575 4098 893 4154 Wicmanni
943 4098 1074 4167 ('28),
1127 4095 1288 4166 cujus
1332 4095 1576 4165 majores
1609 4111 1876 4165 magnam

165 4202 390 4265 partem
441 4191 782 4255 Germaniae,
844 4192 900 4240 et
948 4185 1195 4239 maxime
1239 4185 1386 4238 circa
1443 4185 1635 4237 littora
1679 4183 1878 4237 oceani

166 4284 413 4355 imperia
444 4281 740 4344 tenebant,
791 4277 968 4330 tiliam
1009 4274 1178 4329 duxit
1202 4289 1473 4338 uxorem;
1511 4273 1877 4326 Wicmannus

161 4389 292 4427 vero
332 4373 562 4442 aliquos
619 4383 803 4422 annos
872 4367 1000 4435 post
1057 4362 1311 4433 praefecti
1366 4361 1655 4416 (iodeiridi
1734 4363 1868 4429 (29),

160 4461 432 4516 avunculi
488 4455 786 4522 Balderici,
836 4455 1013 4507 tiliam
1046 4452 1104 4505 in
1136 4450 1567 4505 matrimonium
1615 4466 1870 4521 sumpse-

162 4554 264 4601 rat.
311 4547 410 4602 His
443 4545 614 4598 rebus
659 4548 711 4594 et
745 4541 836 4594 hic
865 4540 924 4592 in
977 4537 1175 4603 Gallia,
1230 4541 1286 4590 et
1319 4537 1414 4589 ille
1443 4535 1501 4588 in
1547 4535 1872 4601 Germania,

162 4635 382 4705 praedia
426 4638 486 4686 et
527 4629 770 4686 aediﬁcia
798 4628 980 4682 multa
1035 4642 1102 4680 ex
1125 4625 1274 4680 dotis
1293 4624 1422 4695 jure
1454 4624 1562 4678 sibi
1593 4624 1876 4694 adquisie-

160 4734 301 4777 rant.

159 4817 205 4865 '2.
265 4815 333 4866 De
374 4810 596 4864 castello
629 4806 818 4860 Adcla:
872 4808 916 4841 ⁴⁶
972 4807 1204 4870 incenso,
1246 4807 1294 4856 et
1345 4802 1584 4870 ejusdem
1613 4800 1870 4854 moribus.

229 4902 361 4954 Erat
414 4904 585 4952 antea
640 4901 888 4965 tempus,
947 4907 1078 4946 cum
1137 4889 1464 4945 Baldericus
1515 4903 1632 4940 sua:
1681 4887 1873 4940 uxoris

1989 3212 2188 3277 pterea
2231 3210 2382 3279 quod
2439 3211 2686 3265 habebat
2733 3213 2843 3284 (30)
2874 3231 3130 3270 sororem
3163 3217 3397 3272 nomine
3427 3219 3692 3289 Liutgar-

1989 3296 2117 3350 dam
2151 3296 2499 3351 abbatissam
2551 3301 2830 3354 Eltnensis
2861 3305 3073 3357 montis
3129 3308 3260 3371 (3t),
3294 3322 3407 3376 qua
3436 3309 3689 3380 nolente,

1981 3379 2209 3438 ‘nullam
2262 3388 2668 3442 contumeliam
2732 3406 2835 3444 suo
2885 3394 3081 3461 generi
3139 3395 3410 3465 degeneri
3445 3379 3692 3450 conubio

1990 3471 2201 3526 inferre
2233 3474 2497 3528 audebat.
2537 3477 2849 3533 Videbatur
2895 3480 3049 3535 enim
3091 3482 3188 3536 ille
3210 3485 3522 3539 secundum
3554 3502 3692 3557 quo-

1989 3563 2256 3615 rumdam
2315 3563 2669 3632 opinionem,
2730 3569 2992 3637 quamvis
3070 3571 3194 3623 loco
3240 3571 3572 3628 nobilitatus
3621 3573 3687 3634 "7.

1989 3665 2198 3718 genere
2259 3655 2522 3707 tamen...
2583 3652 2670 3720 li";
2732 3654 2779 3707 is
2832 3655 3002 3710 etiam
3071 3663 3126 3711 et
3174 3660 3408 3728 quidam
3459 3661 3691 3724 Godizo,

1993 3739 2317 3792 llichizonis
2345 3740 2513 3801 ﬁlius,
2559 3741 2645 3794 vir
2702 3759 3043 3812 magnarum
3094 3762 3292 3816 opum,
3323 3749 3422 3818 qui
3453 3749 3604 3803 inter
3634 3769 3693 3804 se

1988 3827 2046 3880 in
2077 3826 2175 3880 illo
2207 3828 2399 3897 spacio
2449 3830 2727 3899 temporis
2775 3832 3100 3886 societatem
3131 3839 3187 3888 et
3215 3834 3388 3888 fidem
3429 3836 3689 3892 ﬁrmave-

1989 3920 2136 3982 rant,
2172 3915 2230 3968 in
2256 3917 2579 3970 clientelam
2617 3919 2936 3988 Liutgardaa
2970 3938 3026 3974 se
3055 3923 3416 3989 devoverant,
3453 3927 3692 3997 ejusque

1989 4002 2278 4074 obsequiis
2301 4011 2358 4058 et
2386 4005 2645 4076 imperiis
2695 4009 3178 4079 obtemperarant.
3215 4013 3346 4066 Erat
3393 4015 3547 4069 enim
3576 4015 3688 4069 Go-

1990 4091 2115 4144 dizo
2137 4094 2597 4163 consanguineus
2644 4097 2849 4150 harum
2896 4115 3181 4165 sororum,
3234 4107 3290 4154 et
3335 4102 3587 4172 primum
3622 4108 3692 4158 ad

1989 4180 2306 4233 amiciciam
2338 4183 2570 4238 alterius
2602 4200 2660 4237 se
2699 4186 3000 4252 addicavit,
3049 4188 3217 4258 eique
3245 4191 3497 4245 studium
3525 4210 3692 4247 suum

1990 4273 2045 4320 et
2071 4270 2350 4324 auxilium
2403 4274 2764 4341 praestiterat.
2823 4274 2920 4329 Set
2947 4292 3078 4330 cum
3134 4278 3310 4332 animi
3342 4280 3464 4350 ejus
3495 4282 3689 4336 levita-

1993 4360 2105 4410 lem
2158 4363 2215 4411 et
2259 4375 2448 4413 mores
2500 4362 2690 4415 faciles
2744 4363 3222 4420 animadverteret
3254 4367 3322 4420 ab
3373 4369 3494 4437 ejus
3525 4370 3690 4424 fami-

1987 4446 2234 4500 liaritate
2291 4465 2348 4500 se
2399 4451 2660 4516 removit,
2710 4456 2766 4504 et
2803 4453 2873 4505 ad
2905 4453 3132 4506 domum
3162 4455 3481 4526 Luitgardie
3512 4460 3689 4512 clien-

1983 4537 2155 4588 telam
2187 4551 2246 4588 se
2281 4538 2542 4591 contulit.
2572 4539 2677 4601 Qui
2717 4544 2846 4608 post
2902 4540 3035 4594 hinc
3088 4541 3411 4610 biennium,
3447 4545 3520 4598 ob
3565 4548 3687 4616 ple-

1986 4638 2192 4692 rasque
2218 4623 2460 4693 injurias
2499 4642 2641 4695 quas
2689 4628 2865 4681 Adela
2893 4628 3075 4681 sorori
3114 4629 3338 4685 domum
3365 4632 3687 4703 Liutgarda‘:

1986 4709 2303 4780 inrogahat,
2336 4713 2603 4780 adjuncto
2656 4712 2763 4766 sibi
2821 4714 3131 4784 Balderico,
3190 4721 3485 4774 castellum
3534 4723 3687 4776 illius

1985 4798 2172 4850 subito
2264 4800 2614 4868 inrumpens,
2675 4803 2869 4871 przeda
2899 4808 2954 4856 et
2982 4803 3246 4859 incendio
3312 4812 3684 4881 consumpsit.

1983 4887 2110 4954 Ipsa
2143 4902 2298 4954 vero,
2325 4895 2621 4957 comperto
2667 4906 2866 4944 eorum
2899 4892 3167 4963 adventu,
3202 4898 3372 4965 paulo
3403 4904 3533 4953 ante
3564 4916 3684 4956 me-

1582 4970 1814 5022 VARUE
1859 4969 2252 5023 LEC'I‘IONES.

228 5059 277 5093 ³⁸
330 5058 698 5132 pudentibus
728 5055 986 5132 deletum
1037 5067 1087 5132 ι).Δ
1150 5048 1208 5132 3:
1251 5049 1619 5132 propriisque
1654 5063 1726 5132 ὀ.
1761 5045 1836 5132 ,ςο
1866 5047 2239 5132 ᾸιιόίιξθξιιεωΔ
2376 5047 2420 5132 ξι
2472 5051 2720 5132 lilOILVM
2977 5055 3243 5132 LIBER}
3293 5059 3487 5132 desum
3541 5065 3598 5116 in
3636 5080 3679 5116 ο.

159 5135 200 5166 ιτ
260 5117 515 5186 ηυῖηενοδ
564 5127 786 5183 addidit
849 5124 1108 5179 Eckhart.
1164 5120 1210 5156 '“'
1253 5117 1593 5175 con—ﬁrmata
1648 5123 1696 5173 1.
1757 5117 1802 5154 ⁴⁸
1861 5120 1960 5171 illo
2014 5121 2061 5170 1.
2119 5118 2165 5154 ⁸⁸³
2211 5120 2445 5175 Addelee
2489 5125 2543 5175 2.
2600 5121 2645 5158 ⁸⁷
2705 5125 3018 5179 nobilitatis
3084 5131 3131 5181 1.

159 5204 301 5256 Eckh
332 5207 576 5270 fortasse
608 5197 911 5254 mediocris
931 5211 984 5248 υ.
1013 5197 1167 5260 infra
1219 5194 1274 5247 II
1311 5195 1363 5257 8,
1393 5209 1524 5262 pag.
1557 5193 1680 5244 713.

3192 5125 3240 5160 ⁸⁸
3297 5130 3424 5183 vilis
3471 5135 3686 5202 supplet

1818 5258 2041 5313 NOTAE.

228 5354 342 5423 (27)
379 5353 460 5406 De
491 5351 657 5421 cujus
713 5361 924 5419 genere
977 5343 1047 5398 of.
1101 5344 1168 5397 cl.
1230 5341 1542 5397 Wedckind
1591 5345 1761 5395 noten
1796 5341 1864 5404 II,

157 5426 222 5478 60
253 5440 377 5494 ειη.

230 5498 339 5564 :28)
362 5489 607 5564 Comitis
631 5487 1102 5564 pagillamalant.

230 5556 333 5635 (29}
359 5561 603 5620 Comitis
631 5556 1092 5622 Hattuariorum;
1134 5556 1204 5610 cf.
1243 5572 1300 5622 ιι,
1333 5561 1384 5610 ti.

2053 5341 2166 5404 (30)
2200 5341 2424 5395 Scilicet
2448 5359 2604 5398 uxor.

2059 5413 2368 5492 (3|)nl5lten
2399 5414 2470 5467 ad
2534 5415 2819 5481 lthenum,
2883 5432 2913 5469 a
2966 5417 3297 5472 Wicmanuo
3355 5421 3679 5492 Liutgarda-

1982 5489 2140 5550 patre
2180 5483 2500 5539 fundatum.
