3968 6448
289 392 393 445 455

1239 391 1548 447 ALPERTI
1586 392 1642 446 S.
1684 389 2166 448 SYMPHORIANI
2207 390 2498 448 METENS.
2545 390 2850 446 MONACH.
3403 354 3411 362 ‘
3682 392 3804 443 .456

290 514 444 569 diam
470 517 698 569 noctem
726 530 857 569 cum
911 514 1102 586 paucis
1140 515 1414 587 profugit.
1474 515 1570 571 Set
1600 520 1875 587 prazterea
1903 532 1992 568 res
2032 516 2073 569 A
2106 513 2258 568 illius
2316 530 2513 569 necem
2564 514 2871 585 cogitabat,
2913 518 2967 567 et
3006 511 3249 567 consilio
3301 528 3429 567 cum
3464 512 3804 585 quibusdam

291 603 398 659 ista
474 603 846 657 vehementer
915 610 999 658 est
1054 605 1410 671 admiranda,
1486 604 1589 657 has
1651 619 1877 659 sorores
1924 600 1988 670 ‘9,

291 692 624 762 parentibus
658 692 990 747 clarissimis
1039 700 1213 759 ortas,
1264 700 1382 747 tam
1414 693 1667 746 diversas
1720 709 1754 745 a
1781 709 1840 746 se
1868 708 1991 746 esse

290 781 565 851 potuisse,
600 787 663 834 ut
688 787 827 852 quot
860 782 1335 851 reprehensiones
1381 781 1439 835 in
1470 798 1584 834 una
1630 786 1986 841 notarentur.

288 875 375 922 tot
405 869 465 922 in
495 870 672 922 altera
709 870 947 923 virtutes
974 871 1444 940 praedicarentur,
1486 870 1599 923 nisi
1636 869 1745 923 hoc
1774 870 1988 940 cogita-

289 957 565 1024 tionibus,
599 960 812 1012 nostris
845 974 1225 1028 opponamus,
1274 958 1486 1011 mirum
1537 974 1653 1011 nou
1701 957 1894 1025 fuisse,
1922 974 1989 1012 eo

287 1046 439 1116 quod
471 1050 527 1100 et
556 1046 781 1116 primus
810 1062 1018 1116 parens
1048 1052 1242 1100 noster
1266 1046 1465 1100 itidem
1499 1046 1806 1101 dissimiles
1836 1048 1984 1101 ﬁlios

286 1134 571 1205 genuerit,
634 1151 881 1205 quorum
965 1134 1126 1199 alter,
1189 1133 1617 1189 crudelissimus
1678 1137 1985 1206 parricida,

287 1223 531 1276 alterum
588 1223 955 1276 mitissimum
1008 1220 1223 1275 invidia
1282 1223 1504 1278 occidit.
1579 1224 1781 1277 Nostro
1853 1241 1986 1280 vero

285 1310 513 1365 silentio
551 1310 650 1365 illa
686 1310 1179 1380 praetermittenda
1224 1315 1379 1379 sunt,
1432 1328 1563 1383 quas
1596 1313 1666 1366 de
1694 1313 1876 1369 Adela
1907 1314 1989 1368 di-

286 1399 580 1464 cebantur,
644 1399 800 1469 quod
846 1405 968 1452 erat
1040 1400 1287 1453 clamosa
1345 1400 1405 1454 in
1470 1416 1629 1466 voce,
1679 1402 1887 1455 lasciva
1928 1403 1984 1456 in

285 1489 489 1555 verbis,
533 1499 686 1541 veste
746 1488 1083 1558 composita,
1137 1489 1331 1543 animo
1387 1488 1684 1555 dissoluta,
1743 1496 1801 1544 et
1830 1492 1984 1561 quod

286 1578 714 1631 inst-.ibilitatem
748 1577 956 1630 mentis
1014 1578 1250 1631 nutibus
1297 1579 1594 1632 oculorum
1623 1580 1980 1649 praeferebat.

288 1667 397 1719 Nos
419 1683 549 1719 vero
581 1666 812 1733 scimus,
844 1682 968 1719 eam
1002 1667 1071 1721 ad
1109 1683 1287 1737 opera
1318 1669 1494 1721 multa
1537 1685 1658 1721 esse
1691 1670 1981 1732 solertem.

284 1772 495 1826 magno
528 1755 783 1826 ingenio,
816 1760 872 1808 et
908 1771 1243 1809 numerosas
1272 1756 1651 1810 cubicularias
1708 1757 1781 1811 ad
1808 1758 1983 1811 varie-

283 1850 454 1899 tatem
486 1844 799 1898 textrilium
827 1859 1017 1898 rerum
1067 1845 1372 1899 instructas
1403 1844 1636 1907 habere,
1672 1851 1729 1899 et
1760 1845 1817 1899 in
1851 1863 1951 1916 pre

282 1934 449 1987 ciosis
495 1932 745 1986 vestibus
805 1932 1173 1987 conﬁciendis
1223 1949 1369 2003 pene
1409 1949 1609 1987 omnes
1656 1939 1979 1989 nostrarum

281 2023 580 2093 regionum
613 2021 887 2075 mulieres
926 2038 1197 2092 superare
1266 2021 1414 2091 (32);
1466 2023 1591 2076 haec
1634 2024 1753 2077 sola
1783 2023 1980 2077 buma-

281 2110 429 2164 nitas
456 2110 518 2163 in
548 2126 613 2163 ea
642 2116 779 2163 nota
810 2113 913 2163 est.

732 2200 783 2253 3.
825 2200 891 2252 De
917 2197 1158 2251 moribus
1190 2197 1521 2266 Liutgardx.

351 2289 419 2341 At
460 2302 595 2341 vero
660 2286 983 2356 Liutgardis
1029 2287 1201 2357 longe
1268 2286 1563 2341 dissimilis
1619 2287 1773 2341 huic.
1833 2289 1974 2343 Nam

279 2376 536 2431 moribus
555 2375 815 2430 honestis
842 2380 965 2429 erat
1019 2376 1413 2441 celeberrima,
1458 2375 1767 2430 virtutibus
1794 2378 1976 2430 omni-

280 2465 387 2518 bus
415 2464 566 2518 ultra
599 2478 771 2534 quam
828 2462 982 2515 credi
1026 2467 1214 2533 potest
1271 2462 1733 2533 praeclarissima,
1787 2463 1977 2534 hospi-

279 2554 498 2607 talitate
518 2554 596 2606 ita
621 2552 879 2616 adsueta,
913 2556 977 2604 ut
1042 2550 1102 2604 in
1131 2551 1379 2605 adventu
1406 2550 1699 2621 hospitum
1730 2555 1976 2607 maxime

278 2641 679 2707 delectaretur,
731 2639 1043 2710 itidemque
1098 2638 1146 2693 si
1194 2640 1425 2710 quando
1481 2640 1762 2707 abessent,
1821 2642 1973 2712 quod

276 2733 472 2783 tamen
528 2745 658 2783 raro
706 2728 967 2797 contigit,
1000 2729 1288 2799 quandam
1337 2729 1500 2799 quasi
1552 2729 1888 2783 mmsticiam
1916 2730 1975 2784 in

277 2817 437 2870 vultu
469 2816 828 2887 praeferebat.
862 2816 1230 2870 Prudentiam
1278 2814 1335 2869 in
1395 2833 1461 2870 ea
1491 2816 1715 2870 laudari
1755 2833 1870 2870 non
1893 2823 1976 2870 est

278 2921 527 2972 necesse,
586 2921 716 2959 cum
765 2920 879 2957 non
929 2904 1114 2957 solum
1164 2920 1227 2957 ex
1292 2904 1506 2971 ralatio
1567 2904 1638 2957 ad
1684 2920 1832 2970 eam,
1888 2910 1977 2958 set

279 2994 451 3047 etiam
500 3010 567 3047 ex
626 2992 956 3065 longinquis
1009 2992 1342 3063 regionibus
1399 3008 1644 3063 magnus
1698 3010 1974 3047 numerus

2101 604 2386 675 pestiferis
2429 604 2594 670 inito,
2654 604 2812 658 illam
2874 618 3122 663 veneno,
3184 606 3249 656 ut
3299 602 3502 668 fertur,
3553 602 3803 656 extinxe-

2100 699 2255 747 runt.
2316 695 2428 748 Nos
2461 709 2587 746 eam
2641 709 2787 756 rem,
2830 708 2933 762 pro
2985 690 3383 762 magnitudine
3436 690 3669 744 sceleris
3704 708 3801 762 pa-

2101 798 2228 836 rum
2285 782 2452 836 nobis
2508 787 2886 850 compertam,
2943 779 3354 834 existimationi
3411 779 3568 850 vulgi
3625 780 3802 833 rumi-

2103 872 2355 924 uandum
2395 870 2795 941 relinquimus.
2849 870 2937 923 Set
2968 868 3052 922 illi
3092 868 3193 939 qui
3225 883 3512 922 venenum
3544 868 3801 922 confece-

2096 965 2244 1024 rant,
2295 959 2445 1028 capti
2510 957 2559 995 δι
2613 964 2785 1030 atque
2851 957 3026 1011 oculis
3078 956 3377 1028 dampnati
3455 961 3610 1011 sunt.
3671 958 3803 1011 Post

2097 1054 2341 1102 mortem
2377 1048 2503 1118 ejus
2558 1063 2690 1103 cum
2735 1063 2937 1101 omnes
2965 1045 3181 1117 ubique
3214 1046 3520 1100 orbitatem
3551 1043 3597 1082 ⁸⁸
3628 1050 3798 1099 tanta:

2096 1137 2356 1190 mulieris
2386 1152 2515 1191 cum
2548 1136 2701 1191 luctu
2736 1140 2795 1190 et
2847 1136 3083 1205 planctu
3115 1133 3484 1205 deplorarent
3534 1150 3695 1188 soror
3725 1134 3798 1188 il-

2094 1225 2204 1278 lius
2236 1225 2421 1278 locum
2453 1224 2762 1279 furibunda
2798 1223 3036 1286 invadit,
3068 1229 3125 1277 et
3154 1239 3326 1277 omne
3366 1223 3800 1294 patrimonium,

2094 1312 2249 1383 quod
2299 1328 2466 1367 soror
2524 1313 2619 1383 pia
2675 1312 2995 1366 intentione
3064 1298 3318 1366 ecclesia:
3387 1311 3652 1378 contulit,
3728 1311 3800 1366 ad

2094 1417 2255 1455 suam
2287 1406 2626 1471 potestatem
2658 1400 2888 1455 retorsit
2928 1399 2994 1455 ⁸⁸.
3057 1400 3154 1455 Set
3178 1416 3293 1454 non
3340 1400 3522 1454 multo
3575 1405 3705 1471 post
3732 1416 3797 1455 ex

2093 1499 2378 1560 prazcepto
2439 1488 2665 1543 Ottonis
2717 1488 2871 1542 tertii
2932 1485 2977 1524 ⁸⁷
3030 1488 3397 1559 imperatoris
3452 1504 3581 1542 cum
3629 1488 3798 1542 dede-

2092 1593 2223 1630 core
2278 1578 2537 1648 expulsa,
2599 1577 2690 1631 his
2741 1577 3180 1631 adversitatibus
3233 1577 3534 1649 prmvideri
3585 1577 3800 1647 cogita-

2090 1666 2219 1733 bat;
2262 1672 2320 1720 et
2360 1666 2595 1720 consilio
2653 1682 2782 1721 cum
2815 1666 2934 1720 suis
2988 1672 3241 1737 accepto,
3285 1683 3413 1720 cum
3447 1673 3574 1738 post
3610 1666 3794 1720 virum

2023 1793 2061 1846 Β
2091 1756 2343 1825 priorem
2402 1755 2524 1809 sine
2578 1754 2959 1810 occultatione
3012 1756 3258 1825 turpiter
3305 1756 3534 1809 vixisset
3585 1760 3640 1809 et
3690 1772 3795 1809 cu-

2090 1844 2271 1915 pienti
2327 1844 2415 1897 sui
2469 1845 2696 1914 copiam
2758 1860 2873 1897 non
2924 1850 3205 1914 negasset,
3265 1849 3569 1914 postquam
3623 1843 3795 1898 vidua

2091 1932 2296 1986 lasciva
2343 1930 2391 1966 ⁵⁸
2438 1934 2751 1987 secundum
2808 1933 3025 1987 dictum
3086 1933 3266 1986 sancti
3293 1932 3533 2003 apostoli
3574 1932 3622 2003 (1
3652 1934 3788 1987 Tim.

2090 2036 2141 2088 v,
2184 2025 2259 2087 xi)
2306 2021 2404 2076 diu
2435 2021 2722 2075 luxuriata
2751 2021 2968 2086 fuisset,
3019 2020 3182 2074 illum
3214 2020 3284 2074 de
3311 2037 3425 2092 quo
3454 2037 3627 2091 supra
3658 2020 3794 2075 dixi-

2088 2125 2216 2163 mus
2251 2109 2590 2164 Baltericum
2633 2110 2793 2165 duxit
2837 2110 3129 2173 maritum,
3181 2126 3311 2163 cum
3342 2110 3564 2163 vivente
3595 2125 3790 2162 sorore

2087 2203 2291 2251 neuter
2315 2199 2581 2269 copulam
2631 2197 2865 2252 alterius
2896 2214 2967 2251 ne
2997 2202 3189 2251 mente
3220 2197 3454 2268 quidem
3486 2196 3789 2268 concipere

2086 2285 2348 2340 auderet.
2410 2287 2522 2340 Nec
2553 2288 2734 2340 multo
2791 2290 2937 2357 post,
3000 2285 3309 2355 instigante
3352 2286 3470 2352 illa,
3533 2301 3664 2338 cum
3703 2301 3790 2339 ar-

2088 2378 2238 2428 mata
2286 2390 2463 2428 manu
2519 2379 2775 2429 montem
2824 2376 2997 2428 Eltnae
3046 2370 3094 2408 ‘9
3133 2374 3321 2427 subito
3355 2378 3612 2444 occupat.
3644 2374 3786 2428 Cum

2086 2463 2323 2532 opidani
2352 2463 2657 2533 repentino
2692 2470 2845 2517 metu
2877 2462 3127 2533 perculsi
3168 2462 3303 2533 fuga
3357 2462 3600 2516 salutem
3632 2477 3789 2532 quas-

2086 2556 2299 2620 rerent,
2329 2551 2388 2605 in
2446 2551 2794 2605 monasterio
2843 2567 2900 2605 se
2931 2551 3294 2605 abdiderunt.
3328 2549 3786 2621 Expugnatoque

2086 2640 2462 2707 monasterio,
2513 2646 2570 2694 et
2644 2639 2850 2709 jaculis
2916 2639 3192 2693 altaribus
3246 2638 3519 2709 trajectis,
3580 2655 3781 2707 unum,

2087 2744 2260 2799 quem
2322 2728 2430 2782 sibi
2505 2727 2804 2782 inimicum
2857 2727 3171 2781 existimari
3227 2726 3425 2793 voluit,
3495 2727 3790 2796 captivum

2085 2818 2268 2872 duxit.
2325 2817 2417 2871 Set
2472 2832 2601 2870 cum
2634 2817 2689 2870 id
2748 2816 2866 2886 regi
2916 2821 3273 2887 compertum
3306 2815 3472 2883 foret,
3516 2815 3794 2886 graviter-

2086 2922 2198 2977 que
2228 2906 2441 2977 factum
2490 2904 2599 2958 hoc
2628 2905 2819 2972 ferret,
2870 2904 3143 2958 delictum
3177 2904 3439 2957 Balterici
3460 2904 3793 2974 deprecato-

2084 3009 2213 3047 rum
2245 2994 2462 3047 auxilio
2512 2992 2753 3063 pecunia
2808 2993 3100 3062 expiatum
3132 2997 3235 3045 est.
3279 2992 3393 3046 Rex
3432 3008 3567 3046 vero
3597 2992 3792 3047 altiori

280 3082 584 3135 hominum
634 3083 704 3136 ad
764 3097 997 3135 suarum
1046 3097 1238 3134 rerum
1285 3082 1627 3152 capiendum
1668 3082 1973 3137 consilium
2014 3073 2054 3127 C
2083 3082 2323 3135 consilio
2376 3081 2435 3135 in
2475 3086 2769 3151 posterum
2827 3080 2937 3134 loci
2984 3080 3136 3133 illius
3188 3080 3552 3133 stabilitatem
3582 3080 3791 3150 praevi—

276 3170 664 3223 conﬂuxisset.
703 3170 832 3222 Erat
862 3169 1016 3223 enim
1061 3169 1121 3222 in
1171 3184 1237 3222 ea
1286 3185 1414 3223 cum
1450 3185 1672 3223 summa
1713 3170 1971 3238 scientia,

277 3264 401 3311 tum
433 3256 729 3310 verissima
751 3256 987 3311 facultas
1004 3272 1238 3310 suorum
1263 3258 1633 3311 consiliorum
1666 3259 1971 3328 expedien-

277 3345 503 3400 dorum.
533 3345 811 3400 Omnibus
830 3345 1094 3411 affabilis,
1151 3345 1418 3399 omnibus
1475 3346 1665 3400 extitit
1702 3348 1970 3419 benigna,

277 3434 462 3488 multa
517 3433 686 3487 etiam
743 3433 929 3487 dando
978 3434 1282 3487 maximam
1333 3434 1576 3504 gloriam
1624 3438 1826 3506 adepta
1858 3443 1971 3505 est;

275 3522 431 3577 unde
463 3526 520 3576 et
556 3521 812 3591 contigit,
842 3526 907 3576 ut
952 3538 1151 3576 omnes
1209 3538 1333 3576 eam
1361 3524 1613 3577 maximo
1633 3523 1851 3580 honore
1881 3542 1969 3580 ce-

273 3611 583 3665 lebrarent.
641 3611 929 3681 Pauperes
988 3627 1115 3665 eam
1171 3611 1333 3683 quasi
1390 3617 1630 3666 matrem
1679 3616 1849 3667 etiam
1907 3631 1970 3670 ex

273 3698 594 3770 peregrinis
652 3700 790 3753 locis
823 3698 944 3753 sine
999 3699 1296 3754 intervallo
1340 3699 1803 3771 frequentabant,
1836 3718 1973 3773 quo-

274 3803 403 3840 rum
453 3786 741 3841 neminem
779 3786 903 3841 sine
942 3786 1143 3841 solatio
1172 3804 1205 3841 a
1225 3803 1283 3841 se
1314 3787 1469 3842 abire
1494 3788 1774 3858 permisit.
1808 3789 1972 3843 Mira-

274 3891 384 3943 res,
412 3878 473 3928 ut
525 3875 849 3946 fragilitatis
899 3875 1135 3930 feminei
1163 3891 1331 3930 sexus
1376 3878 1548 3930 tantis
1580 3877 1973 3932 vexationibus

274 3979 348 4017 ne
385 3964 619 4035 quidem
668 3963 739 4017 ad
793 3964 994 4017 horam
1043 3969 1396 4033 gravaretur,
1454 3971 1539 4018 set
1568 3966 1777 4033 potius,
1818 3967 1971 4036 quod

274 4055 361 4105 est
391 4051 731 4118 mirabilius,
786 4056 849 4105 ut
878 4051 1017 4113 dixi,
1052 4052 1451 4106 delectaretur.
1507 4053 1666 4107 Unde
1695 4053 1972 4125 frequen-

274 4143 362 4193 ter
392 4139 543 4194 inter
572 4156 675 4192 nos
712 4139 978 4193 collocuti
1021 4137 1091 4205 ⁸ο,
1123 4140 1259 4193 dum
1281 4139 1342 4194 in
1374 4143 1498 4210 ejus
1526 4140 1969 4211 gloriamstima-

272 4244 469 4281 remus
537 4231 755 4281 tantam
810 4227 1217 4295 humilitatem,
1267 4228 1449 4282 fateor
1500 4244 1606 4282 nos
1655 4230 1777 4300 jam
1834 4236 1971 4285 tunc

272 4315 578 4377 divinasse,
618 4316 677 4371 id
708 4316 860 4386 quod
890 4331 1087 4370 verum
1128 4321 1267 4383 erat,
1314 4317 1413 4370 illa
1468 4314 1512 4350 δι
1546 4317 1791 4371 extincta
1839 4318 1962 4372 nul-

269 4404 384 4459 lam
440 4403 502 4458 in
540 4403 628 4458 his
684 4404 1014 4475 regionibus
1046 4404 1135 4458 sui
1191 4404 1548 4459 consimilem
1596 4410 1712 4460 tam
1755 4406 1964 4460 illustri

268 4492 381 4546 vita
419 4509 541 4547 esse
572 4494 843 4547 futuram.
877 4492 1293 4548 Patrimonium
1338 4510 1566 4565 quoque
1596 4510 1785 4560 omne,
1812 4495 1963 4565 quod

268 4580 376 4635 sibi
433 4582 765 4637 hereditatis
810 4587 973 4653 parte
1023 4580 1072 4617 ⁸³
1134 4588 1499 4649 successerat,
1574 4583 1826 4637 ecclesite
1872 4584 1963 4637 cui

268 4669 390 4739 ipsa
419 4675 665 4738 prmerat
689 4670 951 4724 contulit.
976 4670 1037 4725 Id
1061 4686 1225 4724 soror
1271 4669 1319 4705 ³³
1344 4671 1468 4740 ejus
1512 4671 1725 4725 factum
1769 4671 1963 4741 gravi-

268 4762 356 4809 ter
428 4758 634 4825 ferens,
709 4759 1081 4814 traditionem
1146 4759 1305 4813 illam
1364 4759 1576 4829 saepius
1642 4759 1963 4813 rescindere

271 4845 631 4900 moliebatur.
664 4846 760 4900 Set
807 4863 937 4901 cum
966 4846 1024 4901 id
1072 4847 1298 4903 efﬁcere
1348 4864 1462 4902 non
1498 4853 1711 4919 posset,
1740 4847 1801 4902 in
1830 4848 1961 4902 vitae

2082 3170 2217 3224 dere
2246 3169 2465 3235 volens,
2504 3169 2859 3238 Noviomago
2917 3166 2968 3202 ⁶⁰
2996 3167 3237 3222 concilio
3268 3167 3484 3222 indicto
3518 3168 3634 3239 (an.
3659 3172 3788 3237 997,

2081 3260 2219 3313 Mai.
2293 3258 2402 3327 l8),
2435 3274 2563 3311 cum
2597 3258 2849 3328 undique
2898 3256 3346 3328 frequentissimi
3398 3256 3536 3310 illuc
3579 3273 3788 3311 conve-

2081 3347 2292 3412 nirent,
2315 3346 2676 3400 tractandum
2731 3346 2799 3400 de
2832 3345 3104 3416 praedicto
3155 3345 3279 3399 loco
3319 3344 3538 3398 statuit.
3571 3346 3791 3400 Aderat

2081 3451 2211 3489 cum
2258 3451 2361 3488 sua
2408 3435 2651 3504 conjuge
2694 3433 3022 3501 Baltericus,
3069 3447 3139 3486 eo
3167 3432 3321 3504 quod
3353 3433 3653 3487 sententia:
3694 3450 3788 3488 se-

2081 3530 2351 3577 natorum
2409 3528 2825 3593 processerant,
2881 3526 2946 3576 ut
2995 3521 3091 3575 ille
3142 3522 3435 3575 convictus
3465 3522 3786 3587 secundum

2079 3612 2267 3682 legem
2298 3612 2357 3665 in
2388 3616 2730 3682 perpetuum
2763 3610 2832 3664 ab
2853 3609 3006 3665 illius
3036 3610 3496 3681 expostulatione
3528 3610 3788 3665 ecclesiae

2081 3716 2138 3754 se
2187 3700 2481 3766 eximeret,
2536 3700 2731 3770 sicque
2762 3698 2925 3754 karta
2951 3703 3006 3754 et
3037 3698 3337 3770 privilegio
3366 3699 3474 3753 loci
3504 3700 3787 3755 stabilita-

2079 3795 2199 3843 tem
2224 3789 2597 3843 ﬁrmaverunt
2626 3790 2758 3858 (33).

2363 3914 2415 3966 4.
2457 3916 2525 3967 De
2553 3912 2705 3966 obitu
2746 3911 2957 3966 Ottonis
2994 3916 3045 3965 et
3066 3910 3205 3965 dolis
3224 3910 3493 3966 Baldrici.

2150 4018 2287 4073 Post
2310 4018 2611 4072 haecvero
2655 4016 2971 4087 imperator
3015 4016 3224 4071 tercius
3271 4015 3425 4083 Otto,
3475 4016 3643 4072 bona:
3693 4017 3789 4073 in—

2080 4105 2225 4160 dolis
2262 4106 2610 4173 adolescens,
2644 4104 2704 4159 in
2754 4104 2916 4159 Italia
2968 4104 3234 4171 moritur,
3284 4119 3609 4176 corpusque
3661 4107 3794 4177 ejus

2079 4194 2148 4249 ad
2202 4193 2564 4265 Aquasgrani
2616 4192 2870 4260 effertur,
2902 4197 2957 4248 et
3005 4192 3087 4247 ibi
3117 4209 3246 4247 cum
3276 4194 3435 4264 regio
3459 4192 3681 4249 honore
3703 4211 3795 4249 se-

2078 4282 2292 4353 pelitur
2345 4284 2459 4352 (an.
2518 4281 2701 4337 1002l.
2758 4282 2893 4337 Post
2948 4280 3115 4352 cujus
3167 4286 3411 4336 mortem
3465 4281 3792 4338 Baltericus

1996 4357 2039 4410 Ῐ)
2079 4370 2239 4442 rupit
2278 4370 2470 4437 ﬁdem,
2528 4375 2585 4424 et
2607 4369 2798 4424 hostili
2835 4385 3006 4423 manu
3056 4369 3361 4441 adgressus
3403 4370 3472 4424 ad
3521 4377 3791 4427 montem

2077 4460 2277 4528 Eltnaa,
2336 4460 2552 4513 vallum
2596 4458 2699 4529 qui
2740 4458 3038 4512 ecclesiam
3094 4459 3165 4512 ad
3196 4457 3375 4513 instar
3418 4459 3635 4513 castelli
3666 4476 3795 4515 am-

2074 4547 2267 4601 biebat
2329 4547 2514 4614 scidit,
2598 4545 2992 4617 familiamque
3049 4561 3285 4601 omnem
3367 4545 3476 4601 sibi
3564 4548 3792 4603 servire.

2073 4636 2278 4707 coegit.

2572 4742 2623 4795 5.
2664 4743 2738 4795 De
2764 4739 3031 4795 Heinrico
3050 4742 3092 4777 ⁶¹
3134 4756 3278 4809 rege.

2146 4846 2252 4901 Ubi
2276 4862 2411 4902 vero
2442 4845 2742 4903 Heinricus
2769 4862 2996 4902 summa
3023 4862 3216 4901 rerum
3257 4847 3472 4918 potitus
3510 4853 3618 4916 est,

1689 5004 1922 5058 VABUE
1946 5001 2349 5059 LECTIONES.

341 5118 387 5155 ιθ
438 5135 673 5196 sopores
734 5119 869 5196 l._"f’
932 5124 1013 5176 ita
1042 5124 1210 5176 Eck..
1239 5153 1308 5196 ς-
1357 5122 1619 5196 collocati
1670 5137 1723 5175 c.
1778 5119 1820 5156 ⁵¹
1888 5122 2003 5196 illu_
2042 5138 2180 5196 corr.
2215 5123 2315 5177 illa
2371 5139 2416 5179 ο.
2445 5122 2498 5196 ff
2546 5128 2706 5194 patre
2757 5140 2878 5179 corr
2958 5131 3123 5196 parte
3153 5142 3199 5180 c.
3255 5125 3302 5162 ⁸³
3346 5142 3579 5182 sororor
3626 5146 3788 5185 corr.

270 5206 432 5262 soror
469 5206 545 5262 ε,
578 5193 623 5227 ⁵⁸
682 5191 879 5262 capiti
910 5208 1048 5246 corr.
1104 5194 1255 5262 capti
1310 5208 1356 5246 c.
1396 5190 1444 5227 ⁵⁵
1496 5195 1579 5262 ita
1622 5196 1863 5258 correxi;
1924 5193 2293 5247 sobrietatem
2344 5210 2390 5249 ο.
2443 5192 2493 5229 ⁵⁵
2547 5190 2814 5250 retrorsit
2865 5190 3004 5251 corr.
3059 5198 3287 5252 retorsit
3337 5213 3383 5252 c.
3424 5196 3469 5233 ⁸⁷
3509 5200 3679 5255 tercii
3735 5204 3797 5257 2.

270 5257 319 5291 ⁵⁸
339 5263 418 5314 ita
445 5263 509 5314 E.
539 5261 727 5316 lascua
750 5257 803 5318 ἱ).
836 5260 885 5297 ⁵9
914 5269 1062 5316 etnae
1095 5266 1142 5317 1.
1171 5257 1350 5317 eltnas
1379 5264 1434 5317 2.
1475 5261 1524 5298 ὀ
1562 5263 1730 5316 novio
1755 5257 1964 5333 magno
2001 5266 2049 5318 l.
2081 5262 2126 5297 ⁶¹
2162 5264 2472 5320 HENRICO
2501 5280 2548 5321 ο.
2587 5265 2687 5320 hoc
2719 5267 2849 5321 loco.

1906 5412 2127 5469 ΝΟΤΑΞ.

339 5536 719 5613 (32)___Eadem
758 5540 883 5613 fere
923 5541 1094 5613 verba
1145 5541 1216 5595 de
1260 5556 1456 5595 sorore
1506 5540 1816 5596 Burchardi
1840 5541 1961 5613 epi-

269 5608 424 5675 scopi
453 5608 725 5662 Wormat.
754 5610 815 5663 in
837 5612 958 5680 ejus
990 5612 1115 5666 Vita
1142 5612 1415 5682 leguntur
1437 5626 1484 5667 c.
1522 5614 1607 5666 12.

2144 5543 2259 5613 (33)
2293 5543 2375 5616 Cf.
2411 5559 2480 5598 ea
2526 5544 2596 5616 de
2624 5559 2686 5598 re
2716 5544 2971 5600 chartam
3002 5544 3366 5616 imperatoris
3398 5560 3492 5615 ap.
3528 5544 3792 5602 Schaten

2070 5618 2220 5669 Ann.
2257 5614 2497 5671 Paderb.
2526 5615 2569 5683 Ι,
2604 5616 2725 5671 343.
