3968 6438
102 441 193 491 i5?
958 442 1045 495 DE
1089 441 1556 499 DIVERSITATE
1597 446 1987 503 TEMPORUM
2031 448 2216 502 LIBRI
2259 448 2415 503 DUO.
2457 477 2523 487 ——
2568 449 2700 503 LIB.
2745 449 2784 501 Ι.

3538 455 3643 507 4ὕ8

88 567 310 619 iterum
370 565 561 619 locum
618 566 782 619 illum
841 565 901 620 in
964 566 1219 636 priorem
1276 572 1488 623 statum
1563 570 1811 625 reduxit.
1845 576 1887 626 A
1930 572 2215 627 Meriwido
2257 569 2306 606 ⁷³
2366 573 2477 642 (34)
2532 588 2741 641 magna
2798 572 3088 626 celeritate
3136 573 3300 638 vecti,
3335 588 3521 645 usque
3566 575 3641 630 ad

87 654 270 707 Multa
328 654 609 725 praeclara
639 655 708 708 de
757 655 866 709 hoc
913 655 1037 708 viro
1087 656 1253 711 nobis
1301 658 1600 713 scribenda
1649 659 1817 713 sufli-

86 743 301 796 ciunt:
336 759 513 813 quam
560 743 745 807 facile,
776 744 961 812 gratia
1017 744 1114 798 Dei
1165 745 1438 813 donante,
1465 748 1513 782 ⁶²
1561 747 1634 801 ad
1692 747 1815 818 api-

88 848 223 886 cem
277 830 324 867 ⁶³
384 833 549 902 regni
593 833 942 902 pervenerit,
972 834 1221 904 qualiter
1266 834 1518 889 illustres
1566 838 1714 891 viros
1762 842 1815 890 et

90 936 343 975 summae
379 921 674 990 potentiae,
706 921 857 974 bella
887 921 1191 975 adversum
1225 940 1283 976 se
1322 924 1690 990 concitantes,
1724 942 1815 979 ce-

92 1010 206 1063 leri
242 1010 478 1063 victoria
506 1010 564 1063 in
610 1009 967 1063 deditionem
1000 1011 1194 1064 venire
1242 1013 1516 1082 coegerit,
1570 1014 1818 1083 qualiter

99 1114 269 1167 reges
340 1098 402 1151 in
449 1101 495 1133 “
572 1098 944 1151 interioribus
1007 1099 1327 1154 Germaniae
1389 1101 1663 1171 partibus,
1716 1101 1816 1173 qui

96 1193 239 1241 sunt
299 1187 508 1241 Winidi
540 1186 742 1253 vocati,
795 1203 910 1241 sua:
940 1186 1152 1241 dicioni
1208 1188 1544 1243 tributarios
1613 1190 1813 1245 eﬂ'ece-

94 1276 197 1341 rit,
231 1281 290 1329 et
320 1275 533 1329 Mettim
564 1276 623 1328 in
657 1274 842 1345 Belgis
882 1275 979 1329 diu
1020 1281 1221 1329 contra
1261 1293 1319 1330 se
1369 1280 1519 1331 male
1566 1279 1815 1348 cogitan-

92 1370 241 1428 tem,
275 1369 331 1417 et
358 1362 752 1433 compluribus
782 1363 946 1416 annis
983 1363 1293 1426 obsessam,
1345 1382 1491 1435 pene
1519 1366 1590 1420 ad
1631 1367 1811 1422 inter-

92 1453 385 1506 nitionem
434 1450 484 1485 ⁵⁵
510 1451 815 1505 vastaverit
859 1450 971 1520 (an.
1010 1452 1229 1522 1012?),
1278 1458 1334 1507 et
1374 1454 1606 1508 tandem
1656 1456 1813 1509 mul-

91 1543 170 1595 tis
201 1540 585 1595 incommodis
615 1540 788 1593 illatis
808 1539 919 1595 sibi
950 1540 1271 1611 subegerit;
1303 1548 1387 1596 set
1407 1543 1542 1613 quia
1562 1544 1811 1597 domnus

88 1631 443 1685 Adelholdus
488 1629 864 1697 Trajectensis
927 1628 1231 1698 episcopus
1282 1628 1404 1683 haec
1451 1632 1646 1685 omnia
1679 1633 1809 1701 ple-

86 1719 332 1772 niterin
370 1734 485 1771 uno
538 1717 832 1770 volumine
888 1717 1177 1770 luculento
1226 1734 1491 1773 sermone
1547 1736 1807 1789 compre-

86 1806 314 1870 hendit,
348 1823 379 1858 a
425 1804 590 1858 nobis
642 1821 773 1874 pars
825 1821 955 1875 quae
996 1805 1305 1877 aliquando
1339 1807 1549 1861 nostris
1581 1809 1807 1879 scriptis

89 1893 423 1948 necessario
466 1893 708 1947 occurrit
761 1895 1165 1963 praetereunda
1202 1895 1321 1948 visa
1375 1902 1478 1962 est,
1530 1912 1603 1950 ne
1636 1897 1808 1951 histo-

87 1985 174 2037 ria
216 1982 392 2036 tantis
448 1987 504 2035 et
528 1987 644 2035 tam
692 1982 944 2035 venustis
1007 1982 1365 2037 documentis
1396 1985 1552 2038 edita
1582 2001 1613 2039 a
1642 1985 1809 2039 nobis

91 2076 374 2142 tanquam
408 2070 478 2123 ab
514 2069 839 2139 insipientis
868 2071 1073 2123 latratu
1107 2071 1519 2126 obfuscaretur.

316 2161 369 2211 6.
411 2161 487 2213 De
516 2161 632 2212 viso
653 2162 865 2224 comete,
894 2162 943 2212 et
968 2160 1135 2225 fame,
1169 2165 1219 2213 et
1240 2163 1591 2215 mortalitate.

164 2249 307 2302 Post
359 2247 494 2300 hinc
542 2246 857 2300 triennium
908 2262 1082 2317 quam
1134 2264 1230 2301 rex
1293 2249 1352 2301 in
1380 2249 1585 2303 solium
1643 2249 1809 2321 regni

94 2336 444 2390 sublimatus
494 2340 598 2397 est,
642 2340 952 2388 commetes
1006 2336 1267 2390 horribili
1315 2338 1501 2407 specie
1548 2340 1809 2392 ﬂammas

95 2426 199 2478 hac
248 2424 497 2495 illacque
543 2423 784 2493 jactans,
845 2423 907 2476 in
964 2424 1200 2477 australi
1251 2432 1411 2494 parte
1464 2427 1593 2481 coeli
1652 2427 1808 2481 visus

97 2520 198 2568 est.
250 2513 531 2584 Sequenti
583 2528 733 2566 anno
784 2513 963 2567 fames
1022 2519 1080 2567 et
1124 2515 1442 2568 mortalitas
1473 2514 1807 2586 gravissima

96 2620 199 2674 per
240 2608 431 2656 totum
478 2600 679 2655 orbem
730 2600 890 2654 facta}
919 2607 1052 2655 sunt
1106 2610 1217 2664 (an.
1283 2604 1461 2674 l005),
1524 2604 1604 2657 ita
1656 2603 1805 2657 utin

98 2691 297 2745 multis
329 2689 467 2743 locis
518 2705 639 2760 pra:
692 2689 1068 2743 multitudine
1117 2695 1480 2745 mortuorum
1532 2696 1589 2745 et
1631 2692 1803 2746 taedio

95 2779 501 2851 sepelientium
554 2778 668 2831 vivi
713 2778 897 2831 adhuc
949 2766 1213 2849 spiritum
1250 2780 1561 2849 trahentes,
1592 2780 1646 2833 vi
1692 2796 1806 2851 qua

98 2874 370 2938 poterant
399 2867 715 2921 renitentes
740 2864 790 2899 ⁶⁶
820 2883 948 2920 cum
980 2868 1226 2921 mortuis
1254 2869 1655 2924 obruerentur.

585 2959 635 3007 7.
665 2958 740 3009 De
770 2957 1035 3011 chclino
1054 2962 1326 3025 apostata.

167 3045 294 3099 Istis
352 3045 527 3098 etiam
573 3044 796 3110 diebus,
858 3044 1124 3098 videlicet
1183 3044 1433 3099 Heinrici
1489 3046 1643 3116 regis
1703 3045 1803 3115 qui

1927 665 2158 730 portum
2184 661 2337 731 Tylaa
2391 664 2503 729 (35)
2544 668 2931 730 pervenerunt
2978 662 3093 732 (an.
3157 662 3328 729 1006).
3389 664 3644 734 Populus

1926 765 2062 802 vero
2117 750 2216 820 qui
2274 750 2422 803 circa
2484 749 2675 803 littora
2730 750 2851 803 Wal
2909 750 3164 803 ﬂuminis
3212 750 3639 820 habitaverunt,

1925 843 2220 907 comperto
2250 842 2424 891 tanta:
2465 837 2853 891 multitudinis
2880 839 3152 902 adventu,
3193 854 3353 908 spem
3406 854 3639 893 omnem

1925 926 2124 979 salutis
2173 926 2231 979 in
2283 926 2420 995 fuga
2486 932 2785 996 ponentes.
2838 942 2940 979 sua
2992 942 3140 995 pene
3187 927 3382 980 omnia
3426 932 3640 997 praeter

1923 1014 2249 1083 pecuniam,
2302 1015 2440 1084 quia
2492 1018 2837 1068 mercatores
2878 1019 3062 1083 erant,
3114 1014 3479 1069 alienissimis
3509 1016 3641 1070 reli-

1924 1106 2195 1173 querunt.
2252 1103 2560 1157 Praefectus
2616 1120 2751 1156 vero
2805 1104 3056 1174 prudens
3102 1104 3365 1172 consilio,
3420 1105 3635 1159 veritus

1921 1207 1993 1245 ne
2026 1190 2148 1260 agri
2178 1190 2511 1245 hominibus
2549 1191 2805 1245 destituti
2854 1192 3117 1248 hostibus
3165 1192 3387 1248 facilior
3410 1198 3636 1263 pateret

1921 1280 2234 1351 ingressus,
2268 1280 2321 1332 vi
2371 1296 2484 1351 qua
2534 1285 2760 1349 poterat
2816 1295 3051 1334 ascenso
3103 1296 3274 1350 equo,
3308 1280 3627 1351 fugientem

1920 1368 2009 1421 vix
2053 1367 2295 1421 retinuit
2342 1367 2642 1438 populum.
2692 1369 2890 1421 Hostes
2919 1384 3102 1438 usque
3134 1368 3284 1438 Tylm
3316 1368 3632 1437 venientes,

1918 1457 2041 1510 vela
2100 1457 2509 1527 deposuerunt,
2568 1461 2625 1511 et
2674 1462 2909 1527 portum
2957 1458 3115 1515 nullo
3171 1456 3473 1514 resistente
3528 1458 3622 1512 in-

1918 1541 2123 1610 gressi,
2164 1543 2389 1612 copiam
2436 1544 2620 1598 victus
2678 1560 2953 1614 magnam
2993 1550 3349 1616 repererunt.
3394 1546 3517 1610 Qua
3546 1564 3633 1601 ce-

1918 1630 2115 1685 leriter
2155 1638 2473 1703 exportata,
2516 1634 2704 1687 vicum
2754 1634 3023 1691 incendio
3064 1639 3449 1691 vastaverunt.
3502 1637 3624 1689 Mo-

1918 1719 2231 1774 nasterium
2274 1737 2505 1791 quoque
2539 1726 2746 1775 sanctas
2773 1722 3099 1793 Walhurgas
3130 1722 3519 1793 irrumpentes
3547 1721 3617 1789 ⁷³,

1918 1811 2215 1878 vestesque
2247 1817 2471 1862 sanctas
2512 1826 2545 1862 a
2575 1810 2826 1880 quodam
2881 1810 3089 1865 comite
3128 1811 3431 1881 Waltgero,
3489 1828 3625 1866 con-

1921 1900 2199 1950 structore
2257 1898 2436 1966 ipsius
2467 1898 2597 1963 loci,
2659 1904 2716 1952 et
2781 1915 2884 1952 sua
2913 1899 3161 1968 conjuge
3215 1900 3330 1953 Deo
3377 1899 3553 1971 digna
3582 1898 3630 1937 ⁷⁸

1921 1983 2205 2038 Alberada
2272 1985 2487 2039 ibidem
2567 1986 2866 2040 collocatas
2923 1987 3266 2051 auferentes,
3330 1993 3386 2041 et
3447 1989 3625 2045 altare

1922 2071 2163 2141 spoliato
2194 2070 2262 2140 ⁷⁵,
2293 2078 2350 2126 et
2392 2076 2671 2143 praeterea
2702 2090 2875 2143 quam
2929 2073 3197 2143 plurimis
3228 2074 3399 2131 rebus
3454 2074 3628 2128 eccle-

1920 2158 2163 2213 siasticis
2239 2160 2553 2230 exportatis
2612 2160 2911 2215 ecclesiam
2968 2161 3202 2231 quidem
3276 2162 3623 2215 incolomem

1920 2246 2333 2317 relinquentes,
2395 2248 2465 2302 ad
2516 2250 2753 2303 classem
2813 2265 2871 2302 se
2924 2248 3240 2320 recipiunt;
3314 2250 3623 2320 statimque

1919 2335 2143 2389 nunciis
2172 2352 2202 2389 a
2244 2336 2513 2406 praefecto
2542 2337 2603 2390 in
2633 2353 2835 2391 omnes
2864 2342 3055 2408 partes
3087 2337 3357 2404 dimissis,
3392 2343 3623 2407 postero

1917 2422 2009 2475 die
2062 2440 2289 2477 summo
2352 2440 2520 2479 mane
2578 2426 2829 2479 maxima
2868 2424 3179 2479 multitudo
3232 2424 3513 2500 convenit.
3558 2426 3624 2479 Et

1917 2510 2055 2581 quia
2099 2512 2401 2581 prmfectus
2443 2513 2719 2567 exercitui
2750 2529 2995 2584 praeesse
3048 2529 3164 2567 non
3222 2518 3465 2584 poterat,
3492 2514 3620 2567 Bal-

1914 2599 2113 2665 terico,
2139 2600 2207 2654 de
2235 2617 2349 2672 quo
2399 2618 2572 2672 supra
2612 2601 2882 2667 diximus,
2934 2601 3191 2672 itemque.
3246 2602 3550 2656 Unruocho
3577 2599 3625 2637 ⁷⁸

1915 2688 2134 2754 comiti,
2190 2694 2426 2743 strenuo
2460 2690 2602 2755 viro,
2634 2690 2734 2761 qui
2778 2690 2838 2744 in
2888 2691 3138 2744 exercitu
3190 2690 3352 2745 tercii
3401 2690 3622 2744 Ottonis

1913 2775 2278 2845 imperatoris
2318 2778 2479 2831 Italia
2517 2779 2579 2832 in
2638 2794 2701 2831 re
2757 2778 2996 2831 militari
3048 2778 3483 2848 opinatissimus
3513 2778 3622 2832 lia-

1913 2863 2178 2933 bebatur,
2210 2865 2423 2919 bellum
2448 2866 2849 2921 committitur.
2910 2867 3128 2920 Nostris
3181 2867 3316 2919 visis
3348 2871 3406 2919 et
3448 2866 3622 2919 celeri

1913 2968 2114 3006 eorum
2147 2953 2396 3007 adventu
2429 2954 2619 3007 hostes
2648 2953 2959 3024 perterriti,
3001 2969 3175 3008 naves
3220 2970 3395 3025 quam
3443 2953 3614 3007 citius

1914 3042 2197 3095 solventes
2242 3042 2603 3108 recedebant,
2664 3042 2803 3095 adeo
2853 3046 2915 3095 ut
2942 3042 3145 3097 similis
3171 3042 3323 3113 fuga:
3360 3057 3619 3097 recessus

98 3141 299 3203 postea
366 3133 765 3188 benedictione
823 3133 1131 3204 apostolica
1180 3133 1494 3204 imperator
1568 3134 1802 3187 effectus
1835 3139 1875 3194 C
1912 3130 2221 3184 videretur.
2261 3130 2448 3184 Nostri
2494 3131 2882 3201 insequentes,
2936 3137 2994 3185 et
3049 3147 3118 3184 ex
3169 3136 3409 3202 utraque
3456 3136 3621 3200 parte

100 3229 198 3290 est,
260 3222 500 3294 quidam
560 3221 899 3290 Wecelinus,
934 3221 1034 3293 qui
1083 3222 1270 3276 fuerat
1315 3222 1601 3277 Cuonradi
1646 3224 1804 3276 ducis

101 3312 339 3365 clericus
389 3311 659 3364 illusione
717 3310 995 3363 diabolica
1028 3310 1317 3375 seductus,
1369 3311 1550 3364 errori
1597 3311 1803 3365 Judeo-

103 3414 228 3451 rum
285 3397 599 3451 consensit.
646 3397 761 3449 Hoc
807 3396 1048 3450 audiens
1088 3412 1202 3462 rex,
1244 3395 1444 3461 nimia,
1478 3401 1543 3449 ut
1582 3396 1805 3465 justum

102 3486 225 3554 fuit,
276 3485 720 3540 conturbatione
768 3492 1093 3538 commotus
1143 3489 1247 3548 est,
1281 3490 1452 3555 atque
1484 3484 1639 3538 illius
1682 3484 1806 3554 jus-

104 3575 259 3629 sione
290 3591 444 3629 unus
476 3574 892 3644 discipulorum
922 3589 1157 3627 suorum
1203 3574 1440 3627 nomine
1488 3572 1805 3639 lleinricus,

102 3664 423 3735 azquivocus
506 3664 676 3734 regis,
744 3664 1083 3733 prmdictum
1132 3666 1449 3733 apostatam
1513 3661 1806 3715 veracissi-

105 3753 207 3807 mis
263 3768 440 3807 sacrae
498 3751 809 3823 Scriptura;
848 3751 1214 3818 testimoniis,
1260 3755 1325 3805 ut
1380 3751 1503 3821 ejus
1567 3750 1809 3821 epistola

103 3840 366 3905 aflirmat,
430 3839 571 3893 falsa
620 3839 794 3893 verba
850 3838 910 3893 in
961 3838 1249 3894 Christum
1299 3838 1542 3909 ejusque
1583 3841 1808 3892 sanctos

108 3930 310 3984 dixisse
357 3929 593 3997 devicit;
655 3934 712 3984 et
765 3928 903 4000 quia
950 3929 1073 3983 hazc
1123 3929 1483 3999 longiusculo
1540 3945 1807 3983 sermone

107 4024 391 4087 protracta
435 4023 587 4086 sunt,
648 4017 707 4071 in
741 4017 852 4072 fine
896 4017 1058 4072 istius
1098 4017 1279 4072 libelli
1310 4034 1378 4071 ea
1442 4033 1655 4088 ponere
1708 4017 1805 4072 de-

107 4108 384 4161 crevimus
416 4106 541 4175 (lih.
579 4123 640 4174 ιι,
666 4122 788 4176 cap.
832 4109 922 4170 22,
950 4109 1061 4171 35).
1158 4158 1161 4161 .

424 4198 475 4249 8.
529 4197 601 4248 De
626 4195 863 4248 adventu
900 4194 1374 4249 Nordmannorum
1405 4193 1471 4247 °".

175 4284 561 4351 Wicmanuus,
614 4283 813 4338 sortita
863 4283 1126 4353 conjuge,
1189 4288 1255 4337 ut
1309 4298 1483 4353 supra
1538 4282 1805 4350 diximus,

111 4373 355 4441 praafecti
385 4372 526 4438 tilia,
560 4372 669 4427 sibi
699 4372 757 4426 in
786 4372 1056 4426 omnibus
1094 4372 1490 4441 obtemperare
1524 4371 1805 4443 fidemque

111 4461 190 4515 illi
216 4466 270 4515 et
317 4462 626 4515 amicitiam
676 4497 725 4533 ηε
768 4476 993 4516 servare
1039 4460 1353 4526 constituit,
1392 4466 1449 4514 et
1482 4460 1809 4531 frequenter

113 4549 247 4602 alter
269 4549 341 4603 ab
363 4549 544 4603 altero
577 4547 826 4601 adscitus
856 4544 905 4580 ⁵9
944 4547 1224 4613 convivio,
1276 4563 1642 4601 communem
1702 4548 1810 4602 sibi

112 4652 327 4691 causam
384 4637 654 4690 fecerant.
726 4636 983 4707 Cumque
1029 4635 1151 4705 jam
1202 4635 1360 4689 senio
1409 4635 1701 4689 confectus
1757 4640 1813 4689 et

115 4725 451 4793 aegritudine
482 4725 562 4778 ita
588 4724 982 4795 deprehensus
1010 4729 1158 4778 esset
1196 4725 1499 4794 prasfectus
1524 4724 1595 4793 ⁷ο,
1631 4730 1694 4777 ut
1719 4724 1812 4778 vix

112 4815 339 4881 pedibus
368 4814 681 4881 incederet,
716 4819 932 4884 pyratas
961 4830 1027 4868 ex
1063 4813 1299 4868 diversis
1326 4813 1531 4867 insulis
1546 4814 1589 4848 τί
1616 4812 1815 4867 oceani

114 4915 234 4955 cum
268 4919 479 4975 magna
522 4902 892 4957 multitudine
922 4902 1155 4958 navium
1205 4902 1432 4969 emersi,
1468 4917 1572 4973 per
1597 4900 1816 4957 ﬂumen

1916 3218 2174 3272 ﬂuminis
2216 3218 2429 3272 levibus
2463 3220 2678 3289 praeliis
2709 3219 2891 3285 factis,
2946 3224 3003 3274 et
3031 3220 3322 3291 utrimque
3351 3221 3396 3255 ⁷⁷
3424 3219 3620 3290 paucis

1915 3312 2015 3361 aut
2037 3305 2085 3341 ⁷⁸
2115 3308 2426 3361 vulneratis
2473 3312 2570 3361 aut
2611 3309 2829 3374 occisis,
2878 3324 2948 3363 ne
2996 3309 3308 3379 cupiditate
3347 3308 3558 3379 praedae
3589 3325 3623 3363 a

1915 3395 2043 3466 ripa
2089 3396 2316 3465 longius
2364 3396 2553 3450 hostes
2597 3401 2965 3467 vagarentur,
3024 3396 3425 3467 prohibebant.
3472 3394 3623 3450 Vicis

1916 3499 2050 3537 vero
2075 3485 2237 3554 juxta
2266 3484 2424 3538 littus
2452 3482 2502 3518 79
2528 3501 2673 3555 quos
2705 3484 2865 3540 adire
2904 3489 3168 3556 poterant
3198 3484 3432 3550 exustis,
3464 3500 3621 3538 nona

1915 3572 2059 3626 hora
2088 3573 2204 3627 diei
2254 3589 2455 3627 omnes
2484 3573 2555 3627 de
2595 3574 2836 3627 navibus
2882 3574 3240 3635 desilieruut,
3282 3572 3461 3626 aciem
3492 3588 3622 3625 con-

1915 3658 2361 3715 fertissimam”
2426 3662 2840 3727 instruxerunt,
2913 3660 3122 3714 nostris
3184 3659 3231 3694 '“
3279 3664 3620 3731 potestatem

1915 3749 2215 3820 pugnandi
2248 3749 2641 3817 praebuerunt.
2700 3752 2772 3804 At
2832 3749 3017 3803 nostri
3045 3749 3169 3803 loco
3228 3764 3287 3802 se
3317 3747 3619 3801 continue-

1916 3846 2072 3903 runt,
2104 3844 2161 3891 et
2202 3838 2339 3908 quia
2388 3836 2623 3909 plurimi
2663 3854 2734 3893 ex
2788 3838 2942 3908 agris
2981 3837 3161 3892 coacti
3216 3840 3617 3899 convenerant,

1916 3941 2047 3979 cum
2081 3925 2168 3979 his
2216 3926 2286 3980 ad
2316 3942 2481 3980 usum
2531 3926 2667 3980 belli
2729 3926 3011 3997 imperitis
3042 3931 3097 3981 et
3127 3924 3439 3996 superioris
3482 3923 3623 3978 anni

1915 4020 2153 4085 propter
2206 4016 2568 4069 sterilitatem
2645 4016 2840 4086 inopia
2895 4015 3197 4075 familiaris
3261 4014 3345 4067 rei
3389 4012 3623 4082 vexatis,

1916 4102 2185 4171 praelium
2228 4104 2589 4157 committere
2631 4119 2747 4157 non
2789 4103 3097 4158 audebant.
3132 4102 3235 4160 Ubi
3263 4101 3494 4161 barbari
3523 4116 3623 4155 ne-

1919 4190 2136 4245 minem
2170 4192 2239 4245 ad
2290 4208 2545 4263 pugnam
2586 4192 2895 4262 procedere
2936 4192 3352 4263 conspicerent,
3387 4189 3524 4243 satis
3554 4188 3625 4244 ad

1919 4280 2367 4335 ostentationem
2418 4297 2536 4335 suae
2580 4280 2822 4335 audatias
2866 4280 3079 4335 factum
3113 4280 3524 4345 existimantes,
3553 4277 3626 4331 ad

1920 4383 2093 4421 naves
2142 4383 2203 4422 se
2256 4367 2562 4439 recipiunt,
2643 4374 2702 4423 et
2751 4368 2912 4425 nullo
2960 4368 3305 4437 prohibente
3381 4364 3624 4437 regressi

1924 4461 2076 4510 sunt.

2170 4547 2221 4600 9.
2253 4544 2331 4597 De
2359 4541 2590 4598 secundo
2612 4542 2853 4595 adventu
2880 4541 3373 4597 Nordmannorum.

1989 4634 2264 4703 Sequenti
2294 4650 2446 4687 anno
2509 4633 2691 4703 (1007)
2744 4632 2953 4686 iterum
3003 4631 3237 4701 quidam
3291 4634 3627 4701 pyratarum

1924 4738 2055 4776 cum
2086 4720 2402 4791 nonaginta
2429 4721 2613 4790 longis
2639 4720 2878 4774 navibus
2901 4735 3003 4790 per
3024 4722 3242 4774 ﬂumen
3261 4718 3481 4773 Laicam
3515 4718 3625 4788 (36)

1924 4810 2251 4865 veniebant.
2286 4809 2498 4872 Nostri,
2540 4809 2817 4878 extimplo
2868 4812 3063 4862 coacta
3112 4824 3321 4878 magna
3364 4806 3627 4861 multitu-

1925 4900 2058 4955 dine
2092 4896 2354 4969 equitum
2379 4902 2436 4952 et
2463 4897 2725 4969 peditum
2757 4904 2812 4952 et
2831 4894 2879 4931 ⁸³
2908 4912 3224 4969 paucarum
3250 4896 3504 4965 navium,
3528 4912 3633 4967 per

1534 5027 1763 5082 VARIAS
1805 5023 2203 5082 LECTlONES.

177 5120 226 5155 "
261 5123 574 5178 donantem
605 5139 650 5177 c.
728 5121 777 5158 ⁸³
808 5123 1016 5193 ipicem
1059 5139 1107 5178 ο.
1184 5126 1230 5161 ⁸⁸
1256 5122 1402 5193 deest
1430 5126 1489 5177 in
1532 5139 1574 5177 c.
1611 5124 1705 5177 sed
1751 5124 1916 5193 adest,
1953 5120 2105 5191 apud
2161 5120 2499 5193 Sigebcrtym
2530 5136 2560 5173 a
2594 5122 2756 5175 1003.
2833 5118 2879 5157 ⁸³
2910 5119 3206 5193 internitio
3228 5136 3271 5175 c.
3351 5118 3402 5193 9°
3433 5118 3631 5193 remit-

115 5193 357 5251 tentesc.
440 5196 485 5231 ⁸⁷
553 5195 1103 5250 NORlIANNORUM
1156 5197 1203 5247 l.

1284 5192 1332 5229 ⁸⁸
1389 5193 1701 5248 amicitiam
1748 5211 1791 5249 c.
1874 5192 1922 5227 ⁶⁰
1975 5189 2196 5246 adsitus
2258 5207 2303 5251 c.
2383 5189 2431 5225 ⁷ο
2482 5193 2770 5262 perfectus
2796 5207 2840 5246 ε.

2919 5188 2961 5225 ⁷¹
2997 5191 3133 5245 locis
3163 5208 3301 5245 corr.
3354 5190 3556 5243 insulis
3583 5206 3629 5243 c.

115 5257 161 5336 7"
192 5266 523 5320 meriuuido
545 5281 591 5320 ο.
667 5267 714 5301 ’⁷³
768 5266 1094 5336 irrepentes
1123 5281 1169 5319 c.
1246 5266 1293 5300 7‘
1350 5265 1523 5335 digne
1555 5282 1600 5319 c.
1678 5266 1725 5301 ⁷⁸
1779 5263 2029 5336 spoliate
2060 5278 2107 5317 c.
2164 5264 2351 5336 Ατσυίτα
2397 5257 2503 5317 Ε.’
2532 5268 2672 5336 recte
2724 5279 2794 5336 ex
2848 5278 2967 5336 cap.
3006 5265 3069 5316 t6
3126 5262 3460 5336 enimidavit;
3498 5263 3555 5313 in
3583 5275 3629 5336 c.

118 5331 265 5459 (seu:
310 5337 535 5408 syllabae
594 5352 675 5391 un
738 5331 917 5393 vacat.
996 5336 1043 5371 τ’
1100 5338 1182 5391 ita
1242 5338 1307 5391 E.
1374 5331 1605 5408 utrique
1653 5352 1699 5390 c.
1778 5333 1799 5367 ⁷

1892 5351 1957 5390 ac
2013 5350 2059 5391 c.
2136 5332 2185 5369 ’⁸⁸
2238 5334 2375 5388 litus
2447 5336 2500 5388 2.
2565 5331 2615 5367 ⁸ο
2662 5330 2979 5389 confestiss.
3035 5348 3081 5390 c.
3158 5330 3205 5365 ⁸⁸
3265 5336 3521 5386 nostram
3580 5334 3629 5383 l.

1773 5485 1976 5539 NOTAE

125 5578 516 5707 chﬁahodie
562 5584 633 5639 de
679 5584 975 5663 Merwcde,
1037 5584 1223 5641 Rheni
1266 5584 1381 5639 sive
1412 5583 1638 5639 Vahalis
1685 5582 1817 5639 bra-

466 5761 740 5827 PATROL.
794 5761 966 5827 CXL.

2001 5583 2115 5652 (35)
2140 5582 2200 5636 ln
2235 5581 2440 5652 dextra
2496 5580 2741 5636 Vahalis.

2002 5583 2092 5652 (35
2140 5583 2200 5636 ιη
2241 5583 2286 5636 ά.

2002 5583 2119 5725 (sai
2149 5651 2286 5709 Lek.

3244 5760 3323 5818 15
