3968 6462
297 361 403 414 463

1322 353 1620 410 ALPERTI
1658 353 1713 406 S.
1757 351 2226 408 SYMPHORIANI
2265 349 2565 407 METENS.
2612 351 2912 406 MONACH.

3742 353 3880 405 464

300 480 566 548 removit,
601 478 820 533 viribus
850 476 985 531 totis
1032 475 1298 530 laudibus
1330 475 1433 530 Dei
1484 481 1541 530 et
1577 473 1868 546 obsequiis
1918 475 2002 528 in-
2031 477 2078 529 Α
2115 473 2360 528 maliciae
2393 474 2747 529 exercendis.
2781 474 2889 539 Qui
2932 478 3127 530 tamen
3172 475 3350 530 miser
3390 476 3595 546 paucis
3624 475 3886 530 diebus

303 570 470 637 stitit,
516 568 896 634 orationibus,
940 565 1172 637 vigiliis,
1224 565 1552 619 elemosinis
1608 564 1688 618 ita
1730 563 2004 630 intentus,

303 662 371 712 ut
417 674 587 712 nemo
619 663 816 712 nostra
866 660 1035 710 aetate
1066 654 1172 708 sibi
1203 654 1381 724 possit
1437 651 1772 706 adsimilari.
1825 652 2004 705 Unam

309 765 376 802 ex
408 748 530 818 ejus
552 745 872 801 innumeris
916 744 1318 798 liberalitatem
1367 742 1426 796 in
1465 757 1748 811 pauperes
1797 740 2008 796 Christi

309 836 620 891 exbibitam
679 835 1012 889 referemus.
1073 833 1138 886 In
1194 832 1318 901 ipsa
1371 830 1512 884 cella
1540 846 1711 900 quam
1760 830 2010 884 diximus

309 924 550 995 positus,
591 928 860 977 consueto
890 920 962 955 ‘33
1013 936 1183 990 opere
1212 920 1311 974 Dei
1337 920 1580 988 expleto,
1613 923 1745 988 post
1771 919 2008 973 terciam

307 1011 587 1082 vigiliam,
621 997 920 1065 unum'ex
961 1009 1078 1062 suis
1106 1006 1384 1061 ministris
1422 1007 1492 1061 ad
1532 1022 1591 1060 se
1636 1011 1817 1072 vocat,
1869 1008 2009 1077 quid

309 1099 436 1154 ﬁeri
461 1099 598 1153 velit
633 1098 907 1163 ostendit,
949 1103 1004 1150 et
1033 1102 1096 1151 ut
1127 1112 1298 1150 nemo
1329 1095 1387 1149 id
1419 1097 1727 1164 cognoscat
1757 1109 2009 1148 summo-

309 1203 447 1259 pere
507 1186 820 1240 interdicit.
889 1185 1075 1239 Sumit
1139 1183 1392 1248 situlam,
1456 1182 1720 1236 immittit
1765 1186 2006 1251 vectem,

310 1291 486 1345 seque
517 1275 687 1328 simul
720 1273 1001 1344 portando
1045 1271 1370 1326 ministrum
1425 1272 1492 1325 ad
1537 1271 1820 1341 regendos
1851 1287 2009 1340 gres-

312 1380 406 1417 sus
443 1379 578 1416 suos
623 1378 807 1432 usque
857 1362 925 1414 ad
980 1360 1197 1413 ﬂumen
1244 1359 1567 1430 praecedere
1611 1359 1796 1428 jubet.
1847 1362 2009 1429 Aqua

310 1450 515 1505 hausta
540 1449 688 1504 redit
723 1448 815 1514 ‘39,
848 1449 982 1520 igne
1013 1447 1291 1514 calefacit,
1337 1447 1558 1500 dolium
1604 1446 1728 1516 ipse
1779 1446 2006 1512 infudit,

311 1541 624 1610 leprosum,
682 1538 844 1607 cujus
899 1553 1105 1608 corpus
1163 1535 1509 1590 miserabilis
1576 1535 1764 1590 sanies
1819 1540 2006 1589 totum

313 1627 654 1695 obduxerat,
710 1625 918 1696 pannis
986 1633 1220 1679 exutum
1286 1624 1347 1678 in
1395 1624 1668 1678 balneum
1747 1623 2010 1694 deposuit

310 1715 699 1788 putrescentia
745 1715 1003 1768 membra
1050 1713 1314 1768 manibus
1358 1713 1712 1782 perlustrans
1761 1712 2006 1783 diligen-

312 1803 530 1858 tissime
563 1801 634 1840 “0
684 1802 842 1870 lavit,
893 1803 1075 1856 lotum
1125 1802 1184 1855 in
1236 1803 1502 1855 lectulum
1533 1799 1599 1836 Νι
1657 1799 1838 1870 ipsius
1893 1800 2009 1854 col-

312 1893 534 1956 locavit,
567 1897 623 1945 et
652 1892 906 1945 vestibus
938 1891 1098 1944 novis
1138 1891 1406 1944 vestitum
1459 1889 1869 1943 antelucanum
1911 1888 2016 1942 sub

310 1981 612 2034 testatione
652 1995 724 2033 ne
755 1980 884 2050 quis
934 1979 987 2033 id
1035 1978 1206 2032 sciret
1247 1978 1479 2032 abeunti
1513 1977 1657 2013 ¹¹¹²-⁴³
1717 1976 2012 2046 praecepit.

313 2069 412 2122 Hic
472 2068 514 2122 si
575 2084 800 2138 quaeras
852 2083 954 2121 cur
1006 2068 1110 2120 iste
1170 2072 1364 2120 tantus
1411 2067 1515 2130 vir,
1566 2069 1652 2119 tot
1707 2065 2014 2119 virtutibus

312 2155 612 2226 prmditus,
671 2155 917 2226 Spiritus
965 2154 1144 2208 sancti
1201 2153 1385 2224 gratia
1431 2154 1738 2219 inroratus,
1791 2154 2014 2224 leproso

312 2244 397 2297 illi
437 2243 716 2297 solacium
766 2243 1080 2296 curationis
1139 2258 1256 2296 non
1325 2242 1674 2311 inpenderit,
1719 2241 1871 2296 facili
1913 2243 2014 2296 has

312 2331 690 2402 cogitationes
717 2331 915 2385 obvius
943 2332 1048 2384 hac
1079 2330 1446 2400 responsione
1473 2330 1771 2400 excipiam.

554 2423 638 2474 l5.
661 2421 790 2494 _Cur
820 2419 1125 2486 Ans/ridus
1147 2419 1392 2486 inﬁrmos
1413 2434 1519 2472 non
1547 2423 1780 2472 curaret.

387 2505 656 2576 Legimus
689 2523 938 2578 namque
971 2507 1019 2574 (Ι
1045 2509 1177 2560 Cor.
1211 2523 1324 2571 xxv,
1356 2507 1451 2573 22)
1482 2505 1647 2576 jquod
1689 2507 1846 2576 signa
1878 2507 2014 2562 inﬂ-

317 2595 563 2662 delibus,
593 2611 711 2649 non
744 2595 1031 2660 ﬁdelibus,
1067 2595 1198 2648 data
1225 2595 1339 2648 sint
1371 2596 1460 2663 ¹“,
1510 2601 1572 2648 ut
1617 2595 1676 2648 in
1716 2595 1878 2648 initio
1917 2612 2015 2650 na-

316 2684 524 2740 scentis
606 2683 868 2738 Ecclesim
933 2683 1107 2736 corda
1165 2683 1488 2753 gentilium,
1548 2683 1883 2752 longissima
1941 2683 2015 2718 ³⁸⁵

315 2772 731 2827 consuetudine
775 2772 1062 2826 idolorum
1118 2771 1405 2836 indurata,
1436 2771 1568 2824 visis
1601 2777 1687 2826 tot
1737 2773 2014 2843 prodigiis

315 2862 384 2916 ad
417 2861 764 2916 credendum
798 2859 869 2894 ¹¹⁸⁶
910 2860 1328 2914 emollirentur.
1363 2860 1500 2923 Quis
1527 2859 1679 2913 enim
1708 2865 1844 2914 tunc
1874 2866 2014 2915 tem-

313 2948 494 3020 poris,
525 2947 744 3002 mundo
775 2948 835 3001 in
867 2946 1286 3001 ﬂorentissimis
1325 2948 1495 3001 rebus
1540 2948 1744 3018 posita,
1801 2948 2012 3019 praedi-

2115 569 2262 634 post,
2318 565 2536 618 caeteris
2576 563 3020 628 dormientibus,
3063 565 3374 635 suspendio
3432 571 3702 619 mortem
3745 565 3889 618 sibi

2116 653 2411 706 conscivit.
2447 655 2578 708 “(PC
2616 653 2862 706 breviter
2889 653 3222 722 perstrinxi,
3273 671 3344 708 ne
3387 654 3519 725 quis
3560 654 3626 708 in
3659 653 3886 708 corde

2115 757 2219 794 suo
2273 741 2578 808 existimet,
2637 747 2873 812 propter
2926 741 3306 796 defectionem
3371 743 3637 812 probatae
3707 742 3884 795 vita

2117 845 2280 883 servo
2326 846 2431 884 suo
2480 831 2787 884 Dominum
2819 835 3078 884 nostrum
3123 831 3318 885 Jesum
3361 832 3661 885 Christum
3731 831 3890 884 vir-

2117 923 2299 972 tutem
2331 919 2628 988 signorum
2671 918 2984 972 concedere
3035 919 3311 988 noluisse,
3345 919 3447 990 qui
3476 921 3668 974 multo
3737 936 3888 974 ma-

2109 1007 2239 1077 jora
2289 1013 2343 1060 et
2376 1007 2546 1076 longe
2580 1007 2668 1060 his
2701 1006 2979 1076 feliciora,
3016 1006 3076 1061 id
3113 1013 3197 1062 est
3226 1008 3403 1062 vitam
3433 1015 3731 1063 aeternam
3791 1008 3880 1062 in

2117 1095 2329 1149 caelesti
2360 1110 2563 1165 regno,
2597 1094 2892 1149 concessit.

2477 1185 2558 1237 16.
2605 1186 2677 1237 De
2713 1184 2862 1237 obitu
2891 1183 3156 1249 Ansfridi
3187 1185 3450 1252 episcopi.

2189 1271 2370 1342 Igitur
2407 1287 2536 1325 cum
2590 1271 2673 1325 illi
2714 1272 2918 1326 virium
2972 1271 3336 1326 imbecillitas
3361 1273 3736 1326 adcresceret
3795 1275 3879 1324 et

2119 1359 2396 1430 languore
2443 1375 2650 1429 corpus
2699 1359 2769 1412 ad
2829 1375 3092 1413 occasum
3148 1374 3382 1429 vergere
3427 1359 3868 1429 intellegeret,

2119 1447 2190 1502 ad
2221 1447 2610 1518 supradictum
2642 1447 2845 1501 collem
2877 1447 3174 1500 transferri
3198 1447 3383 1516 jubet.
3417 1446 3689 1518 Cumque
3723 1447 3875 1500 illic

2118 1535 2414 1600 aliquanto
2465 1543 2724 1608 tempore
2776 1535 2826 1589 vi
2869 1536 3232 1607 aegritudinis
3279 1543 3669 1606 premeretur,
3737 1537 3873 1591 Re-

2118 1624 2362 1678 demtori
2405 1631 2620 1692 nostro,
2665 1626 2756 1678 cui
2795 1625 3049 1692 servivit,
3091 1623 3358 1694 spiritum
3414 1625 3668 1679 reddidit
3724 1627 3862 1695 (an.

2127 1714 2301 1781 1010).
2331 1713 2542 1767 Aderat
2568 1713 2628 1766 in
2660 1713 2915 1784 exequiis
2947 1714 3071 1784 ejus
3102 1714 3222 1767 tilia
3253 1713 3433 1783 ipsius
3459 1713 3866 1779 venerabilis,

2125 1801 2408 1854 abbatissa
2446 1803 2756 1856 Tornensis
2793 1804 2904 1867 (41)
2946 1802 3297 1869 monasterii,
3337 1802 3867 1871 consanguineus-

2124 1906 2237 1959 que
2276 1891 2418 1959 ejus,
2453 1890 2522 1944 de
2571 1907 2686 1960 quo
2737 1907 2906 1960 supra
2945 1890 3197 1944 diximus
3237 1901 3374 1959 (cap.
3428 1891 3508 1958 8),
3558 1891 3864 1943 Unruoch

2123 1993 2336 2043 comes,
2382 1980 2903 2048 corpusculumque
2935 1979 2993 2032 in
3024 1978 3278 2032 oratorio
3323 1978 3598 2048 positum,
3641 1995 3673 2031 a
3716 1978 3855 2031 fra-

2123 2066 2305 2120 tribus
2338 2067 2522 2120 solitis
2557 2067 3029 2137 frequentabatur
3060 2067 3280 2131 olticiis,
3326 2069 3582 2120 futurum
3628 2071 3696 2119 ut
3742 2083 3860 2136 po-

2124 2159 2274 2207 stero
2305 2153 2397 2207 die
2427 2154 2486 2206 in
2519 2154 2639 2224 ipsa
2675 2155 2934 2220 ecclesia,
2973 2159 3035 2207 ut
3062 2155 3170 2224 ipsi
3196 2154 3392 2208 animo
3431 2153 3850 2220 ﬁrmaverant,

2124 2243 2527 2296 tumularetur.
2562 2243 2799 2296 Interim
2840 2243 3228 2312 Trajectenses
3259 2259 3431 2313 quam
3473 2243 3846 2312 frequentis-

2125 2330 2255 2383 simi
2310 2340 2719 2398 convenerant,
2787 2346 2994 2401 corpus
3055 2331 3319 2385 exanime
3365 2329 3435 2366 ‘5‘
3497 2330 3847 2400 Trajectum

2124 2418 2499 2472 deferendum
2527 2418 2754 2473 auferre
2788 2420 3195 2473 moliebantur.
3220 2420 3302 2472 Ad
3323 2419 3444 2474 haec
3470 2420 3840 2489 peragenda,

2128 2507 2305 2560 Deum
2359 2508 2700 2577 adjutorem,
2744 2507 2804 2560 in
2853 2508 3091 2561 ecclesia
3133 2508 3288 2576 justa
3350 2508 3624 2561 feretrum
3692 2523 3838 2575 pro—

2124 2597 2306 2661 strati,
2349 2597 2482 2650 totis
2521 2597 2832 2666 gemitibus
2871 2599 3271 2666 precabantur.
3321 2597 3463 2650 Tum
3515 2595 3710 2649 subito
3764 2611 3834 2649 ex

2123 2699 2239 2738 uno
2271 2685 2444 2738 latere
2479 2685 2639 2737 collis
2672 2685 2899 2737 ofticina
2931 2685 3189 2754 quaedam
3215 2685 3331 2738 sive
3363 2700 3496 2738 casu
3525 2700 3622 2737 seu
3657 2685 3833 2752 jussu

2124 2773 2227 2827 Dei
2255 2772 2389 2842 igne
2419 2779 2681 2841 correpta
2706 2777 2808 2838 est,
2838 2773 3220 2842 omnibusque
3243 2772 3314 2826 ad
3345 2773 3830 2842 restinguendum

2122 2861 2317 2931 ignem
2347 2861 2821 2915 concurrentibus
2853 2868 2910 2915 et
2953 2862 3192 2915 omnino
3231 2861 3288 2914 in
3322 2879 3387 2915 ea
3418 2877 3480 2914 re
3509 2863 3829 2932 occupatis,

2124 2949 2397 3004 feretrum
2429 2949 2818 3020 Trajectenses
2866 2950 2926 3003 in
2965 2966 3080 3020 quo
3127 2966 3337 3020 corpus
3375 2950 3481 3003 viri
3525 2951 3626 3004 Dei
3668 2950 3834 3020 posi-

313 3037 464 3092 canti
496 3037 667 3092 aliam
706 3036 883 3091 vitam
923 3037 1200 3101 crederet,
1243 3036 1352 3090 nisi
1383 3053 1448 3090 ea
1495 3037 1862 3091 exiberentur
1889 3053 2014 3108 quae
2045 3037 2087 3094 C
2125 3043 2247 3092 tum
2299 3043 2384 3092 est
2422 3039 2623 3092 leviter
2661 3039 2938 3105 levantes,
2981 3037 3051 3091 ad
3095 3037 3312 3091 ﬂumen
3351 3053 3534 3108 usque
3582 3054 3827 3109 progre-

315 3131 479 3181 antea
513 3141 617 3180 nec
649 3122 719 3161 “7
763 3126 882 3179 visa
921 3141 1026 3180 nec
1057 3125 1252 3179 audita
1283 3125 1555 3178 fuerant?
1601 3126 1666 3180 Et
1722 3141 1852 3196 quin
1908 3142 2016 3180 ne-

313 3213 543 3268 cessitas
599 3213 730 3280 fuit,
785 3212 908 3266 istis
953 3212 1280 3267 novissimis
1315 3210 1388 3247 "‘3
1432 3213 1789 3283 temporibus
1829 3214 2014 3268 Eccle-

315 3302 460 3356 siam
512 3302 612 3355 Dei
654 3301 830 3372 signis
873 3300 1162 3368 illustrari,
1194 3317 1323 3355 cum
1355 3301 1550 3354 nullus
1578 3301 1652 3355 sit
1681 3302 1838 3355 locus
1869 3318 2014 3372 quo-

311 3391 397 3445 vis
436 3391 720 3462 gentium,
770 3407 886 3444 non
933 3406 1118 3455 mons,
1153 3406 1272 3444 non
1314 3391 1497 3457 vallis,
1551 3406 1668 3444 non
1707 3391 1845 3445 silva
1885 3393 2013 3446 infi-

315 3479 458 3545 nita,
493 3494 610 3532 non
640 3480 806 3547 palus
837 3477 1142 3541 immensa.
1178 3494 1294 3532 non
1336 3478 1525 3534 insula
1563 3480 1634 3534 ab
1681 3481 1820 3535 orbe
1851 3485 2017 3535 term

315 3571 538 3620 remota
579 3562 667 3631 “‘9,
731 3581 861 3637 quas
912 3581 1030 3619 non
1075 3565 1186 3619 sint
1236 3563 1307 3600 ¹⁸⁰
1361 3567 1588 3620 Domini
1644 3568 1828 3622 nostri
1885 3570 2015 3623 Jesu

316 3655 526 3710 Christi
575 3654 929 3708 confessione
977 3654 1197 3724 repleta
1224 3652 1289 3688 ¹⁸¹
1314 3655 1326 3709 l
1365 3654 1459 3708 Vir
1487 3654 1586 3708 Dei
1615 3672 1863 3727 namque
1893 3657 2016 3711 ina-

315 3743 484 3799 nibus
513 3743 803 3798 favoribus
834 3743 1134 3796 hominum
1166 3743 1362 3797 extolli
1393 3743 1597 3807 noluit,
1647 3745 1747 3815 qui
1789 3761 2017 3816 semper

315 3832 466 3886 intra
497 3830 903 3885 conscientiam
936 3831 1090 3901 quod
1141 3831 1280 3885 boni
1325 3831 1444 3901 egit
1489 3833 1592 3885 soli
1645 3834 1759 3886 Deo
1798 3850 2013 3902 cogno-

315 3921 590 3975 scendum
640 3924 944 3989 contegere
993 3919 1213 3972 studuit
1267 3917 1360 3974 ‘5’.
1399 3921 1480 3986 {Et
1514 3921 1752 3975 fortasse
1788 3922 2012 3992 leproso

313 4007 398 4062 illi
429 4008 734 4062 infirmitas
766 4007 920 4060 utilis
955 4007 1084 4072 fuit,
1133 4011 1198 4060 ut
1225 4023 1355 4078 quae
1406 4007 1660 4062 humana
1691 4009 2013 4079 fragilitate

312 4097 510 4152 illicite
545 4096 853 4160 commisit,
899 4096 968 4150 ad
1001 4097 1120 4149 haec
1153 4096 1412 4150 iteranda
1439 4096 1603 4150 illum
1644 4096 1908 4151 debilitas
1941 4097 2012 4132 ¹⁵³

313 4183 569 4253 corporis
609 4183 933 4252 impediret.
981 4185 1174 4253 Neque
1200 4183 1307 4237 ulli
1354 4185 1424 4237 de
1471 4185 1634 4238 istius
1665 4184 1774 4238 viri
1803 4187 2010 4240 sancti-

2126 3126 2452 3192 diebantur,
2503 3131 2559 3179 et
2589 3128 2839 3196 positum
2889 3127 2947 3180 in
2979 3126 3299 3178 naviculam
3331 3126 3548 3179 ﬂumen
3578 3125 3830 3180 transire

2125 3220 2438 3284 coeperunt.
2489 3216 2554 3268 Et
2592 3216 2726 3286 quia
2768 3216 3033 3270 navicula
3074 3233 3286 3287 paucos
3326 3232 3529 3287 capere
3576 3220 3823 3286 poterat,

2124 3303 2316 3357 caeteri
2347 3303 2620 3372 quamdiu
2654 3302 2860 3357 vadum
2895 3301 2966 3337 ¹³⁵
2992 3304 3353 3374 permiserat,
3381 3303 3587 3358 deinde
3619 3307 3823 3356 natatu

2125 3391 2530 3461 sequebantur.
2561 3393 2631 3446 At
2657 3391 2717 3443 hi
2748 3391 2846 3461 qui
2882 3391 2949 3445 ad
2992 3392 3447 3446 submovendum
3473 3391 3666 3462 ignem
3691 3408 3824 3446 con-

2125 3483 2444 3546 currerant,
2471 3494 2601 3532 cum
2640 3494 2757 3532 non
2789 3479 2948 3549 prius
2977 3481 3280 3534 consilium
3313 3496 3514 3534 eorum
3556 3480 3820 3534 animad-

2125 3571 2432 3632 verterent,
2481 3567 2741 3636 quamvis
2777 3567 3181 3622 brevissimum
3222 3569 3477 3640 spacium
3521 3569 3824 3622 interesset

2125 3671 2298 3726 quam
2322 3655 2406 3709 illi
2437 3655 2758 3709 naviculam
2792 3657 2862 3710 ad
2893 3656 3046 3711 aliud
3079 3657 3213 3710 litus
3235 3658 3640 3716 subducerent,
3670 3673 3820 3711 sum-

2124 3743 2236 3814 ptis
2285 3743 2461 3797 armis
2503 3759 2706 3798 eorum
2768 3750 2973 3799 conata
3029 3745 3322 3800 advertere
3379 3746 3679 3816 parabant.
3733 3746 3819 3800 lbi

2125 3831 2427 3898 abbatissa,
2463 3833 2533 3886 de
2567 3849 2681 3903 qua
2710 3834 2934 3904 praefati
2961 3851 3181 3900 sumus,
3229 3834 3406 3904 passis
3439 3835 3700 3888 manibus
3736 3849 3799 3885 so

2124 3922 2296 3990 loque
2353 3925 2662 3990 prostratu,
2713 3937 2784 3974 ne
2833 3922 3164 3976 recedentes
3207 3923 3667 3992 insequerentur,
3725 3922 3815 3976 vix

2122 4009 2386 4080 precibus
2434 4009 2701 4063 obtinuit.
2745 4009 2882 4073 Quis
2925 4010 3096 4064 etiam
3128 4009 3236 4064 hoc
3278 4011 3498 4063 meritis
3528 4010 3676 4064 beati
3710 4010 3812 4063 viri

2125 4113 2240 4151 non
2266 4097 2573 4163 adscribat,
2608 4103 2856 4151 armatos
2890 4098 3105 4152 furenti
3135 4099 3329 4152 animo
3357 4099 3625 4152 facillime
3652 4098 3810 4152 seda-

2123 4193 2232 4252 tos,
2267 4190 2323 4239 et
2342 4186 2614 4238 rusticam
2644 4186 3074 4240 multitudinem
3107 4188 3164 4239 in
3199 4187 3438 4240 ﬂumine
3468 4186 3810 4240 transeundo

311 4275 428 4325 tate
459 4270 839 4367 dubitandum
885 4274 990 4334 est,
1023 4286 1196 4340 quem
1236 4271 1511 4325 demones
1558 4273 1730 4325 etiam
1775 4274 2008 4328 conlite-
2051 4315 2093 4370 Β
2123 4273 2456 4344 impeditam
2489 4281 2546 4328 et
2591 4275 2911 4345 periculum
2962 4280 3020 4328 et
3049 4292 3244 4330 necem
3278 4275 3565 4330 evasisse?
3611 4275 3808 4346 Sicque

312 4359 542 4414 bantur.
575 4357 783 4412 Audivi
823 4358 1112 4428 quendam
1161 4359 1603 4429 energuminum
1635 4359 1784 4415 inter
1815 4361 2009 4416 diver-

312 4462 510 4502 sorum
539 4445 850 4500 criminum
888 4446 1304 4501 confessionem
1335 4447 1459 4502 haec
1504 4448 1677 4501 etiam
1716 4448 2010 4520 adjecisse,

311 4550 372 4589 se
429 4535 761 4606 frequenter
818 4539 1014 4588 sancto
1065 4535 1150 4591 illi
1206 4536 1473 4606 episcopo
1517 4536 1640 4590 sine
1687 4552 1857 4592 causa
1913 4540 2009 4593 de-

311 4623 570 4689 traxisse,
605 4625 786 4677 multa
813 4623 1120 4677 inhonesta
1161 4624 1230 4678 de
1275 4641 1342 4678 eo
1383 4624 1611 4691 dixisse,
1665 4641 1795 4680 cum
1844 4626 2009 4681 illum

310 4716 506 4767 sancta
535 4712 741 4782 religio
772 4712 1134 4781 implicatum
1166 4717 1422 4779 teneret;
1452 4731 1510 4768 se
1538 4719 1728 4768 autem
1748 4715 1892 4768 nihil
1925 4715 2009 4769 rei

310 4797 580 4852 adversus
618 4815 752 4853 eum
806 4799 1039 4868 habere,
1086 4800 1197 4854 nisi
1257 4801 1442 4855 solam
1492 4801 1768 4856 invidiam
1826 4803 2007 4872 ipsius

2122 4363 2215 4416 isti
2256 4367 2313 4417 et
2358 4363 2442 4416 illi
2483 4379 2611 4417 cum
2653 4379 2878 4418 summa
2926 4365 3342 4434 tranquillitate
3390 4364 3633 4417 invicem
3677 4379 3807 4417 con-

2116 4450 2321 4522 juncti,
2370 4467 2500 4505 cum
2533 4453 2767 4523 psalmis
2799 4457 2854 4506 et
2881 4453 3073 4522 ymnis
3104 4452 3459 4506 levissimum
3500 4468 3643 4506 onus
3669 4452 3800 4506 Hre—

2119 4556 2262 4594 num
2294 4556 2478 4610 usque
2500 4541 2882 4611 deportantes,
2919 4541 2977 4594 in
3002 4542 3195 4596 navim
3225 4541 3296 4594 ad
3319 4542 3426 4595 hoc
3455 4541 3532 4594 ibi
3559 4545 3803 4611 paratam

2118 4629 2558 4695 constituerunt,
2617 4635 2673 4682 et
2725 4631 3045 4700 Trajectum
3093 4634 3503 4700 pervenerunt.
3556 4630 3800 4700 Cumque

2116 4716 2176 4770 in
2207 4716 2342 4770 litus
2372 4723 2775 4786 exponeretur,
2825 4733 3106 4772 concursu
3158 4719 3358 4788 populi
3390 4718 3613 4786 magnis
3653 4718 3794 4772 obla-

2113 4803 2372 4859 tionibus
2433 4805 2846 4873 honorabatur,
2908 4810 2965 4860 et
3012 4806 3276 4877 sequenti
3331 4805 3422 4861 die
3470 4805 3533 4859 in
3579 4807 3797 4860 ecclesia

1668 4900 1674 4905 ’
1728 4926 1962 4980 vanu:
2003 4927 2402 4982 LECTIONES.

381 5029 452 5066 ¹³⁸
499 5048 548 5086 c.
603 5048 655 5086 ο.
714 5033 776 5087 D.
835 5050 883 5088 e.
935 5035 1130 5089 desunt
1177 5039 1228 5091 3.
1311 5033 1381 5070 “‘9
1429 5037 1617 5092 rediit.

307 5105 385 5176 ut
408 5108 558 5166 sunt,
606 5119 720 5173 quo
765 5103 823 5157 in
877 5107 928 5159 3.
1011 5104 1279 5176 1“longa
1314 5110 1363 5160 3.

307 5243 381 5278 ¹⁵²
411 5244 595 5298 noluit
617 5259 756 5298 corr.
791 5247 1011 5299 studuit
1041 5263 1085 5301 c.
1120 5278 1188 5287 —
1219 5250 1280 5302 In
1310 5249 1411 5302 hac
1436 5264 1561 5303 voce
1588 5250 1793 5305 desinit
1831 5252 1884 5306 3.

301 5343 371 5353 —
397 5315 662 5370 examine
691 5315 767 5370 E.
849 5313 920 5352 ¹⁵⁸
944 5319 1026 5372 ita
1053 5320 1120 5373 E.
1155 5335 1350 5372 vasum
1382 5323 1430 5374 1.

1700 5080 1712 5091 .
1772 5039 2027 5094 calefecit
2069 5043 2120 5095 3.

1446 5109 1514 5144 ¹⁶⁶
1568 5111 1651 5162 ita
1705 5111 1758 5163 3.
1809 5111 2179 5166 crescendum

304 5174 508 5249 arbore
539 5178 702 5249 teme
744 5180 979 5249 mota_c._
1001 5177 1072 5230 ab
1102 5174 1238 5232 orbe
1272 5183 1492 5232 remota
1547 5184 1718 5233 terra:
1769 5181 1819 5233 3.
1874 5181 2013 5235 adeo
2058 5188 2274 5236 remota
2326 5183 2567 5236 Eckhart
2609 5183 2752 5249 conj.

3359 5043 3498 5081 ¹⁴²-⁴³
3555 5041 3700 5097 abire
3742 5047 3768 5098 3
3780 5088 3792 5099 .

3303 5111 3373 5148 “9
3412 5115 3496 5167 ita
3560 5118 3756 5168 correxi
3771 5136 3789 5180 ,-

3278 5181 3345 5219 ¹⁶¹
3396 5199 3458 5237 re
3508 5185 3784 5254 repletat.

2203 5043 2273 5078 “°
2332 5041 2638 5110 diligenter
2692 5044 2742 5097 3.
2825 5040 2893 5076 ¹⁰¹
2951 5043 3160 5096 lectum
3226 5045 3278 5096 3-

2238 5128 2284 5166 c.
2365 5113 2430 5147 “7
2473 5129 2588 5165 non
2645 5115 2697 5167 3.
2780 5111 2848 5149 ηδ
2903 5113 3112 5167 nostris
3170 5115 3222 5167 3.

2833 5181 2905 5216 ¹⁵⁰
2964 5189 3100 5237 sunt
3145 5186 3196 5237 3.

1965 5251 2036 5285 ¹⁸³
2083 5255 2166 5307 ita
2195 5254 2251 5308 E
2288 5252 2509 5307 debitas
2553 5268 2602 5308 c.
2683 5253 2753 5290 ¹⁵⁶
2783 5256 2883 5308 ita.
2935 5270 2988 5308 c.
3039 5257 3079 5308 ἰ.
3125 5269 3170 5306 e.
3223 5251 3591 5323 processione
3637 5256 3785 5310 facta.

1943 5436 2168 5491 ΝΟΤιΕ.

374 5545 487 5615 (41)
522 5543 716 5599 Thorn
747 5545 809 5600 in
841 5545 1071 5601 sinistra
1100 5547 1288 5615 Mosa,
1331 5563 1502 5617 supra
1533 5549 1915 5604 Ruremonde.
