3968 6422
68 399 187 452 465

940 393 1025 447 DE
1065 389 1531 446 DIVERSITATE
1568 386 1953 443 TEMPORUM
1996 385 2186 442 LIBRI
2226 382 2382 439 DUO.
2424 410 2494 421 —
2532 380 2665 436 LIB.
2708 381 2774 435 II.

3511 375 3614 430 466

65 516 265 573 sancti
295 513 547 580 Martini,
580 512 680 568 ubi
710 512 836 583 ipse
882 512 1078 566 sedem
1110 510 1490 583 episcopalem
1523 510 1791 573 habebat,
1826 512 1870 564 Α
1908 523 2012 579 per
2040 523 2172 561 cum
2212 506 2361 576 gula
2391 500 2723 567 deserviret,
2746 500 2867 570 jam
2899 499 3004 553 sub
3041 497 3177 552 solis
3215 514 3478 552 occasum
3509 497 3611 552 do~

67 605 352 675 religiose
394 602 686 673 sepelitur.
724 603 857 657 Hac
904 600 976 655 de
1024 600 1193 654 beato
1225 600 1347 653 viro
1378 615 1507 670 qua
1544 598 1793 653 dicerem

67 693 287 759 habui,
319 707 437 745 non
470 695 534 745 ut
562 689 813 760 pleniter
841 688 909 742 de
931 688 1031 741 illo
1062 686 1256 740 omnia
1286 703 1416 756 qua
1444 687 1615 756 digne
1648 701 1795 738 com-

67 780 416 837 mendanda
449 777 744 834 memoria
771 777 999 831 fuerant
1030 775 1384 845 colligerem,
1430 779 1515 828 set
1543 778 1606 827 ut
1642 771 1796 827 istud

72 870 433 943 opusculum
486 866 729 921 materia
776 866 899 937 ejus
946 865 1102 933 vita,
1147 863 1409 935 quamvis
1454 860 1799 933 insipienter

72 960 259 1026 edita,
295 957 464 1029 quasi
493 956 579 1009 sol
610 955 941 1009 illustraret.

336 1083 420 1133 17.
453 1080 527 1133 De
548 1076 997 1131 obtrectatoribus
1034 1075 1300 1143 Ansfridi
1331 1075 1586 1144 episcopi.

151 1187 255 1242 Set
282 1185 423 1240 libet
447 1184 635 1237 adhuc
668 1181 996 1253 percontari
1031 1181 1270 1236 ubinam
1323 1198 1475 1235 nunc
1521 1183 1655 1233 sunt
1703 1178 1801 1247 qui

76 1277 269 1331 vitam
320 1273 575 1327 Ansfridi
624 1272 921 1325 venenatis
970 1271 1182 1341 linguis
1231 1286 1465 1341 carpere
1520 1269 1800 1335 solebant,

82 1364 193 1436 qui
226 1363 382 1417 fame
413 1377 472 1415 se
501 1361 690 1432 ipsum
713 1360 1001 1427 afﬂixisse,
1034 1359 1213 1430 impie
1241 1358 1802 1428 calumpniabantur.

79 1460 143 1507 et
174 1469 289 1506 nec
331 1465 606 1520 umquam
641 1449 763 1519 ejus
792 1449 1019 1503 aridum
1040 1464 1249 1518 corpus
1280 1448 1339 1501 in
1373 1452 1528 1501 tanta
1556 1446 1646 1500 sui
1675 1445 1802 1516 epi-

78 1546 359 1612 scopatus
388 1538 686 1609 opulentia
718 1538 806 1591 vel
851 1538 1079 1591 modico
1130 1538 1271 1607 cybo
1321 1536 1599 1609 retectum
1660 1550 1802 1599 esse,

78 1629 379 1703 pestiferis
412 1626 832 1681 invectionibus
858 1624 929 1660 ¹⁵⁶
960 1626 1227 1679 dicebant
1252 1627 1282 1679 ?
1311 1626 1354 1679 Ο
1383 1624 1656 1695 profanos
1685 1624 1806 1676 sola

78 1718 314 1774 ventris
363 1716 723 1788 plenitudine
774 1714 1118 1785 gloriantes!
1156 1714 1198 1768 Ο
1238 1713 1533 1767 nominem
1572 1712 1803 1767 illorum

79 1811 143 1864 in
176 1807 285 1861 tali
316 1806 506 1860 studio
562 1805 688 1858 vita
741 1809 1080 1874 occupatum
1118 1802 1185 1839 1⁵⁷
1217 1802 1466 1857 inveniri
1520 1817 1685 1871 posse
1717 1806 1728 1853 ι
1763 1800 1805 1855 Ο
1838 1791 1877 1844 Β

82 1897 319 1952 steriles
347 1895 534 1949 omnis
568 1893 817 1963 pietatis,
850 1893 948 1964 qui
979 1893 1191 1946 nullius
1220 1891 1280 1946 in
1312 1908 1372 1945 se
1404 1890 1633 1945 virtutis
1672 1904 1806 1944 con-

90 1986 219 2053 scii,
282 1984 493 2037 sanctis
546 1982 880 2036 hominibus
924 1982 1187 2036 invident
1232 1981 1387 2051 quod
1431 1980 1541 2050 ipsi
1581 1978 1809 2048 assequi

91 2078 400 2146 nequeunt
427 2070 438 2125 ι
476 2073 615 2126 Vere
646 2071 829 2126 fateor
858 2072 1021 2124 illum
1047 2070 1294 2141 jejunio,
1324 2084 1444 2123 non
1467 2069 1637 2135 fame,
1668 2067 1812 2120 sicut

85 2166 504 2219 obtrectatores
535 2161 624 2213 sui
654 2176 757 2229 per
805 2160 1060 2214 ofﬁcinas
1109 2159 1419 2224 oblatrant,
1473 2156 1687 2227 sapius
1728 2156 1810 2208 la-

93 2256 362 2316 borasse,
392 2251 700 2320 ipsumque
735 2248 867 2302 totis
892 2248 1099 2302 animis
1131 2248 1201 2302 ad
1256 2248 1433 2301 Deum
1472 2260 1813 2299 conversum

89 2342 404 2414 pestiferos
460 2354 799 2410 syrenarum
849 2336 1045 2390 sibilos
1102 2337 1276 2391 surda
1322 2351 1460 2389 aure
1521 2333 1811 2388 transisse.

94 2434 195 2489 Set
227 2447 365 2485 cum
404 2429 600 2499 plures
632 2444 700 2481 ex
751 2427 839 2481 his
891 2426 1369 2481 obtrectatoribus
1422 2423 1685 2478 videmus
1723 2422 1816 2475 di-

99 2523 240 2576 vino
271 2519 490 2591 judicio
519 2517 693 2571 domo
724 2517 1012 2585 expulsos,
1057 2515 1296 2587 pradia,
1352 2512 1527 2581 vicos,
1574 2509 1818 2566 adiﬁcia

109 2612 336 2665 cultore
386 2606 659 2662 destituto
707 2606 990 2668 amisisse,
1048 2606 1286 2675 jamque
1345 2602 1444 2656 diu
1482 2617 1586 2672 per
1631 2600 1820 2654 aliena

108 2700 318 2754 limina
348 2696 724 2761 mendicasse,
757 2694 875 2748 sive
932 2693 1085 2747 furto
1137 2709 1239 2746 seu
1269 2689 1566 2744 latrocinio
1596 2688 1705 2744 sibi
1735 2686 1817 2743 vi-

109 2795 271 2844 ctum
301 2786 552 2857 turpiter
581 2782 902 2855 adquisisse
932 2782 1322 2852 cognovimus.

467 2893 552 2945 18.
585 2892 711 2944 Item
744 2889 810 2943 de
830 2889 1064 2957 quodam
1096 2887 1465 2942 obtrectatore.

178 2996 394 3054 Audivi
440 2994 669 3050 ﬁdelem
720 3000 981 3048 nostrum
1014 2993 1380 3057 referentem,
1432 2987 1719 3060 quendam
1753 3002 1822 3041 ex

1906 612 2068 650 mum
2111 609 2373 649 reversus
2421 590 2587 663 quasi
2628 589 2940 643 redivivam
2991 586 3238 641 esuriem
3289 586 3612 650 sedaturus,

1906 700 2087 757 usque
2136 683 2197 736 in
2247 681 2489 735 multam
2542 683 2767 732 noctem
2826 676 3153 730 convivium
3207 673 3480 745 protraxit
3521 670 3609 739 ιδθ,

1905 772 2256 841 tandemque
2287 773 2480 839 Optato
2507 766 2650 837 cybo
2697 770 2938 818 onustus
2985 764 3045 817 in
3078 764 3351 817 lectulum
3400 777 3461 815 se
3502 761 3615 815 col-

1906 860 2136 928 locavit,
2187 864 2244 913 et
2295 871 2563 911 somnum
2612 853 2817 907 subita
2868 852 3042 906 morti
3085 850 3337 905 sociavit.
3388 849 3496 914 Qui
3539 849 3612 903 ad

1909 948 2303 1021 sepeliendum
2334 944 2580 1015 ejicitur,
2628 948 2686 996 et
2732 943 2791 995 in
2841 956 3050 1010 magno
3102 940 3404 1010 sepulchro
3435 939 3614 992 intru-

1909 1039 2081 1111 ditur,
2130 1042 2215 1091 set
2259 1039 2517 1089 ventrem
2556 1031 2869 1085 admodum
2913 1033 3237 1100 porrectum
3291 1044 3421 1081 cum
3469 1026 3615 1097 lapis

1911 1126 2177 1197 superior
2205 1120 2602 1194 superpositus
2633 1134 2968 1189 compressu
3011 1133 3113 1170 suo
3145 1117 3473 1187 stringeret,
3510 1130 3616 1186 per

1911 1217 2069 1271 labra
2118 1211 2367 1284 sepulcri
2416 1211 2475 1265 in
2526 1209 2652 1280 giro
2686 1208 2860 1276 adeps
2908 1205 3343 1277 pinguissimus,
3389 1204 3615 1273 iulegra

1912 1312 2106 1361 tamen
2136 1308 2284 1369 cute,
2336 1300 2481 1371 proh
2530 1297 2752 1368 pudor!
2788 1296 3027 1349 dili’usus
3080 1298 3183 1347 est.
3236 1293 3520 1347 Nimirum
3568 1291 3615 1344 si

1913 1396 2160 1458 adesses,
2192 1391 2455 1445 fatorem
2488 1387 2635 1440 ferre
2686 1400 2797 1437 non
2840 1383 3050 1449 valens,
3100 1398 3266 1435 nares
3310 1386 3465 1433 veste
3513 1379 3615 1433 ob-

1913 1483 2198 1540 clusisses.
2227 1480 2319 1534 Set
2352 1490 2629 1548 quorsum
2669 1473 2778 1526 ista
2824 1477 2940 1524 tam
2972 1471 3153 1525 multa
3194 1470 3263 1524 de
3302 1470 3425 1536 illo,
3455 1469 3617 1538 cujus

1916 1569 2192 1627 memoria
2230 1563 2635 1638 pratereunda
2678 1559 2870 1631 potius
2922 1563 3007 1612 est
3049 1574 3224 1628 quam
3272 1571 3619 1610 commemo-

1916 1658 2140 1715 randa?
2191 1656 2335 1720 Quia
2381 1652 2635 1724 profecto
2687 1648 2863 1713 vides,
2914 1648 3184 1700 miserum
3234 1645 3397 1698 illum
3446 1643 3619 1697 fuisse

1918 1748 2237 1811 hominem,
2271 1743 2371 1814 qui
2410 1756 2513 1795 nec
2556 1739 2616 1792 in
2645 1738 2851 1791 ultima
2899 1753 3001 1789 sua
3048 1740 3213 1789 atate
3250 1734 3508 1803 linguam
3546 1731 3617 1789 ab

1917 1832 2327 1892 obtrectatione
2378 1828 2554 1883 sancti
2613 1825 2719 1879 viri
2768 1840 3131 1895 compescere
3183 1821 3384 1874 voluit.
3443 1820 3617 1890 Cujus

1918 1927 2091 1982 etiam
2139 1922 2381 1994 gloriam
2412 1918 2471 1971 in
2520 1916 2634 1970 line
2684 1913 2889 1967 mundi
2934 1917 3363 1982 conspecturus.
3415 1908 3616 1962 dicet:

1917 2016 2034 2071 Hic
2057 2017 2157 2079 est,
2198 2025 2356 2082 quem
2397 2004 2700 2074 aliquando
2735 2002 2903 2056 habui
2930 2004 2987 2053 in
3021 2000 3205 2053 derisu
3238 2003 3287 2051 et
3320 2000 3379 2049 in
3420 1996 3619 2050 simili-

1919 2104 2108 2160 tudine
2136 2098 2472 2169 improperii.
2506 2096 2620 2161 Ego
2652 2094 2959 2145 insensatus
3008 2091 3178 2141 vitam
3216 2087 3334 2155 ejus
3373 2086 3621 2138 astima-

1922 2195 2045 2248 bam
2094 2191 2369 2245 insaniam
2414 2190 2465 2238 et
2504 2186 2659 2252 ﬁnem
2705 2181 2822 2250 ejus
2871 2181 2986 2233 sine
3033 2178 3246 2229 honore.
3296 2175 3435 2227 Ecce
3484 2186 3623 2241 quo-

1922 2281 2075 2336 modo
2124 2280 2464 2346 computatus
2509 2276 2585 2326 est
2628 2273 2771 2323 inter
2815 2268 2957 2337 ﬁlios
3001 2267 3097 2320 Dei
3135 2269 3184 2317 et
3224 2265 3364 2317 inter
3412 2264 3624 2315 sanctos

1922 2385 2037 2425 sors
2058 2369 2205 2422 illius
2249 2371 2342 2420 est.
2382 2361 2631 2417 Audiant
2663 2359 2787 2423 ista,
2837 2354 2937 2426 qui
2988 2353 3095 2406 soli
3144 2349 3359 2405 carnali
3404 2346 3625 2418 cupidi-

1924 2454 2027 2510 tati
2052 2449 2376 2507 inserviunt
2422 2454 2477 2500 et
2506 2441 2788 2499 consimili
2833 2437 3048 2493 invidia
3096 2436 3285 2489 virum
3333 2432 3431 2487 Dei
3477 2432 3621 2484 inse-

1926 2543 2270 2617 quebantur,
2330 2541 2403 2603 et,
2466 2538 2849 2601 utrorumque
2898 2528 3013 2582 line
3070 2531 3397 2595 conspecto,
3454 2536 3627 2592 quem

1924 2611 2126 2704 pocius
2166 2624 2383 2682 imitari
2415 2621 2683 2685 debeant,
2716 2616 3046 2685 exemplum
3073 2611 3356 2682 accipiant
3382 2625 3395 2675 ;
3429 2613 3485 2661 et
3516 2622 3631 2661 me-

1927 2718 2207 2775 minerint
2240 2712 2331 2779 ‘59,
2381 2713 2629 2766 alterum
2682 2722 2796 2760 non
2842 2706 2921 2758 ita
2971 2700 3196 2771 magnis
3225 2698 3432 2771 opibus
3462 2696 3631 2750 locu-

1928 2808 2163 2880 pletem,
2207 2807 2292 2857 set
2333 2798 2540 2854 cotidie
2590 2811 2695 2867 per
2734 2794 2939 2848 domos
2984 2790 3425 2848 discurrentem.
3479 2799 3633 2837 nunc

1931 2895 2123 2960 minis,
2178 2906 2330 2946 nunc
2381 2887 2591 2941 misera
2635 2879 3087 2937 subsannatione
3135 2878 3327 2930 alvum
3380 2874 3629 2941 implen-

1928 2991 2066 3050 tcm,
2090 2985 2147 3036 et
2174 2977 2403 3033 tandem
2435 2971 2611 3026 veluti
2642 2986 2816 3040 pecus
2863 2967 3123 3037 saginato
3169 2963 3438 3017 cadavere
3472 2959 3630 3011 salu-

110 3090 199 3145 his
229 3087 482 3153 miseris,
515 3102 644 3140 cum
677 3086 734 3139 in
767 3082 1024 3138 tabernis
1060 3081 1196 3135 vino
1254 3085 1503 3134 aestuans
1534 3075 1823 3131 derisisset
1855 3077 1895 3131 C
1934 3078 2051 3128 tem
2100 3082 2262 3123 suam
2307 3063 2498 3118 seculo
2540 3074 2817 3130 spemque
2860 3056 3120 3126 sepulcro
3171 3052 3434 3115 dedisse;
3490 3048 3630 3101 item

113 3183 380 3233 sanctum
410 3175 727 3240 hominem,
760 3166 828 3226 ad
879 3172 1027 3225 hanc
1075 3170 1245 3224 etiam
1291 3167 1679 3221 miserabilem
1721 3181 1821 3217 vo-

110 3286 231 3324 cem
258 3265 538 3333 erupisse,
593 3263 847 3317 animam
880 3259 1133 3314 hominis
1178 3257 1321 3311 nihil
1376 3272 1496 3308 esse
1545 3259 1602 3308 et
1646 3253 1704 3307 in
1739 3253 1825 3305 ul-

120 3356 264 3410 timo
313 3354 453 3409 ﬂatu
494 3352 555 3407 in
588 3367 756 3404 auras
802 3347 1035 3419 penitus
1086 3359 1443 3400 evanescere.
1499 3343 1562 3396 Et
1600 3340 1737 3412 quia
1766 3339 1828 3393 in

119 3444 335 3499 noticia
370 3445 548 3498 Deum
597 3436 809 3494 habere
860 3435 1065 3501 noluit,
1115 3434 1353 3503 insuper
1403 3431 1577 3485 etiam
1637 3444 1829 3483 servos

122 3529 219 3582 Dei
261 3527 527 3582 obscenis
573 3525 763 3577 verbis
816 3523 1098 3593 impetere
1147 3537 1265 3576 non
1315 3520 1530 3585 timuit,
1592 3516 1832 3572 tradidit

122 3634 251 3673 eum
292 3619 441 3672 Deus
473 3616 532 3668 in
567 3613 877 3683 reprobum
901 3627 1155 3677 sensum,
1203 3616 1269 3663 ut
1296 3609 1508 3663 faceret
1541 3611 1598 3661 et
1628 3607 1829 3676 loque-

132 3713 289 3761 retur
320 3722 388 3760 ea
436 3719 565 3775 qua
598 3717 714 3756 non
767 3700 1160 3754 convenirent.
1194 3698 1353 3754 Unde
1400 3703 1456 3751 et
1500 3694 1742 3764 conligit
1770 3696 1833 3747 ut

127 3797 280 3851 illius
314 3792 585 3866 potestati
640 3790 963 3845 traderetur
1010 3788 1173 3857 cujus
1220 3786 1327 3839 ista
1376 3783 1648 3837 instinctu
1697 3795 1828 3849 age-

129 3889 243 3941 bat.
308 3887 452 3941 Nam
508 3883 703 3953 aliquo
761 3876 945 3949 spatio
993 3876 1100 3930 sibi
1155 3875 1227 3929 ad
1270 3871 1667 3945 paenitentiam
1699 3872 1833 3938 post

130 3974 282 4042 dato,
323 3989 431 4027 nec
462 3977 655 4026 tamen
685 3967 1066 4037 resipisceret,
1106 3963 1198 4017 die
1230 3962 1478 4033 quadam
1506 3959 1652 4012 sicut
1689 3971 1833 4010 sem-

1933 3162 2200 3223 alterum,
2244 3169 2374 3208 cum
2438 3150 2522 3204 illi
2570 3147 2756 3202 omnis
2811 3146 2948 3199 boni
2991 3142 3153 3213 copia
3197 3140 3529 3210 suppeteret
3578 3137 3635 3187 et

1935 3249 2042 3305 sibi
2073 3261 2220 3319 pene
2273 3240 2468 3296 omnia
2511 3238 2582 3292 ad
2617 3253 2750 3290 usus
2780 3248 3104 3306 pauperum
3137 3228 3498 3283 subtraheret
3522 3224 3637 3277 fru-

1936 3312 2199 3393 ctuosum
2256 3331 2514 3385 laborem
2564 3323 2750 3396 gratia
2807 3321 2908 3376 Dei
2969 3318 3247 3388 largiente
3302 3314 3374 3367 ad
3425 3312 3637 3365 calcem

1938 3440 2118 3496 usque
2148 3418 2498 3493 perduxisse.
2534 3414 2658 3477 Cui,
2702 3409 2976 3483 quamdiu
3026 3406 3188 3472 vixit,
3234 3403 3424 3456 vivere
3468 3397 3638 3454 Chri-

1939 3518 2055 3567 stus
2104 3515 2247 3578 erat,
2297 3512 2353 3561 et
2396 3504 2546 3560 mori
2574 3504 2819 3556 lucrum.
2858 3499 2971 3553 Nos
3003 3511 3136 3549 vero
3167 3494 3225 3546 in
3270 3497 3477 3544 nostra
3506 3501 3635 3539 nar-

1939 3600 2180 3656 rationis
2210 3597 2411 3651 itinere
2452 3607 2679 3646 amana
2726 3594 2892 3658 prata
2922 3582 3253 3653 conspicati,
3306 3594 3422 3632 nou
3455 3574 3637 3630 inuti-

1940 3692 2070 3747 liter
2099 3706 2132 3743 a
2163 3687 2255 3742 via
2295 3683 2650 3746 divertimus,
2696 3684 2753 3732 et
2796 3693 2900 3748 per
2932 3676 3051 3728 loca
3087 3669 3473 3744 pulcherrima
3503 3680 3637 3718 ocu-

1941 3779 2026 3832 los
2074 3773 2561 3834 circumferentes,
2618 3765 3038 3836 aliquantulum
3089 3757 3372 3815 demorati
3418 3768 3641 3819 sumus,

1941 3871 1999 3920 et
2028 3863 2272 3918 necdum
2305 3858 2482 3913 odore
2511 3852 2977 3909 dulcissimorum
3018 3848 3223 3902 ﬂorum
3272 3840 3489 3909 saciati,
3545 3853 3643 3891 sa-

1943 3951 2073 4022 pius
2105 3948 2506 4018 respectantes,
2539 3946 2790 4011 captum
2822 3938 2932 3991 iter
2979 3934 3255 4006 perlicere
3284 3925 3639 3983 conabimur.

1033 4244 1531 4323 EXPLICIT
1613 4239 1934 4315 LIBER
2025 4238 2086 4310 I.
2166 4228 2574 4306 INCIPIT
2661 4224 2766 4297 ΙΙ.

1873 4417 1916 4470 D
1958 4427 2180 4467 servare
2209 4405 2523 4472 constituit,
2556 4417 2811 4474 sperans,
2841 4399 2888 4452 si
2918 4413 3049 4452 cum
3079 4392 3188 4449 sibi
3212 4389 3548 4461 adjunctum
3579 4381 3651 4418 ¹⁶³

1951 4502 2206 4567 haberet,
2239 4496 2402 4553 facile
2453 4510 2510 4547 se
2560 4504 2797 4545 suorum
2847 4484 3109 4539 omnium
3152 4474 3436 4533 dominari
3466 4487 3647 4543 posse.

1956 4593 2032 4646 Ex
2081 4606 2149 4643 eo
2191 4562 2460 4656 tempore
2508 4581 2658 4634 inter
2691 4578 2880 4647 ipsum
2927 4578 2985 4626 et
3025 4567 3348 4626 Baldricum
3392 4562 3652 4616 simulta-

1954 4685 2039 4734 tes
2073 4676 2145 4713 ¹⁶⁶
2187 4648 2566 4730 nascebantur
2598 4669 2710 4738 (an.
2771 4664 2955 4731 1011).
2989 4660 3057 4712 Et
3104 4671 3233 4710 cum
3278 4657 3483 4707 neuter
3512 4648 3653 4703 alte-

1956 4783 2087 4822 rum
2117 4763 2224 4819 sibi
2251 4759 2607 4833 superiorem
2640 4770 2762 4810 esse
2794 4754 3105 4824 pateretur,
3141 4745 3425 4798 conventu
3463 4744 3657 4793 tamen

1959 4854 2167 4926 sapius
2198 4852 2349 4905 inter
2386 4864 2443 4902 se
2476 4847 2643 4911 facto,
2687 4844 2949 4911 suspecta
2997 4832 3250 4891 amicitia
3299 4827 3365 4865 ¹⁶⁷
3416 4827 3655 4881 uteban-

1959 4913 2073 4998 tur.
2108 4941 2204 4997 Set
2250 4954 2339 4992 res
2387 4936 2486 4990 illa
2530 4929 2763 4987 conatui
2812 4928 3134 4981 Wicmanm
3171 4919 3456 4983 obstabat,
3508 4913 3661 4987 quod

1963 5030 2207 5087 eandem
2249 5026 2470 5096 copiam
2517 5034 2790 5092 agrorum
2840 5017 2899 5071 in
2943 5013 3123 5070 Gallia
3152 5024 3328 5081 quam
3375 5003 3664 5062 Baldricus

1964 5134 2079 5175 non
2108 5095 2411 5181 habuerat,
2453 5109 2712 5183 quamvis
2741 5112 2798 5161 et
2822 5107 2944 5177 ipse
2988 5104 3130 5157 latos
3156 5100 3299 5154 tines
3338 5096 3398 5150 in
3430 5095 3664 5149 Germa-

1966 5207 2062 5262 nia
2084 5209 2324 5265 teneret,
2372 5206 2431 5256 et
2459 5198 2602 5254 nihil
2645 5211 2819 5269 quam
2852 5191 3009 5265 quod
3054 5204 3183 5244 cum
3217 5198 3391 5240 uxore
3437 5192 3666 5248 accepe-

352 4438 400 4489 l.
443 4436 519 4488 De
541 4430 818 4486 simultate
844 4426 1088 4483 Baldrici
1116 4428 1166 4478 et
1199 4421 1509 4479 Wicmanni
1540 4415 1627 4471 “5°.

210 4526 524 4594 Postquam
554 4516 807 4589 prafecti
829 4511 1121 4570 Godefridi
1147 4516 1205 4566 et
1249 4510 1387 4564 item
1409 4503 1739 4578 Wigmanni
1772 4504 1837 4540 ¹⁶¹

142 4630 230 4668 res
254 4614 315 4667 in
347 4608 620 4665 amicitia
654 4603 727 4639 ¹θ²
759 4604 946 4659 tadus
976 4604 1382 4663 convenerant,
1431 4611 1675 4665 eamque
1720 4608 1843 4646 rem

144 4702 399 4772 utrisque
461 4699 519 4753 in
579 4699 871 4767 posterum
923 4690 1057 4745 satis
1111 4687 1219 4742 sibi
1271 4684 1525 4757 prasidii
1592 4682 1846 4736 futuram

146 4789 559 4852 existimarent,
588 4782 911 4853 3prafectus
964 4777 1224 4837 moritur,
1276 4774 1513 4844 tilioque
1559 4786 1662 4826 suo
1714 4784 1847 4839 pro-

148 4883 269 4949 pter
297 4875 650 4949 probitatem
690 4870 887 4942 patris,
922 4878 979 4922 et
1022 4881 1308 4921 summam
1341 4860 1567 4917 consilii
1604 4858 1848 4929 diligen-

149 4946 459 5038 tiam—qua
511 4976 740 5031 semper
787 4957 986 5028 viguit,
1040 4954 1379 5027 prafectura
1434 4949 1698 5003 traditur.
1759 4946 1853 5000 Set

152 5056 282 5126 quia
309 5054 385 5089 ¹⁶³
419 5053 575 5107 iners
608 5055 665 5103 et
689 5046 905 5102 nullius
932 5042 1159 5099 consilii
1205 5039 1536 5109 nulliusque
1566 5051 1730 5107 pane
1753 5050 1850 5087 va-

153 5144 412 5199 litudinis
459 5144 603 5207 erat,
634 5136 908 5193 amicitia
940 5140 1135 5190 tamen
1167 5128 1631 5191 conventionem,
1679 5138 1855 5196 quam

157 5234 301 5304 patri
347 5232 721 5285 Wicmannus
773 5224 847 5260 ¹⁶⁸
895 5224 1222 5288 devoverat,
1265 5217 1525 5274 consulto
1585 5213 1698 5286 ipsi
1727 5228 1858 5267 con-

1580 5336 1814 5391 VARUS
1855 5328 2254 5387 LECTIONES.

2031 5443 2101 5479 ¹⁵⁹
2151 5439 2461 5497 meminert
2502 5453 2549 5491 c.

2039 5514 2107 5551 ³⁸⁵
2156 5512 2433 5583 adjunctu
2473 5523 2521 5562 c.

3222 5421 3291 5455 ¹⁶¹
3343 5417 3592 5487 wigman
3620 5432 3667 5469 c.

3240 5492 3309 5525 ¹⁶τ
3340 5486 3594 5544 amiticia
3624 5504 3671 5540 c.

2634 5432 2706 5468 ¹⁶⁰
2748 5424 3055 5484 wincmani
3096 5440 3141 5480 c.

892 5459 961 5497 ¹⁸⁷
1009 5461 1318 5529 ocupatum
1346 5472 1391 5511 c.
1476 5451 1545 5487 ¹⁵⁸
1592 5448 1874 5523 pertraxit
1903 5464 1949 5501 c.
2031 5448 2101 5479 ‘5”
2151 5448 2461 5497 meminert
2502 5453 2549 5491 c.
2635 5448 2706 5468 ιυυ
2748 5448 3019 5484 Wincman

901 5548 920 5554 -
1020 5530 1090 5554 ιιι
1116 5530 1506 5554 ..;..,...............
1538 5526 1618 5554 δι..
1669 5522 1865 5554 οωηδηα
1909 5533 1936 5554 ,ς
2039 5514 2107 5551 uti
2157 5512 2430 5554 adiuncti]
2473 5523 2521 5554 η.
2604 5506 2670 5541 1⁸⁸
2719 5502 3019 5554 simultant

2719 5510 3082 5556 simultantes
3110 5510 3157 5549 c.

232 5469 299 5502 ³⁵⁸
340 5469 423 5522 bis
470 5467 746 5522 scriptum
767 5479 808 5517 c.

588 5481 746 5535 ptum
767 5481 808 5517 6.
894 5481 956 5497 "'
1009 5481 1318 5529 ocupatum
1346 5481 1391 5511 υ.
1476 5481 1542 5487 ’⁷⁷
1595 5481 1685 5523 νει
1703 5481 1741 5503 ιι
1755 5481 1874 5503 αλιι.
1903 5481 1949 5501 υ.

638 5536 705 5571 ¹⁶³
760 5537 841 5588 ita
893 5548 939 5587 c.
1020 5530 1090 5568 ¹⁶⁸
1116 5530 1509 5583 wincmannus
1538 5526 1622 5577 ita
1666 5522 1865 5591 saepius
1909 5533 1956 5571 c.

166 5538 479 5593 H“amicia
507 5553 554 5592 c.
638 5536 705 5571 ¹⁶³
760 5537 841 5588 ita
893 5548 939 5587 c.

164 5614 378 5680 sapius.
