3968 6470
283 386 376 439 ib“?
1233 386 1526 444 ALPERTI
1567 390 1622 444 S.
1666 387 2135 446 SYMPUORIANI
2181 386 2477 443 METENS.
2526 384 2828 442 MONACH.

3695 390 3859 442 468

276 512 365 563 rat
413 509 495 562 eis
525 511 780 564 Hrenum
820 510 930 582 (42)
975 510 1248 579 haberet;
1305 513 1457 584 quod
1504 516 1698 566 tamen
1747 512 1981 567 alterius
2009 515 2051 568 Α
2090 514 2204 576 tur,
2235 509 2319 563 illi
2349 509 2449 581 qui
2478 508 2630 563 infra
2661 508 2940 578 oppidum
2971 513 3154 576 erant,
3189 509 3564 581 desperantes
3598 525 3670 563 ne
3702 507 3858 564 ob-

275 593 455 666 copiis
486 594 702 666 aequari
746 611 862 649 non
903 601 1149 665 poterat.
1199 597 1355 651 Unde
1403 597 1745 668 quibusdam
1795 597 1974 652 Cisre-

275 683 440 738 nanis
493 683 882 738 familiaritate
943 685 1015 740 ad
1068 702 1127 739 se
1185 685 1405 746 vinctis,
1467 686 1548 740 eis
1598 685 1737 756 quid
1770 686 1859 740 sui
1902 686 1975 740 sit

275 772 497 826 consilii
516 772 791 843 proponit
818 773 949 842 (43).

361 860 443 915 De
499 862 714 916 castello
771 863 1084 915 Wicma-nni
1139 861 1207 894 ¹⁶⁸
1254 877 1288 914 α
1334 863 1587 917 Baldrico
1639 868 1970 933 expugnato,

754 955 802 1004 et
832 950 896 1003 de
917 952 1122 1004 Munna
1156 949 1224 986 ¹⁶⁹
1258 953 1487 1004 munita.

348 1041 445 1092 Est
489 1043 761 1109 stagnum
805 1039 1078 1110 palustri!)
1132 1055 1163 1092 a
1228 1040 1382 1093 Mosa
1430 1039 1668 1094 flumine
1717 1040 1978 1095 ducentis

281 1127 543 1199 passibus
575 1128 813 1194 distans,
846 1127 994 1181 infra
1033 1128 1188 1197 quod
1230 1133 1352 1181 erat
1386 1128 1546 1182 collis
1575 1129 1834 1199 exiguus,
1876 1130 1979 1183 dif-

279 1217 446 1273 ficilis
495 1218 649 1272 aditu
697 1249 766 1257 -—
807 1233 939 1270 nam
995 1216 1104 1269 nisi
1151 1216 1281 1270 navi
1331 1221 1568 1286 propter
1614 1216 1976 1271 altitudinem

279 1306 468 1379 stagni
522 1310 580 1359 et
633 1301 1072 1373 impeditionem
1126 1303 1351 1372 paludis
1409 1320 1776 1375 nequaquam
1833 1305 1979 1360 adiri

279 1399 504 1468 poterat
543 1423 632 1458 —,
665 1391 919 1446 studenti
961 1391 1122 1445 novis
1180 1392 1350 1446 rebus
1381 1393 1680 1446 castellum
1728 1391 1975 1446 efﬁcien-

279 1487 416 1540 dum
450 1482 834 1555 promittebat.
877 1483 1039 1536 llunc
1070 1481 1255 1534 locum
1278 1496 1381 1550 per
1415 1481 1630 1535 amicos
1661 1481 1977 1552 cognitum,

279 1571 525 1628 advectis
576 1570 815 1624 navibus
847 1568 1007 1624 adiit.
1043 1570 1166 1634 Quo
1211 1571 1524 1641 explorato,
1579 1570 1852 1641 extimplo
1881 1586 1977 1623 co-

281 1662 401 1733 egit
430 1675 699 1731 magnam
731 1657 800 1693 ¹⁷⁰
833 1658 1266 1712 multitudinem
1297 1664 1676 1726 armatorum,
1727 1665 1785 1713 et
1812 1659 1980 1712 rusti-

279 1751 359 1805 cis
387 1749 642 1818 undique
677 1747 944 1810 evocatis,
978 1752 1034 1801 et
1063 1747 1215 1801 fossa
1261 1747 1324 1801 in
1352 1749 1594 1802 circuitu
1648 1749 1815 1811 facta,
1857 1748 1977 1802 edi-

280 1841 487 1894 tiorem
513 1835 824 1892 admodum
863 1834 1010 1890 fecit.
1056 1835 1238 1899 Quem
1295 1837 1442 1890 vallo
1495 1836 1891 1903 circumdedit,
1925 1842 1982 1892 et

281 1927 536 1983 turribus
576 1924 845 1994 evocatis,
878 1924 1258 1979 munitionem
1296 1925 1432 1978 satis
1463 1925 1691 1979 firmam
1719 1925 1976 1995 perfecit.

285 2011 424 2066 Dein
457 2009 719 2063 finitimis
750 2025 864 2062 non
897 2007 1019 2062 sine
1050 2009 1700 2078 arrogantiaimperare,
1735 2015 1798 2064 ut
1825 2026 1980 2064 com-

283 2103 504 2155 meatus
533 2098 606 2152 ad
638 2097 915 2168 oppidum
943 2101 1332 2168 apportarent.
1374 2098 1646 2153 Custodes
1676 2099 1849 2168 ipsos,
1883 2099 1984 2170 qui

285 2189 338 2243 ei
370 2187 680 2242 consilium
710 2185 1008 2253 dederant,
1044 2186 1354 2240 munitioni
1395 2186 1652 2258 adponit.
1689 2189 1868 2253 Quem
1893 2189 1983 2242 lo-

285 2293 416 2331 cum
457 2276 516 2330 in
557 2274 848 2346 reliquum
883 2279 1108 2345 tempus
1149 2275 1219 2328 ad
1269 2275 1638 2344 optinendam
1689 2277 1985 2347 praefectu-

287 2382 432 2431 ram,
465 2368 522 2418 et
551 2361 875 2417 Baldricum
921 2362 968 2416 si
1015 2362 1155 2434 quid
1204 2369 1507 2418 conaretur
1537 2364 1754 2419 facilius
1798 2365 1983 2435 repri-

288 2454 584 2520 mendum,
619 2452 758 2506 satis
787 2450 1061 2506 idoneum
1089 2451 1471 2507 existimabat.
1522 2453 1644 2517 Qua
1674 2470 1734 2508 re
1767 2456 1983 2520 audita,

293 2541 581 2597 Baldricus
628 2541 1000 2595 vehementer
1024 2541 1414 2612 perturbatur,
1456 2541 1689 2614 suisque
1743 2543 1986 2598 fortunis

291 2629 692 2684 difficillimam
769 2629 1032 2695 credidit,
1115 2635 1172 2684 et
1236 2630 1348 2683 nisi
1407 2630 1492 2684 his
1549 2631 1986 2686 adversitatibus

291 2735 518 2773 summa
559 2734 695 2772 cura
727 2733 842 2771 non
882 2717 1249 2788 prospiceret,
1285 2719 1599 2773 maximum
1645 2737 1762 2774 suae
1794 2721 1984 2792 digni-

290 2807 422 2861 tatis
457 2807 738 2860 honorem
783 2821 841 2859 se
881 2805 1230 2860 amissurum
1278 2822 1391 2860 non
1423 2807 1737 2862 dubitabat.
1787 2810 1987 2880 Itaque

291 2895 608 2950 convocatis
655 2893 954 2949 clientibus
999 2894 1136 2961 suis,
1186 2911 1430 2965 quorum
1464 2912 1739 2967 magnum
1786 2914 1988 2953 nume-

291 3000 421 3037 rum
463 2983 729 3049 habebat,
761 2987 818 3036 et
849 2983 1051 3054 legatis
1098 2983 1546 3054 circumquaque
1578 2984 1785 3051 missis,
1820 2987 1986 3040 Lant-

2084 598 2336 653 sessione
2385 615 2416 650 a
2473 614 2576 651 suo
2627 597 2861 651 domino
2897 597 3299 663 liberarentur,
3332 605 3389 652 et
3419 599 3696 652 timentes
3725 613 3854 652 ne

2083 686 2217 740 victi
2277 684 2682 739 inclementius
2739 688 3096 749 tenerentur,
3148 686 3388 756 jamque
3446 685 3562 739 illis
3622 685 3861 738 victus

2083 772 2323 827 deficere
2353 771 2635 842 coepisset,
2669 773 2887 842 legatos
2925 771 2994 825 de
3027 771 3319 826 deditione
3351 773 3422 826 ad
3473 772 3859 826 Baldricum

2087 860 2384 915 miserunt.
2423 859 2676 930 Cognitis
2702 875 2906 914 eorum
2939 861 3260 931 postulatis,
3309 866 3370 914 ut
3409 860 3852 914 munitionem

2085 948 2270 1018 ipsam
2302 964 2478 1019 quam
2507 949 2758 1002 fecerant
2813 948 2931 1001 suis
2963 948 3232 1004 manibus
3263 949 3374 1019 ipsi
3423 949 3864 1003 incenderent

2086 1042 2260 1107 atque
2292 1037 2654 1091 destruerent
2699 1036 2892 1107 jussit.
2941 1037 3104 1100 Quod
3151 1042 3214 1091 ut
3255 1037 3468 1091 factum
3508 1042 3617 1103 est,
3648 1037 3850 1090 illa:—

2087 1141 2177 1179 sos
2233 1140 2362 1178 curn
2417 1123 2535 1178 suis
2589 1123 2858 1178 omnibus
2920 1125 3076 1179 abire
3129 1126 3413 1195 permisit.
3472 1126 3569 1180 His
3627 1126 3846 1178 rebus

2087 1213 2378 1279 confectis,
2429 1227 2559 1266 cum
2616 1211 2765 1266 vires
2797 1212 3048 1266 hostium
3100 1213 3466 1267 Wicmannus
3509 1213 3844 1267 sustinere

2088 1300 2394 1368 diffideret,
2457 1301 2710 1354 Hrenum
2753 1301 2899 1353 clam
2945 1299 3248 1364 transiens,
3287 1301 3560 1354 Munnam
3593 1301 3836 1354 castel-

2089 1389 2208 1442 lum
2240 1404 2445 1459 aggere
2476 1393 2533 1441 et
2560 1387 2819 1443 turribus
2844 1388 3059 1442 edicius
3089 1387 3311 1454 extulit,
3348 1394 3404 1442 et
3439 1389 3576 1459 quia
3621 1405 3846 1459 supra.

2090 1481 2346 1530 montem
2394 1480 2516 1529 erat
2562 1476 2838 1546 positum,
2876 1481 2993 1530 tam
3022 1475 3188 1530 facile
3240 1476 3380 1531 illud
3410 1476 3678 1542 munivit,
3739 1483 3842 1530 ut.

2090 1564 2202 1618 nisi
2229 1564 2522 1626 obsidione
2551 1563 2872 1635 expugnari
2917 1581 3029 1618 non
3075 1563 3346 1634 potuerit.
3407 1566 3608 1619 Hostes
3661 1582 3832 1618 vero

2091 1653 2242 1707 vicos
2269 1659 2326 1708 et
2355 1651 2541 1706 vicina
2583 1653 2709 1707 loca
2751 1653 2966 1707 crebris
3007 1652 3453 1720 incursionibus,
3487 1669 3560 1707 ne
3593 1655 3836 1707 castel-

2096 1747 2241 1801 lanis
2268 1746 2396 1802 usui
2451 1747 2660 1816 forent,
2707 1747 2926 1818 rapinis
2969 1752 3025 1802 et
3055 1749 3394 1819 plerumque
3425 1749 3576 1802 caede
3609 1753 3822 1801 vasta-

2096 1842 2249 1890 runt.
2309 1835 2630 1906 Adjuvabat
2685 1835 2857 1890 etiam
2918 1852 3009 1890 res
3073 1835 3334 1902 Baldrici,
3400 1837 3554 1907 quod
3607 1836 3827 1890 adhuc

2091 1922 2276 1994 gratia
2306 1922 2676 1992 imperatoris
2708 1924 2887 1976 multa
2921 1923 3185 1976 utebatur
3217 1920 3311 1986 ‘7“,
3347 1929 3402 1977 et
3441 1922 3823 1977 Coloniensis

2091 2011 2400 2066 sacerdotis
2454 2017 2511 2065 et
2543 2011 2742 2065 domui
2789 2011 3088 2066 Adelboldi
3120 2011 3392 2081 episcopi,
3450 2012 3551 2082 qui
3583 2011 3818 2065 celebri

2091 2099 2244 2154 fama
2274 2098 2534 2153 omnium
2565 2104 2777 2152 nostras
2807 2099 2991 2153 aetatis
3021 2099 3476 2169 sapientissimus
3507 2104 3561 2154 et
3589 2099 3816 2154 Laciali

2092 2188 2291 2259 lingua
2323 2189 2492 2258 longe
2523 2188 2968 2242 facundissimus
3000 2193 3058 2243 et
3086 2188 3324 2242 maximi
3354 2189 3440 2242 vir
3460 2188 3682 2260 ingenii
3714 2196 3817 2243 est

2091 2277 2322 2332 habitus
2360 2319 2374 2345 ,
2433 2276 2649 2330 auxilia
2702 2277 2808 2331 sibi
2863 2276 3116 2332 adscivit.
3177 2277 3502 2332 Gerhardus
3565 2293 3812 2349 quoque

2094 2363 2463 2429 Mosellensis,
2495 2369 2554 2419 et
2586 2365 2944 2432 Lantbertus,
2979 2365 3049 2419 de
3091 2365 3299 2437 quibus
3346 2382 3519 2436 supra
3548 2367 3812 2420 mentio-

2094 2469 2224 2508 nem
2279 2453 2538 2519 fecimus,
2590 2469 2984 2525 quascumque
3041 2454 3378 2508 acerbitates
3433 2459 3490 2508 et
3543 2454 3814 2524 pericula

2093 2557 2223 2594 cum
2256 2557 2324 2594 eo
2356 2557 2415 2595 se
2452 2542 2668 2595 laturos
2700 2541 2988 2596 dixerunt.
3037 2542 3103 2597 Hi
3135 2541 3294 2595 enim
3323 2542 3437 2596 duo
3469 2558 3699 2613 semper
3730 2545 3813 2596 ad

2094 2644 2295 2683 omnes
2338 2632 2529 2682 motus
2573 2633 2632 2683 et
2661 2628 3361 2696 seditionesfconcitandas
3391 2635 3556 2684 erant
3583 2630 3806 2700 parati.

2167 2720 2217 2770 3.
2261 2719 2334 2771 De
2362 2717 2570 2786 Aspola
2597 2716 2714 2787 (44)
2746 2717 2813 2770 ab
2844 2717 3122 2772 Adelbodo
3142 2719 3387 2786 episcopo
3418 2719 3651 2773 obsessa.

2171 2807 2302 2859 Post
2334 2807 2456 2859 haec
2506 2821 2677 2859 causa
2726 2805 2933 2874 extitit,
2985 2822 3099 2876 qua
3150 2805 3394 2860 domnus
3446 2807 3810 2862 Adelboldus

2093 2893 2467 2963 Trajectensis
2494 2893 2758 2948 sacerdos
2786 2899 2972 2948 castra
3013 2893 3375 2965 imperatoris
3407 2895 3568 2960 adiit,
3603 2899 3661 2950 et
3710 2895 3809 2949 his

2095 2985 2334 3052 prapter
2361 2998 2490 3054 qua:
2530 2987 2764 3036 venerat
2792 2982 3060 3051 peractis,
3105 2982 3236 3036 navi
3267 2998 3370 3053 per
3404 2985 3654 3038 Hrenum
3708 2999 3807 3038 re-

293 3072 522 3126 bertum
551 3072 639 3137 1'”,
673 3072 834 3140 cujus
864 3086 1040 3140 supra
1069 3072 1428 3125 mentionem
1460 3071 1720 3138 fecimus,
1755 3076 1812 3125 et
1849 3074 1989 3127 Ger-
2023 3076 2061 3127 C
2099 3076 2362 3140 portatus
2390 3075 2491 3125 est.
2525 3070 2666 3142 Equi
2696 3087 2829 3125 vero
2867 3072 2992 3142 ejus
3046 3087 3148 3142 per
3178 3070 3365 3141 ripam
3398 3071 3654 3140 ejusdem
3682 3073 3809 3126 llu-

293 3161 558 3228 hardum,
591 3160 756 3229 cujus
782 3158 1057 3230 singulari
1085 3159 1336 3214 amicitia
1371 3175 1507 3214 usus
1535 3165 1641 3230 est,
1670 3165 1726 3214 et
1757 3167 1992 3216 caeteros

295 3249 506 3304 amicos
550 3248 611 3301 in
641 3263 824 3301 unum
861 3247 1062 3318 coegit,
1095 3247 1348 3319 ipsisque
1393 3249 1791 3318 praesentibus,
1824 3251 1991 3321 quid-

299 3352 429 3390 nam
482 3339 679 3389 contra
733 3350 790 3388 se
848 3339 1170 3405 pararetur,
1229 3335 1483 3405 exponit.
1547 3337 1612 3390 Et
1669 3353 1837 3391 causa
1892 3356 1989 3392 co-

299 3424 460 3495 gnita
487 3425 576 3489 ‘7’,
609 3439 732 3476 sese
764 3422 823 3476 in
853 3439 980 3477 eam
1010 3428 1233 3493 partem
1282 3425 1501 3477 futuros
1531 3440 1704 3494 quam
1734 3425 1830 3480 ille
1859 3444 1993 3482 con-

301 3510 595 3578 stituisset,
640 3510 925 3565 dixerunt.
977 3510 1195 3574 Quibus
1250 3527 1380 3566 cum
1423 3513 1727 3582 magnifice
1783 3515 1995 3584 gratias

302 3599 530 3669 egisset,
562 3598 703 3669 ipsis
734 3599 1101 3653 hortantibus
1130 3604 1301 3670 atque
1335 3600 1720 3670 cupientibus,
1763 3603 1836 3656 ad
1867 3619 1996 3658 mu-

298 3687 579 3741 nitionem
640 3688 874 3740 accessit
931 3688 1025 3755 “3,
1079 3704 1341 3760 eamque,
1399 3689 1459 3743 in
1511 3695 1791 3761 quantum
1851 3691 1996 3746 situs

297 3775 526 3845 paludis
556 3775 837 3845 permisit,
870 3775 1110 3830 obsedit.
1151 3777 1290 3831 Nam
1321 3783 1525 3832 natura
1557 3778 1666 3832 loci
1705 3784 1891 3833 totum
1926 3776 1992 3816 ¹⁷δ

297 3864 747 3929 circumvallare,
801 3863 932 3917 sinu
970 3863 1153 3934 stagni
1185 3865 1413 3935 longius
1445 3872 1730 3935 porrecto,
1767 3883 1884 3921 non
1916 3867 1990 3920 si-

296 3951 487 4006 nebat.
523 3951 807 4022 Oppidani
831 3968 962 4006 vero
983 3952 1121 4006 certi
1141 3953 1293 4023 quod
1328 3954 1506 4008 telum
1531 3953 1590 4008 in
1619 3960 1777 4010 tanto
1807 3956 1991 4025 spatio

299 4036 367 4089 ad
398 4052 456 4088 se
509 4035 659 4105 adigi
705 4051 892 4105 neque
949 4035 1165 4089 remitti
1221 4043 1430 4104 posset,
1493 4039 1639 4091 vallo
1697 4044 1822 4092 tuto
1872 4055 1992 4092 sese

297 4124 664 4178 continebant
695 4129 752 4176 et
793 4129 1061 4177 eventum
1110 4124 1191 4176 rei
1243 4125 1634 4195 expectabant.
1679 4129 1751 4180 At
1800 4127 1991 4181 hostes

297 4211 534 4282 experti,
570 4210 724 4281 quod
764 4210 822 4263 in
867 4211 1039 4264 nullis
1089 4211 1325 4265 omnino
1368 4213 1508 4266 locis
1551 4214 1695 4268 vado
1747 4216 1990 4270 transire

297 4304 549 4371 possent,
593 4303 825 4368 pontem
859 4298 1044 4352 facere
1091 4298 1416 4354 instituunt.
1472 4301 1566 4355 Set
1618 4319 1748 4356 cum
1802 4303 1900 4357 diu
1932 4303 1990 4359 in

297 4388 404 4442 hoc
433 4403 602 4458 Opere
631 4386 978 4449 insisterent,
1015 4391 1069 4440 et
1114 4387 1378 4441 effectum
1411 4390 1632 4444 nullum
1663 4391 1826 4445 labor
1854 4409 1988 4462 ope-

295 4475 546 4530 rantium
579 4481 816 4546 propter
845 4475 1274 4530 inmensitatem
1333 4493 1496 4548 aqua;
1555 4478 1690 4532 dare
1742 4484 1987 4550 poterat,

293 4565 521 4634 incepto
573 4563 918 4617 destiterunt
964 4561 1048 4617 "5.
1116 4565 1372 4635 Denique
1432 4565 1686 4620 adductis
1715 4569 1993 4624 onerariis

294 4650 554 4718 navibus,
592 4649 919 4720 adjungunt
957 4649 1229 4703 animalia
1273 4655 1329 4704 et
1366 4651 1426 4704 in
1465 4657 1733 4722 stagnum
1769 4655 1992 4709 trahere

294 4743 519 4809 parant,
553 4743 617 4791 ut
666 4755 838 4808 super
877 4753 1048 4792 naves
1080 4739 1362 4793 machinis
1407 4742 1702 4794 exstructis
1752 4743 1821 4795 ad
1863 4759 1990 4796 mu-

297 4825 575 4878 nitionem
609 4826 1141 4896 adpropinquarent
1167 4832 1222 4880 et
1253 4843 1511 4899 pugnam
1540 4829 1986 4884 committerent.

294 4915 552 4984 Cumque
583 4929 713 4966 cum
767 4915 963 4983 plures
1013 4913 1135 4968 dies
1165 4915 1225 4969 in
1277 4915 1368 4970 his
1395 4916 1664 4986 operibus
1695 4933 1988 4972 versaren-

2103 3158 2274 3212 miuis
2295 3159 2463 3229 juxta
2491 3160 2763 3230 Aspolam
2785 3159 2951 3214 asuis
2969 3160 3340 3215 reducuntur.
3373 3159 3526 3222 Quos
3563 3159 3809 3215 clientes

2102 3247 2426 3314 Godizonis,
2485 3253 2792 3319 propterea
2821 3248 2976 3318 quod
3034 3247 3304 3302 favebant
3344 3247 3603 3318 partibus
3662 3249 3812 3303 Wie-

2103 3336 2322 3406 manni,
2374 3336 2801 3408 interceperant
2851 3343 3023 3408 atque
3072 3336 3224 3391 inter
3277 3353 3336 3390 se
3367 3337 3813 3393 distribuerant-

2103 3425 2223 3489 Qua
2271 3425 2340 3479 de
2392 3441 2453 3478 re
2495 3425 2792 3496 episcopus
2846 3425 3166 3479 necessario
3217 3430 3562 3489 commotus,
3626 3431 3684 3480 et
3714 3426 3812 3480 his

2101 3511 2330 3582 injuriis
2357 3528 2526 3582 quam
2560 3512 2728 3566 citius
2758 3513 3249 3584 medericupiens,
3283 3512 3554 3567 omnibus
3582 3513 3700 3566 suis
3736 3513 3809 3549 "7

2102 3601 2281 3670 copiis
2313 3617 2444 3654 cum
2479 3601 2732 3655 Baldrico
2763 3601 3012 3666 adscitis,
3063 3602 3132 3656 de
3187 3600 3501 3670 improviso
3544 3601 3810 3668 veniens,

2103 3690 2372 3759 Aspolam
2425 3705 2492 3742 ex
2549 3705 2664 3742 una
2721 3695 2880 3760 parte
2938 3690 3181 3744 obsedit.
3219 3690 3358 3743 Nam
3404 3706 3473 3744 ex
3505 3691 3684 3744 altera
3709 3707 3813 3760 pa-

2103 3777 2236 3831 lude
2294 3782 2350 3830 et
2394 3783 2592 3848 stagno
2624 3777 2925 3848 interjecto
2981 3777 3388 3832 inaccessibilis
3433 3784 3578 3832 erat.
3629 3779 3808 3833 Cum-

2103 3883 2213 3937 que
2243 3866 2465 3936 aliquot
2497 3866 2698 3920 diebus
2746 3867 2953 3920 acriter
3008 3867 3079 3921 ab
3115 3867 3373 3937 utrisque
3421 3873 3807 3936 pugnaretur,

2101 3961 2157 4009 et
2183 3955 2378 4008 omnia
2411 3955 2598 4009 studio
2656 3956 3030 4026 obpugnandi
3084 3956 3509 4026 experirentur,
3567 3963 3810 4027 propter

2102 4043 2430 4097 firmitatem
2464 4043 2574 4096 loci
2605 4048 2660 4097 et
2689 4044 3054 4098 altitudinem
3105 4043 3353 4097 turrium
3389 4044 3533 4097 nihil
3563 4045 3810 4113 prolice-

2101 4147 2162 4185 re
2218 4136 2502 4201 poterant.
2561 4132 2655 4185 Set
2711 4148 2841 4185 cum
2891 4132 3100 4185 frustra
3151 4131 3406 4185 laborem
3459 4148 3517 4185 se
3571 4148 3806 4186 sumere

2099 4220 2380 4285 viderent,
2415 4224 2473 4273 et
2519 4236 2648 4290 spes
2696 4220 2997 4290 prociundi
3052 4219 3208 4290 opidi
3263 4236 3296 4272 a
3354 4237 3413 4273 se
3464 4220 3805 4287 discederet,

2104 4307 2273 4361 simul
2306 4306 2478 4360 etiam
2526 4307 2660 4377 quia
2709 4307 3004 4360 dicebatur
3039 4306 3127 4372 ‘7”,
3162 4308 3352 4360 hostes
3384 4323 3512 4360 cum
3546 4309 3805 4362 exercitu

2103 4395 2457 4460 adventasse,
2518 4394 2946 4465 obpugnatione
3006 4395 3371 4460 destiterunt,
3441 4400 3496 4449 et
3551 4395 3610 4448 in
3673 4413 3808 4450 suas

2101 4483 2262 4536 sedes
2315 4499 2372 4536 se
2404 4489 2760 4553 receperunt.
2799 4484 3110 4554 Episcopus
3151 4499 3282 4537 vero
3332 4485 3420 4537 his
3470 4484 3540 4538 de
3591 4485 3802 4551 causis,

2102 4571 2257 4642 quod
2311 4576 2440 4624 ante
2496 4571 2854 4625 obsidionem
2905 4571 3124 4625 castelli
3173 4571 3386 4626 Godizo
3419 4572 3489 4625 ad
3520 4588 3578 4624 se
3620 4573 3680 4625 in
3712 4589 3804 4642 pe-

2099 4658 2271 4712 tenda
2300 4674 2438 4728 pace
2469 4657 2684 4729 legatos
2727 4660 2978 4726 miserat,
3018 4665 3071 4714 et
3101 4659 3171 4713 de
3210 4657 3440 4728 injuriis
3479 4675 3510 4712 a
3548 4660 3664 4713 suis
3697 4661 3807 4716 sibi

2100 4745 2292 4800 inlatis
2323 4746 2592 4800 omnibus
2624 4748 2945 4801 rationibus
2978 4746 3403 4801 satisfacturum
3432 4749 3801 4814 promiserat,

2099 4833 2361 4903 quamvis
2391 4834 2552 4888 illum
2588 4835 2718 4888 dolo
2755 4835 2912 4906 loqui
2966 4835 3372 4904 suspicaretur,
3424 4842 3480 4889 et
3520 4835 3652 4888 ideo
3686 4838 3806 4891 nul-

2099 4921 2213 4974 lam
2247 4921 2634 4976 conditionem
2685 4922 2844 4992 pacis
2895 4922 3030 4976 dare
3061 4922 3356 4989 voluisset,
3389 4927 3445 4977 et
3498 4939 3668 4977 suum
3699 4924 3804 4978 do-

1708 5026 1939 5081 VARlA-J
1980 5027 2374 5083 LECTIONES.
2471 5089 2474 5092 .

368 5133 902 5214 1°8-_\\’lNChf§NNl
960 5151 1027 5214 c._
1074 5133 1155 5214 _“‘9
1201 5151 1307 5189 vos:
1353 5137 1498 5214 deest
1555 5141 1736 5214 spatio
1785 5141 1994 5195 relicto.
2077 5140 2145 5176 ¹τ⁰
2195 5158 2408 5211 magna
2461 5157 2505 5196 c.
2563 5139 2666 5214 ﬁt“,
2717 5141 3090 5196 lantthertum
3151 5159 3198 5196 c.
3281 5144 3347 5178 ¹⁷²
3403 5142 3699 5214 incognita
3754 5150 3802 5200 l.

291 5205 519 5276 cognita
551 5208 607 5259 2.

289 5273 560 5330 utebatur
587 5292 632 5330 c.
671 5273 736 5309 ¹⁷⁷
769 5277 848 5330 bis
875 5278 1139 5344 scriptum
1170 5279 1216 5330 1.
1253 5275 1321 5313 ¹⁷⁸
1351 5278 1692 5332 dicebantur
1723 5283 1772 5333 1.

698 5203 765 5241 ³⁷³
821 5205 1036 5258 accedit
1068 5209 1114 5260 l.
1167 5207 1402 5261 accessit
1458 5213 1510 5262 2.
1581 5203 1663 5245 "7‘
1718 5215 1942 5264 tantum
2000 5227 2139 5266 corr.
2174 5203 2361 5266 totum
2387 5229 2432 5266 c.
2514 5210 2583 5248 ¹¹²⁵
2637 5213 3022 5267 destituerunt
3064 5229 3110 5268 c.
3193 5214 3262 5248 ³⁷⁸
3316 5203 3634 5268 utebantur
3663 5231 3802 5272 corr.

1936 5385 2157 5440 ΝΟΤίΕ.

362 5501 470 5572 (42)
499 5503 563 5556 In
597 5502 828 5556 sinistra
862 5483 1065 5557 Rheni.

362 5573 470 5642 (43)
501 5573 630 5628 Scil.
664 5573 1044 5627 Wicmannus.

2175 5509 2280 5578 (44)
2307 5512 2391 5563 An
2425 5509 2574 5580 Spel,
2609 5511 2678 5563 ad
2709 5510 3064 5565 confluentes
3100 5509 3284 5565 Rheni
3313 5515 3370 5564 et
3400 5510 3660 5583 Lippiae?
