3968 6484
116 444 239 494 itit)

995 447 1099 501 DE'
1129 444 1589 503 DlVEltSlTATE
1634 451 2019 507 TEMPORUM
2068 453 2253 506 LIBRI
2302 454 2457 508 UUO.
2504 484 2546 491 —
2603 455 2728 508 LIB.
2769 454 2841 509 II.
3570 460 3674 513 470

118 570 338 624 iorem
366 571 492 641 jam
518 572 653 627 satis
697 570 991 642 expiatum
1031 589 1152 627 esse
1181 574 1552 644 populatione
1596 592 1870 645 agrorum
1901 581 1943 630 Α
1984 576 2327 647 digniorem.
2362 577 2691 632 Muneribus
2729 594 2961 648 quoque
2996 578 3221 644 dandis,
3251 579 3400 646 auri,
3432 581 3675 651 argenti,

115 665 182 713 et
219 659 525 724 vicorum,
561 666 617 715 et
646 661 841 715 hostes
864 661 986 731 jam
1018 661 1091 715 ad
1137 662 1442 717 sanitatem
1473 664 1681 718 reverti
1708 664 1868 718 arbi-

118 753 430 814 traretur,
472 749 543 803 ab
579 750 687 804 hac
733 751 982 821 procella
1026 750 1324 805 seditionis
1371 768 1428 804 se
1458 752 1762 820 subtraxit,
1812 759 1870 807 et

118 852 330 905 quem
385 838 600 891 exitum
670 854 760 893 res
824 844 974 892 esset
1026 839 1292 893 habitura
1345 839 1580 894 interim
1640 842 1869 912 quietus

119 930 457 995 expectare
508 926 700 996 cmpit.
758 926 1015 981 Baldrico
1064 932 1257 981 tamen
1302 927 1560 982 studium
1594 945 1765 983 suum
1813 934 1870 984 et

122 1014 439 1068 auxilium
467 1031 698 1085 semper
727 1015 1011 1081 praestitit.

218 1104 281 1158 4.
326 1108 406 1159 De
433 1121 566 1174 pace
595 1108 739 1159 inter
763 1106 1079 1160 Baldricum
1107 1110 1158 1161 et
1199 1107 1580 1161 Wicmannum
1608 1110 1781 1173 facta.

207 1193 441 1246 Munna
471 1198 756 1247 exstructa
804 1198 861 1248 et
903 1194 1148 1259 firmata,
1186 1194 1553 1247 Wicmannus
1596 1195 1868 1248 audacius

122 1280 424 1335 resistere
474 1286 530 1335 et
572 1298 733 1352 spem
765 1283 883 1336 suis
934 1298 1166 1352 augere,
1211 1284 1553 1353 plerumque
1606 1284 1869 1337 hostibus

125 1368 509 1437 improvisus
536 1369 846 1423 adveniens
876 1386 975 1424 eos
1000 1369 1059 1423 in
1092 1370 1287 1441 fugam
1318 1371 1577 1441 conjecit.
1612 1371 1708 1425 Set
1736 1388 1866 1424 cum

124 1456 239 1509 diu
275 1456 613 1511 inimicitiae
659 1457 811 1512 inter
853 1474 951 1513 eos
999 1464 1421 1524 exercerentur,
1472 1464 1527 1513 et
1558 1459 1864 1513 homicidia

129 1544 385 1609 tierent,
430 1549 485 1598 et
514 1544 740 1598 insidias
783 1545 855 1599 ab
908 1546 1166 1616 utrisque
1197 1552 1574 1615 ponerentur,
1615 1552 1670 1601 et
1718 1547 1865 1600 invi-

127 1649 269 1687 cem
339 1635 490 1687 alter
547 1634 619 1686 ab
680 1634 856 1686 altero
908 1634 1226 1704 fugaretur,
1277 1636 1507 1688 tandem
1560 1636 1788 1705 utrique
1836 1654 1869 1688 a

133 1737 282 1791 rege
324 1722 391 1775 in
422 1726 607 1775 castra
638 1728 773 1775 sunt
802 1722 1006 1778 vocati.
1044 1723 1109 1775 Et
1155 1738 1284 1776 cum
1318 1723 1418 1777 diu
1450 1740 1633 1777 causa:
1666 1739 1866 1777 eorum

127 1810 603 1879 discuterentur,
653 1816 710 1864 et
741 1827 838 1865 rex
871 1811 993 1865 sine
1026 1811 1342 1865 offensione
1375 1814 1688 1866 multorum
1724 1827 1865 1865 neu-

128 1904 302 1953 trum
336 1899 776 1954 familiariorezn
802 1900 861 1953 in
883 1900 1305 1955 reconciliando
1326 1898 1397 1934 ‘79
1421 1901 1632 1955 habere
1654 1905 1864 1970 posset,

129 1988 296 2041 inter
350 2004 411 2041 se
464 1988 623 2058 regia
668 1993 947 2058 potestate
994 2005 1195 2058 pacem
1249 1989 1462 2043 habere
1504 1989 1693 2058 jussit.
1745 1990 1867 2052 Qua

132 2081 516 2129 sacramento
565 2076 812 2143 firmata,
861 2076 1265 2130 discesserunt.
1319 2077 1687 2130 Wicmannus
1735 2093 1865 2130 cum

138 2179 269 2217 rem
304 2162 373 2217 in
404 2164 862 2218 commodiorem
894 2170 1101 2219 statum
1125 2165 1457 2219 collocatam
1490 2165 1863 2230 existimaret,

138 2258 199 2307 et
250 2253 408 2308 nihil
443 2254 582 2307 mali
632 2254 838 2308 dehinc
892 2254 1299 2324 suspicaretur,
1352 2260 1416 2308 ut
1453 2258 1623 2325 rupto
1654 2256 1867 2309 fcedere

137 2342 346 2413 aliqua
381 2343 592 2396 seditio
629 2358 829 2397 rursus
857 2343 1123 2406 oriretur,
1158 2343 1436 2397 orationis
1467 2360 1633 2398 causa
1664 2344 1868 2398 limina

139 2431 334 2484 sancti
378 2431 538 2485 Petri
595 2431 751 2485 adire
800 2433 1059 2501 parabat,
1112 2436 1168 2486 et
1205 2433 1548 2502 comparatis
1600 2432 1687 2486 his
1737 2450 1866 2503 qua:

140 2519 253 2573 sibi
318 2519 384 2573 in
439 2519 649 2574 itinere
711 2520 1029 2575 necessaria
1083 2525 1265 2586 erant,
1325 2521 1610 2591 profectus
1662 2526 1747 2574 est
1797 2521 1865 2575 ad

146 2606 396 2662 Urbem.
441 2608 505 2660 In
536 2623 605 2661 eo
648 2608 854 2662 itinere
881 2608 1016 2663 dum
1051 2614 1216 2676 esset,
1258 2625 1400 2663 uxor
1434 2609 1674 2664 Baldrici
1703 2609 1865 2680 quie-

142 2696 216 2749 tis
247 2695 558 2764 inpaciens
604 2702 660 2751 et
700 2713 930 2768 semper
972 2714 1153 2768 prona
1184 2698 1250 2752 ad
1284 2714 1373 2752 res
1403 2714 1580 2753 novas
1611 2698 1866 2753 excitan-

144 2784 267 2851 das,
299 2785 413 2838 hac
446 2784 708 2839 oratione
740 2785 1067 2855 interpellat
1096 2786 1369 2839 maritum
1403 2803 1416 2840 :

512 2874 564 2926 5.
599 2874 788 2929 Oratio
817 2874 1005 2928 Adelaa
1034 2876 1221 2929 uxoris
1252 2875 1514 2928 Baldrici.

222 2983 249 3009 ‹‹
280 2961 573 3015 Saxonem
604 2962 777 3015 istum
821 2961 882 3015 in
923 2967 1081 3016 tanta
1116 2962 1548 3033 propinquitate
1586 2961 1863 3016 aedificio-

149 3065 278 3102 rum
332 3048 591 3103 vicinum
648 3054 911 3104 nostrum
961 3050 1078 3121 pati
1110 3067 1229 3104 non
1278 3067 1553 3120 possum;
1604 3055 1663 3105 et
1692 3066 1865 3121 quem

1982 666 2251 736 preciosai
2284 666 2471 729 vestis,
2512 684 2628 735 non
2675 668 2857 721 deerit
2889 667 2987 720 tibi
3032 668 3233 737 copia;
3285 668 3680 723 incunctanter

1979 754 2172 807 omnia
2202 755 2473 809 tribuam.
2514 778 2533 802 ι
2584 758 2893 809 Persuadet
2942 755 3106 809 facile
3146 756 3374 826 cupido,
3411 762 3469 811 et
3518 773 3678 811 more

1978 842 2277 896 hominum
2329 843 2429 914 qui
2477 844 2795 897 honoribus
2843 844 3062 914 expleri
3110 845 3392 911 nesLiunt,
3444 845 3682 916 suscipit

1980 930 2295 1001 negotium,
2345 947 2462 984 non
2514 932 2700 984 solum
2742 932 2814 984 ad
2864 948 2983 986 suae
3030 933 3329 987 familiaris
3378 933 3462 987 rei
3510 934 3679 987 dam—

1980 1035 2142 1086 num,
2184 1020 2279 1074 sed
2321 1020 2491 1073 etiam
2523 1021 2591 1073 ad
2643 1026 2980 1091 perpetuam
3029 1022 3258 1075 ruinam
3309 1039 3428 1076 sua:
3459 1023 3673 1076 salutis.

1979 1108 2045 1160 Et
2074 1107 2355 1177 quamvis
2380 1124 2580 1177 graves
2625 1125 2810 1161 causa;
2844 1109 3060 1163 irarum
3091 1110 3242 1163 inter
3280 1126 3377 1163 eos
3421 1116 3677 1163 anteces-

1979 1197 2205 1263 sissent,
2236 1202 2427 1250 tamen
2460 1197 2583 1251 haec
2613 1197 2793 1251 fomes
2824 1203 2881 1251 et
2926 1198 3154 1252 initium
3203 1198 3500 1268 utriusque
3532 1198 3677 1252 exti-

1980 1285 2048 1339 tit
2076 1284 2271 1350 exitii;
2315 1291 2373 1339 et
2400 1285 2546 1340 sicut
2602 1285 2865 1340 Hiezabel
2916 1287 3131 1351 Achab,
3162 1287 3243 1339 ita
3281 1294 3339 1341 et
3390 1288 3498 1340 ista
3526 1287 3680 1340 hunc

1978 1373 2049 1427 ad
2081 1373 2298 1443 flagitia
2343 1389 2570 1444 semper
2612 1374 2934 1441 concitavit,
2994 1374 3135 1427 dans
3180 1373 3233 1427 ei
3263 1373 3501 1427 consilia
3549 1373 3679 1443 qui-

1980 1462 2085 1515 bus
2127 1462 2199 1515 ad
2230 1461 2540 1531 perniciem
2576 1478 2739 1515 suam
2791 1466 3067 1529 uteretur,
3112 1461 3293 1516 donec
3339 1461 3677 1515 abhomina-

1980 1550 2109 1604 bilis
2137 1556 2194 1604 et
2222 1551 2449 1604 odiosus
2483 1550 2752 1603 omnibus
2787 1550 2968 1604 fieret.

2296 1642 2348 1693 6.
2382 1640 2461 1692 De
2487 1642 2815 1708 prazfectura
2847 1639 3096 1693 Baldrico
3126 1638 3353 1691 tradita.

2049 1729 2251 1782 Parata
2282 1728 2653 1798 profectione,
2706 1728 2860 1780 venit
2901 1726 2967 1780 ad
3016 1742 3233 1796 regem,
3268 1744 3296 1778 a
3332 1741 3447 1795 quo
3493 1728 3549 1778 et
3578 1725 3674 1779 be-

1979 1815 2155 1886 nigne
2202 1816 2541 1887 suscipitur;
2591 1815 2796 1869 oblatis
2830 1816 2915 1868 his
2961 1831 3091 1885 quae
3140 1814 3427 1876 attulerat,
3479 1829 3677 1866 causas

1979 1905 2258 1959 adventus
2289 1905 2377 1958 sui
2419 1904 2673 1974 exponit,
2706 1908 2762 1957 et
2807 1918 3000 1973 regem
3031 1902 3101 1956 ad
3136 1903 3489 1955 voluntatem
3539 1916 3677 1954 sen-

1978 1992 2171 2047 tentia:
2199 2009 2317 2045 sum
2370 1992 2652 2062 perduxit.
2699 1991 2956 2061 Denique
3004 1991 3212 2045 tradita
3259 1996 3344 2044 est
3374 1990 3426 2043 ei
3474 1989 3679 2061 praefe-

1977 2087 2158 2146 ctura,
2205 2086 2262 2134 et
2290 2096 2362 2134 ne
2393 2080 2464 2133 ob
2495 2080 2604 2133 hoc
2651 2078 2842 2132 civiles
2873 2078 3285 2145 dissensiones,
3334 2078 3487 2130 unde
3517 2092 3679 2131 arma

1978 2169 2211 2223 excitari
2255 2173 2507 2239 possent,
2543 2172 2871 2233 nascantur,
2917 2182 3279 2236 summopere
3310 2165 3676 2219 interdictum

1978 2262 2079 2310 est.
2115 2255 2223 2320 Qui
2271 2272 2401 2310 mox
2435 2261 2499 2309 ut
2542 2256 2711 2310 rediit
2756 2254 2991 2324 Ganipze
3040 2254 3148 2325 (45)
3190 2254 3677 2307 municiunculam

1977 2344 2231 2414 praefecti
2277 2343 2591 2414 propinqui
2637 2342 2725 2396 sui
2753 2342 3069 2413 occupavit,
3114 2347 3171 2395 et
3201 2357 3303 2411 per
3332 2357 3556 2395 servum
3585 2340 3674 2394 fu.

1978 2431 2243 2500 gitivum,
2289 2430 2390 2501 qui
2420 2447 2478 2485 se
2516 2432 2637 2501 jam
2684 2431 2905 2501 pridem
2958 2430 3046 2483 his
3094 2430 3193 2500 qui
3241 2431 3300 2483 in
3341 2429 3486 2482 turri
3518 2433 3679 2481 erant

1978 2520 2280 2574 devoverat
2312 2524 2370 2573 et
2416 2518 2672 2573 studium
2716 2534 2886 2573 suum
2916 2518 3277 2588 promiserat,
3324 2518 3457 2571 dolo
3502 2517 3681 2570 intro-

1977 2608 2182 2663 ductus
2232 2612 2334 2676 est,
2384 2612 2440 2663 et
2471 2624 2568 2661 eos
2620 2624 2763 2678 quos
2818 2607 3180 2678 propinquus
3218 2622 3354 2659 suus
3397 2605 3466 2659 ad
3510 2608 3679 2659 tuen-

1977 2698 2111 2752 dam
2139 2696 2346 2750 turrim
2394 2696 2707 2766 reliquerat
2750 2696 2989 2766 expulit,
3036 2694 3417 2765 praesidiaque
3466 2708 3569 2746 sua
3599 2690 3677 2745 ibi

1977 2786 2155 2857 ponit.

1977 2880 2029 2928 7.
2068 2876 2152 2928 De
2176 2873 2610 2927 reconciliatione
2646 2871 2940 2926 Adelboldi
2967 2872 3207 2940 episcopi
3244 2875 3294 2924 et
3343 2872 3672 2925 Wicmanni.

2050 2963 2154 3017 Ubi
2184 2962 2244 3015 in
2292 2962 2497 3031 vulgus
2539 2959 2740 3030 papuli
2787 2959 3001 3013 elatum
3058 2964 3161 3023 est,
3215 2957 3537 3012 Baldricum
3584 2973 3676 3010 re-

1978 3068 2108 3122 gem
2166 3050 2371 3116 adisse,
2430 3048 2831 3119 prwfecturam
2888 3047 2995 3101 sibi
3058 3062 3380 3117 usurpasse,
3441 3046 3676 3115 Ganipae

149 3152 353 3206 parem
386 3136 489 3190 tibi
522 3152 646 3191 esse
690 3137 841 3192 ferre
875 3154 988 3191 non
1018 3139 1199 3203 valeo,
1249 3138 1296 3191 si
1328 3138 1686 3210 superiorem
1725 3155 1861 3192 con-
1897 3134 1937 3187 C
1974 3140 2181 3194 turrim
2225 3138 2523 3206 invasisse,
2557 3141 2717 3191 tanta
2760 3136 2948 3190 subito
2993 3137 3255 3190 omnium
3296 3134 3673 3189 commutatio

149 3241 415 3295 spexero,
465 3225 657 3279 vivere
691 3226 845 3281 nolo.
881 3226 1123 3281 Proinde
1172 3244 1384 3296 quasso,
1416 3232 1579 3281 utere
1611 3227 1864 3282 consiliis

149 3314 315 3381 meis,
352 3319 413 3369 et
442 3315 617 3369 verba
660 3331 808 3381 mea,
842 3315 1062 3369 ueteris
1107 3316 1257 3370 curis
1296 3315 1645 3386 postpositis,
1681 3316 1864 3369 menti

150 3408 263 3457 tuae
295 3404 587 3470 reconde;
622 3420 686 3458 ex
731 3405 839 3458 hoc
886 3403 1042 3458 enim
1100 3404 1624 3458 fortunatissimum
1655 3409 1708 3457 te
1740 3404 1863 3458 fore

152 3490 365 3546 licebit.
440 3493 579 3546 Ecce
648 3491 753 3545 iste
822 3492 1003 3546 hostis
1068 3497 1292 3560 noster,
1358 3492 1555 3546 videns
1594 3498 1862 3563 nepotem

155 3583 317 3633 tuum
347 3596 470 3634 esse
517 3580 641 3634 sine
673 3580 912 3634 scientia
957 3582 1130 3635 ullius
1177 3581 1421 3647 consilii,
1454 3580 1609 3634 falsis
1656 3581 1863 3635 adula-

153 3668 411 3723 tionibus
440 3669 502 3722 in
534 3668 656 3723 dies
685 3669 924 3727 deludit,
955 3674 1011 3723 et
1042 3669 1382 3739 dignitatem
1413 3685 1575 3723 suam
1598 3674 1652 3722 te
1682 3668 1862 3721 invito

150 3756 270 3824 jam
310 3756 539 3810 invasit.
598 3757 854 3827 Denique
902 3757 998 3812 ille
1045 3757 1284 3811 stolidus
1340 3757 1646 3823 existimat,
1697 3756 1860 3811 illum

156 3860 286 3898 vera
314 3844 600 3899 affinitate
640 3845 973 3909 adductum,
1022 3845 1241 3898 sincere
1289 3844 1407 3898 suis
1438 3844 1608 3898 rebus
1650 3846 1859 3909 favere,

160 3937 212 3986 et
239 3949 352 3988 non
386 3941 583 4003 potius
612 3933 685 3987 ob
714 3934 841 4000 hoc,
876 3938 939 3987 ut
966 3934 1129 3987 illum
1160 3934 1218 3986 in
1249 3934 1509 4003 proximo
1537 3933 1862 4003 principatu

160 4021 385 4091 dejiciat
416 4028 476 4076 et
503 4022 624 4092 ipse
654 4024 844 4075 locum
877 4024 1001 4093 ejus
1032 4022 1209 4075 nimia
1240 4039 1341 4075 sua
1380 4022 1690 4076 calliditate
1717 4022 1860 4075 arri-

160 4109 291 4178 piat.
321 4112 388 4165 Et
417 4111 510 4165 cui
544 4111 787 4164 dubium
818 4117 918 4174 est,
953 4111 1119 4165 illum
1144 4112 1262 4181 jam
1298 4110 1523 4180 pridem
1555 4111 1861 4165 adversum

163 4201 213 4250 te
243 4215 416 4268 prava
474 4197 713 4253 moliri?
759 4200 971 4268 Egone,
1017 4199 1064 4251 si
1120 4200 1203 4251 vir
1250 4215 1454 4261 essem,
1507 4215 1640 4253 eum
1683 4198 1744 4252 in
1775 4198 1862 4252 his

164 4287 497 4356 regionibus
554 4287 869 4342 consistere
917 4288 1216 4341 sinerem?
1273 4289 1337 4341 Et
1391 4288 1438 4341 si
1491 4304 1667 4355 nunc,
1724 4304 1863 4358 pace

165 4374 322 4443 facta,
348 4378 505 4447 justa
557 4376 779 4430 occasio
814 4377 973 4430 nulla
1013 4375 1335 4442 intercedit,
1386 4392 1500 4447 qua
1534 4373 1604 4409 ¹⁸⁰
1632 4392 1761 4429 cum
1793 4392 1861 4429 eo

166 4464 347 4530 palam
381 4466 731 4520 contendere
781 4464 983 4534 possis,
1031 4465 1140 4518 hoc
1186 4465 1375 4517 saltim
1418 4464 1586 4518 facito
1621 4480 1633 4517 :
1666 4480 1864 4533 regem

167 4552 335 4621 adito,
367 4560 426 4608 et
454 4553 877 4623 praefecturam,
927 4569 1056 4623 qua:
1082 4551 1297 4621 justius
1342 4568 1411 4606 ex
1442 4552 1593 4606 linea
1622 4568 1864 4606 consan-

170 4640 460 4709 guinitatis
491 4648 551 4695 et
580 4641 849 4711 prosapia
879 4642 1164 4711 majorum
1199 4646 1427 4694 tuorum
1460 4640 1563 4694 tibi
1594 4640 1866 4710 obtingit,

170 4732 467 4795 postulato.
520 4731 579 4785 Si
610 4736 847 4801 propter
875 4731 985 4784 hoc
1032 4729 1238 4800 aliquis
1284 4730 1564 4783 tumultus
1602 4730 1673 4783 ab
1704 4729 1865 4783 hoste

88 4872 91 4875 .
171 4816 461 4874 adversum
513 4825 569 4872 te
618 4819 1019 4883 concitabitur,
1072 4819 1193 4888 ipse
1232 4818 1336 4871 tibi
1388 4818 1547 4887 prius
1584 4817 1862 4887 peccabit,

172 4907 334 4976 tuque
361 4912 726 4963 sacramento
762 4907 1069 4962 adstrictus
1098 4923 1216 4960 non
1245 4906 1552 4960 teneberis.
1584 4906 1733 4969 Quid
1763 4906 1868 4961 tibi

176 4994 432 5051 obsistit?
465 4997 617 5061 Quid
665 4996 958 5065 impedit?
988 4994 1358 5066 Amplissima
1396 4995 1626 5061 domus,
1658 4994 1861 5049 latissi-

178 5096 262 5136 ma
304 5086 540 5155 praedia,
601 5084 813 5138 milites
844 5083 1142 5139 numerosi
1187 5083 1338 5137 vires
1386 5083 1492 5137 tibi
1532 5087 1587 5136 et
1616 5082 1869 5137 favorem

178 5170 492 5230 adtribuent
548 5172 640 5240 ¹⁸¹,
692 5173 987 5226 neminem
1033 5188 1206 5242 quam
1240 5177 1297 5226 te
1344 5172 1451 5225 hoc
1488 5171 1708 5225 honore
1751 5186 1871 5224 esse

1974 3231 2123 3283 facta
2183 3232 2286 3286 est.
2350 3232 2414 3281 ut
2469 3231 2688 3280 mentes
2750 3241 2865 3279 non
2913 3226 3099 3278 solum
3166 3223 3541 3278 finitimorum
3590 3226 3677 3275 set

1976 3316 2152 3371 etiam
2205 3315 2659 3370 domesticorum
2719 3315 2788 3368 ab
2822 3330 2890 3368 eo
2950 3313 3009 3367 in
3081 3318 3306 3367 tantum
3348 3317 3674 3365 averteren—

1974 3412 2070 3461 tur
2124 3404 2216 3471 ¹⁸²,
2249 3411 2314 3459 ut
2344 3404 2510 3476 pauci
2560 3403 2771 3475 reliqui
2819 3408 3012 3457 essent
3059 3401 3158 3473 qui
3194 3402 3318 3472 ejus
3365 3400 3513 3454 facta
3560 3414 3675 3452 non

1975 3496 2397 3550 detestarentur
2454 3494 2545 3546 ³⁸³.
2600 3494 2755 3547 Inter
2803 3494 2970 3562 Alpes
3023 3492 3357 3546 Wicmanno
3411 3488 3675 3543 redeunti

1972 3600 2064 3637 res
2121 3588 2280 3653 gesta
2336 3582 2657 3645 nuntiatur,
2719 3596 3046 3650 magnaque
3102 3594 3238 3632 cura
3294 3576 3673 3641 afficiebatur,

1974 3671 2130 3741 quod
2160 3670 2481 3724 remedium
2535 3669 2666 3722 huic
2707 3668 3074 3721 incommodo
3124 3666 3417 3736 repperire
3460 3668 3671 3733 posset.

1977 3762 2115 3815 Nam
2141 3758 2370 3829 publice
2414 3758 2588 3810 armis
2631 3773 2752 3809 rem
2784 3756 3057 3826 incipere,
3094 3760 3277 3808 metus
3307 3751 3670 3822 imperatoris

1972 3846 2354 3917 prohibebat;
2392 3844 2541 3898 unde
2586 3844 2657 3897 ab
2685 3843 2866 3896 animi
2913 3843 3124 3896 virtute
3165 3842 3469 3895 consilium
3502 3844 3560 3893 et
3585 3856 3670 3892 ra-

1971 3936 2186 3989 tionem
2243 3933 2609 4004 quaerendam
2678 3948 2798 3985 esse
2849 3932 3066 3987 statuit.
3128 3930 3285 3985 Talia
3343 3928 3671 3984 sollicitanti

1971 4042 2063 4080 res
2092 4022 2542 4094 oportunissima
2582 4022 2652 4075 ad
2701 4021 3045 4090 capiendum
3093 4020 3394 4073 consilium
3444 4018 3665 4072 accidit.

1972 4114 2248 4168 Audierat
2303 4128 2552 4182 namque
2601 4126 2833 4165 omnem
2878 4112 3155 4180 populum
3207 4114 3401 4163 contra
3450 4107 3669 4162 Baldri-

1973 4217 2103 4255 cum
2163 4215 2554 4254 murmurasse
2608 4205 2663 4252 et
2719 4199 2988 4252 omnibus
3039 4198 3305 4268 precibus
3358 4197 3483 4267 ejus
3530 4195 3673 4249 facta

1975 4289 2281 4354 detestari;
2310 4287 2440 4341 ideo
2483 4287 2732 4357 primum
2762 4286 2818 4339 in
2852 4286 2939 4340 his
2969 4286 3381 4339 elaborandum
3420 4300 3542 4337 esse
3569 4283 3673 4336 de—

1896 4413 1938 4465 υ
1978 4376 2172 4440 crevit,
2205 4380 2267 4429 ut
2297 4375 2471 4429 etiam
2515 4375 2728 4429 auxilia
2757 4374 3010 4444 episcopi
3043 4374 3239 4428 domui
3274 4372 3572 4465 Adelboldi
3603 4370 3673 4424 ab

1978 4480 2045 4518 eo
2075 4464 2421 4527 detraheret,
2474 4468 2531 4516 et
2560 4480 2719 4533 spem
2765 4462 2834 4515 ad
2882 4463 3045 4516 illum
3079 4479 3136 4515 se
3176 4460 3489 4531 recipiendi
3518 4461 3672 4513 ulte-

1976 4552 2097 4605 rius
2139 4567 2255 4605 non
2308 4551 2564 4614 haberet,
2617 4548 2927 4602 amicitiam
2982 4550 3106 4616 ejus
3152 4548 3261 4601 sibi
3313 4548 3672 4616 adjungeret,

1976 4641 2100 4710 ejus
2149 4640 2485 4693 auctoritate
2532 4642 2588 4690 et
2636 4636 2889 4690 subsidio
2937 4636 3157 4689 hostem
3206 4636 3276 4689 ab
3308 4636 3536 4706 incepto
3582 4636 3676 4689 de-

1975 4728 2177 4783 terreri
2230 4743 2391 4797 posse
2457 4724 2815 4779 existimavit.
2872 4724 2967 4778 Set
3020 4724 3155 4795 quia
3212 4724 3468 4777 nondum
3520 4724 3675 4778 bono

1976 4816 2169 4870 animo
2215 4815 2276 4869 in
2304 4816 2495 4885 ipsum
2526 4830 2593 4868 ex
2632 4814 2722 4868 his
2768 4812 2997 4883 injuriis
3040 4829 3184 4884 quas
3213 4813 3421 4869 Godizo
3466 4812 3550 4867 illi
3586 4813 3675 4867 in-

1977 4904 2196 4960 ferebat
2250 4904 2569 4968 videbatur,
2628 4902 2881 4974 primum
2938 4918 3040 4973 per
3100 4902 3319 4974 legatos
3380 4902 3676 4957 hominem

1979 4998 2260 5064 temptare
2308 4992 2612 5062 disposuit.
2666 4992 2925 5062 Cumque
2960 4990 3185 5045 aditum
3217 4992 3277 5044 in
3325 4992 3450 5061 ejus
3478 4991 3677 5046 amici-

1978 5082 2119 5136 tiam
2167 5086 2361 5151 patere
2412 5079 2789 5150 cognovisset,
2848 5096 2917 5132 eo
2969 5080 3125 5150 quod
3174 5079 3433 5134 Baldrico
3481 5096 3548 5133 ex
3592 5080 3679 5133 his

1980 5170 2152 5224 rebus
2200 5169 2270 5223 de
2327 5168 2539 5239 quibus
2598 5184 2771 5239 supra
2821 5168 3277 5223 demonstratum
3328 5173 3412 5223 est
3462 5168 3679 5222 amicus

1578 5294 1810 5347 VARIAS
1862 5292 2154 5348 LECTION
2167 5293 2262 5347 ES.

245 5398 306 5434 "9
332 5402 648 5458 reciliando
678 5418 724 5457 c.

802 5401 875 5436 ¹⁸⁰
900 5418 1073 5473 quam
1106 5417 1152 5456 c.

182 5470 423 5528 terentur
450 5491 495 5528 c.

1233 5400 1301 5435 ¹⁸¹
1355 5401 1691 5456 adtribuunt
1748 5416 1887 5455 corr.
1938 5399 2269 5455 adtribuent
2325 5415 2371 5453 c.

2454 5397 2523 5433 ¹⁸³
2564 5403 2961 5454 averterentur
3004 5415 3050 5453 ο.
3131 5398 3202 5433 ¹⁸³
3235 5400 3316 5452 ita
3368 5396 3536 5450 Eckh.
3583 5396 3679 5450 de-

1818 5559 2043 5613 ΝΟΤίΕ.

253 5660 349 5731 (45)
372 5664 635 5733 Gennep,
665 5662 735 5716 ad
761 5663 1155 5718 confluentem
1192 5661 1402 5715 Niersoe
1428 5666 1485 5715 et
1520 5662 1706 5727 Mosae,
1742 5660 1800 5714 in
1833 5677 1982 5731 pago
2016 5658 2463 5713 Hattuariorum.
