3968 6474
268 366 365 420 471

274 501 392 542 non
421 489 546 541 erat
593 483 685 552 ωδ,
717 483 874 538 venit
901 483 972 538 ad
1020 498 1174 548 eum,
1208 485 1264 536 et
1293 497 1420 536 cum
1477 479 1547 516 ¹⁸³
1580 481 1650 536 de
1697 481 1787 536 his
1821 481 1976 551 injn-
2005 481 2052 533 Α

277 575 446 630 stitiis
488 571 562 609 ³⁸⁵
610 589 741 644 quae
789 573 1093 644 episcopus
1140 575 1376 641 questus
1423 569 1492 605 1⁸⁷
1541 573 1628 624 est
1672 586 1705 624 a
1753 585 1811 623 se
1853 575 1910 622 et
1947 585 1980 622 a

278 663 397 717 suis
449 661 648 716 amicis
687 661 796 715 sibi
847 660 1061 724 inlatis,
1113 658 1577 713 satisfaciendum
1625 658 1684 712 in
1729 662 1979 728 potesta-

279 756 398 806 tem
427 750 552 820 ejus
582 749 946 820 promitteret
988 747 1082 814 ³⁸⁸,
1124 764 1229 818 pro
1275 747 1550 816 temporis
1593 747 1981 816 oportunitate

281 839 456 894 ﬁdem
487 843 544 892 et
591 837 900 892 amicitiam
933 837 1082 890 inter
1129 851 1190 889 se
1219 839 1553 889 sanxerunt.
1595 834 1864 899 Quamvis
1912 834 1982 888 de

283 927 672 984 conventione
733 926 968 982 illorum
1033 923 1322 978 Baldricus
1379 937 1586 992 parum
1635 927 1981 988 moveretur,

281 1023 479 1073 tamen
524 1019 806 1086 potestate
855 1011 1110 1084 episcopi
1140 1011 1202 1064 in
1245 1009 1386 1064 locis
1428 1010 1528 1081 qui
1559 1011 1632 1064 ad
1676 1011 1985 1080 praefectu-

284 1121 409 1160 ram
462 1103 827 1176 pertinebant
868 1103 964 1171 jus
995 1100 1184 1154 dicere
1237 1098 1563 1169 prohibitus
1609 1104 1712 1153 est.
1767 1100 1988 1170 Episco-

285 1211 394 1267 pus
439 1192 636 1247 videns
683 1192 1010 1246 adcrescere
1059 1186 1442 1242 dissensiones
1491 1191 1548 1240 et
1585 1186 1646 1240 in
1689 1185 1811 1240 dies
1861 1186 1987 1239 lites

287 1280 507 1353 augeri,
554 1283 816 1333 metuens
849 1293 920 1330 ne
969 1274 1295 1329 temeritate
1341 1289 1540 1327 eorum
1573 1274 1734 1344 plebs
1764 1273 1991 1327 labere-

287 1375 400 1437 tur,
434 1373 492 1424 et
538 1383 775 1438 sperans
816 1362 1232 1419 controversias
1272 1379 1375 1416 sua
1421 1362 1755 1416 auctoritate
1801 1359 1988 1415 minui

286 1474 475 1529 posse,
539 1455 694 1510 diem
761 1452 1050 1524 colloquio
1116 1450 1417 1506 constituit
1469 1466 1681 1521 eosque
1732 1450 1801 1505 ad
1839 1450 1989 1504 hanc

286 1545 482 1601 venire
505 1544 656 1599 fecit.

629 1634 678 1688 8.
717 1632 799 1685 De
825 1630 1104 1684 sententiis
1136 1631 1278 1682 inter
1305 1642 1390 1682 eos
1417 1628 1651 1682 collatis.

359 1723 668 1792 Postquam
717 1735 784 1773 eo
840 1722 1185 1772 conventum
1235 1720 1338 1782 est,
1387 1715 1690 1786 episcopus
1726 1714 1836 1769 hoc
1877 1713 1986 1768 ini-
2024 1749 2061 1802 Β

289 1810 433 1865 tium
482 1808 762 1863 orationis
813 1806 1058 1861 habuit:
1092 1822 1151 1859 se
1194 1820 1348 1875 aegre
1386 1804 1534 1858 ferre
1577 1809 1660 1858 tot
1690 1809 1883 1858 motus
1927 1803 1988 1857 in

291 1899 414 1954 dies
463 1895 944 1952 inrationabiliter
986 1894 1333 1957 adcrescere,
1386 1897 1652 1962 oportere
1684 1893 1754 1947 ad
1795 1891 1987 1961 cogni-

291 1988 506 2042 tionem
560 2001 725 2039 suam
759 1990 815 2038 et
843 1983 1106 2036 omnium
1144 1980 1244 2052 qui
1286 1980 1440 2052 justa
1468 1981 1774 2034 decernere
1816 1980 1994 2033 velint

292 2075 531 2142 referre,
583 2078 642 2128 et
693 2071 796 2128 has
840 2070 1139 2142 improbas
1187 2068 1514 2135 seditiones,
1571 2069 1780 2139 quibus
1830 2067 1994 2138 plebs

291 2163 544 2230 laeditur,
602 2159 729 2232 agri
783 2159 1230 2230 depopulantur,
1289 2157 1496 2211 debere
1553 2155 1878 2226 comprimi.
1935 2155 1993 2209 Si

293 2269 429 2307 vero
460 2249 776 2322 pertinatia
815 2249 1092 2303 desistere
1128 2246 1370 2313 nollent,
1419 2245 1780 2316 imperatoris
1825 2249 1995 2315 pote-

295 2344 440 2394 state
485 2343 543 2394 et
578 2337 699 2392 suis
744 2335 926 2407 copiis
974 2334 1030 2388 vi
1080 2339 1402 2396 coacturos,
1435 2338 1502 2387 ut
1542 2333 1613 2387 ab
1643 2333 1870 2402 incepto
1901 2338 1993 2386 tu-

297 2426 485 2480 multu
537 2423 838 2488 absistant,
898 2421 1272 2476 demonstrat.
1321 2420 1402 2474 Ad
1463 2421 1584 2473 haec
1631 2419 1998 2474 Wicmannus

297 2511 595 2583 respondit
626 2526 640 2564 :
673 2510 1008 2580 intellegere
1041 2525 1184 2573 sese,
1234 2523 1363 2578 quae
1405 2512 1884 2562 commemoraret
1928 2507 1998 2562 de

299 2602 461 2656 horto
493 2599 743 2654 tumultu
793 2613 915 2653 esse
945 2613 1079 2650 vera
1112 2595 1201 2662 ³⁸9,
1235 2611 1340 2650 nec
1384 2610 1734 2666 quamquam
1768 2595 1842 2630 ¹⁹⁰
1871 2597 2000 2666 plus

301 2687 514 2744 doloris
561 2702 734 2758 quam
783 2686 971 2756 ipsum
1021 2685 1222 2740 exinde
1270 2701 1492 2754 capere,
1539 2689 1594 2738 et
1640 2701 1699 2738 se
1729 2685 1788 2739 in
1840 2689 1998 2754 pote-

304 2781 507 2830 statem
556 2787 720 2828 suam
769 2774 1118 2836 dediturum,
1163 2778 1221 2826 et
1271 2773 1538 2827 omnibus
1583 2773 1924 2842 rationibus,
1956 2773 2002 2826 si

305 2879 417 2934 qua
449 2863 616 2932 culpa
664 2861 1022 2928 criminatur,
1055 2861 1479 2915 satisfacturum
1527 2862 1839 2931 promittit;
1881 2879 2002 2915 sese

304 2957 499 3006 tamen
555 2950 879 3021 permoveri
932 2950 1084 3021 quod
1147 2949 1457 3017 Baldricus,
1511 2954 1640 3020 post
1693 2951 2002 3005 amicitiam

304 3040 457 3095 inter
489 3056 586 3092 eos
619 3039 927 3106 ﬁrmatam,
977 3038 1114 3092 belli
1159 3037 1324 3092 initia
1354 3037 1576 3108 primus
1617 3038 2003 3102 concitaverit,
2046 3025 2086 3080 (ἶ

305 3128 636 3198 praefectum
688 3127 1080 3198 propinquum
1132 3126 1309 3192 illius,
1361 3127 1461 3196 qui
1507 3126 1620 3180 ﬁde
1663 3133 1721 3180 et
1767 3127 2007 3180 consilio

307 3217 579 3287 prodesse
610 3215 827 3282 debuit,
872 3215 1031 3269 omni
1064 3215 1281 3268 honore
1315 3214 1386 3268 ab
1437 3230 1505 3267 eo
1540 3215 1848 3284 spoliatum
1888 3220 1946 3270 et
1977 3232 2008 3269 a

309 3305 635 3376 principatu
685 3304 988 3372 deiectum,
1024 3302 1135 3372 ipsi
1165 3307 1222 3356 et
1249 3301 1519 3356 omnibus
1549 3303 1894 3372 nationibus,
1939 3305 2009 3358 ad

311 3409 456 3464 quas
487 3393 639 3446 fama
671 3396 845 3446 tanta:
878 3391 1318 3446 inhumanitatis
1349 3391 1645 3460 pervenire
1670 3393 1878 3462 potuit,
1911 3393 2009 3447 de-

312 3480 574 3536 testabile
603 3480 803 3534 videri.
852 3479 960 3544 Qui
1011 3479 1123 3533 nisi
1153 3479 1223 3533 ab
1272 3478 1361 3532 his
1391 3479 1620 3549 injuriis
1663 3481 1916 3536 discedat
1957 3487 2014 3536 et

312 3568 558 3623 liberam
587 3568 918 3622 facultatem
949 3567 1033 3621 illi
1064 3567 1124 3621 in
1173 3566 1288 3621 suis
1319 3567 1542 3636 legibus
1572 3568 1654 3622 uti
1693 3570 2008 3639 permittat,

313 3673 379 3712 ex
409 3656 512 3710 illa
540 3656 730 3710 saltim
778 3655 1078 3722 afﬁnitate,
1112 3655 1265 3727 quod
1317 3671 1571 3711 sororem
1611 3673 1772 3711 suam
1803 3658 1916 3728 (46)
1952 3659 2012 3712 in

315 3745 651 3816 conjugium
689 3744 950 3810 duxerat,
986 3744 1110 3814 ejus
1150 3743 1394 3814 injurias
1440 3759 1559 3798 non
1591 3746 2010 3815 neglecturum,

315 3849 504 3905 neque
557 3833 681 3888 haec
732 3831 996 3887 faciendo
1055 3831 1367 3903 quicquam
1423 3832 1690 3888 maleﬁcii
1742 3835 2014 3889 adversus

315 3921 562 3994 gratiam
623 3920 986 3991 imperatoris
1046 3937 1104 3973 se
1163 3924 1448 3985 acturum,
1495 3922 1827 3990 praesertim
1883 3940 2014 3979 cum

318 4009 608 4073 omnibus,
648 4009 803 4061 unde
850 4008 977 4060 lites
1013 4013 1320 4077 augentur,
1353 4007 1542 4060 studio
1573 4009 1728 4079 pacis
1757 4027 2016 4065 summo-

318 4113 454 4167 pere
481 4111 538 4148 se
569 4095 936 4165 interponere
967 4098 1024 4148 et
1059 4111 1127 4148 ea
1159 4095 1495 4148 submovere
1521 4097 1662 4149 velle
1692 4098 2018 4154 conﬁrmat-

323 4184 614 4240 Baldricus
656 4183 790 4237 huic
833 4183 1130 4236 sententiae
1178 4183 1300 4236 haec
1347 4181 1545 4236 retulit
1579 4198 1591 4236 :
1625 4199 1744 4236 non
1787 4199 1819 4236 a
1857 4199 1916 4236 se
1958 4182 2020 4236 ﬁ-

322 4275 456 4330 dem
488 4273 706 4339 laasam,
760 4284 950 4342 neque
981 4287 1014 4325 a
1043 4287 1101 4324 se
1130 4269 1520 4336 commissum,
1573 4271 1725 4326 unde
1769 4270 2020 4324 amicitia
2048 4301 2090 4354 Β

322 4360 558 4418 dissolvi
621 4359 938 4426 debuisset;
1010 4358 1152 4412 scire
1214 4374 1272 4411 se
1332 4357 1565 4428 quidem
1625 4358 2021 4430 propinquum

322 4466 491 4505 suum
524 4465 638 4504 non
677 4449 776 4504 illa
808 4446 877 4483 ¹⁹¹
924 4447 1163 4503 scientia
1192 4451 1292 4501 aut
1320 4447 1628 4517 prudentia
1665 4464 1787 4502 esse
1818 4454 1884 4502 ut
1914 4448 2023 4503 sibi

322 4539 643 4594 commissae
692 4536 960 4609 dignitati
1008 4551 1206 4591 curam
1251 4534 1462 4590 habere
1514 4540 1734 4606 posset;
1785 4537 1914 4591 ideo
1963 4553 2023 4590 se

321 4627 477 4682 illius
541 4626 712 4682 rebus
778 4625 1180 4689 intermisisse,
1239 4630 1304 4678 ut
1360 4623 1411 4677 ei
1474 4624 1667 4694 potius
1726 4626 2027 4695 prodesset

325 4732 497 4787 quam
529 4715 772 4780 obesset,
804 4719 861 4768 et
889 4714 945 4768 id
980 4730 1090 4768 sua
1117 4713 1412 4767 voluntate
1440 4713 1557 4783 jam
1588 4713 1811 4783 pridem
1855 4730 2025 4784 agere

323 4805 589 4870 voluisse,
620 4804 668 4857 si
703 4803 772 4838 ¹⁹²
820 4803 943 4874 ipse
972 4802 1197 4873 copiam
1247 4817 1377 4856 cum
1407 4818 1475 4856 eo
1513 4802 1882 4873 colloquendi
1923 4803 2026 4856 ha-

326 4891 462 4948 bere
518 4893 824 4962 potuisset;
885 4891 982 4944 sed
1029 4892 1110 4944 ita
1163 4890 1348 4955 illum,
1403 4890 1566 4959 quasi
1621 4890 1727 4944 sub
1777 4890 2028 4961 quadam

328 4980 605 5046 custodia,
665 4995 895 5048 semper
950 4994 985 5032 a
1042 4978 1376 5032 Wicmanno
1435 4977 1760 5032 devinctum
1817 4983 1874 5032 et
1928 4977 2029 5032 tali

329 5067 631 5140 disciplina
665 5067 1058 5134 constrictum,
1103 5072 1168 5121 ut
1205 5083 1394 5139 neque
1437 5067 1509 5121 ad
1556 5073 1917 5122 momentum
1957 5068 2029 5122 ab

1233 360 1533 417 ALPERTI
1572 361 1627 414 S.
1659 354 2138 416 SYMl‘llOBIANl
2167 355 2472 413 METENS.
2519 355 2819 411 MONACH.

3724 349 3862 402 472

2088 479 2266 534 latere
2315 481 2439 551 ejus
2485 477 2775 534 discedere
2823 477 3078 533 auderet.
3126 477 3184 532 Si
3223 478 3512 550 praecepta
3559 486 3864 548 quoque

2087 567 2455 639 imperatoris
2484 567 2695 621 servari
2726 567 3022 635 deberent,
3055 567 3183 632 hoc,
3230 567 3387 638 quod
3418 565 3530 619 sibi
3558 561 3870 636 propria

2089 671 2264 709 manu
2296 655 2546 720 dederat,
2583 655 2864 724 injustum
2909 669 3029 708 esse
3060 655 3130 709 ab
3160 655 3280 708 ullo
3314 653 3604 708 interdici.
3637 647 3873 716 Quod

2091 760 2223 798 vero
2271 743 2505 810 diceret,
2556 758 2624 796 ex
2664 742 2944 797 afﬁnitate
2989 742 3234 813 injurias
3265 743 3389 813 ejus
3432 758 3554 796 non
3601 739 3872 809 negle-

2091 837 2338 900 cturum,
2385 848 2444 885 se
2491 831 2678 902 ipsum
2733 832 2816 885 illi
2850 831 3185 902 propiorem
3232 847 3354 884 esse
3386 825 3872 899 consanguini-

2089 925 2223 984 tate,
2285 919 2385 990 qui
2440 922 2706 973 avunculi
2757 920 2936 989 ipsius
2996 920 3265 974 existeret
3322 919 3495 986 ﬁlius,
3555 924 3613 973 et
3682 916 3870 970 ideo

2092 1009 2252 1062 illam
2279 1007 2620 1077 dignitatem
2653 1023 2722 1061 ex
2747 1013 2908 1078 parte
2943 1008 3228 1078 majorum
3271 1008 3380 1078 ipsi
3404 1009 3618 1078 jnstius
3657 1020 3868 1077 prae-

2093 1104 2180 1152 ter
2229 1101 2498 1168 nepotem
2557 1112 2732 1167 quam
2786 1097 2952 1150 alteri
2994 1096 3280 1151 obvenire.
3333 1097 3499 1161 Quod
3555 1111 3717 1150 vero
3784 1109 3865 1146 se

2095 1185 2301 1241 dixerit
2353 1186 2430 1238 ad
2475 1185 2604 1239 lites
2655 1184 2933 1239 sedandas
2978 1185 3346 1256 interponere
3390 1185 3557 1251 velle,
3608 1182 3863 1238 nemi-

2097 1291 2228 1329 nem
2255 1290 2428 1346 quam
2462 1290 2520 1327 se
2567 1274 2758 1342 ipsum
2787 1274 2846 1328 in
2877 1273 3171 1329 communi
3200 1276 3380 1328 salute
3425 1273 3638 1327 civium
3675 1287 3866 1326 con-

2096 1364 2335 1418 sulenda
2390 1362 2827 1427 studiosiorem;
2890 1363 3279 1416 testimonium
3335 1378 3457 1416 esse
3504 1363 3630 1433 ejus
3705 1357 3860 1422 rei,

2096 1452 2246 1524 quod
2280 1467 2397 1504 non
2427 1467 2494 1504 ex
2521 1450 2700 1521 ipsius
2726 1451 2984 1516 arbitrio,
3029 1455 3114 1505 set
3137 1452 3478 1522 imperatore
3518 1449 3864 1520 largiente

2100 1539 2396 1610 negotium
2445 1537 2759 1608 susceperit
2817 1535 2907 1590 ⁸9³.
2965 1538 3121 1592 Talia
3171 1543 3223 1592 et
3276 1539 3459 1592 multa
3507 1537 3620 1591 alia
3669 1550 3860 1589 cum

2091 1629 2212 1699 jam
2246 1628 2304 1682 in
2337 1627 2578 1698 longum
2610 1626 2763 1681 diem
2810 1627 2884 1681 ab
2918 1627 3177 1698 utrisque
3214 1627 3634 1697 proferrentur,
3696 1622 3864 1694 epi-

2099 1731 2304 1786 scopus
2350 1714 2607 1781 tandem,
2658 1714 2854 1768 litibus
2900 1730 3100 1768 eorum
3148 1714 3377 1784 plenius
3425 1712 3708 1784 cognitis,
3777 1710 3857 1764 in

2099 1803 2242 1859 alios
2287 1807 2602 1857 conventus
2639 1819 2763 1856 rem
2811 1803 3030 1858 deferre
3077 1803 3312 1874 placuit,
3343 1807 3399 1856 et
3441 1801 3677 1856 interim
3725 1815 3859 1871 pa-

2100 1907 2222 1947 cem
2255 1891 2407 1946 inter
2437 1907 2535 1945 eos
2579 1890 2799 1946 firmari
2831 1890 3133 1944 constituit
3177 1890 3290 1960 (an.
3346 1892 3525 1958 1012).
3582 1887 3852 1942 Baldri-

2101 1997 2200 2036 cus
2242 1995 2399 2043 vero,
2449 1980 2602 2051 quod
2649 1979 2930 2034 memoria
2980 1979 3230 2048 tenebat,
3276 1979 3487 2033 sororis
3533 1994 3653 2032 suae
3719 1977 3856 2030 do-

2103 2084 2264 2123 mum
2311 2067 2509 2138 paucis
2566 2067 2768 2122 diebus
2825 2071 2956 2122 ante
3004 2069 3282 2138 quosdam
3330 2084 3396 2122 ex
3445 2072 3611 2138 parte
3662 2065 3850 2118 W’ic-

2104 2155 2304 2211 manni
2358 2155 2653 2222 invasisse,
2708 2160 2766 2210 et
2822 2155 3167 2226 quibusdam
3224 2155 3562 2220 interfectis,
3615 2153 3846 2208 ﬁlium

2103 2245 2260 2300 illius
2307 2245 2547 2298 alterum
2584 2244 2736 2298 intra
2784 2245 3082 2299 ecclesiam
3113 2245 3206 2299 vix
3256 2261 3455 2300 necem
3489 2243 3839 2314 aufugisse,

2105 2340 2164 2389 et
2212 2334 2349 2388 item
2391 2334 2636 2387 alterum
2691 2333 2760 2387 ab
2811 2333 3063 2404 indignis
3109 2338 3339 2404 captum
3385 2338 3442 2387 et
3492 2333 3840 2386 abductum

2108 2438 2246 2486 esse,
2297 2426 2354 2476 et
2399 2421 2526 2475 ideo
2576 2437 2708 2476 cum
2752 2421 2858 2485 his,
2911 2439 2943 2475 a
2985 2422 3194 2494 quibus
3247 2425 3409 2476 tanta
3455 2419 3844 2474 contumelia

2107 2511 2218 2566 sibi
2267 2515 2326 2566 et
2379 2509 2496 2564 suis
2541 2510 2698 2564 illata
2749 2511 2968 2578 fuisset,
3014 2512 3234 2565 nullam
3288 2511 3444 2582 pacis
3496 2510 3841 2564 amicitiam

2110 2598 2232 2652 sine
2293 2597 2674 2652 satisfactione
2739 2599 2946 2653 habere
3007 2615 3175 2668 posse
3231 2598 3665 2654 demonstravit.
3731 2597 3840 2652 Ad

2111 2687 2232 2741 hinc
2269 2688 2636 2741 Wicmannus
2671 2703 2684 2742 :
2720 2690 2780 2744 Si
2809 2691 3066 2754 conferri,
3098 2688 3309 2758 inquit,
3347 2689 3568 2756 injuriae
3597 2687 3837 2752 debent,

2111 2791 2290 2829 unam
2320 2775 2525 2829 harum
2575 2776 2722 2830 hanc
2765 2791 2886 2830 esse
2926 2775 3372 2846 iniquissimam,
3417 2776 3570 2847 quod
3600 2792 3631 2829 a
3662 2790 3845 2828 soro-

2114 2863 2190 2917 ris
2221 2880 2336 2917 sua:
2368 2863 2500 2918 ﬁliis
2534 2864 2790 2918 nondum
2841 2865 3048 2918 adultis
3082 2865 3272 2918 servili
3301 2864 3532 2934 agmine
3575 2879 3843 2933 congre-

2114 2959 2269 3022 gato,
2306 2952 2638 3022 praefectum
2687 2968 2813 3006 cum
2849 2953 3044 3022 paucis
3089 2953 3198 3007 iter
3235 2969 3432 3007 secure
3466 2957 3736 3023 agentem
3771 2957 3842 3005 et

2118 3041 2259 3094 nihil
2301 3041 2437 3094 mali
2467 3057 2500 3094 a
2532 3057 2822 3111 quoquam
2855 3041 3259 3112 suspicantem,
3312 3057 3522 3112 magna
3562 3041 3840 3094 insolen-

2118 3128 2198 3182 tia
2229 3128 2297 3182 de
2330 3129 2621 3199 inproviso
2654 3130 2945 3196 adortum,
2979 3130 3111 3183 etin
3143 3130 3337 3200 fugam
3378 3131 3727 3200 conjectum,
3767 3135 3838 3183 et

2117 3215 2175 3269 in
2225 3232 2383 3269 sacra
2431 3216 2554 3270 aede
2604 3221 2981 3283 contutatum,
3033 3217 3125 3270 vix
3181 3223 3366 3271 morte
3418 3218 3829 3280 subtractum;

2118 3303 2406 3356 neminem
2471 3303 2592 3356 fore
2653 3309 2770 3357 tam
2835 3305 3176 3373 pacientem,
3236 3305 3336 3375 qui
3393 3307 3565 3358 talem
3630 3309 3831 3358 actam

2117 3391 2497 3462 periculosam
2536 3390 2944 3445 contumeliam
2986 3392 3225 3446 inultam
3271 3393 3514 3446 transire
3561 3392 3682 3461 pati
3713 3409 3833 3462 po-

2119 3480 2322 3534 tuisset
2357 3477 2446 3534 ‘9‘.
2501 3479 2789 3534 Baldricus
2839 3479 2936 3533 ubi
2968 3480 3328 3534 manifestius
3377 3480 3661 3534 intellexit
3711 3482 3835 3536 sibi

2120 3568 2328 3634 resisti,
2377 3568 2516 3622 dixit
2563 3583 2929 3639 nequaquam
2981 3585 3100 3622 rem
3149 3570 3364 3623 exitum
3415 3569 3599 3634 illum,
3644 3586 3834 3641 quem

2120 3656 2204 3709 illi
2255 3656 2668 3723 existimarent,
2730 3672 2852 3709 esse
2899 3655 3247 3711 habituram.
3303 3658 3366 3711 Et
3415 3673 3544 3710 cum
3594 3673 3663 3711 ex
3717 3659 3836 3711 hoc

2121 3745 2406 3798 tumultus
2451 3760 2600 3815 pene
2645 3743 3004 3812 excitaretur,
3036 3747 3268 3799 accessit
3296 3745 3365 3799 ad
3415 3762 3547 3799 eum
3583 3746 3836 3816 quidam

2124 3833 2337 3900 dicens,
2392 3838 2446 3887 et
2475 3833 2535 3887 id
2585 3833 2816 3887 clariori
2861 3849 2993 3887 voce
3046 3839 3108 3888 ut
3145 3851 3357 3904 magna
3406 3851 3538 3904 pars
3586 3852 3837 3891 suorum

2123 3922 2366 3985 audiret,
2412 3921 2576 3976 illum
2623 3938 2687 3975 ex
2722 3939 2789 3976 eo
2821 3937 2959 3992 agro
2991 3922 3178 3977 vivum
3213 3939 3331 3977 non
3371 3923 3681 3991 exiturum,
3719 3926 3837 3978 nisi

2125 4010 2234 4064 hoc
2296 4010 2506 4065 faceret
2570 4011 2722 4080 quod
2786 4010 3085 4081 episcopus
3147 4016 3204 4066 et
3267 4013 3638 4066 Wicmannus
3694 4029 3835 4067 con-

2126 4098 2467 4152 stituissent.
2532 4099 2654 4162 Qua
2716 4114 2854 4152 voce
2927 4099 3280 4170 perterritus,
3352 4100 3560 4154 annuit
3607 4104 3674 4154 ut
3719 4118 3835 4172 pax

2127 4188 2309 4251 ﬁeret,
2343 4202 2473 4256 quae
2505 4186 2574 4241 ab
2609 4185 2866 4257 utrisque
2917 4187 2987 4241 ad
3017 4193 3230 4241 certam
3269 4188 3421 4242 diem
3469 4194 3836 4242 sacramento

2128 4275 2356 4330 ﬁrmata
2383 4279 2488 4327 est.

2628 4366 2679 4416 9.
2713 4365 2787 4417 De
2825 4363 2964 4417 dolis
2999 4365 3326 4418 Wicmanni.

2201 4451 2298 4505 Set
2351 4453 2559 4521 praeter
2623 4466 2690 4504 ea
2753 4451 2888 4505 dum
2953 4467 3175 4504 mecum
3241 4456 3464 4520 reputo,
3521 4454 3606 4505 tot
3643 4467 3835 4505 sacra-

2135 4543 2329 4594 menta
2358 4538 2576 4609 perﬁdo
2613 4539 2808 4592 animo
2838 4543 3185 4610 perpetrata,
3218 4540 3624 4593 mirandumne
3655 4540 3727 4593 sit
3756 4557 3836 4593 an

2135 4628 2444 4683 dolendum
2479 4627 2702 4696 dubito,
2729 4644 2796 4681 eo
2834 4628 2990 4698 quod
3023 4627 3107 4681 illi
3139 4628 3238 4697 qui
3269 4643 3494 4681 summo
3525 4629 3744 4683 honore
3779 4635 3840 4684 et

2135 4715 2412 4787 dignitate
2443 4717 2668 4786 praediti
2714 4717 2784 4770 ad
2813 4721 3032 4770 tantam
3063 4716 3368 4787 perﬁdiam
3398 4717 3512 4770 sint
3556 4717 3836 4781 devoluti,

2138 4809 2202 4859 ut
2240 4803 2380 4857 talia
2435 4810 2630 4858 contra
2669 4804 2960 4873 justiciam
3009 4805 3345 4860 Christiana:
3391 4804 3528 4858 ﬁdei
3579 4810 3839 4875 agerent,

2138 4890 2332 4962 qualia
2361 4904 2466 4944 nec
2497 4891 2609 4945 vile
2640 4893 2845 4962 vulgus
2887 4892 3233 4962 cogitatione
3271 4892 3503 4964 quidem
3533 4893 3841 4962 concipere

2138 4985 2545 5050 praesumeret;
2602 4979 2752 5034 unde
2808 4981 2979 5034 etiam
3018 4980 3336 5034 secundum
3383 4981 3676 5034 notarium
3712 4982 3840 5051 Spi-

2138 5067 2284 5122 ritus
2313 5067 2494 5122 sancti
2548 5067 2834 5123 dicentem
2870 5084 2883 5123 :
2916 5071 3036 5126 Non
3066 5069 3327 5138 loquatur‘
3360 5085 3416 5124 os
3459 5084 3634 5124 meum
3676 5085 3841 5140 opera

1738 5181 1974 5236 νΑΒυΕ
2027 5180 2420 5236 LECTIONES.

403 5286 472 5326 ¹⁸ι
532 5289 614 5343 ita
641 5288 718 5343 E.
752 5291 1086 5359 noveratc.
1168 5285 1238 5359 “'5‘
1266 5304 1372 5342 eoa:
1422 5287 1644 5359 excidit.
1730 5285 1799 5359 {3‘
1856 5287 2162 5359 injustit_c.
2245 5285 2323 5359 ¹³⁷ν
2369 5291 2562 5357 gestus
2621 5290 2667 5342 l.
2748 5285 2818 5322 ¹⁸⁶
2875 5288 3239 5359 permitteret
3289 5304 3334 5344 c.
3419 5286 3491 5322 "9
3544 5304 3739 5343 veram
3785 5307 3830 5343 c.

333 5356 406 5393 ¹⁹⁰
428 5374 678 5431 quemq;
718 5361 764 5413 ι.
845 5357 912 5393 ¹⁹¹
946 5357 1100 5414 illic.
1184 5356 1252 5392 ¹⁹³
1283 5375 1343 5410 se
1371 5372 1418 5411 c.
1500 5355 1569 5390 ‘93
1603 5355 1982 5427 susciperit‘l.

2067 5354 2135 5393 '9‘
2165 5354 2420 5429 potuisse
2450 5374 2496 5412 c.

1970 5459 2194 5515 NOTAE.

400 5555 505 5625 (46)
537 5554 813 5611 Praefecti.
