3968 6442
144 368 260 423 473

998 364 1091 420 DE
1132 363 1599 420 DlVERSITATE
1639 360 2030 419 TEMPORUM
2075 361 2265 416 LIBRI
2306 361 2462 417 DUO.
2506 390 2573 399 —-
2614 361 2738 415 LIB.
2782 362 2853 416 Il.

3575 362 3677 414 4⁸74

140 490 433 545 hominum
479 488 645 557 (Psal.
692 503 809 555 xvr,
860 486 931 554 4),
984 484 1163 539 timeo
1225 484 1439 539 referre
1503 483 1859 555 perversissi-
1889 484 1933 536 Α
1973 482 2202 537 Talibus
2232 487 2289 536 et
2329 481 2456 536 aliis
2485 481 2883 552 hujuscemodi
2924 481 3096 536 rebus
3125 481 3297 536 corda
3324 497 3442 535 non
3471 498 3677 551 pauco-

141 593 277 632 mos
300 584 510 632 nostrae
554 591 743 630 mores
782 574 987 638 mtatis,
1022 578 1078 627 et
1105 589 1252 643 pene
1297 574 1456 627 nulla
1491 573 1602 627 fide
1638 572 1861 627 stabili-

141 672 243 721 tos
276 664 364 729 19',
399 671 486 720 set
542 682 686 719 caeca
727 663 1047 734 cupiditate
1088 661 1282 715 miseri
1341 661 1579 716 honoris
1622 666 1678 715 et
1707 662 1863 715 falsae

142 756 431 827 potentia»,
484 755 781 820 adductos,
835 751 1023 805 omnis
1071 750 1448 805 humanitatis
1498 756 1555 804 et
1594 750 1865 804 bonitatis

145 860 281 899 esse
314 844 524 898 oblitos
558 839 652 894 ‘95.
694 842 791 896 Set
830 844 963 894 sunt
1006 840 1270 894 nonnulli
1327 840 1427 911 qui
1465 841 1866 893 Wicmannnm

147 933 215 987 in
270 933 362 987 his
412 932 610 987 litibus
654 929 1005 1001 iniquiorem
1054 946 1177 984 csse
1224 930 1598 997 contendunt,
1652 929 1760 983 hoc
1805 928 1868 982 in

148 1021 495 1092 praesidium
532 1036 649 1074 suae
691 1018 982 1089 opinionis
1027 1023 1404 1084 assumentes,
1438 1019 1592 1088 quod
1624 1034 1712 1084 ea,
1742 1033 1867 1088 quae

149 1111 238 1165 cis
270 1111 523 1164 Hrenum
570 1108 760 1162 minus
789 1108 848 1161 in
882 1107 1342 1177 possessionibus
1375 1107 1672 1168 habuerat.
1726 1122 1868 1177 qua-

151 1215 411 1269 cumque
441 1198 731 1251 celeritate
771 1196 1020 1262 consilii,
1055 1195 1263 1265 opibus
1294 1195 1537 1251 Baldrici
1566 1196 1871 1266 adaequare

150 1289 464 1343 niteretur.
490 1286 652 1351 Quod
685 1302 750 1339 ex
784 1288 988 1339 eventu
1035 1285 1127 1338 hic
1174 1286 1540 1355 sequentium
1573 1285 1737 1339 facile
1775 1302 1871 1339 co-

152 1376 363 1447 gnosci
406 1380 609 1446 potest.
664 1374 805 1427 Nam
854 1377 1082 1444 postero
1132 1373 1222 1427 die
1280 1374 1349 1428 ad
1408 1390 1665 1428 sororem
1709 1391 1873 1429 suam

156 1463 610 1536 colloquendam
662 1462 948 1516 Baldricus
992 1477 1123 1515 cum
1170 1462 1368 1531 paucis
1408 1462 1658 1516 Hrenum
1694 1467 1876 1516 trans-

157 1554 287 1607 ivit.
346 1554 768 1622 Compertoque
825 1550 948 1619 ejus
1005 1567 1110 1619 per
1168 1551 1554 1621 exploratores
1606 1552 1872 1618 adventu,

156 1643 250 1696 illi
304 1642 374 1696 de
416 1641 625 1712 quibus
667 1639 1060 1709 prmdiximus,
1108 1641 1205 1710 qui
1236 1640 1471 1693 domum
1515 1640 1727 1693 sororis
1758 1657 1874 1695 sua:

158 1730 595 1802 impetiverant,
637 1745 701 1783 ex
745 1729 955 1782 Munna
1005 1727 1240 1799 egressi,
1272 1744 1401 1781 cum
1453 1744 1662 1799 magno
1711 1730 1875 1800 equi-

157 1824 286 1874 tatu
322 1835 425 1889 per
463 1818 651 1887 ripam
701 1817 874 1872 Hreni
924 1817 1172 1870 latenter
1221 1817 1647 1883 descendentes,
1685 1818 1737 1871 ei
1774 1819 1873 1873 ad-

161 1908 661 1979 propinquarunt.
693 1907 826 1960 Nec
874 1911 1039 1959 antea
1086 1905 1193 1959 visi
1236 1910 1387 1971 sunt,
1435 1922 1605 1976 quam
1642 1908 1879 1977 propius

159 1998 359 2050 vicum
393 1995 780 2049 accessissent.
824 1997 897 2048 At
946 1993 1061 2060 isti,
1110 1994 1272 2065 equis
1302 1992 1370 2030 ³9⁷
1410 1994 1469 2048 in
1504 2000 1730 2065 pastum
1777 2012 1881 2067 per

162 2090 391 2154 segetes
433 2083 701 2145 dimissis,
740 2087 796 2136 et
841 2082 987 2136 nihil
1031 2084 1321 2152 timentes,
1370 2090 1679 2154 propterea
1725 2085 1879 2155 quod

162 2173 359 2245 pridie
400 2173 524 2242 ejus
554 2172 668 2226 diei
699 2188 805 2242 pax
837 2174 987 2225 esset
1024 2171 1175 2225 inter
1204 2188 1303 2225 eos
1345 2174 1655 2227 constituta
1698 2179 1754 2227 et
1784 2174 1877 2226 tir-

165 2266 347 2327 mata,
407 2260 701 2313 remissius
750 2256 820 2294 ‘9’
866 2275 988 2313 sese
1048 2260 1311 2330 agebant.
1364 2260 1460 2315 Set
1505 2277 1633 2315 cum
1689 2260 1881 2314 hostes

166 2349 531 2404 obstinacius
562 2346 635 2385 ‘99
674 2364 842 2402 cursu
880 2347 1165 2419 impetum
1214 2349 1274 2402 in
1321 2365 1417 2403 eos
1464 2350 1649 2404 facere
1681 2366 1879 2404 cerne-

166 2443 321 2507 rent,
348 2439 612 2492 celeriter
651 2437 926 2491 revocatis
984 2437 1169 2507 equis,
1207 2443 1265 2492 et
1311 2438 1587 2508 bipertito
1619 2438 1876 2508 equitatu

170 2528 384 2593 diviso,
418 2530 475 2580 et
518 2542 623 2596 pro
673 2524 940 2595 angustia
988 2525 1265 2595 temporis
1299 2527 1420 2580 acie
1458 2526 1754 2590 instructa,
1783 2543 1881 2579 eos

167 2618 543 2685 exceperunt.
589 2615 846 2684 Cumque
877 2614 1086 2668 acriter
1114 2613 1184 2666 ab
1217 2614 1476 2686 utrisque
1506 2620 1878 2686 pugnaretur,

171 2708 228 2757 et
248 2704 373 2773 jam
406 2718 498 2756 res
527 2701 588 2755 in
617 2718 683 2756 eo
722 2707 889 2769 esset,
925 2707 986 2755 ut
1016 2702 1372 2772 superiorem
1403 2719 1636 2756 manum
1671 2704 1883 2756 Baldri-

169 2809 270 2847 cus
320 2792 532 2846 habere
582 2791 892 2856 debuisset,
942 2797 1179 2862 propter
1227 2792 1562 2861 opinionem
1614 2792 1879 2846 omnium

170 2881 367 2935 subito
415 2896 689 2934 converso
716 2896 864 2950 equo
894 2880 1044 2949 fugae
1076 2896 1135 2935 se
1169 2880 1345 2947 dedit,
1379 2885 1433 2933 et
1455 2881 1523 2934 ad
1560 2880 1742 2951 ripam
1775 2897 1883 2934 na-

172 2969 423 3023 viculam
453 2971 674 3033 nactus,
711 2984 777 3021 ea
809 2968 1084 3038 profugit.
1127 2969 1289 3033 Quod
1318 2969 1493 3022 ceteri
1521 2970 1880 3039 conspicien-

172 3064 279 3124 tes,
327 3058 525 3112 itidem
580 3058 776 3127 fugam
834 3059 937 3111 hac
991 3065 1047 3111 et
1099 3058 1230 3111 illac
1276 3058 1550 3125 inierunt,
1602 3059 1793 3128 plures
1824 3058 1882 3111 in
1923 3049 1963 3104 C

176 3148 419 3201 ecclesia
457 3162 515 3199 se
543 3147 967 3200 concluserunt.
1017 3148 1408 3213 Wicmannus,
1442 3148 1542 3218 qui
1574 3153 1709 3201 tunc
1740 3148 1884 3201 forte

179 3238 247 3291 ab
289 3236 391 3289 illo
441 3236 565 3288 loco
597 3251 710 3288 non
761 3236 932 3305 longe
972 3236 1185 3300 aberat,
1235 3236 1435 3305 prtelio
1483 3252 1587 3306 per
1633 3238 1884 3305 legatum

179 3330 430 3394 accepto,
464 3323 728 3377 celeriter
765 3323 1029 3389 accurrit,
1091 3324 1387 3378 ecclesiam
1425 3324 1725 3394 inrumpit,
1760 3340 1885 3378 eos-

182 3430 292 3484 que
326 3413 426 3483 qui
476 3411 535 3465 in
571 3427 638 3465 ea
685 3427 743 3464 se
792 3411 1127 3465 abdiderant
1176 3412 1348 3481 cepit,
1381 3412 1727 3483 graviusque
1758 3412 1890 3465 reti-

183 3502 305 3556 neri
333 3501 527 3571 jussit,
576 3505 632 3553 et
681 3500 948 3553 Munnam
998 3500 1294 3565 adductos,
1341 3500 1400 3553 in
1431 3500 1658 3554 vincula
1697 3502 1887 3570 conje-

184 3590 277 3643 cit.
314 3590 389 3643 Ex
433 3604 501 3642 eo
526 3587 683 3641 enim
733 3588 943 3642 iterum
985 3588 1250 3643 redivivas
1296 3588 1447 3642 inter
1489 3605 1583 3641 eos
1616 3604 1745 3658 quae
1786 3605 1888 3641 an-

176 3683 273 3731 tea
324 3674 405 3710 '00
440 3675 754 3729 seditiones
808 3681 947 3729 orta;
991 3680 1164 3739 sunt;
1224 3680 1280 3730 et
1326 3675 1586 3746 quamvis
1633 3675 1889 3730 Baldrico

184 3781 371 3819 causa:
414 3764 688 3833 justiores
718 3765 777 3818 in
827 3765 953 3832 hac,
1005 3769 1065 3818 ut
1110 3765 1502 3835 praediximus,
1545 3765 1641 3818 lite
1691 3766 1893 3818 existe-

186 3860 329 3921 rent,
361 3858 560 3907 tamen
606 3853 666 3906 in
699 3853 805 3908 hoc
839 3852 1187 3920 inferiorari,
1222 3854 1376 3924 quod
1406 3854 1617 3907 milites
1651 3854 1739 3907 sui
1778 3870 1892 3908 cre-

185 3943 299 3997 bris
334 3941 801 4013 expeditionibus
834 3942 1149 4013 defatigati,
1180 3959 1285 4013 pro
1306 3947 1466 3997 tanto
1494 3942 1688 3997 labore
1718 3958 1891 4012 parva

187 4031 425 4101 praemia
455 4032 747 4085 consecuti
780 4036 932 4099 sunt,
985 4038 1041 4086 et
1070 4048 1214 4086 uxor
1252 4049 1353 4085 sua
1385 4032 1767 4102 dedignanter
1797 4047 1893 4085 eos

190 4120 533 4191 appellando
564 4124 620 4174 et
648 4120 943 4189 ignaviam
977 4125 1031 4174 et
1068 4121 1390 4175 socordiam
1421 4120 1889 4191 improperando,

191 4225 223 4262 a
272 4226 374 4263 suo
404 4208 682 4279 obsequio
735 4224 828 4262 eos
889 4209 1164 4263 dissuevit
1213 4215 1269 4263 et
1315 4210 1496 4264 multo
1545 4209 1894 4265 infideliores

193 4313 361 4368 quam
403 4302 574 4351 antea
603 4304 794 4351 essent
841 4298 1045 4352 effecit.
1083 4298 1419 4352 Domesticis
1450 4297 1623 4352 etiam
1654 4298 1732 4351 ita
1758 4314 1895 4369 gra-
1923 4333 1964 4385 Β

192 4385 271 4439 vis
315 4384 523 4450 extitit,
583 4388 647 4438 ut
684 4401 788 4455 pro
845 4385 955 4438 levi
1010 4387 1178 4456 culpa
1209 4386 1491 4457 quosdam
1551 4386 1613 4439 in
1657 4386 1891 4439 exilium

195 4473 467 4539 mitteret,
502 4472 784 4543 quosdam
834 4478 1046 4541 autem,
1086 4491 1222 4528 naso
1253 4479 1352 4528 aut
1390 4474 1628 4528 auribus
1658 4474 1895 4528 desectis

196 4561 477 4616 deformes
524 4561 940 4632 aspicientibus
990 4564 1274 4630 redderet,
1325 4568 1381 4619 et
1411 4564 1670 4618 odiosam
1720 4562 1898 4616 vitam

198 4649 304 4703 illis
350 4656 698 4721 praesentem
748 4650 1017 4705 efﬁceret.
1064 4652 1339 4707 Nobilitas
1380 4651 1607 4722 generis
1664 4655 1722 4705 et
1767 4666 1898 4704 om—

201 4739 355 4793 nium
407 4739 709 4810 opulentia
755 4755 950 4793 rerum
1000 4741 1349 4809 pernimium
1400 4756 1527 4795 eam
1575 4738 1796 4805 extulit,
1838 4738 1897 4791 in

200 4829 415 4881 tantum
445 4832 511 4881 ut
555 4826 729 4881 etiam
776 4826 932 4881 illius
977 4829 1204 4898 satyrici
1245 4846 1405 4884 versu
1451 4845 1567 4883 non
1609 4826 1898 4882 immerito

200 4916 374 4970 notari
414 4915 600 4987 possit
627 4916 772 4986 (Juv.
800 4933 873 4978 vi,
908 4916 1071 4987 460):

310 5100 707 5152 lntolerabilius
732 5098 867 5151 nihil
891 5105 969 5152 est
992 5114 1150 5165 quam
1185 5100 1382 5151 femina
1413 5100 1576 5151 dives.

1970 589 2099 627 rum
2132 589 2163 626 a
2190 571 2381 627 mariti
2409 572 2661 625 amicitia
2686 576 2742 625 et
2772 570 3161 625 familiaritate
3200 570 3405 624 avertit
3435 570 3528 622 ²⁰ί.

1978 665 2060 718 10.
2098 664 2177 717 De
2222 662 2463 717 exercitu
2499 663 2557 715 in
2595 664 2988 730 Bratuspantes
3034 662 3197 716 misso
3250 665 3302 715 et
3346 666 3502 730 capto
3550 661 3675 715 Bal-

2756 752 2925 805 drico.

2045 844 2110 897 In
2142 840 2493 896 dissensione
2532 856 2665 894 vero
2697 858 2825 911 quae.
2858 857 3007 895 nunc
3037 843 3161 893 orta
3193 843 3281 893 est
3311 837 3447 910 quia
3476 841 3680 891 neuter

1975 947 2173 986 eorum
2220 931 2281 985 in
2329 935 2483 984 tanta
2524 929 2957 1001 propinquitate
2987 945 3257 999 agrorum
3288 933 3409 982 tuto
3455 942 3578 981 sese
3608 926 3679 979 ab

1977 1022 2156 1075 altero
2194 1036 2389 1074 cavere
2423 1024 2631 1089 posset,
2678 1018 2986 1073 concordia
3032 1018 3242 1073 iterum
3286 1017 3439 1070 inter
3470 1032 3563 1071 eos
3611 1015 3677 1069 ad

1978 1110 2191 1164 certam
2232 1109 2384 1163 diem
2425 1108 2684 1162 condicta
2737 1112 2839 1161 est.
2896 1109 2959 1161 In
3002 1124 3117 1178 quo
3168 1107 3351 1177 spatio
3404 1104 3681 1176 temporis

1979 1198 2165 1253 extitit
2201 1214 2385 1259 causa,
2417 1215 2529 1268 qua
2578 1198 2649 1251 ab
2694 1197 3040 1266 imperatore
3081 1196 3360 1250 exercitus
3391 1194 3448 1248 in
3482 1196 3679 1248 Bratu-

1982 1286 2279 1358 spancium
2342 1287 2485 1340 fines
2540 1289 2862 1340 mitteretur
2913 1284 3083 1325 ²⁰²-
3133 1280 3393 1338 audierat
3441 1282 3618 1347 enim,
3652 1298 3685 1335 a

1982 1375 2327 1446 quihusdam
2379 1374 2724 1444 importunis
2768 1379 2826 1428 et
2886 1374 3171 1427 seditiosis
3219 1371 3554 1426 hominibus
3599 1387 3684 1424 re-

1983 1464 2211 1536 gionem
2258 1463 2653 1534 frequentibus
2684 1461 3105 1516 incursionibus
3138 1460 3422 1515 devastari
3454 1489 3514 1499 —
3544 1475 3558 1525 ;
3593 1457 3683 1511 cui

1983 1552 2255 1607 exercitui
2299 1552 2645 1606 Adelboldus
2678 1552 2977 1623 episcopus
3015 1555 3071 1605 et
3114 1551 3225 1604 dux
3257 1546 3597 1603 Godefridus
3629 1551 3686 1599 et

1983 1643 2349 1695 Wicmannus
2392 1646 2692 1704 praeerant.
2745 1640 3083 1703 Baldricum,
3131 1639 3266 1710 quia
3298 1637 3387 1692 his
3416 1636 3684 1690 adversus

1985 1747 2129 1800 quos
2174 1731 2452 1784 exercitus
2501 1731 2816 1784 ducebatur
2873 1730 3088 1785 amicus
3142 1734 3283 1791 erat,
3345 1742 3537 1780 secum
3589 1726 3685 1778 ha-

1987 1822 2122 1874 bere
2154 1820 2443 1873 nolebant.
2488 1820 2583 1873 llis
2610 1818 2896 1889 profectis,
2932 1818 3225 1873 Baldricus
3258 1816 3429 1871 dabat
3450 1828 3685 1885 operam

1988 1909 2305 1973 Gerhardo,
2360 1909 2429 1961 de
2477 1925 2591 1978 quo
2643 1925 2817 1977 supra
2867 1908 3137 1971 diximus,
3192 1906 3291 1977 qui
3333 1906 3453 1975 jam
3488 1901 3685 1957 multis

1988 1997 2191 2052 diebus
2222 1997 2711 2051 municiunculam
2750 1997 3079 2063 llengibach
3107 1997 3219 2065 (47)
3249 1994 3489 2048 obsedit.
3525 1994 3588 2046 ln
3610 1991 3688 2044 al-

1986 2085 2221 2138 tissimis
2274 2101 2524 2154 namque
2581 2085 2822 2154 rupibus
2869 2086 2994 2151 sita,
3044 2082 3506 2153 inexpugnabilis
3543 2082 3683 2132 erat.

1987 2174 2081 2229 Set
2107 2180 2301 2227 tamen
2335 2173 2657 2227 diutissima
2700 2173 2996 2227 obsidione
3040 2172 3317 2244 oppidani
3357 2168 3601 2241 fatigati,
3634 2172 3689 2220 et

1988 2264 2255 2317 omnibus
2287 2280 2417 2333 quas
2466 2279 2655 2316 secum
2691 2262 2977 2316 habebant
3024 2259 3401 2330 consumptis,
3432 2273 3491 2311 se
3523 2256 3688 2311 dedi-

1988 2353 2215 2407 derunt.
2264 2352 2571 2406 Itineribus
2636 2352 2875 2406 Baldrici
2920 2350 3253 2421 exploratis,
3305 2345 3686 2408 Gevebardus,

1989 2442 2089 2511 qui
2124 2442 2360 2495 domum
2418 2441 2628 2494 sororis
2660 2458 2776 2495 suae
2817 2440 3005 2494 viduae
3062 2439 3345 2510 pradictas
3386 2437 3689 2498 invaserat,

1991 2549 2190 2587 omnes
2222 2532 2339 2585 vias
2368 2532 2593 2586 obsedit
2640 2537 2694 2585 et
2741 2547 2966 2584 summa
3007 2528 3326 2599 diligentia,
3360 2527 3406 2579 si
3438 2541 3569 2579 eum
3601 2523 3688 2576 iu-

1988 2628 2252 2692 paratum
2287 2621 2647 2691 aliquatenus
2677 2620 2835 2673 adire
2866 2625 3080 2689 posset,
3113 2635 3241 2672 cum
3276 2616 3394 2669 suis
3423 2612 3691 2669 omnibus

1990 2710 2344 2779 invigilabat.
2398 2710 2508 2763 Nec
2548 2708 2747 2763 fefellit
2794 2708 3027 2762 fortuna
3072 2706 3377 2760 consilium
3417 2702 3687 2759 hominis.

1995 2799 2134 2852 Nam
2188 2797 2496 2863 Baldricus,
2558 2797 2861 2851 clientibus
2893 2797 3009 2849 suis
3068 2797 3124 2849 in
3149 2812 3251 2848 sua
3307 2796 3429 2848 loca
3486 2794 3592 2847 hac
3640 2795 3697 2845 et

1991 2887 2121 2941 illac
2161 2888 2430 2953 dimissis,
2464 2904 2593 2941 cum
2644 2886 2838 2958 paucis
2878 2886 3175 2941 Coloniam
3226 2901 3421 2938 versus
3466 2883 3575 2937 iter
3604 2880 3689 2934 in-

1992 2976 2213 3029 cautius
2244 2977 2543 3044 adgressus
2573 2980 2674 3029 est.
2708 2976 2886 3039 Quem
2922 2991 3054 3028 mox
3104 2973 3282 3027 hostis
3328 2971 3607 3041 conspicit
3638 2974 3696 3023 et

1994 3065 2163 3118 celeri
2205 3082 2375 3119 cursu
2408 3064 2754 3134 insequitur,
2787 3079 2916 3116 cum
2957 3064 3052 3116 ille
3103 3062 3172 3116 de
3216 3060 3531 3129 improviso
3557 3074 3693 3129 per—

1995 3154 2228 3209 territus
2274 3158 2329 3207 et
2368 3153 2583 3207 viribus
2622 3153 2953 3210 dissolutus.
2998 3156 3062 3205 ut
3092 3168 3195 3205 nec
3232 3150 3464 3220 quidem
3505 3164 3696 3202 ascen-

1996 3260 2120 3297 sum
2150 3243 2283 3313 equi
2332 3241 2697 3295 accurtatoris
2740 3240 2814 3275 ²⁰³
2847 3241 2945 3311 qui
2990 3242 3155 3306 juxta
3198 3256 3329 3293 eum
3384 3238 3700 3294 ducebatur

1995 3336 2323 3401 temptaret,
2357 3336 2554 3399 captus
2586 3336 2687 3391 est,
2722 3336 2777 3384 et
2814 3330 2884 3384 ab
2918 3329 3196 3399 indignis,
3228 3328 3405 3382 barba
3435 3344 3500 3380 ex
3537 3331 3700 3396 parte

1998 3423 2224 3476 exvulsa
2257 3425 2309 3475 et
2340 3421 2557 3487 colatis,
2590 3420 2861 3485 infractis,
2908 3420 3064 3473 omni
3096 3418 3435 3480 indignitate
3468 3420 3552 3470 est
3590 3417 3697 3469 ha-

1996 3510 2168 3565 bitus.
2204 3510 2284 3564 Ad
2316 3506 2606 3573 Munnam,
2638 3510 2934 3562 castellum
2985 3507 3324 3573 Wicmanni,
3373 3522 3501 3561 cum
3544 3520 3698 3558 sum-

1999 3614 2093 3652 mo
2124 3598 2337 3668 probro
2378 3598 2654 3651 deductus
2687 3603 2791 3662 est,
2817 3597 3012 3665 ibique
3055 3597 3225 3650 minis
3254 3602 3311 3650 et
3343 3596 3521 3648 nimia
3553 3593 3701 3648 furia

1999 3686 2303 3749 victorum,
2345 3690 2406 3738 ut
2442 3685 2712 3753 Aspolam
2746 3685 2997 3738 traderet
3036 3685 3144 3737 nisi
3178 3684 3362 3753 capite
3407 3683 3702 3735 maluisset

1999 3774 2190 3846 plecti,
2224 3773 2698 3842 compellebatur.
2736 3773 2835 3827 Ille
2867 3790 2999 3826 vero
3047 3773 3317 3837 legatum,
3351 3787 3523 3840 quem
3568 3771 3701 3823 illuc

2000 3864 2274 3930 mitteret,
2315 3861 2654 3931 expostulat.
2704 3863 2827 3926 Quo
2856 3861 3164 3931 impetrato
3198 3859 3290 3928 ’0‘,
3322 3860 3501 3927 aliqui
3543 3877 3605 3913 ex
3630 3860 3702 3894 ²⁰³

2002 3952 2119 4006 suis
2150 3952 2218 4005 ad
2253 3967 2385 4006 eum
2418 3954 2720 4016 venerunt,
2763 3954 2818 4003 et
2848 3966 2914 4004 ex
2954 3967 3087 4003 casu
3127 3950 3251 4016 ejus
3290 3950 3473 4003 multo
3506 3948 3701 4002 dolore

2003 4044 2061 4095 et
2080 4039 2390 4112 gemitibus
2420 4039 2655 4103 affectis,
2688 4039 3069 4092 munitionem
3104 4038 3251 4091 tradi
3277 4037 3468 4106 jussit.

2186 4133 2269 4183 Η.
2298 4130 2378 4183 De
2422 4129 2755 4192 Gevehardo,
2787 4133 2837 4181 et
2868 4128 3110 4183 Baldrici
3140 4127 3521 4196 redemptione.

2075 4217 2283 4273 Godizo
2324 4217 2393 4283 is,
2434 4217 2503 4272 de
2536 4235 2648 4287 quo
2698 4234 2873 4285 supra
2913 4217 3162 4270 diximus
3220 4216 3335 4284 (lib.
3373 4233 3409 4279 ι,
3456 4229 3577 4281 cap.
3627 4212 3701 4281 2),

2007 4306 2367 4377 propinquus
2408 4305 2751 4360 venerabilis
2784 4305 3103 4373 Liutgardea
3134 4308 3189 4357 et
3218 4304 3411 4357 uxoris
3446 4302 3703 4366 Baldrici,

2006 4395 2259 4450 moriens
2276 4393 2603 4463 Hengibach
2633 4398 2688 4447 et
2721 4394 2987 4462 Aspolam
3021 4393 3077 4445 in
3105 4390 3383 4447 Gerhardi
3414 4389 3486 4425 ²⁰⁸
3510 4389 3705 4455 tidem,

2007 4482 2145 4554 quia
2192 4481 2549 4552 propinquus
2583 4484 2724 4543 erat,
2768 4484 2833 4533 ut
2874 4496 3108 4533 uxorem
3155 4483 3211 4532 et
3243 4478 3389 4531 filias
3434 4477 3557 4545 ejus
3584 4492 3710 4545 par-

2006 4572 2166 4624 vulas
2229 4569 2494 4627 nutriret.
2548 4568 2800 4623 tradidit.
2854 4567 3178 4621 Gerhardus
3219 4582 3353 4619 vero
3413 4566 3704 4635 Aspolam,

2008 4659 2144 4729 quia
2174 4657 2429 4728 proxima
2478 4661 2619 4721 erat,
2668 4656 2923 4711 Baldrico
2955 4654 3260 4719 commisit,
3294 4658 3350 4707 et
3380 4653 3709 4721 Hengibach

2008 4747 2216 4811 viduas,
2260 4745 2379 4797 suis
2425 4744 2697 4799 custodiis
2739 4743 3010 4797 adhibitis
3055 4742 3148 4809 ἳοτ,
3184 4741 3544 4809 tuerijussit.
3570 4742 3707 4805 Qua:

2009 4832 2385 4888 muliebribus
2416 4831 2491 4866 ²⁰⁸
2542 4832 2710 4885 rebus
2755 4831 2990 4901 agitata,
3024 4830 3266 4884 accitum
3309 4829 3708 4885 Gevehardum

2009 4922 2075 4975 ad
2105 4938 2163 4975 se
2204 4920 2459 4987 admisit,
2514 4924 2567 4974 et
2600 4919 2708 4972 sibi
2753 4919 2812 4973 in
2862 4920 3197 4990 conjugium
3248 4918 3557 4989 copulavit.
3611 4917 3710 4972 Hic

2008 5010 2175 5064 miles
2206 5009 2467 5078 primum.
2518 5008 2760 5062 Baldrici
2806 5008 3012 5071 fuerat,
3065 5013 3150 5061 set
3180 5008 3315 5077 quia
3350 5008 3469 5062 haec
3515 5007 3712 5061 omnia

2008 5115 2077 5152 eo
2111 5098 2387 5153 insciente
2417 5102 2474 5153 et
2502 5096 2625 5151 sine
2663 5098 2787 5169 ejus
2816 5098 3054 5152 consilio
3091 5100 3410 5168 peregerat,
3446 5102 3502 5150 et
3530 5098 3709 5166 Aspo-

1601 5172 1836 5228 VARUE
1892 5172 2288 5231 LECTIONES.

265 5240 330 5280 ¹⁹⁸
359 5244 647 5299 stabilitas
690 5259 829 5298 corr.
877 5244 1161 5299 stabilitos
1192 5261 1237 5298 c.
1346 5241 1417 5280 ⁸9⁸
1447 5244 1675 5299 oblutos
1712 5261 1757 5298 c.

193 5317 391 5383 corrigo
420 5331 436 5381 ;
473 5331 588 5385 que
618 5315 852 5386 quiinea
885 5316 1031 5369 linea
1083 5316 1502 5386 subductumgc.

193 5453 418 5511 lieribus
452 5473 499 5511 ο.

1864 5241 1931 5280 ¹⁹⁷
1962 5264 2131 5303 manu
2159 5252 2209 5302 2.

1610 5314 1679 5352 ²⁰¹
1710 5314 1956 5369 advertit
2010 5335 2054 5373 c.

195 5386 249 5461 ζῇ.
278 5401 330 5461 ει,
353 5384 651 5459 spadonis
674 5385 722 5456 φ)
748 5386 1119 5441 accuratioris
1176 5389 1227 5440 2.
1305 5384 1380 5421 ³0⁸
1420 5385 1702 5457 imperato
1751 5400 1795 5439 c.
1874 5385 1946 5423 ²⁰⁸
1971 5404 2039 5444 ex
2070 5394 2117 5445 l.
2149 5406 2199 5446 e.
2240 5394 2273 5444 2
2349 5388 2423 5423 ³⁰⁶
2472 5389 2711 5461 gehardi
2755 5405 2800 5444 c.

3509 5243 3583 5278 ²⁰⁰
3630 5246 3711 5297 ita

3420 5314 3493 5347 ²⁰³
3534 5316 3613 5368 ita
3656 5319 3672 5368 l
3691 5355 3703 5367 .

2878 5387 2949 5424 ²⁰⁷
3000 5387 3287 5443 adhibitus
3335 5400 3379 5439 c.
3459 5382 3533 5417 ²⁰⁸
3585 5401 3705 5439 mu-

2322 5246 2392 5285 ⁸9⁸
2430 5247 2697 5301 remisius
2734 5250 2782 5301 l.
2888 5244 2959 5284 ¹⁹³
3007 5246 3328 5300 obtinacius
3358 5261 3401 5299 c.

2162 5319 2235 5354 ’θ’
2283 5319 2650 5374 mitterentur
2703 5334 2841 5373 corr.
2904 5318 3229 5372 mitteretur
3260 5332 3306 5370 ο.

1835 5527 2057 5583 NOTAE.

257 5597 368 5668 (t7)
398 5596 723 5654 Heimbach
753 5598 813 5653 in
843 5596 1025 5653 Eillia.
