3968 6430
238 415 340 468 4Ἱὸ

1195 412 1492 467 ALPERTI
1535 413 1587 465 S.
1634 411 2108 466 SYllPilOBIANl
2149 411 2443 466 METENS.
2491 411 2790 466 MONACH.

3655 413 3775 465 476

240 536 376 602 lam,
421 519 552 604 quae
597 533 704 586 sub
752 548 856 585 sua
899 535 1181 602 potestate
1231 537 1370 601 erat,
1421 550 1493 587 ex
1538 539 1698 603 parte
1740 532 1934 587 uxoris
1965 536 2010 588 Α
2049 535 2183 586 ineo
2239 533 2376 602 quid
2431 533 2569 586 mihi
2608 534 2681 586 sit
2728 537 3042 586 eventurum
3088 533 3369 600 ignorans,
3415 538 3494 589 set
3555 538 3662 590 Deo
3717 540 3776 589 et

241 622 634 693 appetiturum
698 626 1062 691 cognoverat,
1117 637 1231 692 qua
1263 638 1454 675 carere
1503 622 1753 689 nolebat,
1807 621 1951 676 ami-

240 710 436 764 citiam
478 709 602 780 ejus
648 709 858 780 repulit
897 713 953 762 et
1003 709 1245 762 militem
1306 709 1604 764 abdicavit.
1658 710 1766 775 Qui
1818 726 1950 765 cum

242 801 366 870 ejus
417 798 691 868 potentiae
737 797 1004 852 resistere
1065 814 1179 852 non
1226 803 1436 868 posset,
1491 799 1822 853 Wicmanno
1891 817 1948 854 se

243 886 466 942 devovit
497 887 736 957 ejusque
759 885 1019 956 imperiis
1045 903 1103 940 se
1140 886 1410 941 subdidit.
1449 887 1579 942 Haec
1618 893 1739 941 erat
1778 904 1949 942 causa

241 992 371 1046 quae
428 975 824 1031 Gevehardum
872 980 1070 1028 contra
1131 975 1454 1029 Baldricum
1505 977 1844 1031 accenderat
1894 982 1948 1031 et

241 1064 391 1118 inter
436 1080 532 1118 eos
566 1063 868 1118 discidium
898 1062 1125 1118 fecerat.
1156 1063 1390 1134 Aliquot
1418 1064 1620 1118 diebus
1661 1065 1947 1119 Baldricus

241 1168 373 1206 cum
410 1151 470 1205 in
492 1150 732 1205 vinculis
762 1155 1075 1217 teneretur,
1122 1151 1434 1221 postulavit
1465 1157 1527 1205 ut
1575 1157 1806 1222 accepta
1851 1170 1946 1224 pc-

241 1240 430 1306 cunia,
465 1246 742 1311 quantam
774 1239 1046 1294 voluisset
1093 1239 1498 1294 dimitteretur.
1552 1241 1832 1312 Cumque,
1884 1248 1946 1295 ut

241 1328 337 1382 ille
369 1328 474 1382 hoc
523 1327 760 1381 laudare
811 1328 998 1398 vellet,
1049 1327 1140 1381 vix
1187 1333 1506 1399 cogeretur,
1543 1329 1852 1395 constituit,
1883 1336 1946 1384 ut

243 1415 394 1470 intra
419 1415 819 1470 brevissimum
853 1415 1109 1486 spacium
1143 1415 1420 1486 temporis
1451 1416 1564 1470 duo
1597 1417 1755 1470 milia
1778 1417 1944 1470 libra-

240 1521 370 1558 rum
402 1504 624 1574 argenti
651 1505 1038 1574 proﬁteretur.
1084 1505 1162 1558 Ea
1193 1505 1428 1575 quidem
1477 1505 1699 1559 ratione
1746 1506 1940 1560 dimis-

241 1609 336 1645 sus
357 1598 462 1657 est,
497 1597 552 1646 et
575 1593 672 1646 ille
704 1591 994 1646 obsidibus
1025 1592 1095 1646 de
1129 1591 1372 1662 pecunia
1397 1593 1650 1647 cavebat.
1684 1594 1941 1664 Cumque

242 1680 359 1734 haec
409 1679 849 1751 conquireretur
909 1687 967 1734 et
1007 1681 1362 1735 conferretur
1418 1679 1510 1747 ’09,
1562 1683 1760 1750 etjam
1811 1699 1940 1752 pars

242 1769 507 1839 quaedam
557 1768 690 1822 data
737 1773 883 1822 esset
943 1769 1243 1838 episcopus
1290 1774 1344 1823 et
1389 1770 1755 1823 Wicmaunus
1802 1786 1933 1824 cum

243 1857 490 1910 exercitu
548 1855 862 1921 redierunt,
913 1873 1031 1911 rem
1080 1862 1299 1926 gestam
1344 1874 1377 1911 a
1413 1857 1793 1913 referentibus
1839 1876 1933 1913 co-

242 1950 586 2016 guoverunt,
617 1949 675 1998 et
711 1948 1001 2010 eventum,
1052 1945 1227 1998 tantis
1275 1944 1606 2000 infortuniis
1651 1946 1769 2001 suis
1817 1947 1939 2000 exi-

242 2033 530 2103 gentibus,
595 2037 652 2087 et
707 2032 891 2087 nimia
951 2030 1028 2068 ²¹⁰
1085 2034 1541 2104 obtemperantia
1588 2035 1781 2088 uxoris
1825 2035 1938 2103 (48)

240 2121 624 2174 commiserati
685 2127 832 2174 sunt.
908 2121 974 2174 Et
1016 2120 1230 2174 indicto
1274 2126 1582 2186 conventu,
1645 2122 1816 2176 simul
1870 2124 1939 2160 ²¹¹

241 2208 612 2275 conveniunt,
655 2208 1051 2264 Gevehardum
1110 2209 1518 2278 adhibuerunt,
1559 2214 1616 2264 et
1669 2216 1735 2265 ut
1779 2210 1938 2265 illam

241 2298 546 2368 pecuniam
586 2303 796 2368 praeter
838 2297 1292 2368 quadringentas
1331 2297 1509 2352 libras
1555 2299 1777 2369 argenti
1811 2299 1940 2353 Bal-

243 2384 400 2440 drico
453 2386 798 2456 indulgeret,
845 2386 1247 2456 perfecerunt;
1275 2390 1332 2440 et
1373 2386 1492 2455 ille,
1530 2387 1597 2441 de
1629 2387 1718 2440 his
1748 2387 1942 2441 omni-

240 2475 347 2528 bus
375 2491 503 2545 qua:
535 2473 595 2527 in
629 2469 766 2528 eum
794 2473 1099 2528 commissa
1125 2481 1260 2528 sunt
1296 2475 1516 2529 nullam
1550 2491 1824 2548 umquam
1853 2477 1941 2530 ul-

243 2561 460 2615 tionem
495 2565 804 2632 expeteret,
837 2566 1190 2614 sacramento
1220 2561 1486 2615 ﬁrmavit.

727 2653 814 2704 l2.
851 2653 926 2704 De
953 2666 1076 2704 nece
1119 2651 1428 2704 Wicmanni
1459 2652 1602 2720 (49).

316 2738 437 2791 Non
472 2738 651 2791 multo
682 2742 942 2808 tempore
982 2743 1110 2808 post
1148 2737 1264 2806 (an.
1299 2740 1456 2807 1016)
1490 2741 1612 2793 haec
1644 2739 1938 2795 familiari-

241 2825 348 2878 bus
389 2826 704 2895 amicisque
757 2826 997 2880 Baldrici
1029 2832 1086 2880 et
1125 2827 1442 2880 Wicmanni
1480 2829 1842 2898 complacuit,
1880 2833 1943 2882 ut

240 2913 529 2983 deinceps,
577 2912 735 2967 omni
782 2913 1070 2967 simultate
1110 2915 1448 2985 postposita,
1484 2932 1592 2985 pax
1639 2916 1856 2970 stabilis
1889 2921 1942 2972 et

242 3001 379 3055 ﬁdes
410 3001 578 3054 ﬁrma
620 3001 772 3055 inter
803 3017 900 3055 eos
951 3002 1288 3057 sanciretur.
1339 3004 1503 3066 Quod
1547 3020 1677 3058 cum
1741 3021 1940 3058 omnes

241 3106 357 3143 uno
401 3090 594 3144 animo
639 3091 1051 3159 collaudarent,
1105 3091 1175 3145 ad
1215 3092 1588 3146 constitutam
1627 3092 1779 3147 diem
1824 3094 1934 3147 ite-
1970 3096 2010 3150 C

241 3190 370 3228 rum
411 3191 611 3228 omnes
640 3175 1004 3228 conveniunt.
1037 3177 1169 3229 Post
1216 3176 1396 3229 multa
1426 3176 1711 3247 colloquia
1760 3182 1940 3231 trans-

242 3263 433 3316 ierunt
455 3263 718 3317 undecim
750 3279 880 3316 cum
933 3264 1188 3318 Baldrico
1236 3269 1295 3318 et
1339 3265 1579 3319 totidem
1626 3282 1755 3320 cum
1787 3267 1940 3320 Wie-

244 3367 477 3414 manno,
537 3351 889 3421 juramento,
951 3353 1102 3406 inter
1152 3353 1308 3422 ipsos
1363 3354 1691 3410 habituram
1738 3373 1940 3424 pacem

244 3445 298 3492 et
341 3439 514 3492 ﬁdem
559 3444 616 3492 et
663 3439 1051 3505 dilectionem,
1088 3457 1312 3494 summa
1351 3443 1640 3498 alacritate
1681 3444 1941 3498 omnium

246 3539 304 3576 se
336 3524 756 3594 obligaverunt.
799 3524 959 3588 Quod
1005 3529 1062 3577 ut
1091 3524 1303 3579 factum
1335 3531 1440 3591 est,
1490 3530 1623 3580 satis
1665 3528 1776 3582 ﬁda
1806 3529 1944 3582 ami-

244 3613 378 3665 citia
417 3612 538 3665 sine
578 3613 697 3665 ulla
740 3612 1086 3682 suspicione,
1131 3619 1196 3666 ut
1238 3614 1578 3684 quibusdam
1621 3615 1940 3683 videbatur,

243 3706 445 3769 postea
474 3701 562 3754 usi
593 3705 743 3757 sunt.
786 3702 881 3755 Set
924 3717 1054 3754 cum
1106 3701 1439 3772 procederet
1470 3704 1594 3774 jam
1643 3721 1758 3758 non
1798 3705 1944 3758 mul-

244 3794 364 3842 tum
393 3789 650 3859 spacium
683 3790 980 3859 temporis,
1005 3789 1219 3844 scilicet
1247 3793 1505 3845 nondum
1536 3798 1762 3862 peracto
1789 3810 1941 3847 anno

242 3877 427 3947 (Oct.),
470 3879 841 3933 Wicmannus
885 3879 954 3932 ad
994 3878 1318 3934 convivium
1363 3881 1681 3935 Baldricum
1736 3881 1942 3936 invita-

242 3967 342 4019 vit.
391 3968 515 4031 Quo
550 3973 780 4036 peracto
813 3971 869 4022 et
914 3967 1288 4038 amplissimis
1316 3969 1483 4022 donis
1509 3970 1712 4024 oblatis
1745 3977 1801 4024 et
1838 3971 1940 4025 be-

244 4054 421 4123 nigne
451 4053 539 4107 his
562 4053 861 4123 susceptis,
881 4054 1101 4108 dimisit
1122 4070 1253 4109 eum
1273 4060 1475 4110 etcum
1498 4059 1744 4112 abeunte
1765 4060 1942 4113 comi-

241 4147 395 4195 tatus
463 4146 566 4196 est.
629 4142 847 4207 Quibus
924 4143 1214 4212 euntibus,
1273 4145 1561 4200 Baldricus
1638 4148 1945 4218 postulavit

244 4232 664 4296 Wicmannum,
713 4236 774 4285 ut
807 4230 986 4284 vicem
1036 4231 1119 4286 illi
1171 4234 1534 4303 rependeret,
1583 4236 1652 4289 ad
1704 4235 1943 4290 domum

243 4335 404 4372 suam
436 4320 679 4386 veniret,
727 4320 1041 4390 epulasque
1083 4319 1191 4375 sibi
1241 4323 1468 4377 decenti
1511 4331 1791 4394 apparatu
1821 4325 1944 4380 exi-

241 4407 377 4460 bere
424 4407 633 4461 liceret.
684 4412 869 4478 Atque
918 4407 1170 4478 primum
1233 4410 1615 4478 renitebatur;
1674 4416 1757 4466 set
1812 4429 1942 4467 cum

241 4497 458 4547 tantam
508 4493 819 4548 amicitiam
861 4501 920 4548 et
966 4495 1329 4551 dilectionem
1383 4499 1534 4552 inter
1576 4515 1673 4554 eos
1709 4501 1940 4568 zconﬂa-

244 4587 358 4635 tam
414 4584 711 4648 recoleret,
774 4588 834 4637 ut
892 4585 1052 4638 nefas
1107 4591 1337 4656 putaret
1393 4587 1440 4641 si
1489 4604 1609 4642 non
1664 4590 1944 4644 voluntati

241 4671 363 4740 ejus
407 4671 815 4741 adquiesceret,
873 4673 988 4726 suis
1056 4675 1336 4729 militibus
1383 4675 1849 4732 dissuadentibus
1889 4684 1944 4732 et

242 4757 404 4828 quasi
447 4759 567 4827 jam
615 4775 808 4814 casum
852 4763 974 4831 ejus
1023 4762 1431 4831 divinantibus,
1476 4769 1669 4820 tamen
1717 4767 1938 4835 annuit,

245 4850 302 4899 et
327 4845 701 4900 deducentem
743 4849 1078 4904 subsecutus
1110 4856 1211 4905 est.
1249 4853 1317 4906 Et
1362 4868 1494 4907 cum
1535 4855 1655 4925 jam
1685 4863 1818 4909 ante
1850 4856 1938 4909 in-

242 4933 480 4986 troitum
511 4935 728 4988 castelli
757 4937 988 4991 nomine
1038 4939 1259 5014 Upladii
1291 4942 1400 5011 (50)
1443 4943 1749 5010 venissent,
1793 4946 1939 4999 Wie-

243 5036 489 5074 mannus
531 5037 834 5076 conversus
893 5024 1036 5076 dixit
1093 5027 1163 5079 ad
1222 5029 1513 5083 alterum:
1565 5030 1706 5085 Ecce
1754 5037 1943 5085 contra

238 5110 570 5164 voluntatem
612 5124 859 5164 meorum
907 5111 1149 5167 militum
1178 5113 1276 5168 hoc
1322 5118 1601 5171 castellum
1637 5119 1936 5185 ingredior.

2059 626 2248 675 vestrm
2288 621 2417 689 ﬁdei
2458 636 2538 674 me
2585 620 2820 674 medium
2861 623 3161 689 interpono.
3195 623 3456 692 Cumque
3506 622 3612 691 illi,
3664 639 3778 678 ve-

2058 708 2358 762 hementer
2399 707 2688 761 admirans
2737 724 2912 778 super
2955 708 3127 762 verbo
3159 710 3286 776 hoc,
3338 710 3576 765 dixisset
3615 711 3780 766 nihil

2056 796 2409 851 incommodi
2451 797 2563 850 Deo
2615 797 2952 866 disponente
3003 803 3104 852 aut
3146 798 3484 866 aversitatis,
3520 805 3606 852 set
3633 815 3780 853 om-

2055 885 2152 939 nia
2184 902 2312 957 qua:
2344 902 2460 940 suae
2481 885 2652 939 saluti
2684 891 2740 938 et
2767 885 2973 938 honori
3015 891 3418 957 congruerent,
3450 886 3558 940 sibi
3593 903 3781 941 even-

2054 978 2202 1041 tura,
2248 975 2540 1045 ingressus
2589 979 2691 1028 est.
2746 975 3007 1044 Uxorque
3051 974 3292 1029 Baldrici
3330 976 3450 1029 solo
3495 991 3772 1046 corpore,

2055 1078 2172 1116 non
2210 1063 2423 1131 animo,
2479 1062 2814 1132 procedens,
2857 1063 3124 1132 plurimis
3165 1062 3370 1130 verbis,
3421 1068 3486 1118 ut
3513 1079 3640 1117 mos
3674 1068 3776 1118 est

2054 1150 2432 1217 adulantium,
2476 1150 2640 1204 illum
2694 1151 2960 1220 suscepit.
3008 1151 3155 1206 Sane
3200 1151 3437 1221 quidem
3495 1167 3644 1221 pene
3701 1151 3772 1206 in

2052 1238 2294 1308 singulis
2345 1238 2643 1292 sententiis
2694 1242 2894 1292 contra
2924 1256 3050 1293 eam
3099 1240 3312 1294 bellum
3343 1240 3631 1310 suscipere
3682 1242 3771 1295 vi-

2051 1327 2206 1393 deor,
2237 1327 2375 1380 dum
2419 1327 2651 1392 invitus,
2685 1343 2811 1398 quae
2844 1327 2913 1381 de
2947 1327 3044 1381 illa
3091 1329 3440 1394 referuntur,
3492 1344 3767 1382 necessa-

2049 1415 2135 1469 rio
2163 1415 2366 1470 ordine
2405 1431 2686 1486 exponere
2730 1431 2922 1486 cogor.
2958 1417 3082 1482 Illa,
3134 1416 3327 1470 statim
3363 1421 3427 1470 ut
3457 1416 3767 1486 ingressus

2049 1509 2155 1570 est,
2201 1504 2270 1558 de
2313 1509 2496 1558 morte
2543 1503 2794 1557 hominis
2848 1504 3335 1574 tractaregcmpit,
3390 1508 3446 1557 et
3494 1505 3763 1574 primum

2049 1592 2281 1647 venenis
2328 1592 2661 1662 extinguere
2709 1593 3028 1662 temptavit.
3066 1593 3164 1646 Set
3206 1608 3336 1646 cum
3369 1593 3478 1647 hoc
3507 1593 3651 1646 nihil
3692 1610 3762 1646 se

2049 1682 2324 1752 proiicere
2398 1681 2802 1734 animadvertit
2872 1680 3148 1734 insciente
3210 1681 3438 1748 marito,
3509 1682 3762 1734 consilio

2047 1786 2178 1824 cum
2221 1771 2447 1824 duobus
2498 1770 2664 1836 inito,
2724 1785 2837 1822 uno
2886 1785 2951 1823 ex
3008 1769 3287 1823 militibus
3343 1774 3400 1822 et
3445 1771 3626 1824 altero
3679 1769 3761 1806 ²¹²

2049 1875 2207 1912 servo
2228 1857 2427 1928 ipsius,
2452 1857 2689 1928 perditis
2710 1857 3062 1922 hominibus,
3083 1856 3464 1926 promissione
3496 1857 3758 1922 ﬁrmata,

2049 1946 2194 2000 datis
2218 1946 2450 2014 dextris,
2483 1950 2545 1999 ut
2573 1961 2706 1999 eum
2754 1945 3292 2016 quomodocumque
3337 1946 3758 2011 interﬁcerent,

2050 2035 2317 2090 obtinuit.
2363 2033 2559 2088 Tercio
2593 2034 2705 2099 die,
2763 2033 2926 2087 ﬁnito
2979 2033 3261 2098 convivio,
3316 2049 3526 2104 magno
3561 2034 3759 2087 comi-

2049 2126 2166 2176 tatu
2212 2138 2344 2176 cum
2389 2121 2596 2175 laeticia
2662 2127 2718 2175 et
2758 2121 3116 2191 jocunditate
3174 2121 3468 2177 Baldricus
3519 2122 3763 2176 deducit.

2049 2211 2374 2265 abeuntem.
2407 2211 2626 2274 Quibus
2673 2209 3167 2280 proﬁciscentibus
3198 2209 3271 2243 ²¹³
3317 2210 3460 2278 (Oct.
3503 2210 3579 2277 6),
3621 2210 3758 2281 qui-

2047 2299 2178 2353 dam
2235 2316 2300 2353 ex
2361 2303 2519 2370 parte
2575 2299 2773 2352 uxoris
2832 2298 3096 2366 Baldrici,
3146 2297 3376 2352 intuens
3429 2297 3762 2352 Wicmanni

2050 2386 2395 2458 elegantiam
2422 2391 2479 2440 et
2507 2386 2863 2441 honestatem
2901 2385 3176 2451 hominis,
3212 2386 3354 2440 dixit
3385 2385 3456 2440 ad
3492 2386 3753 2441 socium:

2055 2478 2184 2529 Tam
2214 2475 2535 2544 prudentem
2581 2477 2764 2528 virum
2789 2479 2840 2527 et
2892 2479 3005 2528 tam
3031 2475 3216 2544 probis
3246 2475 3484 2529 moribus
3527 2475 3760 2528 decora-

2052 2567 2165 2617 tum
2185 2569 2233 2616 et
2267 2567 2343 2617 tot
2385 2564 2678 2617 virtutibus
2726 2564 3052 2631 praeclarum
3097 2579 3204 2617 non
3255 2564 3421 2630 facile
3460 2566 3759 2633 quisquam

2049 2653 2339 2720 repperict.
2367 2650 2470 2704 Cui
2515 2651 2660 2704 alter
2691 2650 3019 2720 respondit:
3060 2652 3306 2719 Expecta
3348 2652 3655 2720 paulisper,
3703 2654 3762 2705 et

2049 2740 2256 2794 videbis
2284 2742 2445 2794 istius
2477 2739 2812 2793 invictissimi
2839 2739 3073 2793 hominis
3099 2740 3330 2808 gloriam
3361 2741 3420 2792 in
3442 2740 3592 2793 brevi
3615 2756 3757 2808 per-

2051 2831 2275 2883 ituram.
2307 2829 2380 2882 Ex
2411 2843 2526 2898 qua
2553 2844 2614 2881 re
2635 2827 2944 2898 colligitur,
2982 2843 3110 2882 vere
3140 2832 3338 2881 contra
3369 2843 3502 2882 eum
3543 2828 3757 2882 factam

2051 2915 2532 2986 conspirationem
2567 2915 2758 2970 fuisse.
2795 2915 2890 2969 Set
2913 2931 3040 2968 cum
3077 2931 3192 2967 non
3225 2914 3449 2985 longius
3498 2914 3754 2969 miliario

2052 3005 2124 3058 ab
2155 3003 2367 3075 oppido
2401 3003 2910 3074 progrederentur,
2957 3007 3014 3057 et
3043 3003 3420 3057 Wicmannus
3467 3019 3600 3056 cum
3636 3019 3757 3058 uno

2055 3093 2119 3146 de
2161 3108 2262 3145 sua
2313 3107 2374 3145 re
2421 3091 2693 3145 familiari
2727 3107 2922 3144 secum
2966 3090 3158 3160 agenti
3203 3090 3507 3161 paululum
3547 3107 3758 3160 praece-

2052 3180 2233 3245 deret,
2269 3185 2325 3233 et
2368 3179 2456 3233 sui
2507 3187 2636 3234 ante
2693 3195 2826 3232 eum
2887 3195 2990 3249 per
3021 3195 3222 3248 agrum
3270 3178 3471 3248 sparsi,
3529 3180 3755 3233 nullam

2051 3268 2386 3339 Opinionem
2419 3268 2640 3322 timoris
2667 3268 2964 3332 habentes,
2999 3266 3443 3337 prtecessissent,
3476 3267 3561 3320 illi
3593 3269 3756 3322 nefa-

2050 3357 2121 3410 rii
2169 3356 2433 3409 homines
2484 3357 2551 3410 de
2603 3355 2911 3425 improviso
2969 3371 3102 3408 eum
3156 3354 3409 3424 adgressi
3439 3353 3625 3409 subito
3660 3354 3756 3409 in-

2049 3445 2359 3510 terﬁciunt,
2380 3449 2437 3497 et
2469 3444 2668 3513 rapido
2696 3459 2865 3498 cursu
2888 3459 2946 3497 se
2968 3443 3100 3496 inde
3123 3441 3469 3514 proripiunt.
3488 3443 3754 3512 Cumque

2050 3549 2360 3587 concursus
2404 3533 2588 3594 ﬁeret,
2623 3537 2679 3586 et
2730 3533 2875 3587 alius
2915 3532 3111 3597 alium,
3143 3531 3420 3602 quidnam
3472 3532 3758 3585 tumultus

2051 3622 2420 3692 signiﬁcaret,
2440 3621 2706 3674 clamosis
2737 3620 2970 3674 vocibus
3001 3625 3448 3690 percontaretur,
3493 3625 3549 3673 et
3580 3636 3756 3673 nemo

2051 3711 2360 3781 quicquam
2401 3710 2557 3774 certi,
2602 3711 2861 3763 nondum
2896 3725 2955 3762 re
2999 3710 3248 3779 cognita,
3282 3708 3626 3778 respondere
3656 3724 3757 3778 po-

2051 3799 2276 3863 tuisset,
2312 3798 2545 3851 tandem
2577 3798 2731 3851 caede
2777 3803 3071 3866 conperta,
3107 3802 3163 3850 et
3199 3796 3440 3850 cadaver
3469 3797 3756 3865 sanguine

2053 3903 2425 3958 conspersum
2456 3887 2622 3956 juxta
2668 3887 2818 3940 viam
2839 3887 3036 3955 jacens
3067 3890 3387 3951 cernerent,
3427 3885 3675 3939 clamore
3697 3890 3756 3939 et

2052 3975 2283 4046 planctu
2353 3991 2565 4045 magno
2614 3975 2835 4029 sublato
2902 3975 3011 4028 hoc
3059 3975 3242 4028 scelus
3311 3973 3662 4027 unanimiter
3689 3973 3755 4028 in

2056 4063 2377 4117 Baldricum
2409 4063 2814 4129 conferebant;
2849 4063 2959 4116 tale
2990 4063 3112 4132 ejus
3157 4067 3214 4116 et
3241 4062 3542 4115 consilium
3575 4067 3632 4116 et
3680 4061 3754 4115 ﬁ-

2055 4153 2184 4206 dem
2219 4168 2365 4204 esse.
2408 4153 2470 4205 Et
2499 4153 2762 4222 quamvis
2801 4151 3075 4205 innocens
3104 4150 3279 4221 hujus
3326 4149 3550 4204 consilii
3580 4154 3751 4212 esset,

2054 4239 2245 4293 nullus
2289 4245 2482 4292 tamen
2530 4255 2596 4292 ex
2641 4239 2910 4293 omnibus
2941 4239 3010 4292 ad
3053 4239 3161 4293 hoc
3213 4237 3417 4292 adduci
3448 4236 3657 4308 potuit,
3691 4243 3756 4292 ut

2054 4329 2218 4383 illum
2273 4329 2441 4398 culpa
2498 4345 2613 4382 non
2661 4327 2844 4382 teneri
2895 4329 3323 4395 arbitraretur;
3381 4327 3459 4381 ita
3515 4332 3756 4400 propter

2055 4417 2339 4471 maliciam
2385 4417 2581 4470 uxoris
2631 4416 2691 4470 in
2745 4416 2939 4470 odium
2973 4416 3097 4486 ejus
3145 4415 3406 4470 omnium
3439 4416 3591 4469 fama
3615 4431 3749 4470 con-

2054 4505 2304 4558 sentiens
2349 4510 2489 4558 erat.
2555 4504 2841 4558 Baldricus
2907 4520 3040 4558 vero
3095 4508 3159 4558 ut
3209 4503 3426 4558 audivit
3481 4504 3752 4559 comitem

2053 4609 2174 4646 esse
2239 4592 2511 4659 occisum,
2582 4593 2775 4647 animo
2839 4593 3332 4659 consternebatur,
3391 4592 3642 4647 lacrimis
3693 4599 3754 4648 et

2051 4681 2244 4735 multis
2295 4681 2603 4751 gemitibus
2634 4681 2852 4736 deﬂens
2903 4682 3199 4736 interitum
3228 4681 3371 4748 viri;
3405 4687 3463 4736 et
3492 4686 3753 4736 metuens

2053 4785 2123 4821 ne
2153 4775 2352 4822 contra
2382 4785 2441 4822 se
2472 4785 2540 4823 ex
2570 4769 2784 4824 recenti
2815 4769 3009 4823 dolore
3053 4770 3335 4824 tumultus
3389 4769 3750 4840 excitaretur,

2050 4857 2313 4911 celeriter
2340 4873 2398 4912 se
2429 4857 2631 4928 recipit
2650 4856 2709 4911 in
2741 4857 3038 4928 oppidum.

2515 4949 2598 5000 13.
2623 4947 2697 4999 De
2722 4946 2950 5000 Ubladio
2980 4946 3276 5000 destructa.

2123 5035 2233 5088 Hac
2259 5049 2320 5088 re
2373 5033 2586 5105 ubique
2646 5033 2955 5104 divulgata,
3010 5034 3198 5087 statim
3232 5034 3302 5087 ab
3326 5034 3541 5088 domno
3572 5034 3745 5089 Adel-

2052 5121 2226 5176 boldo
2266 5120 2536 5191 episcopo
2567 5127 2626 5175 et.
2667 5121 2808 5176 duce
2838 5127 2896 5174 et
2941 5120 3162 5174 caeteris
3206 5120 3405 5174 amicis
3437 5137 3634 5174 eorum
3669 5122 3748 5174 le-

1647 5242 1881 5296 VAHL‘E
1921 5243 2214 5298 LECTION
2227 5245 2321 5299 ES.

311 5317 385 5354 ²⁰⁹
414 5319 837 5375 conferreretur
867 5337 914 5376 c.
1023 5321 1100 5355 ²¹υ
1128 5323 1316 5376 exnim
1352 5341 1383 5377 a
1406 5325 1527 5393 jam
1561 5329 1779 5382 exnimi
1811 5345 1841 5383 a
1878 5345 1924 5384 c.

2040 5333 2109 5365 ²¹¹
2146 5332 2293 5386 simu
2331 5337 2376 5386 1.
2483 5335 2552 5368 ³¹²
2585 5333 2726 5387 alter
2756 5336 2775 5386 1
2885 5332 2959 5366 ²¹³
2984 5331 3476 5403 proﬁscicentibus
3512 5335 3557 5386 t.

1878 5451 2103 5506 ΝΟΤᾸΕ.

312 5526 424 5594 (48)
443 5527 650 5582 Adelae.

317 5597 550 5664 (49)(11.
607 5599 920 5654 Thietmari
977 5599 1186 5657 Chron.
1224 5619 1320 5671 vu,
1370 5606 1457 5670 33,
1510 5605 1595 5659 34.
1633 5608 1758 5661 Anu
1794 5607 1940 5661 Hild.

2049 5538 2240 5592 Lamb.
2275 5538 2475 5602 Quedl.
2514 5554 2608 5591 an.
2647 5541 2810 5592 t0l6.

2124 5609 2235 5678 (50)
2270 5610 2428 5662 Haud
2458 5610 2654 5678 procul
2687 5608 3036 5678 Noviomago
3059 5611 3116 5661 et
3147 5607 3362 5661 Eltena.
