3968 6410
170 348 265 400 ἱ77

1009 344 1098 399 DE
1142 345 1604 401 DIVEBSITATE
1644 345 2035 403 'I'EMPORUM
2084 348 2273 403 LIBRI
2315 349 2473 404 DUO.
2517 378 2582 386 —
2626 350 2750 403 LIB.
2796 351 2861 403 li.

3589 354 3684 407 178

154 470 421 541 gationes
471 469 545 525 nd
592 469 1001 540 imperatorem
1063 468 1396 538 mittuntur,
1455 469 1555 540 qui
1587 474 1724 525 tunc
1743 487 1871 525 cum
1903 473 1949 526 A
1989 470 2246 541 utrisque
2298 474 2569 526 certatur.
2625 472 2723 526 Set
2776 471 3097 543 oppidanos
3143 472 3206 526 in
3245 473 3353 527 hoc
3400 475 3685 543 superari,

156 560 413 614 exercitu
466 559 526 612 in
577 558 910 628 Burgundia
970 557 1325 623 morabatur,
1385 558 1456 612 ab
1499 558 1590 612 his
1621 559 1691 613 de
1722 560 1872 614 Wic-

158 648 360 703 manni
390 648 545 702 crede
598 650 923 716 cognoscat.
985 645 1095 710 Qui
1125 646 1195 700 de
1237 650 1420 699 morte
1453 645 1785 701 amicissimi
1816 653 1875 703 et

154 734 593 791 familiarissimi
636 733 740 788 viri
780 735 1151 788 vehementer
1198 740 1542 798 commotus,
1579 739 1873 789 auctorem

156 826 332 881 caedis
387 830 449 879 ut
506 829 924 895 persequantur
953 828 1007 876 et
1035 822 1187 876 bona
1219 823 1342 893 ejus
1382 822 1656 893 diripiant
1677 824 1870 893 jussit,

160 930 338 984 seque
369 912 524 967 illico
578 918 885 965 venturum
917 910 1249 967 denuntiat.
1302 910 1591 965 Baldricus
1623 928 1755 965 vero
1783 911 1871 966 in-

163 1004 443 1073 tellegens
497 1001 788 1055 nemiuem
822 1000 988 1053 aliter
1038 999 1501 1053 existimaturum
1550 1016 1725 1070 quam
1771 1017 1873 1055 suo

161 1093 404 1145 consilio
460 1089 757 1145 hominem
812 1088 1250 1159 interemptum,
1287 1096 1591 1159 pr0pterea
1620 1088 1771 1160 quod
1802 1089 1870 1142 ab

164 1180 287 1251 ipso
346 1178 503 1233 domi
534 1178 805 1231 invitatus
869 1177 1076 1241 fuerat,
1127 1182 1184 1230 et
1237 1177 1447 1248 oppido
1478 1182 1789 1247 receperat,
1820 1181 1875 1230 et

164 1268 477 1322 abeuntem
538 1266 877 1333 deduxerat,
939 1272 995 1320 et
1036 1266 1096 1320 in
1127 1266 1436 1337 praesentia
1491 1282 1594 1320 sua
1642 1271 1873 1320 necatus

162 1356 371 1419 fuerat,
407 1354 567 1425 gravi
598 1356 793 1409 dolore
819 1355 1178 1408 afficiebatur
1208 1359 1263 1409 et
1295 1354 1433 1426 quid
1486 1354 1619 1408 huic
1652 1355 1737 1409 rei
1768 1372 1869 1425 op-

161 1448 411 1515 poneret
468 1443 844 1511 excogitabat.
879 1444 1060 1507 Quem
1116 1443 1314 1497 dolore
1357 1449 1697 1498 mmrentem
1730 1460 1875 1498 uxor

164 1534 462 1601 accedens,
534 1532 731 1586 multis
807 1532 1297 1602 increpationibus
1349 1533 1644 1603 arguebat,
1705 1537 1761 1587 et
1811 1537 1875 1587 ut

160 1622 546 1675 constantiam
590 1626 647 1674 et
687 1621 833 1673 vires
864 1626 1118 1675 sumeret
1166 1626 1222 1679 et
1254 1621 1533 1675 desidiam
1564 1621 1875 1691 deponeret

161 1710 524 1763 hortabatur.
583 1708 742 1762 Hanc
773 1709 1079 1763 molliciem
1109 1709 1289 1763 animi
1321 1709 1419 1762 vili
1452 1709 1736 1779 mancipio
1770 1726 1870 1780 po-

163 1798 281 1853 tius
339 1813 514 1868 quam
570 1798 655 1851 illi
710 1814 1030 1868 congruere
1076 1798 1316 1863 dicebat,
1370 1798 1590 1869 hocque
1621 1798 1876 1868 aequiore

1982 560 2137 630 quia,
2172 577 2301 614 cum
2360 560 2528 614 multi
2584 561 2953 615 accessissent
2995 566 3053 615 et
3081 561 3408 631 defatigatis
3429 563 3524 616 alii
3557 579 3682 617 suc-

1981 649 2302 716 cessissent,
2348 654 2584 719 propter
2640 650 2989 719 paucitatem
3022 650 3452 704 defendentium
3501 668 3565 704 ex
3596 651 3684 704 his

1983 738 2125 791 nihil
2158 738 2226 791 ab
2275 738 2358 791 eis
2397 738 2522 791 fieri
2554 737 2764 807 potuit.
2812 738 3073 792 Mulieres
3122 753 3352 809 quoque
3393 738 3571 808 galeis
3596 755 3682 793 ca-

1980 825 2197 895 pitibus
2246 827 2623 895 superpositis
2687 842 2789 896 per
2845 843 3077 880 murum
3146 826 3569 895 disposuerunt,
3630 831 3685 881 et

1979 928 2083 983 per
2127 930 2223 967 eas
2274 913 2526 982 speciem
2584 913 2971 983 pugnantium
3019 914 3412 982 praebuerunt,
3475 918 3535 967 ut
3568 914 3686 967 visa

1981 1002 2145 1071 quasi
2160 1001 2326 1071 copia
2346 1006 2696 1055 armatorum
2721 1001 3179 1071 desperationem
3200 1002 3399 1073 oppidi
3420 1001 3687 1072 potiundi

1981 1089 2238 1143 hostibus
2292 1090 2510 1143 darent.
2574 1089 2802 1142 Talibus
2855 1089 3233 1143 incommodis
3280 1090 3526 1161 fatigati,
3582 1092 3683 1145 ali-

1982 1182 2123 1248 quot
2152 1177 2353 1231 diebus
2391 1193 2542 1247 wgre
2576 1176 3064 1247 obpugnationem
3096 1179 3401 1233 sustinent.
3455 1179 3549 1233 Set
3569 1180 3689 1234 haec

1981 1266 2102 1318 sola
2162 1282 2250 1318 res
2308 1265 2561 1318 remedio
2609 1264 2722 1318 illis
2782 1271 2924 1331 erat,
2956 1266 3111 1335 quod
3145 1266 3301 1319 locus
3333 1283 3401 1320 ex
3440 1268 3687 1337 planicie

1981 1370 2187 1407 natura
2212 1353 2512 1423 paululum
2530 1352 2784 1417 adclivis,
2818 1359 2874 1407 et
2897 1370 3105 1424 aggere
3134 1355 3381 1426 (egregie
3414 1357 3687 1422 elevatus,

1982 1447 2039 1496 et
2071 1458 2259 1507 muro,
2293 1442 2446 1512 quod
2500 1442 2561 1495 in
2611 1442 2721 1495 illis
2749 1442 2887 1496 locis
2936 1443 3297 1497 rarissimum
3328 1449 3431 1510 est,
3466 1445 3689 1499 circun-

1982 1531 2147 1585 datus
2208 1535 2347 1584 erat.
2412 1531 2552 1585 Huic
2608 1531 2867 1585 firmitati
2917 1532 3113 1602 pocius
3170 1549 3345 1603 quam
3391 1533 3499 1587 sibi
3550 1534 3689 1605 ipsis

1983 1620 2371 1675 confidebant.
2411 1620 2504 1674 Set
2536 1635 2666 1673 cum
2723 1619 3135 1689 imperatorem
3195 1622 3688 1692 adpropinquasse

1986 1714 2398 1778 cognoscerent
2426 1713 2483 1763 et
2539 1709 2661 1778 ejus
2716 1713 2899 1764 castra
2956 1710 3155 1779 procul
3194 1710 3379 1763 extrui
3426 1710 3689 1765 animad-

1988 1804 2295 1863 verterent,
2348 1798 2646 1868 desperata
2693 1797 2895 1862 salute,
2954 1798 3024 1852 de
3076 1798 3366 1853 deditione
3397 1799 3466 1852 ad
3498 1799 3690 1853 hostes

164 1886 366 1941 animo
405 1886 708 1941 ferendum
750 1887 933 1952 docet,
984 1887 1139 1958 quod
1172 1888 1330 1941 nullo
1364 1887 1616 1940 remedio
1649 1903 1878 1957 recupe-
1942 1932 1945 1936 .
1987 1889 2207 1957 legatos
2268 1886 2565 1940 miserunt.
2616 1886 2831 1949 Quibus
2879 1887 3233 1941 Adelboldus
3278 1888 3582 1958 episcopus
3631 1893 3689 1942 et

162 1976 286 2030 rari
326 1976 527 2046 possit.
596 1976 793 2045 Neque
850 1975 1021 2029 etiam
1060 1975 1442 2030 dubitandum
1485 1975 1626 2046 quin
1653 1993 1753 2029 sua
1780 1992 1878 2029 ra-

162 2066 327 2119 tione
379 2070 436 2119 et
479 2065 771 2119 voluntate
830 2064 1101 2119 comitem
1159 2064 1409 2118 occisum
1438 2064 1564 2118 illos
1594 2065 1876 2119 arbitran-

162 2151 291 2219 dos,
325 2158 384 2206 et
446 2152 658 2207 idcirco
712 2154 909 2223 procul
966 2152 1142 2207 dubio
1206 2153 1561 2207 credendum
1597 2153 1878 2208 ultionem

162 2241 241 2295 ab
297 2241 378 2294 eis
417 2256 536 2295 esse
598 2242 995 2311 expetendam.
1054 2241 1305 2296 Proinde
1342 2258 1485 2313 opus
1515 2257 1635 2295 esse
1669 2246 1732 2296 ut
1762 2258 1876 2296 sua:

164 2345 530 2401 suorumque
588 2330 760 2384 saluti
818 2330 1174 2400 prospiceret
1223 2335 1279 2384 et
1318 2331 1486 2384 rebus
1512 2330 1628 2383 suis
1654 2331 1880 2385 tuendis

163 2434 399 2473 summa
453 2435 589 2472 cura
644 2418 988 2488 invigilaret.
1062 2419 1158 2473 His
1211 2423 1268 2474 et
1320 2420 1449 2473 aliis
1487 2419 1881 2490 hujuscemodi

168 2507 358 2561 verbis
416 2508 679 2578 conjugis
728 2512 1024 2577 permotus
1073 2514 1130 2561 et
1168 2506 1226 2561 in
1291 2508 1537 2577 majores
1589 2509 1881 2578 angustias

166 2596 476 2661 adductus,
530 2602 919 2650 commeatum
944 2596 1001 2650 in
1033 2596 1313 2667 oppidum
1345 2598 1671 2668 conportari
1695 2598 1878 2667 jubet,

165 2688 235 2737 ut
285 2683 332 2736 si
372 2683 511 2753 quid
562 2683 709 2737 facto
738 2700 881 2754 opus
934 2690 1103 2750 esset,
1162 2684 1270 2738 sibi
1318 2684 1558 2738 facultas
1582 2685 1881 2740 resistendi

170 2788 295 2826 non
324 2773 613 2827 defuisset.
642 2773 810 2827 Mittit
849 2775 1081 2827 nuntios
1122 2773 1416 2828 Coloniam
1459 2774 1531 2827 ad
1566 2774 1879 2843 archiprm-

169 2862 381 2927 sulem,
415 2861 474 2915 in
514 2862 677 2931 cujus
730 2862 993 2915 clientela
1042 2866 1163 2916 erat
1214 2868 1269 2915 et
1299 2862 1421 2932 ejus
1474 2862 1740 2931 largitate
1789 2862 1884 2915 be-

169 2950 381 3003 neticia
448 2952 629 3004 multa
677 2951 927 3017 tenebat,
970 2950 1051 3004 illi
1084 2967 1203 3003 rem
1236 2956 1454 3019 gestam
1487 2950 1774 3021 proponit.
1811 2954 1883 3005 At

1992 1976 2353 2030 Bernhardus
2410 1976 2519 2029 dux
2575 1974 2803 2029 veniam
2860 1976 3163 2044 dederunt,
3211 1982 3267 2031 et
3296 1994 3527 2031 uxorem
3564 1977 3685 2031 Bal-

1987 2064 2130 2120 drici
2177 2080 2307 2118 cum
2365 2064 2483 2118 suis
2535 2064 2708 2118 rebus
2761 2065 3029 2119 omnibus
3087 2065 3245 2119 abire
3280 2066 3686 2136 permiserunt.

1990 2152 2299 2207 Castellum
2357 2168 2511 2216 vero,
2546 2168 2712 2206 muro
2782 2152 2972 2207 diruto
3013 2158 3069 2207 et
3098 2154 3391 2221 subverso,
3424 2154 3692 2207 incendio

1989 2245 2487 2312 consumpserunt.

2283 2330 2364 2384 lsi.
2394 2332 2466 2384 De
2483 2330 2754 2385 Ruodoldo
2774 2346 2897 2397 rege
2925 2318 3399 2397 Burgundionum.

2062 2420 2381 2489 Imperator
2408 2418 2518 2472 illis
2576 2418 2777 2472 diebus
2834 2419 2893 2472 in
2943 2419 3291 2489 Burgundia,
3327 2424 3389 2472 ut
3430 2418 3691 2489 praedixi,

1992 2523 2121 2562 cum
2150 2508 2400 2562 exercitu
2466 2508 2573 2562 hac
2611 2507 2681 2561 de
2726 2524 2897 2561 causa
2954 2508 3298 2562 morabatur.
3348 2509 3488 2562 Nam
3548 2508 3697 2562 Ruo-

1993 2597 2194 2651 doldus
2253 2612 2348 2651 rex
2404 2596 2755 2665 Burgundire
2811 2601 3051 2666 propter
3108 2596 3611 2651 mansuetudinem
3640 2600 3696 2648 et

1992 2686 2383 2739 innocentiam
2456 2684 2584 2738 vita:
2652 2701 2685 2737 a
2757 2684 3101 2755 quibusdam
3168 2683 3524 2755 principibus
3578 2684 3695 2738 suis

1993 2779 2354 2843 contemptus
2411 2778 2518 2841 est,
2596 2774 2746 2828 unde
2806 2778 2863 2827 et
2937 2774 3007 2827 de
3067 2789 3247 2842 regno
3316 2789 3451 2827 eum
3502 2774 3693 2843 expel-

1992 2864 2109 2917 lere
2195 2865 2640 2931 temptaverunt.
2743 2862 2866 2926 Qua
2947 2861 3283 2915 necessitate
3367 2862 3695 2931 compulsus

1994 2949 2061 3003 ad
2094 2949 2498 3019 imperatorem
2556 2950 2730 3015 venit,
2787 2949 2987 3019 illique
3044 2965 3272 3002 causam
3322 2964 3552 3001 omnem
3603 2964 3696 3001 or-

169 3038 271 3092 ille
322 3040 532 3093 auxilia
585 3057 687 3093 sua
759 3040 865 3094 sibi
923 3057 1042 3093 non
1096 3040 1364 3094 defutura
1432 3038 1723 3109 pollicitus
1776 3043 1877 3092 est.
1917 3041 1956 3095 C
1994 3038 2125 3092 dine
2193 3040 2442 3109 exponit,
2500 3043 2555 3092 et
2625 3039 2759 3109 quia
2815 3040 3072 3092 laborem
3137 3042 3193 3092 et
3245 3038 3477 3106 negotia
3534 3037 3696 3107 regni

170 3125 496 3194 Trajectnm
551 3142 779 3196 quoque
841 3125 1096 3192 mittens,
1166 3126 1566 3195 supplementa
1615 3123 1880 3194 {episcopi

168 3212 457 3283 exposcit;
517 3214 617 3285 qui
670 3214 794 3284 ejus
841 3215 1163 3284 adjutorem
1216 3218 1272 3268 et
1310 3213 1560 3268 amicum
1610 3214 1732 3267 fore
1764 3230 1881 3267 non

166 3318 341 3371 posse
372 3302 748 3368 demonstrat,
808 3303 918 3356 nisi
977 3302 1215 3356 domino
1248 3318 1350 3356 suo
1418 3302 1755 3372 imperatori
1788 3319 1883 3355 au-

170 3394 343 3461 gusto
402 3391 471 3445 de
529 3391 777 3445 admisso
832 3392 1043 3445 scelere
1105 3391 1515 3461 inculpabilem
1573 3409 1693 3445 esse
1766 3391 1882 3445 ﬁda

168 3479 554 3533 satisfactione
603 3497 661 3534 se
720 3484 1091 3551 expurgaret.
1141 3483 1253 3536 llac
1294 3497 1394 3551 spe
1452 3481 1881 3550 dejectus,om-

166 3584 293 3636 nes,
326 3585 356 3620 a
416 3569 626 3639 quibus
676 3570 847 3623 tidem
902 3575 957 3623 et
1008 3569 1457 3623 familiaritatem
1489 3570 1777 3639 sperabat,
1812 3569 1882 3623 ad

166 3673 344 3711 suum
400 3657 678 3712 auxilium
718 3662 1017 3722 convocat;
1071 3662 1127 3711 et
1151 3656 1489 3727 priusquam
1517 3657 1572 3711 id
1606 3658 1879 3723 efficeret,

167 3745 485 3816 propinqui
545 3751 603 3799 et.
660 3761 861 3799 omnes
919 3745 1090 3799 amici
1158 3745 1499 3809 Wicmanni,
1548 3752 1605 3799 et
1634 3745 1881 3799 maxime

167 3834 523 3888 Adelboldus
552 3834 927 3903 Trajectensis
972 3833 1292 3904 episcopus,
1328 3833 1427 3903 qui
1460 3833 1542 3886 illi
1568 3836 1645 3902 Lex
1688 3834 1791 3887 hac
1822 3849 1882 3887 re

170 3922 439 3977 omnium
486 3922 891 3976 infestissimus
947 3922 1128 3975 factus
1176 3927 1278 3988 est,
1327 3922 1551 3975 hostem
1588 3922 1881 3991 judicave-

170 4017 316 4067 runt
343 4016 397 4065 et
448 4012 597 4065 bona
628 4028 727 4064 sua
763 4010 1218 4082 publicaverunt.
1249 4010 1485 4064 Summa
1529 4027 1758 4080 quoque
1790 4011 1880 4064 di-

173 4099 419 4167 ligentia
449 4101 615 4166 clam,
661 4116 731 4154 ne
786 4100 839 4153 id
874 4101 942 4153 ad
975 4100 1361 4169 cognitionem
1409 4100 1533 4168 ejus
1564 4098 1880 4168 perveniat,

174 4189 498 4259 legationes
545 4188 696 4242 inter
752 4205 812 4243 se
867 4187 1093 4241 mittere
1145 4192 1460 4257 cceperunt.
1519 4193 1574 4241 et
1638 4188 1883 4258 quisque

174 4284 353 4348 prout
381 4276 559 4347 possit
607 4276 799 4346 copias
830 4282 1016 4345 cogat,
1060 4280 1117 4329 et
1153 4277 1223 4329 ad
1254 4276 1623 4329 constitutam
1659 4281 1881 4329 noctem

175 4372 238 4420 et
288 4370 509 4419 certum
569 4366 759 4419 locum
817 4364 1182 4428 conveniant,
1229 4370 1286 4418 et
1317 4365 1464 4418 intra
1498 4364 1883 4419 munitionem

178 4454 525 4520 Baldricum,
586 4453 631 4507 si
688 4453 812 4507 fieri
865 4458 1074 4522 posset,
1127 4453 1408 4507 obsident.
1475 4453 1636 4517 Quod
1692 4468 1886 4506 cuma

173 4542 543 4608 cupientibus
607 4542 871 4595 celeriter
947 4541 1449 4595 administraretur
1529 4537 1621 4603 ³⁸⁸,
1708 4541 1885 4594 hostis

175 4630 595 4686 consuetudine
623 4647 724 4683 sua
771 4636 903 4683 ante
960 4630 1208 4700 primam
1240 4630 1554 4684 confectam
1605 4628 1879 4699 vigiliam,

175 4718 390 4773 timens
451 4717 770 4785 periculum
828 4715 1194 4779 obsessionis,
1263 4716 1477 4787 oppido
1528 4732 1657 4769 cum
1690 4716 1885 4785 paucis

175 4821 441 4875 egressus
462 4809 567 4858 est.
599 4804 709 4869 Qui
750 4804 808 4858 in
847 4805 1122 4868 tenebris,
1157 4810 1466 4875 conspectu
1496 4804 1765 4872 adempto
1790 4804 1881 4868 ²¹⁸,

172 4892 369 4946 hostes
417 4892 609 4946 videre
651 4910 763 4945 non
793 4894 1005 4963 potuit;
1061 4900 1143 4946 set
1203 4893 1468 4947 exaudito
1501 4893 1750 4945 tumultu
1784 4892 1883 4945 ad-

171 4981 536 5035 ventantium
580 4983 942 5051 perterritus,
976 4981 1147 5036 celeri
1181 4982 1315 5052 fuga
1345 4980 1541 5034 evasit.
1577 4981 1884 5035 Castellum

174 5068 475 5122 obsidetur
520 5064 614 5134 ’1‘,
667 5084 866 5123 omnes
921 5067 1028 5122 vici
1073 5074 1131 5123 et
1187 5070 1409 5139 privata
1444 5067 1685 5121 aedificia
1722 5068 1793 5121 ad
1826 5084 1884 5122 se

175 5156 530 5228 pertinentia
560 5156 774 5229 ubique
805 5162 1121 5223 vastantur,
1153 5162 1211 5211 et
1259 5173 1466 5228 magno
1524 5173 1765 5210 numero
1791 5172 1884 5226 pe-

174 5244 326 5299 coris
384 5250 441 5299 et
492 5248 807 5300 ceterarum
872 5262 1065 5299 rerum
1098 5246 1423 5316 pociuntur.
1490 5244 1627 5298 Dein
1659 5260 1784 5315 quae
1811 5244 1881 5297 ad

176 5349 433 5404 pugnam
491 5339 972 5405 praeparaverant,
1031 5332 1362 5405 expediunt.
1433 5333 1666 5387 Summa
1720 5332 1773 5386 vi
1812 5332 1882 5387 ab

1913 4327 1955 4379 ι)

1992 3126 2206 3181 diutius
2261 3128 2409 3180 ferre
2470 3142 2587 3180 non
2634 3131 2879 3197 poterat,
2922 3127 3056 3196 quia
3109 3126 3229 3196 jam
3283 3130 3445 3179 aetate
3490 3141 3695 3196 prove-

1991 3220 2114 3268 ctus
2148 3216 2350 3281 fuerat,
2385 3232 2629 3286 regnum
2684 3215 3017 3285 imperatori
3051 3214 3306 3279 tradidit,
3353 3220 3426 3282 et,
3461 3214 3694 3283 amplis-

1993 3303 2156 3357 simis
2199 3304 2365 3357 donis
2406 3304 2670 3375 acceptis,
2736 3305 2790 3358 in
2826 3304 3071 3375 patriam
3104 3320 3394 3375 regressus
3425 3310 3527 3358 est.
3564 3306 3695 3357 Post

1992 3393 2113 3446 haec
2153 3393 2465 3463 imperator
2503 3394 2563 3447 in
2617 3394 3009 3465 Burgundiam
3043 3394 3347 3462 profectus,
3381 3398 3694 3447 conventus

1992 3498 2137 3552 quos
2218 3482 2519 3536 constituit
2573 3484 2812 3552 peregit,
2883 3482 3109 3536 obsides
3158 3482 3396 3551 accepit,
3474 3486 3531 3535 et
3604 3498 3692 3535 re-

1991 3571 2096 3624 bus
2138 3570 2471 3625 necessariis
2518 3570 2836 3640 imperatis,
2897 3570 3087 3624 rediit.
3147 3570 3237 3625 Hii
3289 3567 3361 3602 ²¹⁷
3431 3585 3564 3623 vero
3595 3569 3695 3640 qui

1992 3665 2161 3713 antea
2216 3658 2592 3712 rebellionem
2646 3659 2920 3723 fecerant,
2971 3673 3101 3711 cum
3150 3657 3409 3711 viderent
3437 3673 3631 3727 regem
3662 3675 3696 3711 a

1991 3747 2237 3816 negotiis
2280 3746 2443 3815 regni
2474 3746 2808 3811 alienatum,
2860 3752 2917 3799 et
2967 3760 3027 3799 se
3085 3762 3118 3799 a
3177 3745 3355 3815 priori
3410 3751 3693 3817 potestate

1992 3835 2312 3899 submotos,
2345 3839 2403 3887 et
2433 3834 2831 3887 auctoritatem
2887 3838 2945 3886 et
2973 3832 3215 3903 gratiam
3259 3833 3409 3887 inter
3439 3832 3696 3886 civitates

1990 3923 2049 3976 in
2081 3922 2288 3993 quibus
2346 3922 2633 3976 dominari
2682 3922 2941 3976 solebant
2971 3938 3091 3975 esse
3125 3922 3492 3987 diminutam,
3524 3936 3695 3973 vene-

1992 4015 2127 4064 runt
2156 4010 2225 4065 ad
2266 4026 2480 4080 regem,
2514 4016 2570 4064 et
2617 4012 2740 4079 ejus
2771 4010 3016 4080 pedibus
3049 4009 3341 4079 provoluti
3372 4026 3429 4062 se
3461 4008 3693 4062 dedide-

1990 4106 2148 4165 runt,
2199 4104 2255 4153 et
2312 4100 2580 4154 omnibus
2627 4100 2948 4153 rationibus
2993 4099 3061 4152 de
3110 4104 3443 4167 contemptu
3473 4096 3693 4151 satisfa-

1992 4194 2182 4243 cturos
2214 4188 2624 4259 promiserunt,
2657 4204 2845 4259 neque
2870 4204 2928 4241 se
2954 4203 3233 4258 umquam
3268 4187 3337 4241 ab
3371 4187 3477 4240 hoc
3503 4185 3696 4239 animo

1996 4278 2269 4343 revocari,
2305 4277 2446 4348 quin
2495 4294 2721 4347 semper
2749 4277 2865 4330 suis
2906 4276 3165 4347 imperiis
3194 4276 3311 4329 sint
3337 4274 3698 4338 obedientes;

1999 4383 2176 4421 unum
2235 4366 2374 4420 illud
2410 4366 2733 4436 specialiter
2760 4364 3073 4435 deprecari,
3126 4380 3197 4417 ne
3249 4364 3481 4415 alterius
3511 4362 3699 4431 gentis

1998 4470 2191 4524 regem
2248 4470 2422 4524 super
2484 4454 2763 4523 populum
2822 4469 2990 4505 suum
3041 4451 3327 4504 dominari
3372 4455 3693 4519 pateretur;

1996 4542 2180 4611 legem
2231 4542 2376 4595 hanc
2406 4546 2743 4611 perpetuam
2779 4538 3252 4608 Burgundionum
3282 4552 3421 4597 esse,
3450 4543 3514 4589 ut
3543 4536 3699 4590 hunc

1995 4646 2190 4699 regem
2223 4629 2519 4693 haberent,
2582 4644 2754 4698 quem
2800 4627 2911 4695 ipsi
2959 4626 3240 4691 eligerent
3285 4630 3457 4695 atque
3483 4624 3696 4678 consti-

1995 4722 2244 4773 tuerent.
2315 4718 2528 4771 Horum
2587 4715 2843 4769 oratione
2893 4715 3150 4784 placatus
3201 4719 3259 4767 et
3314 4713 3699 4767 satisfactione

1994 4808 2245 4873 accepta,
2303 4819 2402 4856 rex
2459 4802 2675 4873 legatos
2715 4801 2782 4855 ad
2816 4800 3221 4870 imperatorem
3257 4800 3452 4866 mittit,
3483 4800 3699 4867 dicens,

1996 4890 2349 4945 adversarios
2398 4905 2531 4942 suos
2583 4888 2657 4942 ad
2685 4905 2744 4942 se
2788 4888 3030 4953 venisse,
3066 4888 3290 4942 veniam
3348 4888 3418 4942 de
3448 4887 3538 4940 his
3569 4903 3700 4957 qum

1994 4978 2053 5031 in
2082 4994 2216 5032 eum
2264 4977 2677 5031 commiserant
2717 4977 3056 5048 postulasse,
3090 4975 3316 5045 sibique
3345 4974 3551 5029 dehinc
3575 4974 3700 5027 sine

1996 5068 2111 5121 ulla
2168 5066 2491 5138 suspicione
2543 5066 2665 5120 fore
2728 5066 3059 5120 obedientes
3106 5065 3493 5119 conﬁrmasse.
3552 5062 3702 5117 Petit

1995 5162 2060 5209 ut
2086 5157 2232 5210 hanc
2283 5155 2529 5225 gratiam
2586 5154 2693 5209 sibi
2748 5156 3043 5217 concedat,
3102 5154 3267 5223 regni
3296 5154 3299 5157 ’
3331 5152 3418 5206 sui
3460 5151 3701 5221 pristina

1994 5249 2279 5314 potestate
2325 5260 2431 5316 pro
2488 5261 2590 5298 sua
2637 5244 2942 5298 clementia
2996 5241 3070 5279 ²¹⁸
3116 5259 3174 5296 se
3252 5241 3333 5295 uti
3384 5240 3694 5311 permittat.

1994 5334 2313 5403 Imperator
2366 5349 2518 5399 vero,
2582 5332 2843 5404 quamvis
2874 5330 2980 5385 sibi
3016 5330 3124 5383 hoc
3151 5329 3442 5383 videretur
3473 5325 3701 5380 incom-

1604 5457 1835 5511 νΑΗιίΕ
1867 5458 2262 5512 LECTIONES.

248 5584 319 5617 ²¹⁶
396 5585 475 5638 ita
507 5584 571 5636 E.
608 5582 1045 5637 administretur
1096 5600 1141 5637 ι.
1221 5581 1291 5619 ²¹⁸
1366 5584 1633 5653 adeptoc.
1713 5583 1788 5618 ²¹⁶

1862 5582 2146 5637 obsiditur
2174 5598 2199 5637 ο
2213 5625 2225 5638 .

2310 5579 2381 5619 ²¹⁷
2459 5581 2557 5636 Hic
2578 5598 2623 5635 ο.
2704 5579 2779 5615 ²¹⁸
2854 5578 3109 5650 potentia
3139 5592 3277 5632 corr.
3314 5576 3619 5631 clementia
3648 5593 3693 5631 c.
