3968 6462
239 385 344 439 479

1203 381 1502 438 ALPERTI
1542 383 1596 438 S.
1639 381 2111 438 SYMPHORIANI
2154 380 2448 437 METENS.
2495 379 2796 436 MONACH.

3677 381 3802 434 .180

240 505 499 570 modum,
549 505 746 557 tamen
793 503 1071 568 recolens,
1101 503 1499 573 propinquum
1529 518 1699 557 suum
1721 518 1946 556 summa
1976 505 2020 556 A
2059 502 2253 574 ignem
2279 503 2665 570 immiserunt,
2700 505 2756 556 et
2784 517 2945 572 spem
2963 500 3228 556 omnibus
3249 501 3329 556 ibi
3360 501 3606 557 ulterius
3638 517 3803 556 con-

241 592 576 647 necessitate
627 595 888 645 coactum
946 590 1020 644 ad
1076 606 1138 645 se
1171 591 1390 645 venisse
1443 596 1499 645 et
1551 607 1793 661 regnum
1827 606 1943 644 non

241 687 362 737 tam
414 681 708 736 voluntate
761 696 935 751 quam
995 680 1330 734 necessitate
1381 679 1683 734 adductum
1707 679 1816 733 sibi
1839 685 1947 732 tra-

244 770 473 835 didisse,
525 784 597 823 ne
630 768 808 822 nimis
855 768 1168 821 inhumane
1203 772 1402 821 contra
1434 783 1567 820 eum
1617 767 1799 838 egisse
1831 767 1946 821 exi-

241 861 593 924 stimaretur,
632 857 903 928 peticioni
934 857 1088 926 regis
1137 857 1357 918 annuit,
1417 855 1643 926 sibique
1701 872 1947 928 regnum

246 945 512 1013 reddidit,
561 949 618 1000 et
656 944 1010 1016 principibus
1037 943 1154 997 suis
1185 947 1251 997 ut
1279 943 1362 997 illi
1391 943 1450 997 in
1483 943 1752 998 omnibus
1782 945 1946 998 obse-

245 1034 560 1088 cundantes
614 1038 803 1087 essent
854 1031 1174 1104 imperavit.
1225 1031 1321 1085 Set
1351 1031 1548 1102 siquis
1577 1032 1637 1086 in
1678 1032 1787 1101 his,
1818 1049 1948 1104 quae

248 1138 400 1175 nunc
419 1121 686 1185 diximus,
710 1125 946 1191 propter
973 1122 1254 1174 honorem
1281 1119 1645 1189 imperatoris
1673 1120 1733 1174 in
1755 1121 1950 1190 paucis

246 1209 432 1264 verbis
460 1210 532 1264 ab
562 1209 812 1262 historiae
843 1208 1079 1262 veritate
1106 1224 1198 1262 me
1231 1208 1544 1262 declinasse
1567 1209 1949 1278 contenderit,

248 1297 507 1368 quamvis
558 1314 664 1367 ego
719 1297 863 1352 nihil
921 1297 1048 1351 falsi
1093 1313 1221 1351 mea
1271 1297 1637 1365 conscientia,
1695 1303 1782 1352 set
1825 1314 1951 1368 quin

247 1384 629 1454 plurimorum
689 1385 870 1438 relatu
937 1383 1130 1450 didici,
1186 1384 1558 1454 scripsissem,
1601 1384 1648 1438 is
1695 1386 1952 1454 profecto

249 1473 390 1526 sciat
435 1473 542 1530 hoc
598 1477 792 1525 tamen
845 1471 1107 1526 omnium
1167 1473 1498 1526 testimonio
1555 1489 1754 1528 verum
1805 1491 1946 1541 esse,

248 1560 702 1630 Burgundiones,
738 1560 1102 1630 imperatoris
1166 1561 1375 1614 timore
1424 1562 1779 1631 perterritos,
1832 1562 1953 1632 regi

246 1648 548 1719 pristinam
572 1648 907 1702 servitutem
947 1649 1216 1720 deinceps
1246 1649 1591 1705 exhibuisse.
1630 1649 1948 1716 Heinricus,

249 1737 578 1807 Burgundia
619 1737 862 1798 rediens,
937 1738 1205 1792 Munnam
1258 1743 1314 1791 et
1387 1738 1582 1791 omnia
1649 1755 1779 1808 quin
1839 1741 1950 1792 Wi-

247 1825 477 1880 cmanni
507 1830 671 1880 erant
729 1826 1056 1880 Bernhardo
1109 1825 1183 1862 "9
1242 1825 1391 1888 duci,
1455 1832 1515 1880 ut
1563 1827 1746 1880 tilium
1782 1843 1949 1881 suum

245 1913 549 1982 parvulum
574 1912 819 1967 nutriret
849 1913 1032 1968 donec
1060 1914 1433 1979 adolesceret,
1457 1915 1765 1968 commisit.

646 2005 726 2056 15.
763 2003 844 2056 De
899 2005 1103 2057 Munna
1141 2004 1280 2058 clam
1329 2003 1558 2058 tradita.

320 2093 386 2145 In
416 2091 626 2145 Munna
655 2096 776 2144 erat
827 2107 1020 2144 servus
1049 2092 1349 2158 cujusdam
1389 2093 1640 2163 partium
1686 2091 1948 2157 Baldrici,

249 2179 321 2233 ad
348 2179 664 2233 fallendum
697 2179 860 2232 valde
909 2179 1178 2246 callidus;
1230 2180 1321 2233 hic
1368 2180 1558 2234 nescio
1601 2196 1715 2250 quo
1746 2181 1815 2234 de
1843 2181 1952 2234 cri-

250 2268 406 2322 mine
449 2284 601 2333 reus,
662 2267 894 2321 domino
924 2285 1026 2320 suo
1060 2268 1254 2322 multis
1277 2269 1477 2323 diebus
1506 2269 1780 2340 fugitivus
1811 2275 1949 2324 erat.

251 2356 381 2426 Qui,
427 2356 745 2425 excogitato
795 2356 1058 2423 consilio,
1117 2373 1282 2428 posse
1334 2357 1570 2411 domino
1625 2373 1728 2411 suo
1759 2358 1818 2412 in
1849 2359 1956 2412 hoc

253 2444 615 2498 reconciliari
664 2444 712 2497 si
760 2446 1055 2499 castellum
1086 2445 1171 2500 illi
1218 2446 1488 2512 traderet,
1513 2447 1659 2500 clam
1690 2447 1844 2500 venit
1885 2447 1954 2500 ad

255 2549 409 2596 eum,
443 2533 761 2586 certissime
791 2534 1156 2603 promittens,
1208 2535 1254 2588 si
1288 2551 1420 2588 eum
1480 2535 1644 2605 sequi
1674 2536 1863 2601 vellet,
1896 2536 1956 2588 in

253 2622 510 2675 medium
561 2621 785 2675 Munna:
841 2623 1054 2692 absque
1114 2624 1230 2677 ullo
1271 2623 1525 2693 periculo
1551 2624 1952 2678 deducturum.

256 2710 356 2764 llle
388 2716 602 2777 autem,
631 2715 696 2763 ut
721 2715 806 2764 est
831 2712 1181 2765 consuetudo
1212 2712 1686 2780 adolescentium,
1711 2712 1955 2767 nimium

255 2797 316 2850 in
368 2797 781 2868 pollicitatione
823 2798 948 2868 ejus
995 2800 1273 2866 exultans,
1327 2815 1538 2870 magna
1586 2800 1638 2852 ei
1675 2801 1962 2870 promittit

257 2901 520 2950 munera,
571 2891 627 2939 et
683 2891 748 2940 ut
778 2903 952 2957 quam
1000 2887 1261 2941 celeriter
1303 2888 1359 2941 id
1413 2887 1620 2942 efﬁciat
1673 2888 1954 2942 hortatur.

258 2973 358 3026 Ille
390 2990 520 3027 vero
551 2974 721 3028 tidem
756 2975 854 3029 dat
899 2990 958 3028 se
1016 2975 1094 3028 ita
1147 2976 1452 3044 facturum,
1505 2982 1561 3028 et
1590 2976 1659 3030 ad
1692 2977 1964 3029 constitu-

2055 592 2360 646 stituendae
2384 591 2721 646 munitionis
2752 591 3110 644 ademerunt.

2012 686 2024 702 ‘
2060 683 2145 734 17.
2174 683 2246 736 De
2290 683 2580 750 quaestione
2604 681 2792 734 habita
2840 695 2958 734 cum
3005 679 3259 734 Baldrico
3291 679 3357 733 de
3395 682 3566 733 morte
3611 679 3795 732 Wic-

2800 786 3008 824 manm.

2129 858 2229 915 His
2267 858 2408 913 actis
2447 858 2640 925 rebus,
2693 859 2764 912 de
2820 873 2958 911 nece
2993 857 3310 912 Wicmanni
3341 873 3473 911 cum
3507 857 3796 912 Baldrico

2058 947 2438 1019 qumstionem
2465 947 2678 1000 habere
2709 945 2980 1000 instituit.
3015 949 3273 1017 Cumque
3321 946 3389 1000 ad
3425 945 3579 999 hunc
3618 960 3790 998 con-

2059 1039 2292 1089 ventum
2315 1033 2480 1088 multi
2513 1034 2798 1101 adessent,
2824 1033 3136 1104 imperator
3168 1033 3510 1099 Baldricum,
3531 1031 3793 1102 publica

2058 1124 2188 1178 data
2222 1124 2352 1190 fide,
2403 1123 2671 1176 advenire
2715 1122 2901 1192 jussit.
2969 1123 3030 1176 In
3063 1139 3236 1192 quem
3280 1138 3411 1175 cum
3465 1120 3792 1174 acerrima:

2061 1211 2362 1266 sententia:
2407 1211 2821 1282 proferrentur,
2871 1215 2928 1264 et
2986 1210 3082 1264 ille
3140 1226 3366 1264 summo
3430 1212 3641 1263 conatu
3719 1221 3789 1260 se

2059 1299 2470 1369 inculpabilem
2527 1315 2631 1368 per
2679 1315 2876 1352 omnes
2927 1297 3207 1369 justicias,
3258 1315 3401 1369 quas
3447 1297 3794 1367 imperator

2061 1388 2452 1451 constitueret,
2511 1387 2906 1441 demonstrare
2957 1392 3211 1455 cuperet,
3265 1386 3376 1440 dux
3422 1382 3790 1440 Godefridus

2063 1483 2120 1530 et
2150 1476 2514 1531 Bernhardus
2540 1475 2615 1510 ²²³
2675 1491 2906 1529 omnem
2950 1475 3356 1546 purgationem
3405 1473 3495 1526 sui
3546 1472 3788 1526 facien-

2062 1565 2194 1620 dam
2243 1565 2464 1635 legibus
2499 1561 2940 1630 interdixerunt,
2998 1567 3298 1633 propterea
3357 1561 3512 1633 quod
3553 1560 3788 1630 saepius

2063 1655 2211 1707 inter
2232 1654 2395 1707 illum
2427 1658 2484 1706 et
2537 1654 2934 1705 Wicmannum
2985 1652 3127 1704 ﬁdes
3158 1657 3213 1704 et.
3266 1667 3372 1722 pax
3405 1653 3786 1702 sacramento

2062 1743 2313 1810 ﬁrmata,
2354 1757 2582 1812 semper
2633 1742 2728 1796 ille
2765 1741 2921 1810 prior
2943 1740 3248 1794 discidium
3295 1739 3514 1805 fecerit,
3549 1742 3609 1791 et
3639 1737 3785 1791 ideo

2063 1831 2186 1901 ejus
2225 1831 2671 1884 satisfactionem
2729 1828 2972 1882 ulterius
3031 1843 3148 1882 non
3181 1826 3570 1897 recipiendam
3619 1840 3781 1890 esse,

2060 1919 2161 1989 qui
2205 1919 2494 1972 convictus
2552 1923 2670 1970 tam
2730 1915 3044 1970 manifestis
3098 1914 3326 1969 indiciis
3381 1913 3650 1984 perjurus
3698 1911 3785 1947 ³³⁸

2061 2007 2343 2061 existeret.
2427 2007 2685 2076 Cumque
2743 2003 2902 2074 loqui
2958 2008 3283 2070 conantem,
3360 2017 3557 2054 vocem
3617 2001 3778 2069 ejus,

2060 2112 2133 2150 ne
2177 2111 2406 2148 causam
2447 2110 2609 2148 suam
2656 2094 2886 2159 diceret,
2942 2092 3354 2162 interciperent
3404 2094 3458 2144 et
3522 2089 3581 2142 in
3630 2105 3779 2141 eum

2060 2184 2412 2249 frenderent,
2462 2183 2757 2237 saevientes
2807 2181 2879 2235 ob
2936 2179 3259 2235 innocentis
3290 2185 3558 2246 mortem,
3589 2181 3647 2231 et
3683 2177 3779 2230 vix

2062 2278 2431 2342 conspectum
2481 2272 2604 2342 ejus
2638 2271 2873 2335 ferrent,
2907 2286 2996 2323 res
3020 2269 3139 2339 jam
3170 2284 3317 2338 pene
3346 2267 3410 2322 in
3440 2283 3506 2320 eo
3532 2269 3679 2328 erat,
3713 2271 3785 2319 ut

2063 2361 2315 2415 militum
2347 2361 2612 2414 manibus
2666 2360 3106 2428 discerperetur.
3144 2359 3403 2426 Cumque
3459 2353 3684 2407 videret
3716 2368 3781 2405 se

2063 2452 2123 2504 in
2161 2455 2286 2504 arto
2340 2449 2590 2520 positum
2629 2455 2688 2503 et
2751 2447 2994 2502 evadere
3046 2461 3210 2517 posse
3267 2443 3572 2508 diffideret,
3635 2457 3783 2495 voce

2068 2555 2276 2608 magna
2322 2537 2586 2592 clamavit
2665 2543 2867 2607 petens
2923 2535 3200 2588 auxilium
3277 2533 3450 2604 regis.
3506 2531 3784 2586 Clamore

2066 2627 2189 2696 ejus
2219 2625 2434 2690 audito,
2485 2624 2729 2678 surrexit
2779 2639 2897 2688 rer,
2948 2629 3005 2676 et
3052 2627 3285 2675 extensa
3331 2635 3530 2683 manu,
3565 2634 3640 2672 ne
3666 2633 3782 2687 pu-

2067 2714 2274 2769 blicam
2307 2713 2502 2768 datam
2541 2713 2710 2766 fidem
2736 2711 2989 2776 laederet,
3023 2727 3087 2765 ex
3120 2709 3385 2764 manibus
3413 2706 3783 2762 saevientium

2069 2802 2302 2872 eripuit,
2363 2807 2420 2855 et
2465 2802 2588 2871 jam
2616 2802 2972 2871 disperatum
3003 2798 3163 2852 abire
3193 2813 3227 2850 a
3259 2797 3401 2850 facie
3430 2797 3554 2866 ejus
3579 2794 3777 2865 jussit.

2069 2891 2250 2955 Quem
2304 2889 2763 2959 archiepiscopus
2815 2885 3148 2956 suscipiens,
3175 2899 3383 2954 magna
3408 2897 3545 2935 cura
3571 2881 3781 2934 tueba-

2069 2985 2181 3042 tur,
2215 2983 2272 3031 et
2318 2977 2388 3031 ab
2441 2977 2703 3030 hostibus
2756 2975 2843 3028 vix
2875 2980 3159 3044 ereptum,
3203 2969 3503 3027 Coloniam
3528 2967 3774 3022 remisit.

257 3065 378 3115 tum
411 3067 640 3130 tempus
686 3062 950 3116 reseratis
981 3063 1162 3132 portis
1199 3079 1427 3118 summo
1461 3080 1628 3117 mane
1657 3063 1959 3116 dominum
1993 3062 2031 3118 C
2073 3066 2179 3130 Qui
2209 3070 2339 3136 post
2364 3066 2495 3119 hinc
2521 3064 2834 3118 triennium
2878 3078 3032 3132 zeger
3077 3062 3260 3115 factus
3318 3059 3378 3112 in
3442 3057 3779 3126 Hengibach

259 3167 427 3203 suum
485 3151 817 3204 intromisit.
870 3151 1158 3220 Oppidani
1188 3152 1250 3206 in
1294 3152 1514 3206 lectulis
1548 3153 1734 3206 adhuc
1764 3168 1965 3205 somno

259 3239 498 3308 gravati,
549 3238 846 3308 inopinato
885 3240 1134 3292 clamore
1192 3239 1445 3294 hostium
1493 3239 1680 3292 subito
1719 3240 1968 3294 excitan-

261 3334 374 3380 tur.
428 3326 687 3396 Cumque
733 3343 836 3397 per
893 3326 1148 3397 hospicia
1195 3327 1301 3381 hac
1329 3333 1386 3381 et
1413 3327 1543 3381 illac
1582 3328 1969 3383 discurrerent

263 3419 453 3485 etquo
487 3430 546 3468 se
577 3414 899 3484 reciperent
950 3416 1305 3484 ignorarent,
1338 3415 1588 3469 inermes
1637 3416 1965 3486 capiuntur,

263 3519 378 3556 uno
436 3507 657 3555 tantum
689 3502 746 3555 in
772 3502 956 3572 prima
1001 3505 1373 3556 concursione
1413 3503 1734 3570 interfecto,
1779 3506 1968 3560 caeteri

267 3606 467 3644 omnes
489 3591 559 3643 de
599 3591 827 3643 castello
851 3589 1234 3660 expelluntur.

379 3682 454 3732 16.
494 3679 572 3733 De
597 3679 910 3747 expulsiones
937 3679 1201 3744 Baldrici,
1242 3683 1291 3733 et
1321 3681 1527 3734 Munna
1563 3680 1856 3736 destructa.

340 3767 627 3823 Baldricus
703 3769 877 3822 domo
944 3769 1210 3838 expulsus
1259 3773 1318 3822 et
1391 3768 1658 3823 omnibus
1725 3767 1971 3822 fortunis

269 3856 492 3910 amissis
517 3855 629 3926 (an.
665 3859 839 3923 1018),
872 3856 944 3910 ad
994 3857 1345 3911 sacerdotem
1382 3856 1775 3910 Cnloniensem
1809 3857 1966 3910 abiit.

269 3943 379 4007 Qui
410 3943 532 4014 ejus
597 3951 853 3998 recentes
907 3944 1260 3999 calamitates
1313 3944 1744 4012 commiserans,
1778 3946 1972 3998 sedem

271 4031 331 4086 in
361 4032 584 4086 civitate
636 4032 918 4100 delegavit
962 4031 1430 4103 stipendiumque
1475 4033 1786 4088 constituit.
1835 4035 1972 4087 Ger-

274 4120 508 4188 hardus,
531 4136 762 4190 quoque
787 4120 1134 4174 Mosellensis
1188 4121 1520 4190 Hengibach
1551 4121 1631 4175 illi
1659 4137 1975 4176 accommo-

274 4207 447 4273 davit,
478 4213 559 4272 ut,
613 4223 727 4278 quo
757 4223 816 4261 se
848 4207 1087 4277 recipiat
1125 4207 1352 4274 habeat,
1403 4213 1458 4262 et
1503 4213 1662 4262 tutus
1691 4209 1762 4263 ab
1801 4209 1976 4264 hosti-

273 4295 380 4348 bus
411 4295 634 4349 existat.
687 4297 899 4351 Munna
941 4312 1098 4362 vero,
1161 4302 1223 4350 ut
1274 4313 1449 4367 supra
1492 4296 1762 4363 diximus,
1796 4314 1830 4351 a
1857 4297 1973 4352 suis

274 4387 462 4454 capta,
510 4384 830 4454 augebatur
879 4383 964 4439 illi
993 4401 1140 4455 spes,
1165 4400 1403 4454 sperans
1423 4400 1481 4439 se
1509 4383 1580 4421 ²²⁰
1609 4401 1712 4455 per
1742 4386 1889 4439 hanc
1907 4389 1973 4424 ²¹¹

272 4489 467 4526 casum
510 4489 681 4526 suum
737 4477 794 4527 et
834 4473 1093 4528 dolorem
1159 4471 1525 4544 expiaturum
1571 4480 1628 4527 et
1673 4474 1974 4544 pristinam

277 4562 518 4614 salutem
566 4565 1058 4632 recuperaturum.
1093 4560 1190 4615 Set
1217 4561 1388 4631 longe
1423 4561 1589 4615 aliter
1616 4579 1706 4616 res
1737 4563 1966 4619 accidit.

276 4651 417 4703 Nam
472 4651 823 4721 Noviomago
878 4650 1122 4704 concilio
1174 4651 1388 4705 indicto
1448 4650 1636 4720 (Mart.
1695 4653 1803 4720 l6),
1845 4668 1975 4707 eum

276 4737 445 4790 multi
484 4737 866 4805 advenissent,
919 4739 1234 4810 imperator
1287 4739 1577 4804 Munnam,
1622 4755 1694 4793 ne
1745 4740 1977 4811 aliquod

278 4825 706 4880 incommodum
739 4833 838 4881 aut
861 4832 1056 4898 praeda
1105 4842 1169 4880 ex
1201 4843 1267 4880 ea
1295 4827 1519 4898 regioni
1548 4828 1728 4894 fieret,
1762 4828 1980 4883 destrui

271 4913 462 4983 jussit.
538 4915 620 4969 Ad
696 4916 821 4986 ejus
887 4916 1330 4970 destructionem
1388 4917 1748 4971 Heribertum
1800 4917 1959 4972 arcbi

281 5004 615 5074 episcopum
631 5009 690 5058 et
717 5005 1072 5059 Gerhardum
1095 5005 1486 5060 Mosellensem
1518 5012 1576 5060 et
1595 5006 1738 5060 alios
1770 5009 1980 5062 multos

284 5090 440 5146 misit
469 5089 567 5162 ’3',
621 5092 722 5163 qui
765 5092 1025 5147 funditus
1077 5093 1319 5147 aediﬁcia
1365 5095 1560 5149 omnia
1615 5096 1977 5162 subruentes,

2075 3155 2322 3208 moritur
2413 3158 2526 3220 (an.
2565 3153 2749 3220 1021),
2824 3166 3146 3221 corpusque
3229 3149 3355 3219 ejus
3429 3146 3490 3200 in
3557 3160 3783 3216 posses-

2076 3244 2296 3297 sionem
2343 3241 2416 3279 ²²⁸
2456 3257 2618 3296 suam
2673 3239 2934 3295 Setluche
2994 3237 3107 3309 (51)
3141 3237 3397 3292 defertur
3425 3240 3482 3288 et
3512 3233 3592 3287 ibi
3624 3249 3782 3303 sepe-

2075 3332 2232 3386 litur.

2149 3423 2233 3474 18.
2287 3418 2556 3486 Quomodo
2605 3416 2955 3472 Gevehardus
2984 3418 3044 3470 in
3090 3417 3311 3469 mortem
3347 3409 3421 3447 ²²⁶
3450 3411 3647 3466 ductus
3679 3413 3781 3464 est.

2147 3509 2282 3562 Post
2337 3507 2500 3578 cujus
2557 3511 2802 3560 mortem
2861 3520 3056 3558 servus
3108 3503 3292 3557 isdem
3341 3500 3441 3572 qui
3507 3499 3782 3553 Munnam

2077 3596 2332 3662 tradidit,
2384 3595 2538 3649 venit
2591 3595 2657 3649 ad
2698 3593 3112 3659 Gevehardum,
3170 3591 3239 3645 de
3278 3605 3394 3661 quo
3444 3603 3618 3659 supra
3647 3585 3785 3641 dixi-

2079 3701 2208 3738 mus
2239 3685 2387 3754 (cap.
2450 3687 2558 3751 11),
2611 3683 2956 3754 promittens
2994 3681 3101 3742 illi,
3148 3679 3196 3733 si
3254 3678 3376 3748 ejus
3415 3674 3654 3730 consilio
3681 3675 3780 3728 ad-

2079 3773 2372 3843 quiescere
2429 3781 2484 3825 et
2513 3787 2572 3824 se
2638 3769 2800 3841 sequi
2847 3769 3036 3833 vellet,
3080 3768 3310 3822 beatum
3362 3764 3667 3828 facturum,
3709 3760 3778 3815 ad

2081 3877 2246 3914 suum
2279 3861 2574 3914 castellum
2625 3858 2975 3929 Hengibacb,
3008 3856 3162 3928 quod
3197 3855 3249 3909 ei
3281 3869 3346 3907 ex
3375 3860 3536 3923 parte
3592 3850 3782 3904 uxoris

2074 3950 2205 4020 jure
2236 3949 2523 4014 successit,
2554 3948 2956 4012 deducturum,
3016 3950 3072 3998 et
3115 3943 3240 3998 sine
3271 3943 3505 3995 vulnere
3537 3939 3776 3994 liberam

2081 4037 2410 4091 facultatem
2457 4036 2566 4090 sibi
2625 4035 2898 4106 pociundi
2952 4033 3243 4088 daturum.
3320 4030 3427 4095 Qui
3495 4028 3565 4083 ad
3617 4042 3776 4081 suam

2083 4125 2498 4191 infelicitatem,
2557 4123 2806 4178 nimium
2869 4122 3133 4176 credulus
3182 4119 3369 4173 verbis
3427 4116 3596 4183 servi,
3656 4114 3777 4168 sine

2083 4229 2246 4267 mora
2278 4211 2646 4283 subsequitur
2704 4215 2958 4265 euntem.
2994 4211 3059 4264 Et
3103 4223 3232 4262 cum
3263 4222 3368 4277 per
3393 4206 3778 4276 exploratores

2086 4317 2217 4355 eum
2269 4299 2764 4370 adpropinquasse
2818 4297 3112 4369 cognitum
3172 4300 3275 4360 est,
3346 4292 3688 4356 Gerhardus,
3719 4296 3781 4344 ut

2086 4387 2416 4443 condictum
2445 4392 2586 4454 erat,
2620 4402 2889 4456 magnam
2947 4383 3381 4438 multitudinem
3432 4383 3777 4435 armatorum

2087 4493 2190 4548 per
2237 4477 2495 4531 officinas
2550 4481 2605 4529 et
2653 4473 2940 4528 conclavia
2977 4471 3173 4543 oppidi
3218 4469 3531 4533 abscondit,
3557 4471 3613 4521 et
3645 4465 3778 4537 quid

2089 4565 2178 4619 sui
2208 4565 2280 4618 sit
2316 4563 2540 4620 consilii
2583 4563 2698 4617 illis
2729 4561 3004 4626 ostendit,
3051 4565 3108 4615 et
3163 4560 3284 4630 ipse
3323 4558 3385 4612 in
3427 4555 3668 4611 circuitu
3697 4571 3782 4607 ca-

2087 4655 2238 4708 stelli
2288 4653 2350 4707 in
2383 4653 2522 4707 silva
2566 4667 2697 4706 cum
2725 4651 2851 4705 aliis
2893 4649 3074 4719 copiis
3106 4647 3352 4702 delituit.
3391 4646 3456 4699 Et
3501 4660 3632 4698 cum
3677 4644 3780 4698 Ge-

2087 4742 2372 4798 vehardus
2418 4743 2478 4796 in
2534 4741 2789 4795 medium
2824 4737 3160 4793 munitionis
3198 4736 3362 4807 quasi
3389 4735 3492 4788 bos
3523 4733 3594 4788 ad
3624 4731 3780 4786 victi-

2089 4847 2242 4886 mam
2291 4831 2570 4884 deductus
2625 4833 2791 4894 esset,
2850 4827 3037 4881 subito
3086 4841 3285 4879 omnes
3335 4823 3404 4877 de
3460 4820 3784 4876 turribuset

2089 4911 2428 4974 habitaculis
2502 4916 2848 4980 exsilientes,
2923 4919 3118 4984 portas
3201 4911 3505 4966 obsistunt.
3589 4908 3781 4964 Paucis

2091 5007 2281 5078 primo
2333 5021 2614 5060 concursu
2658 5005 2777 5058 viso
2830 5002 3034 5070 evasis,
3083 5000 3274 5055 caeteri
3311 5004 3447 5053 sunt
3483 4997 3668 5052 occisi.
3691 4997 3782 5052 Set

2089 5095 2204 5162 ille,
2261 5111 2378 5150 non
2429 5092 2684 5164 segniter
2738 5107 2906 5146 muro
2959 5105 3215 5158 ascenso,
3265 5087 3506 5142 insidias
3558 5087 3627 5140 de
3653 5085 3783 5140 foris

1707 5202 1942 5255 νΑΒιΕ
1973 5201 2368 5256 LECTIONES.

291 5302 430 5407 “1:”
504 5303 787 5407 berhar‘do
838 5307 908 5407 ἐή
942 5303 1229 5386 bernardo
1259 5309 1312 5358 2.
1391 5304 1467 5344 33°

1540 5321 1705 5360 manu
1733 5311 1785 5360 2.
1865 5308 1936 5344 ²²¹
2012 5307 2165 5360 hunc
2221 5311 2267 5361 1.

440 5374 676 5445 pejurus
703 5378 759 5430 2.
838 5373 908 5411 ³³⁸
982 5377 1308 5446 passionem
1342 5391 1389 5431 c.
1467 5377 1540 5411 ²²⁶
1613 5382 1873 5432 montem
1902 5392 2042 5432 corr.
2073 5383 2315 5431 mortem
2347 5394 2399 5431 c.

2345 5305 2416 5344 ²²²
2492 5306 2704 5360 multos
2752 5321 2890 5360 corr.
2933 5301 3091 5358 misit
3125 5319 3171 5357 c.
3251 5299 3326 5335 ³³³
3399 5299 3710 5370 berhardus
3737 5316 3779 5352 ο.

1921 5491 2142 5546 NOTAE.

363 5595 473 5661 (5t)
514 5596 774 5650 Fortasse
829 5594 1106 5660 Seﬂ‘eren,
1162 5593 1398 5649 ditionis
1431 5594 1569 5650 olim
1611 5594 1986 5651 Prumiensis.
