4166 6390
1991 28 2025 29 κ
2062 28 2065 29 ν
2148 26 2263 27 77
2274 26 2283 27 κ
2338 22 2648 29 Μή

1804 18 1893 25 -η-η
2062 28 2068 33 ἱ
2148 26 2263 27 77
2274 26 2283 27 κ
2338 22 2648 29 Μή

124 372 219 424 481
965 374 1054 429 DE
1096 373 1553 430 DIVERSITATE
1593 374 1821 430 TEMPO

1932 373 1975 428 Μ
2018 372 2205 428 LIBRI
2238 374 2399 431 DUO.
2440 405 2508 413 —
2550 376 2675 429 LIB.
2719 377 2788 431 Il.
3518 381 3619 434 482

122 494 407 561 nesciens,
445 511 506 549 se
556 496 931 567 prmeipitavit
982 501 1037 551 et
1083 511 1235 566 aagre
1282 497 1554 551 membris
1596 497 1819 551 collisus
1849 503 1895 554 Α
1932 496 2081 550 cludi
2112 496 2309 567 possit,
2341 513 2469 551 cum
2502 497 3021 569 alterajuramento
3053 499 3375 571 denegabit.
3409 502 3467 556 Si
3492 503 3620 573 quis

123 587 227 635 est.
293 583 623 637 Gerhardus
679 601 909 655 quoque
962 600 1280 651 accurrens,
1347 590 1601 655 porrecta
1649 601 1824 638 manu

124 670 343 723 collum
402 670 529 739 ejus
586 672 837 741 graviter
894 673 1046 733 ferit,
1104 672 1192 726 his
1243 673 1428 725 verbis
1485 689 1498 726 :
1556 673 1824 727 Seniorcm

126 762 279 812 tuum
332 759 515 812 eodem
565 760 720 813 modo
769 761 1049 827 cecidisti;
1097 776 1180 827 en,
1237 761 1398 814 habes
1446 761 1590 828 quod
1628 762 1825 827 egisti!

127 846 267 899 Dein
305 846 378 899 ab
412 848 512 900 illo
560 863 595 899 a
637 864 751 917 quo
786 849 1153 902 Wicmanniis
1200 865 1378 902 cassus
1406 854 1509 914 est,
1561 849 1825 917 adjuncto

127 935 382 1005 quodam
419 951 581 989 servo
618 936 877 998 Baldrici,
910 936 1236 990 confoditur
1263 942 1432 1006 atque
1465 936 1824 991 interﬁcitur.

127 1022 335 1092 Sicque
362 1024 502 1077 dum
535 1025 665 1093 plus
696 1025 933 1095 appetit,
962 1025 1104 1079 illud
1137 1025 1292 1095 quod
1323 1024 1524 1079 habuit
1553 1040 1683 1079 cum
1714 1024 1828 1078 vita

128 1111 344 1165 amisit.

334 1203 419 1254 19.
454 1204 528 1254 De
556 1202 745 1270 eclipsi
773 1201 912 1256 lunas
940 1206 990 1256 et
1021 1199 1168 1265 solis,
1197 1206 1246 1255 et
1272 1203 1388 1255 viso
1417 1206 1626 1255 comete.

196 1290 367 1343 Anno
399 1305 517 1342 uno
565 1295 874 1358 antequam
928 1290 1231 1343 concilium
1281 1290 1627 1359 Noviomago
1677 1287 1825 1342 indi-

127 1381 282 1429 ctum
331 1383 477 1430 esset
534 1381 646 1442 (απ.
704 1379 883 1445 1017),
933 1378 1073 1432 luna
1113 1384 1245 1449 post
1301 1378 1545 1432 mediam
1600 1381 1825 1430 noctem

128 1465 374 1518 hiberno
408 1471 670 1534 tempore
699 1466 923 1527 defecit,
951 1470 1005 1518 et
1027 1482 1159 1535 rege
1182 1465 1441 1535 sequenti
1467 1481 1616 1518 anno
1644 1462 1823 1533 (1018)

127 1553 185 1606 in
246 1554 453 1607 eodem
504 1555 623 1607 loco
678 1555 1047 1614 consistente,
1097 1554 1153 1607 in
1211 1553 1460 1624 paschali
1509 1552 1826 1606 ebdomada

127 1642 261 1694 solis
313 1642 541 1712 eclipsis
589 1642 733 1695 facta
784 1647 888 1696 est.
935 1642 1127 1695 Tercio
1181 1658 1407 1712 quoque
1444 1658 1593 1694 anno
1643 1640 1824 1710 (1019)

127 1735 381 1783 cometes
410 1730 467 1783 in
494 1731 814 1800 aquilonari
847 1736 1011 1800 parte
1042 1730 1168 1783 εωΙὶ
1201 1730 1543 1796 longissimis
1575 1728 1824 1782 crinibus

127 1824 183 1870 et
221 1818 438 1887 pallida
494 1819 681 1887 specie
731 1819 882 1871 visus
923 1821 1023 1871 est.
1077 1818 1404 1887 Sequuntur
1449 1818 1557 1871 hoc
1598 1817 1825 1885 signum

127 1906 311 1958 multa
355 1906 505 1958 bella
534 1912 590 1959 et
632 1906 690 1959 in
724 1906 985 1975 plurimis
1024 1906 1348 1960 nationibus
1380 1906 1659 1959 maximus
1689 1921 1825 1958 san-

126 1991 251 2061 guis
283 1991 588 2044 hominum
620 2008 723 2060 per
752 1993 950 2060 prmlia
982 1992 1139 2045 fusus
1169 1997 1272 2047 est.

126 2080 213 2130 20.
249 2081 326 2132 De
357 2079 639 2133 Μεθ’ίωίᾱο
685 2096 719 2132 a
759 2080 961 2133 Frisiis
1008 2080 1241 2141 obtenta,
1274 2083 1323 2133 et
1370 2079 1436 2132 de
1476 2079 1820 2133 Tielensibus.

194 2169 527 2236 Antequam
563 2167 669 2219 hoc
701 2167 1029 2236 prodigium
1071 2168 1128 2219 in
1159 2167 1299 2220 ccelo
1331 2172 1648 2236 appareret,
1680 2167 1825 2219 circa

128 2251 264 2304 litus
308 2252 512 2304 oceani
560 2252 775 2305 bellum
824 2260 1077 2306 coortum
1128 2258 1213 2305 est
1254 2255 1365 2317 (an.
1417 2255 1591 2317 1018).
1646 2251 1826 2320 Hujus

126 2340 263 2393 belli
326 2341 451 2394 haec
482 2356 652 2394 causa
691 2341 817 2394 fuit.
871 2343 1007 2395 Pars
1059 2341 1389 2407 Frisiorum,
1439 2340 1663 2393 sedibus
1709 2341 1826 2393 suis

130 2428 365 2495 relictis,
414 2429 473 2481 in
530 2430 669 2482 silva
718 2430 1028 2497 Meriwido,
1077 2430 1145 2483 de
1199 2446 1311 2499 qua
1357 2444 1529 2497 supra
1577 2427 1825 2481 diximus

128 2516 246 2582 (lib.
284 2534 325 2582 ι,
359 2533 482 2587 cap.
533 2516 609 2587 8).
642 2516 962 2571 habitacula
1001 2522 1392 2570 construentes
1423 2519 1821 2582 consederunt,

130 2610 183 2658 et
230 2605 526 2675 adjunctis
573 2606 678 2659 sibi
726 2605 1092 2675 pradonibus
1147 2621 1355 2673 magna
1410 2605 1824 2658 mercatoribus

126 2692 383 2763 dampna
427 2693 765 2746 intulerunt.
803 2692 1105 2746 Pra‘dones
1147 2708 1303 2758 vero,
1335 2692 1417 2745 eis
1455 2696 1651 2761 postea
1691 2693 1822 2744 sub-

120 2782 364 2851 jugatis,
407 2781 652 2849 singulis
688 2781 757 2834 ad
806 2782 1041 2835 modum
1094 2781 1544 2850 uniuscujusque
1585 2780 1822 2833 culturae

125 2871 191 2924 ad
245 2870 590 2940 extirpanda
641 2870 868 2922 novalia
926 2873 1136 2922 terram
1191 2868 1525 2934 diviserunt,
1580 2885 1822 2938 eamque

125 2957 307 3010 colere
357 2956 676 3026 jusserunt,
729 2961 787 3009 et
833 2954 944 3009 sibi
990 2956 1295 3025 vectigales
1346 2956 1616 3009 fecerunt.
1667 2957 1823 3010 Unde

1936 584 2035 636 Dei
2067 584 2322 638 tidelium
2371 585 2520 654 apud
2572 585 2979 655 imperatorem
3024 586 3360 653 intercedat,
3395 594 3457 643 nt
3501 591 3621 643 haec

1936 674 2147 725 scelera
2202 673 2502 726 interdicat
2558 689 2628 726 ne
2696 678 2780 727 tot
2833 674 3041 727 animm
3099 676 3307 730 cotidie
3364 685 3618 746 pereant,

1934 774 2201 829 magnam
2243 760 2494 830 profecto
2523 777 2551 813 a
2585 761 2698 813 Deo
2730 762 3251 816 remunerationem
3277 764 3386 817 sibi
3412 767 3623 820 donan-

1938 846 2066 899 dam
2103 864 2331 916 sperare
2362 848 2594 917 poterit.
2629 850 2985 902 Adulterium
3017 850 3077 902 in
3110 852 3332 921 culpam
3368 869 3478 906 non
3509 854 3621 908 dii-

1938 940 2092 988 cunt.
2134 935 2410 999 Quamdiu
2440 952 2580 988 uxor
2607 937 2868 1001 tacuerit,
2901 937 3085 991 virum
3115 954 3219 1008 per
3249 941 3463 993 nefaria
3497 958 3619 995 sce-

1936 1020 2061 1075 lera
2083 1024 2406 1077 sordescere
2448 1023 2666 1077 licitum
2698 1024 2927 1092 habent,
2976 1030 3031 1078 et
3062 1026 3196 1080 talia
3232 1035 3497 1096 agentem
3529 1046 3623 1084 ne-

1937 1110 2152 1163 minem
2175 1117 2383 1181 praeter
2418 1127 2652 1165 uxorem
2674 1112 2732 1165 in
2757 1114 2971 1182 synodo
2994 1113 3358 1184 interpellare
3392 1117 3618 1173 debere.

1938 1198 2172 1252 Summo
2219 1215 2384 1253 mane
2429 1200 2821 1269 potationibus
2873 1201 3122 1269 student,
3157 1208 3213 1255 et
3252 1204 3510 1274 quisquis
3543 1206 3621 1259 ibi

1936 1285 2125 1339 altiori
2155 1302 2286 1339 voce
2316 1291 2508 1357 turpes
2539 1303 2831 1341 sermones
2861 1288 2931 1342 ad
2967 1289 3326 1349 excitandum
3359 1292 3537 1346 risum
3567 1298 3624 1347 et

1936 1373 2006 1427 ad
2044 1374 2240 1427 vinum
2285 1374 2530 1453 indocile
2583 1376 2785 1445 vulgus
2823 1379 3247 1447 provocandam
3295 1381 3618 1449 protulerit,

1935 1478 2206 1531 magnam
2236 1463 2385 1532 apud
2417 1479 2511 1516 eos
2544 1463 2651 1517 fert
2687 1464 2934 1517 laudem.
2962 1464 3253 1535 Siquidem
3286 1467 3359 1520 ob
3390 1467 3497 1521 hoc
3528 1485 3623 1538 pe-

1935 1551 2163 1604 cuniam
2194 1550 2364 1604 simul
2411 1552 2733 1617 conferunt,
2780 1557 2836 1605 et
2883 1553 3027 1605 hanc
3070 1553 3335 1622 partitam
3380 1556 3623 1626 singulis

1936 1639 2003 1692 ad
2037 1639 2190 1692 lucra
2229 1639 2597 1705 distribuunt,
2625 1645 2683 1693 et
2711 1657 2777 1693 ex
2806 1641 2895 1694 his
2926 1657 3315 1712 quoscumque
3354 1651 3521 1714 potus
3550 1644 3624 1681 ³³⁸

1934 1727 2102 1780 certis
2146 1728 2499 1796 temporibus
2537 1728 2595 1781 in
2643 1744 2793 1781 anno
2848 1736 3087 1783 cernunt
3133 1730 3224 1795 ’3',
3272 1736 3328 1784 et
3371 1732 3427 1785 in
3473 1734 3618 1787 cele-

1934 1814 2218 1868 brioribus
2247 1815 2403 1869 festis
2435 1815 2599 1885 quasi
2628 1817 3024 1886 sollempniter
3053 1818 3314 1873 ebrietati
3343 1823 3412 1857 ²³⁸
3434 1822 3617 1875 inser-

1932 1903 2109 1956 viunt.

2223 1994 2311 2045 21.
2352 1994 2420 2045 De
2450 1992 2582 2045 bello
2611 1997 2798 2046 contra
2831 1995 3032 2047 Frisios
3060 1994 3325 2049 adhibito.

2002 2079 2323 2148 Imperator
2363 2078 2481 2132 vias
2530 2087 2911 2134 mercatorum
2958 2083 3217 2150 pateﬁeri
3267 2083 3456 2137 volens
3498 2086 3614 2153 (an.

1936 2167 2110 2235 1018),
2159 2166 2537 2220 Adelbaldum
2569 2166 2642 2201 ³³⁵
2670 2168 3000 2238 episcopum
3032 2177 3088 2223 et
3122 2173 3322 2225 ducem
3356 2173 3619 2226 Godefri-

1934 2255 2067 2308 dum
2101 2255 2173 2308 ad
2222 2272 2279 2308 se
2327 2271 2532 2309 vocans
2572 2255 2702 2326 (54),
2753 2259 2986 2310 mandat
3036 2263 3100 2311 ut
3130 2260 3335 2312 Frisios
3392 2262 3618 2325 adeant,

1932 2357 2142 2413 eosque
2186 2344 2256 2397 ab
2286 2343 2373 2396 his
2417 2343 2645 2397 sedibus
2692 2360 2833 2414 quas
2880 2344 3089 2412 injuste
3122 2353 3465 2416 occuparant
3496 2365 3622 2417 pro-

1931 2432 2148 2501 pellant
2192 2436 2247 2483 et
2276 2431 2574 2500 praedones
2615 2432 3008 2487 submoveant.
3065 2435 3160 2487 His
3210 2438 3489 2489 mandatis
3524 2454 3619 2490 zic-

1931 2519 2128 2588 ceptis,
2172 2518 2512 2572 immensam
2546 2520 2969 2574 multitudinem
3019 2530 3247 2592 cogunt,
3282 2525 3621 2579 clarissimos

1930 2621 2159 2676 quoque
2206 2605 2358 2658 viros
2404 2610 2460 2659 et
2506 2606 2763 2675 adprime
2817 2607 2875 2659 in
2905 2623 2964 2660 re
3019 2608 3252 2661 militari
3290 2610 3617 2677 instructos,

1931 2692 2030 2762 qui
2058 2698 2247 2745 tamen
2274 2693 2553 2762 equitatui
2598 2694 2757 2746 omni
2800 2694 2914 2747 vita
2943 2695 3265 2761 studebant,
3303 2700 3429 2751 navi
3474 2699 3621 2752 nihil

1928 2786 2212 2850 poterant,
2262 2796 2454 2834 secum
2509 2781 2828 2835 adsciscunt
2875 2781 2962 2834 ³³⁸.
3017 2782 3271 2853 Cumque
3320 2785 3380 2837 in
3437 2802 3618 2840 unum

1930 2869 2342 2933 convenissent,
2394 2885 2621 2921 omnem
2678 2869 2987 2922 exercitum
3037 2870 3096 2923 in
3153 2871 3390 2924 navibus
3443 2874 3617 2926 collo-

1930 2961 2077 3023 cant,
2108 2973 2289 3027 eoque
2323 2955 2419 3010 ubi
2463 2957 2665 3009 Frisios
2695 2973 2824 3009 cum
2863 2958 3070 3010 coactis
3100 2958 3277 3028 copiis
3319 2960 3619 3013 audierant

125 3050 476 3098 mercatores
541 3044 847 3103 Tielenses.
919 3043 1019 3113 qui
1085 3047 1281 3097 etiam‘
1323 3044 1641 3114 specialiter
1703 3060 1821 3113 prae
1861 3046 1901 3101 C
1931 3061 2050 3097 esse
2103 3046 2471 3099 contendunt.
2505 3047 2571 3098 At
2621 3044 2703 3097 illi
2750 3045 2847 3115 qui
2896 3046 3094 3098 silvam
3141 3046 3514 3115 occupabant,
3556 3051 3619 3098 ut

123 3132 346 3186 caeteris
390 3131 557 3185 facile
588 3131 659 3186 ad
691 3147 1081 3201 quascumque
1126 3131 1514 3201 querimonias
1562 3131 1821 3185 excitan-

124 3220 220 3273 das
271 3220 673 3274 accenduntur
721 3220 811 3285 υτ,
861 3221 1060 3273 crebro
1115 3236 1308 3289 regem
1358 3220 1818 3289 interpellabant,

123 3313 180 3360 ut
210 3324 317 3378 pro
350 3325 455 3361 sua
483 3308 664 3378 gratia
712 3324 809 3361 eos
838 3308 908 3361 ab
939 3307 1025 3360 his
1079 3306 1305 3377 injuriis
1339 3307 1623 3361 defendat.
1669 3307 1725 3361 Si
1765 3308 1818 3361 id

121 3413 230 3450 non
263 3397 463 3463 faciat,
497 3412 681 3466 neque
709 3413 767 3450 se
793 3413 962 3450 causa
991 3396 1325 3465 negotiandi
1353 3396 1411 3449 in
1436 3396 1679 3449 insulam
1712 3396 1817 3464 (52)

118 3487 336 3548 venire,
374 3501 565 3557 neque
608 3484 679 3539 ad
732 3501 789 3539 se
838 3485 1137 3539 Britannos
1186 3484 1492 3538 commeari
1531 3500 1718 3553 posse,
1764 3490 1823 3538 et

118 3574 245 3628 ideo
270 3573 582 3643 vectigalia
626 3572 757 3640 sibi,
804 3578 869 3625 ut
900 3573 1215 3642 oportebat,
1265 3572 1487 3642 plenius
1518 3572 1819 3642 provenire

116 3680 232 3717 non
282 3679 477 3734 posse,
532 3662 816 3716 dicebant.
873 3661 967 3715 Set
1018 3661 1155 3714 libet
1209 3677 1408 3730 pauca,
1464 3677 1578 3713 non
1627 3661 1821 3714 detra-

117 3750 335 3818 hendo,
393 3755 482 3803 set
512 3766 580 3803 ex
630 3748 833 3802 intimo
882 3748 1048 3801 corde
1093 3748 1444 3802 condolendo
1484 3747 1574 3812 ²²⁸,
1617 3748 1708 3801 hic
1737 3748 1819 3801 in-

117 3856 328 3908 serere,
374 3839 589 3909 quibus
633 3837 886 3891 moribus
917 3841 971 3889 et
1004 3837 1281 3889 institutis
1319 3836 1411 3890 isti
1436 3837 1718 3890 Tielenses
1749 3837 1819 3889 ab

118 3927 240 3981 aliis
274 3926 422 3979 viris
468 3922 544 3959 ²²⁹
592 3924 877 3979 differant.
932 3924 1197 3977 Homines
1235 3930 1368 3977 sunt
1399 3924 1549 3990 duri,
1595 3929 1649 3977 et
1676 3940 1818 3993 pene

117 4016 271 4068 nulla
313 4013 632 4083 disciplina
677 4012 1006 4078 adsuefacti,
1055 4012 1271 4080 judicia
1304 4012 1410 4081 (353)
1457 4028 1570 4065 non
1618 4028 1817 4065 secun-

116 4101 247 4155 dum
288 4103 491 4172 legem
536 4107 624 4155 set
668 4100 980 4154 secundum
1029 4101 1382 4153 voluntatem
1429 4101 1816 4166 decernentes,

118 4194 169 4243 et
192 4189 305 4243 hoc
342 4191 421 4244 ab
465 4189 814 4259 imperatore
862 4187 1027 4241 karta
1079 4187 1155 4221 ’³ο
1204 4188 1474 4241 traditum
1533 4192 1590 4241 et
1618 4187 1820 4241 contir-

115 4283 335 4333 matum
397 4278 619 4332 dicunt.
670 4276 726 4330 Si
760 4277 885 4347 quis
938 4276 1245 4346 quicquam
1277 4276 1348 4329 ab
1402 4275 1512 4330 alio
1550 4280 1816 4330 mutuum

115 4365 223 4421 sive
255 4365 768 4421 accommodatum
818 4364 1112 4433 acceperit,
1155 4368 1212 4417 et
1238 4365 1333 4418 ille
1366 4364 1434 4418 ad
1478 4364 1816 4418 constitutas

113 4453 380 4509 inducias
434 4470 559 4507 rem
590 4468 751 4507 suam
784 4452 1010 4522 repetit,
1056 4451 1339 4505 constanti
1370 4452 1561 4505 animo
1600 4451 1818 4505 inficias

113 4542 167 4608 it,
202 4548 262 4598 et
293 4543 430 4597 sine
480 4558 646 4595 mora
676 4557 733 4594 se
780 4540 926 4595 nihil
971 4540 1041 4594 ab
1079 4540 1177 4594 illo
1228 4540 1508 4609 accepisse
1549 4540 1720 4610 jurat.
1756 4542 1820 4595 Et

113 4632 154 4684 si
235 4632 374 4702 quis
463 4630 856 4700 deprehensus
939 4629 1114 4683 fuerit
1205 4629 1431 4696 publice
1502 4629 1816 4697 pejurasse,

113 4734 142 4773 a
169 4721 332 4774 nullo
383 4735 561 4790 posse
616 4718 682 4754 ²³¹
717 4717 984 4787 redargui
1029 4716 1391 4770 conﬁrmant.
1438 4715 1495 4769 Si
1526 4731 1645 4769 rem
1681 4732 1821 4787 quo-

112 4824 215 4879 que
258 4824 381 4862 una
426 4822 611 4860 manu
639 4805 908 4875 tenuerit,
940 4805 987 4858 si
1030 4805 1251 4859 tantilla
1287 4808 1373 4857 est
1402 4807 1461 4856 ut
1490 4819 1685 4873 pugno
1730 4804 1819 4856 in-

1930 3138 2334 3203 compererunt
2365 3148 2467 3201 per
2512 3133 2900 3202 exploratores
2931 3133 3000 3185 de
3032 3132 3277 3186 adventu
3312 3133 3614 3199 exercitus,

1929 3221 2285 3290 reliquerunt
2329 3220 2550 3285 domos,
2601 3226 2657 3273 et.
2685 3221 2752 3272 ad
2804 3236 2919 3281 eos,
2954 3221 3102 3273 inter
3147 3238 3288 3290 quos
3319 3221 3618 3291 praedones

1929 3308 2412 3362 municiunculam
2450 3312 2918 3373 construxerant,
2965 3308 3100 3377 fuga
3145 3324 3202 3361 se
3252 3314 3613 3378 receperunt.

1928 3397 1997 3448 At
2026 3395 2204 3448 nostri
2234 3411 2362 3448 cum
2411 3400 2530 3448 tota
2561 3396 2737 3448 classe
2785 3396 2955 3465 pleno
2988 3401 3125 3448 aestu
3162 3403 3519 3450 accesserunt
3548 3397 3617 3450 ad

1928 3482 2301 3553 Flaridingun
2325 3478 2445 3549 {sic
2477 3483 2629 3537 enim
2684 3483 2803 3536 haec
2850 3481 3007 3552 regio
3039 3483 3150 3551 (55)
3187 3484 3493 3537 Frisiorum
3526 3500 3622 3538 vo-

1927 3576 2105 3623 catur.
2142 3571 2205 3623 In
2243 3570 2404 3639 cujus
2434 3570 2567 3623 litus
2614 3586 2744 3623 cum
2776 3576 3201 3640 exponerentur
3247 3572 3476 3639 milites,
3507 3573 3617 3625 dux

1926 3663 2171 3712 ceteram
2214 3674 2442 3712 omnem
2494 3658 2919 3711 multitudinem
2952 3658 3147 3727 egredi
3186 3660 3378 3728 jussit,
3423 3660 3618 3729 paucis

1926 3747 2136 3799 relictis
2184 3748 2282 3815 qui
2333 3762 2503 3799 naves
2551 3746 2610 3798 in
2656 3747 2835 3799 altum
2880 3746 3239 3814 reducerent,
3290 3763 3359 3800 ne
3409 3748 3616 3801 iterum

1927 3840 2276 3888 commutato
2327 3839 2465 3888 testu
2512 3833 2570 3887 in
2620 3834 2779 3887 arido
2831 3835 3227 3902 consisterent,
3272 3840 3335 3889 ut
3385 3835 3431 3888 si
3478 3836 3617 3905 quid

1928 3938 2071 3992 opus
2115 3927 2260 3976 esset
2306 3924 2385 3976 eis
2431 3922 2607 3976 libere
2640 3924 2724 3976 uti
2777 3923 3115 3993 potuissent.
3170 3923 3333 3977 Frisii
3375 3923 3475 3977 tibi
3519 3941 3616 3977 eos

1927 4028 2191 4081 campum
2242 4013 2532 4065 audaciter
2558 4010 2626 4046 ³³⁷
2658 4012 2774 4065 suis
2805 4002 3127 4081 agminibus
3170 4013 3456 4082 complere
3495 4029 3618 4067 cer-

1928 4104 2149 4166 nerent,
2199 4104 2253 4153 et
2283 4115 2466 4169 neque
2514 4099 2584 4152 ab
2628 4098 2715 4153 his
2747 4099 2846 4169 qui
2876 4099 2933 4153 in
2966 4099 3287 4153 munitione
3335 4107 3497 4154 erant
3529 4102 3615 4154 ul-

1928 4190 2044 4242 lum
2070 4186 2400 4257 praesidium
2432 4193 2744 4258 sperarent,
2777 4205 2842 4241 eo
2874 4188 3027 4258 quod
3057 4193 3115 4242 et
3142 4188 3227 4242 illi
3257 4188 3617 4259 circumjecta

1930 4281 2089 4329 tanta
2118 4275 2485 4329 multitudine
2517 4276 2739 4329 nullum
2784 4275 3057 4346 effugium
3090 4276 3387 4343 haberent,
3421 4278 3618 4332 editio-

1931 4365 2087 4419 ribus
2134 4362 2204 4399 ³³⁸
2233 4364 2372 4418 locis
2420 4364 2480 4417 in
2528 4364 2864 4418 stationibus
2900 4364 3059 4418 Frisii
3107 4366 3432 4431 coadunati,
3478 4368 3614 4436 quid

1926 4452 2149 4506 consilii
2179 4453 2370 4506 hostes
2400 4457 2669 4523 caperent
2711 4451 3100 4521 expectabant.
3147 4454 3276 4505 Haec
3305 4458 3493 4507 tamen
3526 4471 3615 4508 res

1927 4540 1987 4595 in
2016 4541 2140 4594 loco
2165 4556 2260 4594 eos
2290 4540 2670 4608 continuerat,
2699 4556 2766 4594 eo
2798 4541 2951 4611 quod
2976 4541 3104 4594 illos
3124 4540 3247 4593 sine
3270 4542 3433 4611 equis
3455 4543 3617 4597 adve-

1928 4627 2078 4681 nisse
2135 4634 2541 4699 cognoverant,
2607 4644 2665 4683 se
2722 4633 2913 4681 autem
2972 4628 3164 4682 labore
3221 4629 3507 4684 cotidiano
3560 4638 3617 4688 et

1928 4716 2135 4769 rustica
2166 4716 2566 4771 exercitatione
2605 4717 2844 4786 pedibus
2882 4715 3197 4786 plurimum
3247 4731 3407 4785 posse
3439 4714 3615 4768 conﬁ-

1928 4803 2135 4857 debant
2161 4820 2173 4868 ;
2204 4810 2261 4858 et
2289 4805 2336 4858 si
2374 4805 2445 4859 ab
2476 4805 2733 4859 hostibus
2763 4811 3117 4875 premantur,
3170 4803 3393 4857 stabant
3434 4803 3503 4857 ad
3533 4803 3612 4857 fu-

1549 4892 1783 4944 νΑΒῙίΕ
1840 4891 2231 4946 LECTIONES.
2708 4933 2719 4941 .

176 4965 250 5003 ²²⁶
328 4964 695 5020 acceduntur
752 4966 801 5016 1.
877 4961 949 4998 ²²⁸
995 4961 1348 5017 detrahendo
1391 4976 1528 5015 corr.
1587 4961 1942 5015 condolendo
1998 4977 2043 5015 c.
2121 4958 2193 4997 ³³9
2249 4964 2330 5015 ita
2381 4965 2622 5029 corrigo;
2681 4962 2754 5016 ist
2778 4978 2916 5017 corr.
2977 4962 3113 5017 vicis
3146 4978 3190 5016 c.
3270 4960 3345 4996 ²³⁰
3393 4977 3459 5015 ne
3495 4964 3616 5030 quis

114 5054 313 5108 Karool
354 5053 475 5126 legi
506 5053 838 5126 suspicetur,
868 5048 1095 5126 codicem
1126 5047 1289 5126 karta
1340 5048 1533 5126 habere
1578 5061 1825 5126 moneo.“
1853 5045 1923 5082 ²³¹

574 5118 647 5155 ³³⁵
678 5120 1057 5174 adebbaldum
1085 5135 1128 5173 ο.
1207 5118 1277 5154 ²³⁶
1310 5118 1601 5172 adciscunt
1628 5133 1676 5171 c.
1753 5117 1825 5151 ³³⁷
1856 5118 2121 5172 audacter
2153 5122 2200 5171 1.

114 5126 160 5177 2.
191 5125 402 5179 ebriati
442 5125 463 5175 1
481 5162 495 5175 .

2274 5045 2350 5118 39f
2376 5049 2493 5118 pot’
2548 5064 2593 5103 c.
2639 5064 2711 5102 an
2740 5054 2902 5118 potos
2922 5049 2949 5104 τ
3024 5049 3099 5084 ²³³
3130 5043 3287 5104 cerni
3316 5065 3361 5104 c.
3438 5048 3508 5085 ³³⁸
3536 5051 3616 5102 ita

1978 5063 2115 5117 pose
2148 5051 2196 5101 1.

2279 5116 2353 5152 ’33
2379 5116 2814 5173 editionibus].

1753 5195 1955 5250 NOTxE
1969 5238 1981 5250 .

178 5275 285 5345 (52l
317 5268 714 5345 Britanniam.

179 5334 297 5426 (ἥδ).
318 5344 405 5400 Cf-
444 5355 582 5426 sum
614 5338 791 5426 esse.
816 5334 1814 5426 re.,-eecs_V..¢!--.'3559P82e.219;

118 5405 413 5468 He'inr'iciis
457 5405 718 5464 Beucker
763 5407 1001 5461 Andreas
1046 5408 1104 5459 in
1134 5406 1455 5477 Specimine
1497 5406 1567 5477 de
1596 5405 1817 5477 origine

112 5485 243 5609 jurti:
279 5479 680 5609 .itnnnicipalis
711 5477 904 5532 Frisici
936 5494 992 5549 p.
1029 5479 1131 5531 369
1167 5475 1289 5548 sqq.
1338 5475 1667 5546 nuperrime
1694 5475 1815 5529 dis-

116 5570 183 5609 nu
241 5572 293 5609 Vl
329 5598 341 5609 .

116 5560 341 5623 putavit.

2019 5268 2108 5332 54)
2139 5267 2218 5321 Cf.
2249 5266 2538 5319 Thietmar
2567 5282 2679 5333 vui,
2716 5270 2799 5321 13.

1999 5267 2108 5404 ἓὸιι)
2139 5267 2218 5321 Cf.
2249 5267 2538 5319 Thietmar
2567 5282 2679 5333 vui,
2716 5270 2799 5321 13.

2024 5339 2110 5403 55)
2143 5336 2317 5390 Hodie
2346 5339 2565 5390 tantum
2598 5339 2719 5405 ejus
2750 5335 2998 5389 nominis
3026 5335 3179 5389 vicus
3209 5339 3390 5388 exstat
3420 5336 3612 5389 Vlaer-

1926 5406 2159 5476 dingen,
2190 5422 2362 5476 quem
2405 5406 2473 5459 ab
2505 5405 2725 5476 Oceano
2758 5407 2965 5476 Mosam
3014 5406 3284 5473 invectus,
3320 5420 3353 5458 a
3383 5406 3613 5460 sinistra

1927 5474 2075 5530 infra
2103 5474 2493 5533 Rotardanum
2524 5474 2821 5546 conspicis.
