3968 6470
263 387 368 440 483

1215 381 1514 437 ALPERTI
1554 382 1608 436 S.
1653 379 2125 436 SYMPHORIANI
2165 379 2462 434 METENS.
2508 376 2812 433 MONACH.

3677 378 3796 431 484

266 524 397 579 gam
445 505 758 578 praeparati
811 509 979 576 atque
1029 505 1295 576 expediti.
1357 506 1478 559 Una
1535 520 1624 557 res
1676 508 1798 557 erat
1845 502 1955 556 illis
1985 507 2030 558 A
2070 505 2400 571 erumpunt,
2434 501 2628 554 omnia
2671 500 2946 554 cadavera
2976 504 3342 555 mortuorum
3383 501 3800 572 perequitant,

265 613 478 668 magno
524 595 678 660 usui,
731 595 888 666 quod
939 610 1208 665 campum
1267 609 1500 647 omnem
1552 591 1717 646 fossis
1765 591 1966 662 praefo-

267 686 498 753 derant,
574 684 689 737 sive
763 684 835 738 ad
911 683 1333 738 defendendum
1407 682 1686 752 majorem
1761 684 1962 733 aestum

268 773 469 840 maris,
557 772 657 842 qui
732 771 789 825 in
881 771 1200 843 plenilunio
1272 769 1518 824 validior
1590 767 1731 823 solet
1803 769 1961 832 fieri,

268 862 385 916 sive
452 861 524 915 ad
591 861 1023 931 impediendum
1091 861 1200 914 iter
1271 859 1545 914 hostium.
1622 858 1772 922 Quas
1833 874 1961 911 cum

268 949 398 1004 duci
422 949 712 1004 videretur
739 949 970 1003 difﬁcile
1001 964 1130 1002 cum
1165 947 1537 1001 multitudine
1565 947 1962 1012 transeundas,

261 1036 454 1108 jussit,
506 1043 568 1091 ut
618 1037 716 1106 qui
775 1037 938 1106 signa
983 1036 1241 1090 ferebant
1295 1035 1570 1102 redirent,
1622 1040 1679 1088 et
1727 1035 1966 1088 circuta-

266 1127 340 1180 tis
374 1124 448 1160 ’³ο
490 1125 655 1179 fossis
689 1126 747 1178 in
795 1126 931 1179 locis
983 1125 1168 1194 planis
1217 1124 1623 1190 consisterent,
1676 1129 1738 1177 ut
1767 1123 1812 1176 si
1846 1122 1969 1177 Fri-

267 1215 337 1268 sii
367 1212 440 1251 “0
469 1214 743 1268 dimicare
790 1215 1021 1280 vellent,
1056 1229 1150 1266 eos
1182 1212 1501 1283 excipiendi
1550 1212 1867 1283 expeditior
1892 1211 1968 1266 fa-

269 1302 446 1355 cultas
477 1309 641 1355 esset.
677 1303 740 1355 Et
785 1317 915 1355 cum
949 1301 1227 1355 exercitus
1256 1301 1416 1355 ducis
1447 1299 1516 1337 ²⁸ί
1564 1301 1728 1371 signa
1758 1301 1968 1355 referre

270 1389 590 1459 cmpissent,
641 1394 796 1442 ortus
827 1394 910 1443 est.
958 1390 1108 1443 inter
1135 1389 1476 1443 novissimos
1524 1405 1724 1442 eorum
1755 1390 1971 1442 clamor

270 1493 299 1530 a
345 1477 592 1548 quodam
645 1477 1065 1543 scelestissimo,
1108 1478 1431 1549 propinquo
1475 1477 1834 1548 prmdonum,
1888 1477 1970 1531 di-

268 1582 420 1630 cens,
474 1571 540 1619 ut
595 1566 838 1637 quisque
896 1567 1026 1620 vitae
1085 1583 1202 1620 suae
1251 1567 1593 1630 consuleret,
1651 1566 1853 1620 ducem
1908 1566 1967 1619 in

267 1655 452 1724 prima
485 1655 604 1708 acie
649 1655 868 1724 impetu
924 1657 1236 1709 Frisiorum
1285 1671 1543 1725 pressum
1584 1655 1721 1725 fuga
1771 1655 1970 1725 praelio

270 1741 518 1794 cessisse.
556 1741 666 1794 Hac
704 1742 844 1794 falsa
883 1742 1034 1795 fama
1065 1759 1170 1812 per
1214 1742 1524 1795 exercitum
1559 1744 1798 1812 perlata,
1847 1758 1968 1795 om-

268 1847 368 1883 nes
398 1830 457 1883 in
488 1829 680 1900 fugam
717 1831 862 1884 versi
904 1837 1058 1898 sunt,
1088 1831 1139 1884 ei
1172 1835 1328 1884 tanto
1361 1831 1563 1884 timore
1594 1835 1728 1883 sunt
1758 1833 1970 1900 perter-

269 1917 384 1978 riti,
421 1923 487 1971 ut
517 1919 748 1971 nemine
783 1924 1067 1988 urguente
1117 1918 1176 1971 in
1210 1918 1425 1972 flumen
1459 1934 1516 1970 se
1545 1917 1973 1988 praecipitarent

270 2006 402 2073 (Jul.
471 2009 584 2074 29).
655 2006 813 2061 Multi
887 2006 1087 2060 conﬁsi
1148 2007 1362 2060 viribus
1430 2006 1502 2060 ad
1559 2023 1730 2060 naves
1786 2011 1969 2059 trans-

269 2101 465 2148 natare
496 2094 822 2165 cupiebant.
856 2094 1006 2158 Quas
1050 2111 1176 2148 cum
1215 2094 1674 2164 prehendissent,
1702 2100 1759 2147 et
1787 2095 1846 2147 in
1879 2110 1973 2147 eas

269 2198 495 2236 summo
551 2182 742 2236 studio
801 2182 1106 2236 ascendere
1172 2192 1535 2249 conarentur,
1606 2182 1973 2236 multitudine

270 2269 740 2339 circumstipante
793 2285 964 2323 naves
1022 2271 1286 2324 dimersm
1343 2274 1491 2323 sunt.
1560 2271 1625 2324 Et
1681 2287 1746 2324 eo
1800 2270 1971 2324 modo

269 2359 464 2428 plures
510 2359 823 2428 perierunt,
858 2359 1007 2428 quod
1042 2359 1285 2429 quisque
1319 2375 1513 2412 carum
1554 2375 1720 2413 suum
1753 2366 1808 2412 et
1840 2375 1972 2430 pro-

271 2447 558 2516 pinquum
591 2447 649 2499 in
699 2447 899 2500 mortis
946 2452 1144 2501 natatu
1198 2447 1546 2518 periclitasse
1591 2447 1969 2517 conspiciens,

271 2536 409 2588 dum
441 2535 743 2589 subvenire
786 2535 870 2588 illi
900 2536 1088 2604 vellet,
1120 2536 1601 2590 Circumfunditur
1638 2537 1971 2590 innumera-

270 2623 384 2676 bile
430 2623 654 2694 vulgus,
688 2639 977 2695 navesque
1009 2624 1068 2678 in
1116 2625 1464 2695 profundum
1506 2625 1760 2691 trahunt,
1793 2630 1850 2679 et
1895 2625 1974 2678 sic

271 2711 489 2781 pariter
517 2728 718 2766 omnes
761 2713 1020 2766 suﬁ'ocati
1054 2718 1206 2766 sunt.
1240 2713 1409 2768 Pauci
1462 2714 1722 2768 videntes
1765 2714 1885 2767 hare
1918 2721 1976 2768 et

270 2801 534 2854 timentes
590 2801 910 2869 periculum
959 2801 1395 2868 submersionis,
1453 2807 1508 2855 et
1552 2807 1617 2856 ut
1650 2804 1794 2856 solet
1824 2803 1971 2868 ﬁeri,

271 2889 423 2959 quod
471 2889 733 2959 plerique
778 2890 839 2943 in
887 2890 988 2943 tali
1042 2891 1471 2960 perturbatione
1522 2907 1636 2945 non
1688 2892 1976 2961 recipiunt

271 2977 714 3045 miserationem,
749 2993 821 3031 ne
843 2977 1016 3032 simili
1050 2979 1220 3032 modo
1253 2979 1506 3050 perirent
1528 2980 1775 3034 incitatis
1801 2981 1974 3034 remis

2074 590 2209 643 illuc
2237 589 2338 643 ubi
2383 591 2584 643 ducem
2617 605 2648 642 a
2698 588 3066 642 multitudine
3115 588 3534 644 circumdatum
3582 605 3802 644 cerne-

2075 677 2214 731 bant
2245 677 2616 730 contendunt.
2658 677 2838 740 Quem
2881 677 3199 746 cognitum,
3252 683 3307 730 et
3330 678 3452 748 jam
3491 679 3550 732 in
3583 679 3804 732 adver—

2077 781 2202 818 sum
2243 781 2304 818 os
2351 766 2718 819 vulneratum
2763 769 2819 818 et
2849 780 2998 836 pene
3041 766 3430 834 desperatum,
3472 767 3666 820 statim
3721 782 3804 820 ex

2076 856 2330 927 periculo
2361 855 2636 926 eripiunt,
2691 860 2746 910 et
2775 872 2903 910 cum
2938 856 3133 926 paucis
3181 858 3360 926 captis
3391 857 3452 912 in
3482 858 3808 911 castellum

2075 945 2419 1015 perducunt,
2471 944 2830 1014 pedibusque
2878 947 3002 1014 ejus
3049 946 3485 1016 provolvuntur,
3518 946 3693 1017 eique
3732 961 3808 999 se

2077 1032 2314 1099 dedunt,
2365 1033 2668 1085 obsecrant
2718 1039 2784 1085 ut
2829 1034 3000 1086 rebus
3058 1033 3176 1086 suis
3222 1034 3482 1087 consulat
3527 1039 3583 1087 et
3631 1034 3806 1104 apud

2077 1120 2484 1190 imperatorem
2526 1125 2582 1174 et
2640 1120 2973 1190 episcopum
3020 1121 3395 1175 Adelbaldum
3445 1138 3550 1192 pro
3584 1122 3672 1174 eis
3721 1121 3808 1175 de

2075 1208 2307 1279 negotio
2361 1209 2616 1262 confecto
2667 1207 3027 1262 interveniat.
3083 1208 3302 1272 Quibus
3362 1226 3491 1263 cum
3549 1210 3811 1264 dixisset

2078 1297 2274 1351 omnia
2299 1313 2427 1368 quae
2457 1297 2528 1350 ab
2560 1313 2626 1350 eo
2653 1297 3014 1367 postularent
3043 1313 3164 1350 sese
3214 1297 3522 1363 facturum,
3555 1303 3806 1351 tantum

2077 1390 2142 1439 ut
2171 1385 2358 1456 ipsum
2391 1390 2447 1439 et
2491 1391 2709 1439 ceteros
2758 1386 2857 1456 qui
2911 1391 3277 1456 superessent
3317 1393 3375 1440 et
3418 1387 3569 1456 capti
3620 1392 3810 1439 erant

2077 1474 2286 1527 illaesos
2315 1475 2469 1528 abire
2493 1475 2914 1545 permitterent,
2945 1475 3367 1544 responderunt
3400 1491 3640 1544 magnas
3676 1475 3806 1528 ini-

2079 1563 2324 1616 micitias
2355 1570 2656 1634 parentum
2685 1568 2741 1616 et
2789 1563 3248 1634 propinquorum
3285 1563 3516 1617 illorum
3556 1564 3660 1635 qui
3694 1579 3807 1617 oc-

2080 1655 2399 1706 cubuerant
2446 1651 2601 1722 ipsos
2649 1651 3012 1718 incurrisse;
3074 1652 3120 1705 si
3172 1652 3581 1722 impunitatem
3634 1652 3811 1706 illius

2082 1739 2212 1793 facti
2239 1740 2568 1809 juramcnto
2619 1739 2729 1793 sibi
2767 1740 3125 1806 conﬁrment,
3169 1747 3231 1794 ut
3261 1741 3476 1794 nullam
3506 1757 3806 1812 umquam

2081 1827 2387 1882 vindictam
2419 1829 2491 1882 ab
2539 1828 2678 1900 ipsis
2729 1828 2983 1898 exigant,
3033 1845 3152 1882 sese
3185 1830 3450 1894 facturos,
3501 1846 3634 1900 quae
3687 1847 3808 1900 po-

2083 1918 2338 1984 stularet,
2393 1917 2788 1971 ostenderunt.
2841 1919 3100 1988 Cumque
3159 1917 3273 1970 dux
3324 1918 3448 1972 haec
3502 1919 3803 1983 laudaret,

2083 2005 2438 2059 constituunt
2467 2004 2618 2058 diem
2665 2009 2722 2058 et
2751 2005 2961 2069 locum,
2995 2005 3225 2074 quando
3267 2005 3389 2058 hinc
3435 2005 3632 2058 omnia
3663 2006 3808 2058 fieri

2084 2092 2346 2146 debeant.
2382 2093 2516 2146 Illos
2559 2098 2749 2146 autem
2795 2093 2895 2163 qui
2925 2092 3076 2163 capti
3124 2092 3350 2146 fuerant
3382 2109 3562 2163 usque
3593 2094 3664 2148 ad
3698 2094 3807 2147 in-

2083 2181 2280 2234 ducias
2327 2181 2617 2234 condictas
2665 2179 2722 2233 in
2769 2180 3013 2234 vinculis
3057 2180 3340 2246 retinent;
3392 2181 3595 2235 ducem
3629 2182 3807 2235 abire

2082 2268 2447 2339 permittunt.
2505 2269 2627 2333 Quo
2670 2269 2938 2333 abeunte,
2993 2269 3288 2324 irruernnt
3333 2286 3504 2340 super
3550 2271 3803 2337 occisos,

2083 2363 2137 2412 et
2185 2358 2345 2411 obliti
2397 2358 2586 2411 omnis
2629 2357 3026 2424 humanitatis,
3073 2358 3268 2414 omnia
3321 2374 3561 2430 corpora
3615 2361 3805 2413 vesti-

2083 2447 2293 2500 mentis
2313 2452 2612 2513 exuerunt,
2637 2451 2698 2500 ut
2721 2463 2824 2501 nec
2845 2463 3101 2518 pannum
3129 2447 3363 2518 quidem
3396 2448 3806 2518 relinquerent

2085 2552 2200 2607 quo
2242 2536 2490 2590 verenda
2521 2541 2872 2606 tegerentur.
2913 2537 2991 2590 De
3040 2536 3130 2589 liis
3159 2552 3388 2607 quoque
3419 2537 3542 2590 haec
3586 2537 3803 2591 ferun—

2083 2628 2197 2690 tur,
2231 2625 2382 2695 quod
2427 2624 2694 2695 qumdam
2743 2639 2982 2694 corpora
3031 2624 3240 2678 horum
3289 2626 3454 2694 longe
3499 2626 3558 2678 in
3609 2627 3801 2680 altum

2085 2713 2156 2767 ab
2204 2712 2406 2766 incolis
2453 2717 2692 2783 propter
2738 2712 3003 2766 faetorem
3057 2713 3316 2782 expulsa,
3367 2713 3438 2766 ab
3489 2713 3689 2767 avibus
3741 2719 3803 2767 et

2084 2802 2280 2857 bestiis
2309 2805 2366 2855 et
2414 2802 2653 2855 marinis
2695 2802 2849 2867 feris,
2887 2817 3016 2871 quae
3059 2801 3447 2872 cupidissima
3495 2801 3802 2856 humano-

2085 2907 2212 2945 rum
2243 2891 2584 2945 cadaverum
2624 2899 2775 2957 sunt,
2809 2890 2989 2944 illaesa
3024 2894 3080 2943 et
3106 2889 3314 2943 intacta
3342 2890 3793 2960 permanserint.

2088 2981 2151 3033 Et
2181 2980 2316 3034 dum
2348 2980 2556 3033 iterum
2587 2979 2656 3034 ad
2685 2979 2822 3033 litus
2848 2995 2950 3049 per
2979 2983 3178 3032 aestum
3211 2981 3652 3048 projicerentur,
3687 2993 3801 3048 per

269 3063 464 3135 fugam
509 3067 847 3120 accelerant.
902 3065 1046 3120 Cum
1093 3068 1287 3137 plures
1317 3065 1392 3104 "'
1422 3083 1555 3121 vero
1588 3074 1743 3122 metu
1773 3073 1829 3122 et
1859 3068 1969 3122 las-
2010 3070 2049 3126 C
2087 3068 2200 3122 duo
2233 3068 2480 3122 miliaria
2533 3055 2648 3122 aut.
2683 3068 2928 3137 amplius
2981 3067 3194 3120 candor
3237 3083 3440 3120 eorum
3478 3067 3634 3121 visus
3681 3073 3796 3134 est,

270 3150 520 3206 situdine
551 3158 607 3206 et
641 3153 897 3224 pondere
925 3170 1220 3208 armorum
1253 3155 1434 3225 pressi
1463 3157 1631 3210 sicuti
1680 3173 1848 3210 cursu
1881 3156 1972 3210 in-

270 3241 517 3306 trahant,
565 3242 645 3296 ita
673 3242 776 3296 sub
809 3258 957 3312 aqua
1002 3243 1145 3298 recti
1188 3248 1246 3296 et
1274 3243 1585 3297 exanimati
1615 3244 1859 3298 stabant.
1902 3247 1973 3298 At

270 3329 332 3382 hi
363 3331 462 3400 qui
490 3330 548 3383 in
583 3331 906 3385 munitione
947 3336 1130 3396 erant,
1166 3348 1297 3386 cum
1340 3332 1602 3386 viderent
1631 3349 1969 3386 concursum

272 3414 417 3479 ﬁeri,
451 3419 507 3467 et
550 3414 815 3468 certatim
846 3431 904 3467 se
949 3415 1018 3470 de
1049 3415 1242 3469 littore
1271 3417 1332 3469 in
1363 3433 1571 3486 aquam
1603 3417 1966 3486 praecipitari,

273 3503 795 3557 animadverteram
848 3520 943 3557 eos
999 3505 1363 3575 perturbatos
1419 3505 1613 3575 fugam
1665 3506 1856 3573 inisse,
1918 3511 1974 3560 et

270 3608 403 3645 mox
437 3597 580 3646 nutu
627 3597 683 3645 et
715 3592 944 3646 vocibus
986 3594 1054 3647 de
1097 3593 1232 3663 fuga
1264 3610 1462 3648 eorum
1517 3594 1708 3648 Frisiis
1757 3594 1972 3664 signiﬁ-

271 3697 398 3733 care
429 3684 743 3750 coeperunt.
780 3681 902 3734 Dux
947 3697 1082 3736 vero
1115 3681 1309 3735 videns
1355 3682 1552 3752 fugam
1584 3683 1970 3737 multitudinis

269 3785 396 3822 cum
430 3770 546 3822 suis
577 3769 763 3823 stabat
797 3771 1180 3840 stupefactus;
1213 3771 1510 3825 fortissimi
1539 3787 1792 3842 quoque,
1826 3788 1969 3843 quo-

221 3843 227 3850 .
270 3874 398 3912 rum
444 3874 539 3912 cor
569 3863 631 3912 ut
659 3859 891 3913 leonum
926 3865 1065 3926 crat,
1115 3859 1196 3914 ita
1233 3877 1440 3931 pavore
1474 3861 1722 3914 solutum
1768 3865 1874 3920 est.
1911 3866 1972 3915 ut

271 3947 394 4000 loco
421 3947 478 4000 in
512 3963 627 4017 quo
655 3947 1029 4002 constiterant
1057 3965 1116 4001 se
1162 3965 1389 4002 movere
1423 3966 1539 4002 non
1573 3954 1825 4020 possent.
1860 3954 1970 4004 Ac-

270 4035 524 4104 ciditque
555 4064 624 4073 —
650 4035 842 4089 nescio
874 4036 1031 4106 quod
1063 4036 1496 4106 divinojudicio
1529 4068 1597 4078 -—
1621 4038 1783 4109 quasi
1815 4038 1974 4092 inau-

271 4124 458 4176 ditum
503 4123 868 4190 miraculum,
898 4124 1042 4178 adeo
1076 4122 1146 4160 ³⁸³
1175 4131 1236 4178 ut
1269 4125 1428 4179 Frisii
1455 4142 1521 4179 ex
1555 4126 1973 4196 signiﬁcatione

272 4211 697 4281 oppidanorum
759 4211 976 4265 evocati
1021 4218 1381 4267 accurrerent
1430 4220 1487 4266 et
1517 4230 1611 4267 eos
1659 4215 1821 4285 quasi
1854 4215 1974 4268 saxi

270 4299 596 4354 immobiles
631 4304 845 4354 stantes
875 4299 1294 4369 interﬁcerent;
1326 4306 1384 4354 et
1413 4302 1490 4354 ita
1525 4301 1621 4356 Dei
1646 4302 1812 4372 jussu
1841 4308 1975 4357 sunt

272 4388 332 4441 in
373 4387 490 4442 suis
540 4387 816 4442 membris
854 4388 1111 4459 obligati,
1161 4395 1227 4442 ut
1274 4405 1443 4444 nemo
1499 4407 1567 4444 ex
1613 4395 1768 4445 tanta
1810 4393 1976 4462 copia

271 4476 720 4531 clarissimorum
768 4477 1024 4531 virorum
1066 4493 1301 4532 manum
1336 4477 1530 4532 stricto
1561 4479 1750 4550 gladio
1783 4480 1852 4534 ad
1884 4496 1976 4534 re-

271 4565 586 4619 sistendum
620 4566 883 4632 erigeret,
931 4566 1019 4620 vel
1068 4571 1293 4621 scutum
1353 4567 1420 4621 ad
1452 4584 1510 4621 se
1550 4569 1974 4638 protegendum

272 4660 606 4725 opponeret.
641 4654 857 4718 Quibus
899 4656 1231 4725 peremptis,
1282 4656 1455 4710 celeri
1480 4673 1646 4710 cursu
1697 4673 1972 4728 pervene-

273 4747 408 4795 runt
437 4743 506 4796 ad
543 4743 697 4808 litus,
733 4749 788 4796 et
821 4760 951 4797 cum
984 4745 1198 4814 plures,
1230 4745 1330 4816 qui
1362 4762 1464 4816 per
1495 4745 1851 4816 crepidinem
1883 4748 1974 4801 lit—

272 4830 411 4882 toris
439 4830 496 4882 in
529 4846 681 4900 aqua
709 4832 977 4885 manibus
1006 4834 1329 4903 reptabant,
1354 4834 1561 4904 jaculis
1611 4835 1972 4889 confodiunt.

272 4917 384 4971 Alii
414 4933 685 4987 namque,
720 4918 858 4972 dum
890 4918 1096 4973 duccm
1143 4921 1325 4975 solum
1360 4927 1508 4975 stare
1558 4923 1974 4992 conspicerent,

272 5006 737 5073 circumsistunt;
789 5013 874 5061 set
919 5009 1037 5078 ille,
1087 5015 1429 5080 consumpto
1478 5011 1705 5081 spiritu,
1754 5011 1977 5066 fortiter

273 5095 502 5160 restitit,
553 5100 609 5149 et
656 5095 827 5149 missa
871 5097 990 5166 pila
1039 5099 1269 5170 excipit,
1326 5115 1508 5153 unum
1556 5104 1782 5154 tantum
1827 5099 1899 5138 ²⁴⁴
1944 5118 1976 5155 a

272 5192 436 5255 tergo
468 5201 526 5238 se
565 5184 922 5254 inpetentem
954 5201 1147 5240 aversa
1177 5187 1338 5241 hasta
1381 5187 1608 5256 trajicit.
1641 5188 1765 5251 Quo
1793 5189 1977 5243 exani-

275 5279 451 5338 mato,
500 5273 854 5344 reliquorum
897 5273 1181 5344 impetum
1224 5275 1526 5344 paululum
1561 5277 1852 5344 repressit.
1890 5279 1976 5331 ln-

275 5353 440 5406 terim
469 5355 773 5423 praedones
808 5370 874 5408 ex
902 5354 1258 5424 oppidojam
1288 5355 1406 5408 ιωιι
1434 5355 1504 5408 de
1527 5355 1759 5409 victoria
1788 5357 1972 5410 subito

2083 3157 2244 3228 quasi
2275 3157 2409 3210 litus
2438 3156 2858 3210 candidissimis
2888 3154 3082 3209 linteis
3114 3161 3263 3209 esset
3299 3171 3634 3225 expansum.
3673 3158 3798 3210 Hoc

2083 3262 2310 3316 quoque
2343 3246 2402 3299 in
2431 3245 2555 3315 ejus
2585 3245 2667 3298 rei
2701 3245 3096 3298 testimonium
3122 3244 3366 3310 dicatur,
3397 3245 3548 3316 quod
3581 3259 3795 3299 novem

2081 3351 2322 3405 corpora
2367 3334 2599 3388 illorum
2648 3334 2915 3387 Kalendis
2970 3333 3318 3401 Decembris,
3371 3333 3544 3387 simul
3597 3333 3794 3387 adhuc

2082 3424 2385 3493 conligata,
2447 3422 2506 3476 in
2564 3423 2812 3493 quadam
2862 3423 2987 3494 ripa
3032 3427 3164 3476 sunt
3219 3427 3469 3492 reperta,
3522 3423 3598 3475 ita
3644 3421 3798 3476 inte-

2083 3527 2184 3580 gra
2218 3517 2278 3564 ut
2324 3526 2473 3582 pene
2514 3511 2672 3564 nulla
2704 3511 2946 3580 putredo
2996 3509 3056 3563 in
3087 3509 3169 3563 eis
3212 3509 3545 3579 investigari
3576 3515 3795 3580 posset,

2083 3598 2343 3671 quamvis
2374 3599 2558 3653 caedes
2590 3615 2642 3652 tv
2673 3599 2794 3652 Kal.
2828 3598 3074 3669 Augusti
3105 3597 3251 3652 facta
3282 3597 3497 3652 fuisset.

2517 3690 2605 3742 2'2.
2644 3688 2725 3742 De
2755 3688 2945 3742 clerico
2973 3687 3154 3741 Judeo
3181 3689 3348 3753 facto.

2153 3765 2426 3838 Superius
2453 3766 2581 3836 (lib.
2633 3783 2671 3835 ι,
2703 3781 2825 3836 cap.
2860 3769 2911 3835 7)
2950 3783 3038 3820 me
3071 3767 3311 3836 promisi
3357 3766 3678 3821 relaturum
3725 3767 3798 3821 de

2085 3856 2180 3908 illo
2209 3859 2487 3925 apostata,
2521 3855 2640 3926 qui,
2683 3855 2880 3909 relicta
2912 3855 3209 3926 religione,
3243 3856 3540 3909 clericatus
3569 3856 3628 3909 in
3659 3872 3797 3926 per-

2083 3944 2332 3998 ﬁdorum
2385 3945 2719 4014 voraginem
2772 3944 2976 3998 incidit
3020 3945 3355 3998 Judeorum.
3413 3944 3510 3998 Set
3555 3945 3614 3998 in
3666 3945 3798 4016 ipsa

2082 4032 2463 4104 promissione
2511 4033 2852 4087 exsolvenda
2885 4037 3038 4086 totus
3093 4040 3508 4099 contremesco,
3557 4039 3615 4086 et
3662 4034 3800 4088 hor-

2085 4121 2342 4175 rentibus
2395 4121 2526 4192 pilis
2583 4122 2786 4192 capitis
2841 4126 3062 4176 terrore
3119 4123 3435 4188 concutior,
3494 4122 3795 4176 diabolum

2084 4211 2339 4280 potuisse
2389 4209 2610 4265 homini
2656 4211 3002 4280 persuadere
3053 4215 3116 4264 ut
3149 4214 3334 4264 tantas
3382 4211 3576 4264 sordes
3618 4227 3799 4265 ausus

2087 4304 2234 4353 esset
2257 4302 2457 4352 contra
2501 4299 2790 4352 Christum
2824 4303 2883 4353 et
2917 4303 3145 4353 sanctos
3175 4300 3299 4369 ejus
3340 4299 3607 4368 jactasse.
3642 4299 3796 4352 Scri-

2087 4391 2279 4458 pserat
2310 4388 2466 4442 enim
2496 4387 2739 4444 funestis
2771 4387 2975 4442 litteris
3005 4387 3428 4441 infelicissimus
3453 4387 3548 4441 ille
3582 4403 3595 4441 ε

2510 4479 2598 4530 23.
2635 4477 2852 4546 Scripta
2881 4480 3055 4546 ipsius
3077 4481 3358 4546 apostatze.

2160 4587 2188 4615 ‹‹
2227 4565 2371 4630 Quid
2416 4563 2756 4618 contradicis
2798 4564 2958 4634 justo
2999 4563 3326 4633 insipiens?
3375 4563 3518 4633 Lege
3567 4563 3799 4617 Abacnc

2085 4655 2448 4726 prophetam,
2479 4654 2539 4706 in
2588 4669 2702 4723 quo
2736 4654 2883 4706 Deus
2912 4652 3054 4706 dixit
3085 4668 3096 4705 :
3133 4653 3255 4720 Ego
3283 4667 3402 4705 sum
3435 4654 3570 4706 Deus
3603 4657 3655 4706 et
3688 4669 3797 4706 non

2085 4747 2264 4795 mutor
2315 4741 2570 4810 (Malach.
2630 4757 2712 4805 ιιι,
2771 4740 2844 4810 6).
2902 4739 2962 4793 Si
3014 4739 3112 4793 ille
3173 4739 3487 4792 secundum
3544 4745 3795 4794 vestram

2087 4829 2445 4883 maledictam
2478 4828 2655 4882 ﬁdem
2687 4833 3008 4881 mutaretur
3049 4833 3106 4881 et
3135 4827 3364 4881 mulieri
3396 4829 3799 4883 commiscere-

2085 4921 2196 4985 tur,
2232 4917 2582 4988 principium
2612 4917 2919 4970 verborum
2964 4931 3197 4969 suorum
3233 4931 3344 4968 non
3385 4922 3532 4968 esset
3562 4917 3794 4970 veritas.

2089 5006 2240 5060 Dixit
2271 5006 2545 5060 Dominus
2573 5005 2639 5059 ad
2673 5005 2898 5076 Moysen
2930 5021 2944 5058 :
2981 5007 3099 5061 Non
3129 5007 3268 5057 enim
3295 5004 3498 5057 videbit
3528 5020 3612 5057 me
3643 5006 3796 5059 homo

2085 5100 2134 5148 et
2164 5097 2343 5148 vivere
2368 5099 2544 5164 potest
2596 5094 2802 5156 (Exod.
2848 5110 3041 5162 χχχιιι,
3092 5093 3204 5160 20).
3240 5093 3421 5156 Quem
3470 5092 3660 5147 tilium
3698 5094 3793 5148 ho—

2086 5182 2259 5236 minis
2298 5182 2711 5253 praetermisit?
2749 5181 2893 5235 Dicit
2923 5181 3080 5235 enim
3116 5181 3294 5235 David
3327 5182 3611 5250 propheta
3650 5203 3664 5234 ι
3698 5185 3797 5237 Νο-

2085 5273 2178 5325 lite
2233 5272 2494 5340 conﬁdere
2548 5273 2606 5324 in
2658 5271 3029 5340 principibus,
3092 5273 3145 5322 in
3185 5271 3330 5336 ﬁliis
3380 5271 3683 5336 hominum,
3745 5273 3795 5324 in

2085 5360 2279 5428 quibus
2326 5375 2433 5414 non
2480 5365 2560 5414 est
2604 5362 2753 5415 salus
2809 5359 2976 5425 (Psal.
3013 5374 3166 5424 cxnv,
3231 5362 3317 5427 3);
3374 5362 3429 5411 et
3487 5359 3793 5413 Ezechiel:

1696 5435 1936 5489 VARIZE
1974 5436 2376 5493 LECTIONES.

349 5502 420 5537 ²³⁹
451 5503 734 5558 circutriis
766 5518 812 5557 c.
867 5502 1119 5556 circuitis
1173 5502 1339 5559 Eckh.
1369 5531 1441 5544 —
1484 5503 1758 5560 circntare
1789 5508 1831 5560 ἰ.
1873 5522 1927 5575 q.
1989 5509 2220 5562 circare.

276 5588 348 5625 ³⁸³
373 5593 453 5643 ita
486 5594 550 5646 E.
576 5607 609 5644 a
639 5586 752 5645 dno
781 5608 827 5645 c.
907 5589 978 5626 ²⁶⁸
1002 5584 1086 5643 {in
1110 5607 1150 5643 c.

2300 5507 2375 5545 ἰο
2407 5508 2528 5563 frisi
2575 5526 2618 5563 ο.
2698 5508 2769 5544 ’Μ
2814 5509 2956 5564 duos
2991 5513 3037 5564 l.
3119 5507 3190 5543 ²⁸²
3228 5510 3265 5562 ί.
3323 5525 3376 5575 q.
3436 5508 3791 5580 Complures.
