3968 6460
172 374 297 427 485

1028 377 1118 431 DE
1161 377 1627 433 DIVERSITATE
1670 380 2056 436 TEMPORUM
2104 381 2293 437 LIBRI
2332 384 2492 438 DUO.
2544 415 2612 424 —-
2656 387 2783 440 LIB.
2828 386 2897 441 II.

3620 397 3722 449 486

172 497 515 552 Maledictus
548 499 716 559 homo,
748 501 845 567 qui
877 500 1097 568 conﬁdit
1126 503 1182 554 in
1214 501 1426 555 homine
1480 506 1529 555 et
1568 505 1722 570 ponit
1780 519 1900 557 car-
1932 508 1977 557 Α
2017 504 2169 571 deas,
2204 521 2375 575 quem
2410 505 2548 560 dicis
2573 507 2814 577 justum,
2847 515 2903 565 te
2938 515 3037 565 aut
3064 515 3452 585 prephetam?
3479 520 3533 574 Si
3591 536 3724 591 pro-

172 601 311 657 nem
354 586 644 640 brachium
685 602 863 652 suum,
896 591 998 641 erit
1029 590 1172 642 enim
1221 591 1384 659 quasi
1437 591 1642 643 miricae
1690 592 1746 644 in
1812 592 1905 644 de-

170 678 353 736 serto,
410 678 461 727 et
531 690 637 728 non
695 675 900 729 videbit
949 678 1214 741 fructum,
1274 694 1394 731 cum
1442 682 1645 731 venerit
1714 679 1906 733 bonum

177 761 330 830 (Jer.
386 778 524 828 xvu,
571 764 624 829 ὅ,
678 764 752 834 6).
786 763 929 828 Quid
962 770 1162 818 contra
1191 766 1365 819 hiscis
1419 764 1662 819 animal!
1724 767 1902 831 Quem

176 850 379 905 ﬁlium
412 852 664 905 hominis
694 854 1105 922 prmtermisit?
1141 855 1283 909 Num
1334 856 1565 908 Petrum
1599 859 1653 907 et
1682 857 1905 910 Johan-

175 955 327 993 nem
360 944 532 1011 atque
563 941 884 1012 Martynum
945 947 1001 996 et
1059 943 1197 997 alios
1243 945 1534 1010 demones,
1588 960 1734 1014 quos
1768 963 1904 999 san-

177 1032 313 1081 ctos
344 1029 593 1083 vocatis?
641 1031 705 1083 In
756 1030 1028 1084 omnibus
1079 1032 1213 1085 locis
1274 1034 1482 1103 legitur
1523 1032 1671 1085 Deus
1706 1035 1899 1101 Israel,

179 1120 249 1169 et
271 1132 390 1171 non
417 1123 502 1171 est
534 1120 681 1173 Deus
724 1118 1005 1189 gentium.
1041 1122 1147 1175 Ubi
1179 1126 1265 1176 est
1320 1128 1509 1179 vester
1539 1124 1773 1180 sensus?
1810 1124 1900 1177 Di-

181 1204 272 1259 cit
327 1206 544 1261 David:
593 1210 794 1262 Memor
845 1211 950 1263 erit
1002 1212 1259 1265 Dominus
1332 1213 1391 1265 in
1456 1216 1692 1268 secutum
1746 1218 1903 1268 testa-

179 1297 367 1349 menti
397 1298 507 1364 sui,
557 1297 707 1351 verbi
737 1297 881 1365 quod
910 1299 1197 1353 mandavit
1226 1301 1283 1353 in
1315 1301 1462 1354 mille
1509 1305 1898 1369 generationes,

180 1383 343 1450 quod
398 1384 670 1453 disposuit
748 1386 823 1439 ad
878 1388 1186 1456 Abraham,
1236 1395 1285 1442 et
1339 1391 1647 1458 juramenti
1694 1394 1783 1445 sui
1830 1393 1904 1445 ad

182 1471 370 1525 Ysaac
402 1473 565 1542 (Psal.
627 1490 730 1539 Civ,
784 1478 833 1538 8,
878 1476 956 1543 9),
1010 1476 1116 1529 hoc
1171 1482 1255 1530 est
1303 1477 1395 1531 lex
1448 1495 1554 1532 sua
1598 1484 1793 1534 sancta
1848 1487 1902 1535 et

177 1559 531 1615 circumcisio
562 1579 737 1633 quam
769 1563 928 1618 dedit
956 1565 1132 1635 Moysi
1159 1582 1320 1620 servo
1350 1583 1473 1620 suo.

442 1661 531 1713 2i.
568 1662 812 1714 Heinrici
849 1661 1080 1730 epistola
1111 1662 1186 1715 ad
1225 1664 1552 1719 Wecelinum
1593 1668 1681 1720 "5.

2018 593 2278 662 phetam,
2314 596 2614 663 assentior,
2674 602 2866 652 tamen
2922 599 2981 654 in
3036 618 3102 655 eo
3141 605 3293 672 quod
3341 604 3425 659 illi
3477 623 3567 660 me
3606 625 3723 663 non

2018 682 2412 737 contradicere
2460 686 2778 753 ostendam,
2838 692 2895 741 te
2928 691 3235 743 mentitum
3272 708 3395 747 esse
3422 694 3551 764 jure
3583 712 3720 750 con-

2023 770 2267 825 vincam.
2300 772 2357 826 Si
2384 788 2518 826 vero
2550 778 2605 827 te
2640 774 3041 846 dicisjustum,
3096 796 3268 850 quem
3312 788 3533 837 constat
3561 786 3722 854 prius

2017 876 2137 913 esse
2172 861 2498 929 mentitum,
2532 863 2726 916 nescio
2755 880 2867 934 quo
2896 872 3060 935 pacto
3084 869 3373 924 obtinebis
3402 872 3718 941 justiciam,

2016 965 2186 1019 quem
2245 950 2528 1004 mendacii
2582 952 2791 1021 polluit
2845 956 3093 1009 macula.
3161 957 3355 1029 Neque
3412 960 3554 1029 legis
3607 966 3717 1015 tum

2015 1043 2400 1105 congruenter
2427 1039 2598 1093 simul
2624 1041 2841 1110 poteris
2872 1058 2994 1095 esse
3054 1050 3301 1099 assertor
3357 1052 3414 1101 et
3441 1051 3715 1117 prtevari—

2014 1126 2171 1175 cator
2198 1123 2439 1178 dicentis
2473 1142 2485 1180 :
2514 1128 2627 1182 Non
2662 1128 2896 1198 loqueris
2945 1137 3133 1185 contra
3182 1137 3507 1202 proximum
3562 1143 3714 1191 tuum

2012 1210 2218 1275 falsum
2275 1217 2638 1269 testimonium
2708 1218 2908 1283 (Emod.
2967 1236 3057 1285 xx,
3146 1222 3251 1292 16).
3295 1224 3455 1288 Quod
3504 1225 3571 1291 si,
3634 1228 3717 1280 uti

2016 1301 2267 1368 praemisi
2298 1304 2593 1373 prophetas
2649 1321 2765 1360 non
2822 1309 3211 1364 contradicam
3247 1328 3377 1366 cum
3430 1314 3549 1384 ipse
3610 1331 3712 1385 pro

2015 1403 2105 1440 me
2135 1389 2303 1455 dicat,
2347 1395 2403 1445 et
2456 1409 2585 1462 quae
2633 1398 2692 1446 tu
2750 1394 2855 1448 tibi
2909 1403 3109 1452 contra
3142 1416 3232 1454 me
3288 1403 3713 1472 comparaveris

2014 1493 2193 1543 arma,
2251 1478 2341 1532 his
2398 1480 2500 1533 tibi
2548 1482 3044 1555 lmtaliainﬂigam
3102 1490 3372 1557 vulnera;
3431 1493 3706 1561 quoniam

2010 1564 2255 1621 intulisti
2275 1569 2534 1638 proximo
2566 1575 2662 1625 tuo
2689 1572 2893 1627 falsum
2915 1576 3306 1632 testimonium
3339 1587 3539 1634 contra
3567 1582 3713 1652 legis

2010 1661 2387 1725 przeceptum,
2438 1658 2580 1729 legis
2640 1660 2897 1715 incurres
2947 1670 3199 1731 reatum;
3278 1672 3470 1721 reatus
3516 1675 3707 1724 autem

267 1769 293 1793 ‹‹
328 1749 696 1818 Respondere
736 1750 1081 1819 calumpniae
1113 1757 1248 1819 tute,
1284 1768 1316 1804 ο
1346 1754 1524 1807 Judee
1575 1754 1891 1821 incredule,
1930 1786 1969 1839 Β
2009 1744 2201 1839 ινξιὶιθῐ
2226 1750 2282 1839 Ψ
2310 1746 2378 1799 δά
2408 1763 2638 1839 Ραξηθῐη
2665 1766 2681 1839 Ξ
2717 1766 2882 1819 Ροεηθ
2913 1767 3045 1805 vero
3105 1755 3377 1823 Perducel
3413 1762 3471 1809 te
3531 1774 3711 1828 usque

171 1850 367 1904 quam
400 1852 465 1890 ex
487 1837 821 1908 blaspheme
857 1855 953 1892 ore
978 1839 1039 1892 in
1072 1840 1357 1895 Christum
1391 1842 1627 1913 ejusque
1668 1848 1891 1897 sanctos

172 1937 345 1975 nunc
375 1925 601 1977 noviler
643 1926 968 1994 evomuisti,
1000 1926 1206 1997 cuique
1248 1929 1304 1980 in
1332 1928 1539 1982 militia
1571 1929 1890 1984 Christiana

169 2011 467 2066 instructo
516 2013 679 2067 facile
720 2020 885 2081 esset,
926 2015 970 2068 si
1028 2033 1139 2070 non
1202 2017 1423 2070 facilius
1455 2023 1603 2071 esset
1660 2036 1793 2073 saxa
1832 2021 1889 2074 in

170 2100 493 2155 mollitiem
553 2118 717 2171 posse
775 2104 1050 2171 converti,
1129 2121 1304 2174 quam
1359 2106 1530 2160 corda
1586 2111 1771 2161 vestra
1821 2109 1891 2162 ad

170 2189 583 2260 recipiendam
613 2192 914 2246 veritatem
946 2193 1210 2248 discindi.
1264 2194 1487 2266 Quippe
1537 2212 1668 2250 cum
1709 2203 1763 2249 et
1796 2197 1893 2251 illa

167 2284 480 2333 auctorem
527 2296 694 2333 suum
743 2282 1082 2335 morientem
1118 2283 1291 2336 scissa
1326 2286 1891 2353 recognoverunt’“,

162 2372 233 2419 et
266 2372 464 2421 tamen
497 2370 683 2423 adhuc
717 2369 1122 2425 insensibilitas
1152 2372 1342 2426 cordis
1396 2374 1584 2436 vestri,
1630 2375 1891 2445 quamvis

163 2455 343 2520 elisa,
401 2457 661 2526 quamvis
705 2464 1011 2527 prostrata,
1060 2458 1119 2513 in
1155 2459 1374 2513 duricia
1426 2460 1888 2517 inveterataeini-

164 2544 422 2614 quitatis
454 2552 798 2615 perseveret,
835 2551 889 2599 et
932 2546 1067 2600 licet
1124 2564 1225 2618 per
1255 2554 1597 2603 comternam
1645 2552 1746 2605 Dei
1800 2569 1888 2605 sa-

164 2632 481 2703 pientiam,
544 2650 658 2705 qua
708 2635 954 2689 mundus
1006 2640 1061 2689 et
1111 2637 1452 2691 mirabiliter
1495 2643 1579 2692 est
1625 2640 1889 2693 conditus

165 2726 230 2773 et
266 2720 594 2777 mirabilius
626 2724 983 2786 reformatus,
1035 2725 1398 2780 obstructum
1425 2734 1511 2781 est
1550 2743 1613 2781 os
1641 2729 1888 2799 loquen-

162 2809 326 2863 tium
362 2809 583 2881 iniqua,
642 2817 698 2865 et
752 2812 1027 2883 iniquitas
1081 2819 1271 2867 vestra
1330 2816 1570 2869 mentita
1638 2816 1711 2870 sit
1757 2817 1885 2879 sibi,

162 2904 297 2953 toto
354 2901 543 2953 seculo
614 2902 919 2973 verbisque
991 2904 1407 2973 prophetarum
1494 2909 1548 2958 et
1608 2907 1886 2976 exemplis

165 2992 513 3042 sanctorum
545 2989 786 3055 eluceat,
842 3006 1015 3062 quam
1048 2991 1119 3044 sit
1161 2991 1473 3062 dampnata
1523 2993 1884 3048 infidelitatis

158 3080 377 3130 vestrae
409 3093 557 3131 caeca
585 3078 870 3149 impietas,
917 3085 974 3134 et
1021 3096 1195 3151 quam
1239 3080 1558 3150 gloirﬁcata
1578 3087 1886 3153 assumpta:

160 3166 227 3219 in
260 3165 488 3219 Christo
521 3168 887 3222 mortalitatis
949 3168 1257 3223 inﬁrmitas
1289 3186 1302 3224 :
1345 3175 1562 3237 tamen,
1610 3172 1882 3242 quoniam

166 3253 368 3307 adhuc
400 3271 513 3307 non
545 3255 811 3325 desperat
831 3256 899 3309 de
928 3256 1454 3313 machinationibus
1488 3260 1605 3312 suis
1634 3260 1884 3314 Judaicze

162 3341 557 3411 malignitatis
578 3344 865 3398 obstinata
892 3344 1251 3415 improbitas,
1287 3352 1343 3400 et
1377 3347 1443 3401 ad
1477 3347 1882 3403 confutandam

164 3429 563 3485 Christianam
587 3432 929 3501 religionem
959 3435 1231 3488 scelerato
1262 3435 1407 3488 fastu
1449 3435 1880 3504 immurmurat,

161 3522 221 3571 et
256 3534 367 3588 per
396 3521 658 3589 exempla
700 3522 935 3576 Patrum
968 3522 1231 3594 dictaque
1288 3524 1704 3594 prophetarum
1738 3531 1885 3580 stan-

162 3610 283 3659 tem
317 3606 736 3679 ﬂorentemque
781 3610 1077 3665 ecclesiam
1118 3611 1236 3681 ipsa
1263 3611 1386 3681 jam
1418 3613 1634 3667 tociens
1664 3614 1884 3669 devicta

74 3678 86 3687 ’
159 3698 219 3747 et
252 3696 494 3749 omnino
520 3701 805 3768 prostrata
858 3699 1067 3753 iterum
1117 3701 1186 3754 ad
1240 3705 1531 3755 certamen
1590 3708 1879 3772 provocat,

162 3784 582 3854 aggrediamur
610 3786 682 3821 ’⁸⁷
716 3804 834 3854 eos,
871 3788 1041 3842 dante
1076 3793 1133 3842 et
1171 3789 1410 3858 juvante
1459 3790 1583 3860 ipsa
1642 3791 1741 3845 Dei
1795 3809 1884 3846 sa-

156 3872 412 3941 pientia,
460 3874 635 3928 verbo
682 3875 803 3941 Dei,
840 3876 940 3930 Dei
987 3876 1150 3943 Filio,
1184 3893 1370 3949 eoque
1401 3877 1656 3948 primum
1690 3878 1881 3949 lapide

160 3961 399 4032 lapidea
426 3964 597 4018 corda
636 3964 931 4025 feriamus,
979 3983 1151 4037 quem
1216 3968 1415 4021 Daniel
1464 3968 1765 4039 propheta,
1818 3974 1884 4021 ut

159 4048 358 4103 dicitis
410 4057 616 4120 vester,
649 4052 829 4108 immo
870 4060 1087 4121 noster,
1139 4056 1280 4110 vidit
1326 4056 1451 4110 sine
1494 4056 1759 4110 manibus
1811 4056 1880 4111 de

159 4144 364 4192 monte
398 4141 563 4208 (Dan.
607 4158 668 4210 ιι,
721 4144 809 4213 34)
846 4143 1071 4197 concidi
1127 4149 1183 4197 et
1239 4145 1482 4215 implere
1538 4145 1877 4200 universum

162 4227 474 4282 mundum.
514 4232 587 4283 De
616 4247 731 4301 quo
791 4231 962 4286 etiam
1015 4238 1072 4286 et
1123 4233 1297 4287 David
1341 4234 1520 4288 dicit:
1592 4236 1881 4290 Eructavit

159 4330 443 4370 cormeum
471 4318 692 4373 verbum
734 4320 929 4374 bonum
987 4325 1002 4389 (
1036 4320 1182 4377 Psal.
1218 4337 1360 4388 κων,
1424 4325 1489 4388 ί).
1552 4323 1726 4377 Ῑάθωι

380 4333 443 4370 rm
471 4318 692 4373 verbum
734 4320 929 4374 bonum
987 4325 1002 4389 (
1036 4320 1182 4377 Psal.
1218 4337 1360 4388 κων,
1424 4325 1489 4388 ί).
1552 4323 1826 4394 Idemque
1858 4340 1870 4378 :
1906 4349 1947 4402 ι)

167 4405 434 4461 Dominus
465 4408 615 4462 dixit
643 4410 717 4463 ad
772 4426 855 4464 me
890 4428 901 4465 :
937 4413 1110 4465 Filius
1162 4427 1309 4465 meus
1354 4426 1406 4465 es
1452 4417 1529 4479 tu,
1572 4428 1666 4481 ego
1721 4414 1879 4468 hodie

159 4494 333 4557 genui
363 4500 411 4547 te
456 4493 530 4528 ³⁸⁸
579 4498 748 4561 (Psal.
777 4515 833 4565 ιι,
866 4498 940 4567 7).
990 4500 1263 4570 Idemque
1295 4515 1308 4552 :
1343 4501 1503 4554 Omni
1550 4503 1607 4553 in
1663 4504 1878 4570 sapien-

161 4584 239 4635 tia
296 4586 480 4649 fecisti
534 4585 702 4653 (Psal.
757 4603 871 4650 cm,
933 4587 1043 4655 2i).
1081 4589 1144 4640 Et
1200 4587 1470 4641 Salomon
1534 4604 1545 4641 :
1616 4592 1878 4644 Dominus

157 4672 405 4736 possedit
454 4689 535 4726 me
585 4676 743 4728 initio
800 4679 1016 4729 viarum
1055 4692 1280 4730 suarum
1338 4676 1523 4747 (Prov.
1584 4692 1703 4741 vm,
1763 4676 1871 4745 22).

162 4757 258 4811 Set
287 4760 562 4831 quoniam
620 4778 736 4817 non
791 4763 859 4817 de
908 4772 1122 4818 aeterna
1181 4764 1388 4818 Christi
1448 4764 1768 4831 nativitate,
1814 4765 1873 4819 in

160 4863 273 4917 qua
306 4864 539 4919 semper
566 4850 673 4904 fuit
706 4852 854 4921 patri
886 4854 1142 4924 aequalis,
1177 4858 1262 4907 set
1299 4853 1367 4907 de
1426 4854 1754 4923 temporali,
1813 4853 1871 4907 in

163 4950 296 5004 qua,
329 4938 473 4991 sicut
510 4938 683 4993 David
719 4940 948 5007 clamat,
1000 4942 1316 4996 minoratus
1344 4946 1426 4995 est
1456 4942 1629 5011 paulo
1679 4942 1871 4995 minus

160 5022 229 5075 ab
260 5026 482 5095 angelis
529 5026 704 5095 (Psal.
765 5045 882 5095 vm,
934 5031 1009 5101 6),
1042 5046 1171 5083 cum
1229 5030 1409 5084 Judeo
1463 5029 1625 5083 nobis
1681 5045 1870 5083 sermo

160 5116 261 5178 est,
299 5115 601 5170 audiamus
636 5117 773 5187 quid
806 5119 982 5181 dicat,
1043 5126 1101 5173 et
1130 5118 1439 5189 objectioni
1498 5119 1620 5187 ejus
1667 5134 1867 5171 conse-

159 5208 403 5267 quenter
450 5205 920 5274 respondeamus.
962 5206 1128 5273 Dicis,
1161 5207 1337 5261 Judee
1373 5223 1386 5260 :
1444 5206 1621 5271 Quare
1653 5210 1867 5259 eontra-

160 5284 298 5343 dicis
319 5292 472 5360 justo
534 5296 842 5363 insipiens?
898 5295 1153 5349 Primum
1196 5296 1369 5350 velim
1426 5295 1566 5349 mihi
1623 5297 1867 5364 respon-

2009 1832 2079 1886 ad
2140 1838 2405 1890 mortem.
2482 1837 2577 1890 Set
2622 1838 2918 1893 videamus
2982 1843 3296 1911 sequentia.
3368 1845 3568 1899 Infelix
3616 1848 3707 1901 Ju-

2001 1921 2105 1974 dee
2124 1918 2216 1985 "9,
2242 1940 2414 1992 quem
2471 1942 2634 1979 vocas
2681 1926 3091 1997 insipientem?
3123 1932 3245 1984 Non
3278 1948 3382 1985 nos
3412 1935 3711 1988 credenles

2002 2010 2063 2063 in
2097 2010 2464 2075 Crucitixum,
2518 2015 2619 2085 qui
2673 2016 2856 2069 factus
2908 2018 3143 2087 quidem
3194 2025 3277 2073 est
3336 2021 3498 2075 vobis
3557 2024 3706 2092 lapis

2002 2097 2337 2155 offensionis
2366 2108 2421 2154 et
2473 2106 2634 2172 petra
2687 2102 2762 2137 ²⁵⁰
2803 2106 3095 2160 scandali‘?
3145 2107 3425 2171 Quoniam
3468 2111 3703 2181 quidem

2004 2188 2240 2256 lapidem
2289 2206 2444 2259 quem
2493 2192 2919 2260 reprobaverunt
2969 2195 3316 2263 aediﬁcantes,
3379 2197 3466 2251 hic
3521 2200 3709 2265 factus

2003 2281 2079 2330 est
2100 2275 2157 2330 in
2179 2284 2343 2347 caput
2372 2281 2581 2346 anguli.
2608 2284 2658 2333 Α
2712 2284 2936 2336 Domino
2962 2286 3169 2350 factum
3199 2290 3276 2338 est
3307 2287 3475 2351 istud,
3526 2292 3576 2342 et
3624 2295 3700 2341 est

2003 2366 2252 2420 mirabile
2282 2369 2340 2421 in
2388 2370 2557 2423 oculis
2595 2372 2798 2424 nostris
2826 2372 3040 2439 (Matth.
3076 2389 3188 2440 xxi,
3242 2374 3352 2437 42).
3410 2376 3553 2445 Ergo
3604 2393 3708 2430 nos

2004 2453 2357 2524 insipientes,
2392 2462 2446 2510 et
2468 2474 2568 2511 vos
2597 2459 2882 2529 sapientes
2930 2461 3105 2514 estis?
3134 2463 3348 2516 Tamen
3407 2480 3511 2533 per
3563 2466 3703 2519 stul-

2002 2542 2195 2597 ticiam
2217 2544 2644 2613 praedicationis
2668 2549 2788 2617 jam
2843 2549 3043 2603 mundi
3104 2551 3375 2620 superbia
3427 2553 3498 2588 ²¹⁴¹
3554 2555 3699 2607 ceci-

2002 2631 2106 2694 dit,
2150 2632 2291 2685 etin
2326 2632 2611 2688 frontibus
2659 2651 2861 2704 regum
2911 2637 3094 2690 crucis
3126 2638 3331 2692 videtis
3370 2642 3697 2710 tropheum.

1999 2719 2143 2782 Quia
2173 2736 2301 2790 qua:
2330 2723 2503 2775 stulta
2552 2724 2754 2777 mundi
2812 2730 2962 2787 sunt,
3018 2726 3191 2796 elegit
3232 2728 3404 2795 Deus,
3454 2736 3517 2784 ut
3564 2746 3701 2784 con-

1998 2808 2201 2862 fundat
2256 2809 2423 2863 fortia
2478 2812 2538 2879 (I
2603 2813 2731 2865 Cor.
2798 2829 2834 2879 ι,
2866 2817 2982 2884 27).
3035 2818 3114 2869 Ac
3152 2833 3256 2885 per
3296 2817 3405 2872 hoc
3457 2819 3702 2873 libenter

1998 2896 2402 2967 amplectimur
2465 2900 2774 2954 stulticiam
2851 2902 3036 2956 crucis
3112 2904 3342 2970 Christi,
3414 2908 3690 2977 quoniam

1997 2987 2286 3040 credimus
2314 3003 2418 3040 nos
2475 2994 2851 3057 perventuros
2905 2990 2974 3045 ad
3032 2991 3274 3060 gloriam
3324 2994 3554 3049 Christi.
3604 2996 3701 3051 Set

1923 3069 1962 3123 C
2004 3075 2142 3145 quid
2172 3075 2345 3130 surdo
2389 3092 2557 3131 narro
2599 3078 2895 3134 fabulam?
2941 3085 3039 3133 aut
3081 3081 3219 3152 quid
3281 3099 3427 3137 cmco
3468 3100 3701 3155 appono

1996 3163 2239 3218 lumen?
2268 3165 2354 3219 vel
2405 3165 2587 3219 Judeo
2645 3167 3007 3237 evangelium
3049 3170 3343 3239 praedico?
3376 3172 3698 3227 Redeamus

1997 3253 2065 3308 ad
2097 3253 2415 3325 sequentia.
2455 3255 2687 3325 Inquis:
2727 3256 2865 3322 Lege
2911 3257 3131 3311 Abacuc
3185 3260 3534 3328 pr0phctam,
3582 3276 3699 3315 non

1996 3342 2056 3396 in
2096 3359 2234 3413 quo,
2271 3348 2334 3396 ut
2364 3348 2424 3396 tu
2480 3343 2640 3410 dicis,
2671 3350 2755 3398 set
2790 3361 2890 3411 per
2919 3362 3091 3416 quem
3136 3346 3257 3416 ipse
3298 3349 3445 3413 Deus
3503 3349 3641 3403 dicit
3678 3366 3690 3403 :

1996 3432 2120 3500 Ego
2140 3447 2259 3485 sum
2316 3434 2454 3486 Deus
2514 3438 2563 3486 et
2600 3448 2707 3486 non
2756 3438 2952 3489 mutor.
3010 3435 3267 3489 Praemisi
3321 3437 3448 3505 tibi,
3497 3438 3697 3503 Judee,

1994 3520 2328 3575 testimonio
2381 3521 2606 3575 Abacuc
2660 3522 2985 3577 nullatenus
3029 3539 3120 3577 me
3179 3526 3591 3593 contradicere,
3645 3533 3702 3581 et

1995 3625 2110 3663 non
2146 3610 2328 3662 solum
2359 3609 2605 3678 Abacuc,
2634 3615 2718 3664 set
2749 3615 2804 3664 et
2856 3611 3117 3666 omnium
3160 3614 3600 3684 prophetarum,
3646 3622 3702 3669 et

1994 3698 2137 3767 legis
2168 3697 2512 3752 documenta
2542 3714 2633 3753 me
2669 3699 2796 3753 dico
2853 3702 3171 3769 suscipere;
3218 3702 3353 3772 quia
3400 3720 3528 3757 cum
3572 3706 3697 3757 colo

1993 3787 2095 3858 qui
2149 3802 2265 3840 non
2326 3787 2481 3840 venit
2520 3787 2707 3857 legem
2759 3788 2978 3842 solvere
3011 3794 3098 3842 set
3160 3790 3492 3860 adimplere.
3551 3792 3701 3847 Dixit

1994 3877 2142 3930 Deus
2170 3891 2272 3945 per
2298 3875 2570 3930 Abacuc:
2618 3878 2727 3943 Ego
2783 3892 2903 3930 sum
2948 3880 3086 3930 Deus
3121 3882 3171 3931 et
3225 3893 3331 3930 non
3396 3883 3588 3942 mutor,
3642 3886 3699 3934 et

1990 3963 2096 4018 hoc
2143 3963 2387 4017 firmiter
2444 3964 2627 4018 credit
2698 3964 3019 4018 Christiana
3070 3964 3293 4035 religio.
3353 3965 3513 4029 Quod
3564 3983 3697 4020 vero

1992 4052 2330 4107 subsecutus
2361 4069 2419 4107 es
2453 4070 2464 4107 :
2496 4054 2557 4107 Si
2592 4054 2682 4106 ille
2703 4054 2997 4107 secundum
3051 4059 3286 4107 vestram
3339 4056 3691 4109 maledictum

1991 4142 2155 4213 ﬁdem
2176 4146 2481 4196 mutuetur
2519 4148 2567 4196 et
2600 4144 2817 4197 mulieri
2868 4145 3318 4210 commisceretur,
3360 4147 3696 4213 principium

1989 4232 2273 4286 verborum
2301 4246 2521 4286 suorum
2572 4246 2679 4284 non
2711 4236 2844 4286 esset
2870 4234 3114 4301 veritas,-
3181 4232 3322 4304 quid
3353 4231 3429 4265 ³⁵³
3484 4234 3695 4288 mirum

1991 4325 2095 4385 est,
2122 4336 2251 4374 cum
2280 4336 2461 4374 cmcus
2494 4319 2589 4387 sis,
2624 4319 2670 4373 si
2719 4336 2835 4374 non
2870 4319 3027 4374 vides
3076 4320 3264 4375 lucem
3296 4320 3478 4389 illam,
3520 4337 3694 4392 quam

1989 4426 2104 4463 non
2136 4408 2352 4475 vident,
2403 4408 2513 4461 nisi
2543 4408 2644 4479 qui
2684 4409 2903 4462 mundo
2938 4412 3070 4462 sunt
3103 4409 3301 4473 corde;
3356 4409 3533 4462 immo
3564 4425 3692 4463 cum

1988 4497 2160 4551 etiam
2208 4513 2368 4551 more
2422 4495 2678 4549 frenetici
2738 4500 2938 4549 contra
2997 4496 3282 4549 medicum
3344 4496 3586 4561 resilias,
3640 4504 3696 4550 et

1989 4602 2190 4639 sanare
2214 4590 2268 4639 te
2292 4584 2503 4639 volenti
2530 4584 2831 4638 maledicta
2855 4588 2909 4638 et
2941 4584 3190 4637 convitia
3248 4583 3322 4619 ’⁵⁸
3391 4584 3649 4654 obponas
3666 4588 3696 4639 ?

1990 4675 2127 4727 Tam
2182 4674 2335 4727 enim
2380 4672 2603 4726 excelsa
2641 4676 2695 4725 et
2756 4672 3043 4741 profunda
3087 4675 3220 4725 sunt
3279 4672 3692 4726 incarnationis

1986 4762 2197 4817 Christi
2252 4761 2530 4825 misteria,
2577 4760 2870 4831 quomodo
2924 4758 3241 4813 Verborum
3303 4760 3401 4814 Dei
3458 4761 3685 4815 incom-

1985 4849 2343 4905 mutabiliter
2388 4848 2541 4919 apud
2600 4849 2780 4902 Deum
2857 4849 3083 4902 Patrem
3142 4865 3372 4919 semper
3428 4865 3688 4917 manens,

1983 4955 2211 4993 carnem
2261 4937 2330 4991 de
2371 4936 2593 5007 virgine
2654 4937 2899 5007 sumpsit
2972 4943 3355 5009 naturamque
3439 4943 3688 4992 nostram

1982 5044 2099 5081 sua:
2124 5026 2325 5093 univit,
2350 5026 2505 5096 quod
2536 5042 2707 5080 nemo
2742 5026 2863 5080 haec
2896 5026 3064 5097 capit,
3102 5027 3210 5080 nisi
3270 5027 3369 5098 qui
3417 5028 3687 5097 spiritua-

1981 5116 2112 5170 liter
2151 5116 2331 5186 sapit;
2388 5130 2557 5169 nemo
2617 5113 2786 5185 sapit,
2848 5114 2955 5168 nisi
3006 5116 3120 5168 Deo
3177 5116 3427 5170 donante
3467 5116 3685 5186 capiat;

1978 5220 2092 5275 quo
2148 5204 2398 5259 donante
2453 5203 2633 5258 credit
2683 5203 2782 5274 qui
2822 5203 3078 5277 nondum
3134 5204 3307 5275 capit.
3366 5206 3492 5257 Nisi
3548 5206 3687 5257 enim

1978 5293 2344 5360 credideritis,
2401 5292 2595 5364 inquit
2642 5293 2948 5364 propheta,
3002 5308 3107 5348 non
3188 5294 3506 5358 intellegetis
3557 5292 3686 5362 (Isa.

1589 5381 1827 5437 VAIIUE
1849 5382 2252 5437 LECTIONES.

232 5464 309 5499 ’⁸⁸³
362 5469 641 5523 rubricam
672 5471 879 5539 adjeci;
930 5488 982 5525 υ.
1036 5489 1207 5541 supra
1237 5474 1280 5526 1.
1322 5477 1375 5525 7.

162 5541 587 5613 ypnnisigprima
618 5544 881 5610 cujusque
911 5546 1060 5596 vocis
1093 5546 1276 5597 littera
1306 5546 1503 5613 scripti
1530 5548 1675 5597 sunt.

163 5601 235 5641 ³⁵³
254 5601 414 5677 (μιοᾶ
434 5626 481 5665 c.
562 5609 632 5647 ³⁵³
653 5601 935 5668 οἶιωῖιίῐὶα
959 5628 1005 5667 c.

1458 5473 1527 5508 ³⁸⁸
1559 5461 1937 5543 recogito}???
1964 5486 2008 5543 c.
2090 5472 2159 5507 "7
2213 5470 2596 5543 egrediamur
2624 5486 2715 5543 ειη
2749 5467 2819 5505 ’⁸⁸⁸
2850 5472 2949 5543 llic
3001 5470 3231 5543 aliique
3272 5469 3457 5538 plures
3497 5485 3686 5543 versus

1755 5540 1829 5578 ³⁸9
1872 5542 2050 5611 judex
2093 5545 2140 5595 l.
2221 5540 2269 5575 ³⁵

2344 5542 2490 5612 petii
2522 5557 2566 5596 c.
2648 5538 2716 5573 ²⁵¹
2770 5540 3051 5611 sapientia
3104 5555 3246 5594 corr.
3317 5541 3585 5611 superbia
3636 5558 3681 5595 c.
