3968 6424
289 420 393 471 li8?

1243 415 1541 470 ALPERTI
1580 416 1634 470 S.
1678 373 2151 470 SYMPHORIANI
2193 413 2491 468 METENS.
2533 410 2839 466 MONACII.

3709 414 3834 467 488

288 558 382 606 vn,
431 542 504 610 9).
559 541 704 609 Ergo
760 537 1019 592 credenti
1071 536 1364 607 colligitur
1421 536 1713 603 meritum,
1774 532 2066 590 videntiA
2105 538 2242 589 tates
2290 538 2506 588 nostras
2564 535 2703 599 (Isa.
2753 549 2868 600 ιλιι,
2919 533 2996 602 5).
3051 533 3118 586 Et
3179 535 3363 587 multa
3409 533 3522 588 alia
3569 534 3644 588 de
3714 535 3832 588 illo

286 631 560 684 reddetur
587 628 919 699 praemium;
955 627 1231 698 quoniam
1263 626 1311 680 si
1340 626 1510 690 vides,
1562 643 1674 679 non
1698 629 1783 679 est
1812 624 1986 690 ﬁdes;

289 718 566 789 quamdiu
596 718 750 771 enim
783 716 1222 786 peregrinamur
1249 715 1307 769 in
1365 716 1535 785 hujus
1574 715 1774 769 mundi
1820 720 1987 768 tene-

287 807 423 873 bris,
463 807 573 860 ﬁde
605 805 961 860 mandantur
990 805 1159 858 corda
1215 819 1415 857 eorum
1447 804 1547 874 qui
1574 805 1754 857 Deum
1810 802 1987 855 visuri

289 900 444 948 sunt.
482 895 598 949 Hac
636 894 828 964 itaque
883 893 1016 958 ﬁde,
1059 909 1172 964 qua
1206 893 1305 946 Dei
1336 892 1488 945 ﬁlius
1527 893 1699 945 etiam
1733 890 1984 944 hominis

287 983 441 1037 ﬁlius
470 983 833 1054 praedicatur,
911 982 1188 1052 quosdam
1245 988 1563 1035 vestrorum
1620 980 1985 1034 mandandos

285 1072 458 1142 longe
483 1077 613 1126 ante
649 1072 796 1125 Deus
821 1069 1164 1139 praedixerat.
1192 1085 1292 1140 per
1326 1069 1670 1139 prophetam
1705 1065 1981 1130 Ezechiel,

286 1160 517 1214 dicens:
576 1161 648 1213 Et
699 1162 803 1212 erit
852 1160 911 1210 in
959 1160 1268 1212 novissimis
1309 1157 1518 1221 diebus,
1576 1155 1862 1224 effundam
1917 1154 1984 1207 de

285 1250 490 1318 spiritu
546 1262 658 1301 meo
711 1261 873 1315 super
928 1261 1134 1300 omnem
1180 1261 1395 1299 carnem
1447 1247 1592 1316 (Act.
1639 1261 1697 1312 ιι,
1770 1248 1877 1311 t7),
1931 1248 1982 1297 et

286 1335 565 1404 effundam
590 1351 753 1404 super
798 1350 890 1389 vos
940 1349 1139 1403 aquam
1189 1334 1471 1399 mundam,
1494 1339 1542 1386 et
1581 1333 1983 1387 mundabimini

283 1425 352 1479 ab
404 1424 646 1478 omnibus
708 1425 1134 1492 inquinamentis
1209 1422 1431 1487 vestris,
1474 1427 1525 1476 et
1576 1422 1644 1476 ab
1710 1423 1979 1476 universis

279 1513 443 1566 idolis
489 1515 682 1566 vestris
731 1511 1001 1565 mundabo
1048 1527 1159 1574 vos,
1208 1514 1257 1564 et
1291 1511 1431 1564 dabo
1456 1511 1604 1565 vobis
1634 1526 1725 1564 cor
1759 1526 1974 1577 novum,

279 1607 330 1656 et
359 1603 616 1670 spiritum
635 1617 830 1655 novum
866 1615 1062 1670 ponam
1091 1602 1146 1653 in
1189 1600 1363 1654 medio
1393 1602 1586 1666 vestri,
1631 1605 1682 1654 et
1728 1601 1977 1664 auferam

282 1706 373 1745 cor
393 1691 666 1760 lapideum
723 1691 789 1742 de
832 1705 992 1742 carne
1036 1693 1237 1754 vestra,
1287 1693 1337 1741 et
1375 1688 1516 1741 dabo
1550 1689 1699 1741 vobis
1739 1703 1830 1742 ccr
1863 1703 1979 1742 car-

282 1795 442 1833 neum
472 1780 683 1848 (Ezerh.
716 1794 897 1844 XXXVI,
931 1779 1020 1842 25,
1053 1777 1162 1844 26),
1221 1783 1277 1832 et
1314 1783 1550 1844 caetera;
1599 1775 1806 1847 quibus
1865 1775 1976 1828 evi-

284 1868 487 1922 denter
516 1867 857 1932 ostenditur,
912 1867 969 1919 in
1018 1866 1360 1936 quihusdam
1392 1872 1643 1918 vestrum
1676 1864 1976 1918 abstulisse

284 1957 434 2010 Deus
473 1956 543 2009 de
601 1955 868 2009 cordibus
899 1954 1182 2020 velamen,
1232 1958 1316 2019 ut,
1360 1953 1566 2024 spiritu
1620 1952 1718 2007 Dei
1752 1959 1975 2022 agente,

280 2042 390 2096 ﬁde
421 2047 887 2112 praepararentur
953 2040 1123 2094 corda
1154 2042 1470 2094 multorum
1528 2040 1597 2093 ad
1656 2040 1975 2109 suscipien-

281 2131 412 2184 dam
453 2147 660 2201 aquam
694 2131 1021 2197 salutarem,
1077 2129 1136 2183 in
1191 2129 1662 2184 emundationem
1715 2130 1974 2182 omnium

281 2225 675 2289 peccatorum;
709 2217 986 2288 quosdam
1020 2235 1152 2272 vero
1185 2217 1480 2282 obcaecari,
1509 2222 1565 2270 et
1621 2217 1977 2271 inﬁdelitatis

281 2323 472 2361 errore
535 2323 936 2372 remansuros;
996 2307 1142 2360 sicut
1202 2323 1307 2375 per
1377 2307 1554 2359 alium
1630 2306 1973 2376 prophetam

274 2396 552 2466 scriptum
584 2401 704 2449 est:
768 2395 1068 2448 Excaecans
1111 2395 1384 2448 excaecabo
1450 2395 1615 2449 corda
1667 2410 1868 2457 eorum,
1902 2410 1965 2448 ne

276 2485 500 2538 videant
527 2485 702 2538 lumen
733 2486 858 2552 (Isa.
909 2501 981 2549 vi,
1011 2485 1142 2553 μθ).
1182 2484 1358 2548 Unde,
1389 2500 1421 2538 ο
1477 2483 1674 2550 Judee,
1725 2499 1854 2536 cum
1912 2487 1970 2536 tu

278 2572 664 2644 palpabilibus
715 2572 968 2626 tenebris
1017 2573 1338 2626 obcmcatus
1423 2573 1518 2638 sis,
1565 2571 1857 2642 quomodo
1915 2575 1971 2624 te

273 2664 443 2729 putas
480 2675 647 2730 posse
698 2658 1015 2723 advertere,
1063 2659 1308 2728 qualiter
1366 2659 1514 2712 Deus
1559 2659 1681 2711 sine
1715 2659 1830 2711 ulla
1882 2657 1973 2711 sui

273 2748 724 2802 commutatione
773 2747 1023 2812 mulieri,
1071 2763 1189 2800 non
1238 2752 1302 2800 ut
1357 2752 1440 2811 tu,
1485 2747 1724 2816 perﬁde,
1764 2747 1968 2816 garris,

273 2837 764 2901 commisceretur,
813 2841 902 2889 set
952 2835 1020 2889 de
1068 2850 1237 2888 carne
1297 2835 1554 2888 mulieris
1609 2849 1817 2904 corpus
1862 2833 1971 2888 sibi

275 2924 597 2990 fabricaret,
636 2925 910 2994 quoniam
945 2923 1212 2977 divinitas
1234 2923 1391 2976 verbi
1443 2923 1542 2976 Dei
1576 2922 1636 2976 in
1691 2921 1970 2975 unitatem

273 3012 382 3066 sibi
422 3027 677 3082 personae
706 3016 1036 3076 assumeret,
1085 3010 1165 3064 ita
1195 3015 1257 3064 ut
1287 3026 1390 3064 nec
1436 3009 1702 3064 divinitas
1730 3009 1790 3062 in
1846 3025 1968 3062 car-

2099 623 2487 692 protulerunt,
2519 623 2729 693 quibus
2760 627 2954 692 aperte
2986 622 3279 688 edocetur,
3333 638 3562 677 omnem
3601 621 3827 676 Domi-

2099 711 2286 764 nicam
2313 711 2800 764 conversationem
2837 710 2989 763 inter
3023 726 3126 763 nos
3157 726 3189 762 a
3227 715 3482 780 tempore
3528 711 3828 766 incarna-

2096 800 2272 854 tionis
2305 816 2484 871 usque
2528 799 2598 854 ad
2637 799 2990 852 ascensionis
3048 800 3392 853 concordare
3445 800 3826 858 testimoniis

2096 889 2346 943 illorum.
2397 888 2562 952 Quod
2607 895 2803 942 contra
2844 888 2965 941 haec
2996 887 3156 955 dicis,
3187 889 3458 942 sceleste?
3506 889 3618 942 nisi
3653 889 3821 942 forte

2094 994 2350 1048 opponas
2381 977 2768 1040 mendacium,
2802 977 2957 1048 quod
2989 993 3054 1030 ex
3087 984 3251 1047 patre
3281 984 3377 1030 tuo
3408 978 3638 1032 diabolo
3685 984 3816 1045 est;

2093 1068 2239 1121 sicut
2283 1067 2433 1122 idem
2483 1067 2754 1120 dominus
2804 1072 2997 1120 noster
3067 1067 3229 1120 Iesus
3291 1067 3544 1121 Christus
3604 1067 3816 1122 dixit:

2099 1158 2202 1210 Vos
2231 1171 2298 1209 ea:
2322 1161 2483 1225 patre
2511 1155 2724 1208 diabolo
2775 1157 2922 1218 estis,
2957 1159 3007 1208 et
3038 1169 3200 1223 Opera
3228 1157 3406 1224 patris
3433 1157 3602 1209 vestri
3647 1157 3815 1220 faci-

2092 1244 2378 1318 tisl(Joan.
2407 1260 2524 1309 vui,
2572 1243 2682 1313 44).
2711 1244 2844 1298 Ecce
2899 1244 3174 1314 quoniam
3211 1243 3433 1297 ratione
3485 1250 3543 1296 et
3599 1259 3811 1297 exem-

2091 1334 2201 1403 plis
2251 1349 2588 1403 responsum
2653 1338 2738 1386 est
2781 1331 2887 1385 tibi
2951 1332 3223 1398 breviter,
3295 1333 3448 1403 quod
3504 1332 3811 1385 immuta-

2089 1423 2218 1477 bilis
2244 1426 2566 1493 permanet,
2599 1427 2656 1475 et
2675 1425 2872 1475 tamen
2901 1437 3134 1475 carnem
3165 1422 3409 1492 sumpsit
3425 1437 3493 1474 ex
3527 1421 3804 1491 Virgine.

2090 1512 2251 1565 Nunc
2288 1511 2356 1564 ad
2383 1509 2686 1580 sequentia
2711 1509 3038 1564 redeamus.
3066 1511 3225 1564 Dixit
3255 1509 3398 1563 Deus
3420 1509 3495 1562 ad
3522 1511 3761 1579 Moysen
3789 1525 3803 1562 :

2087 1602 2206 1654 Non
2243 1601 2382 1652 enim
2415 1599 2622 1652 videbit
2643 1614 2722 1652 me
2751 1599 2903 1652 homo
2933 1603 2984 1651 et
3027 1600 3205 1652 vivere
3239 1603 3432 1667 potest.
3487 1599 3585 1652 Hic
3616 1598 3809 1651 inter-

2087 1705 2251 1757 rogo,
2281 1688 2477 1754 Judee,
2513 1687 2611 1757 qui
2651 1703 2879 1756 semper
2937 1687 3195 1758 sequeris
3233 1688 3584 1740 occidentem
3635 1687 3804 1740 litte-

2088 1793 2207 1830 ram
2241 1781 2295 1829 et
2342 1792 2458 1829 non
2488 1775 2870 1828 viviﬁcantem
2924 1775 3214 1846 spiritum,
3278 1775 3565 1846 quomodo
3621 1779 3805 1845 putas

2090 1882 2252 1934 posse
2288 1865 2585 1918 hominem
2624 1863 2818 1918 videre
2846 1865 3051 1930 Deum,
3100 1881 3172 1917 an
3205 1881 3318 1918 non
3361 1880 3529 1935 posse
3578 1862 3806 1933 putas?

2089 1954 2146 2008 Si
2175 1969 2359 2023 posse,
2390 1958 2581 2006 utrum
2636 1953 3029 2023 corporalibus
3060 1953 3259 2019 oculis,
3312 1970 3384 2007 an
3438 1952 3677 2008 mente?
3738 1953 3804 2006 Si

2088 2042 2479 2112 corporalibus
2513 2039 2586 2076 ³⁸⁸
2616 2042 2819 2108 oculis,
2861 2043 3176 2096 absurdum
3221 2042 3355 2096 satis
3395 2042 3662 2105 videtur;
3718 2042 3802 2094 si-

2087 2131 2320 2201 quidem
2349 2146 2481 2184 cum
2541 2130 2636 2183 ille
2669 2129 3197 2200 incircumscriptus
3223 2131 3457 2198 spiritus
3496 2146 3600 2183 nec
3621 2129 3802 2200 [mole

2085 2219 2448 2282 distenditur,
2493 2235 2596 2272 nec
2650 2219 2773 2272 loco
2814 2219 3164 2286 continetur,
3209 2236 3314 2272 nec
3362 2225 3621 2286 tempore
3654 2234 3798 2272 mo-

2084 2313 2268 2373 vetur,
2324 2312 2493 2376 atque
2534 2307 2730 2360 omnia
2779 2307 2888 2360 late
2956 2311 3112 2376 patet
3169 2323 3341 2378 quam
3388 2306 3654 2360 inﬁrmus
3721 2308 3798 2360 sit

2084 2394 2370 2448 humanus
2398 2395 2661 2448 intuitus.
2696 2393 2754 2447 Si
2809 2398 3021 2459 mente,
3080 2410 3194 2447 non
3239 2394 3465 2447 videtur
3517 2393 3796 2464 impossi-

2083 2483 2217 2548 bile,
2262 2483 2307 2536 si
2341 2487 2534 2537 tamen
2577 2483 2813 2537 munda.
2868 2483 3218 2537 Promissum
3270 2483 3433 2536 nobis
3467 2482 3619 2536 enim
3652 2487 3744 2536 est
3779 2498 3796 2537 :

2082 2569 2247 2624 Beati
2303 2571 2503 2624 mundo
2582 2571 2758 2639 corde,
2822 2575 3080 2640 quoniam
3133 2573 3246 2640 ipsi
3295 2575 3458 2625 Deum
3521 2571 3797 2624 videbunt

2083 2660 2302 2727 (Matth.
2348 2677 2400 2726 v,
2433 2662 2503 2726 8).
2538 2660 2593 2714 Si
2640 2677 2756 2714 non
2795 2677 2984 2730 posse,
3049 2660 3337 2730 quomodo
3397 2659 3507 2713 erit
3557 2676 3791 2726 verum,

2083 2750 2238 2818 quia,
2273 2749 2522 2802 dictante
2580 2748 2839 2815 veritate,
2875 2747 3050 2802 David
3097 2749 3270 2803 dixit:
3330 2751 3561 2815 Quaerite
3597 2750 3794 2802 Domi-

2087 2853 2217 2890 num
2261 2843 2310 2890 et
2361 2838 2782 2905 conﬁrmamini,
2867 2839 3093 2906 quaerite
3143 2839 3340 2904 faciem
3402 2838 3518 2904 ejus
3574 2852 3790 2906 semper

2084 2925 2249 2994 (Psal.
2287 2942 2398 2994 CIV,
2429 2927 2505 2997 4).
2552 2927 2700 2980 Num
2732 2942 2850 2980 non
2907 2926 3242 2980 hominibus
3288 2925 3632 2995 loquebatur
3683 2925 3790 2978 Da-

2078 3015 2196 3081 vid,
2221 3031 2466 3085 quorum
2502 3020 2726 3070 mentes
2751 3015 2822 3069 ad
2862 3013 3276 3086 exquirendam
3309 3012 3535 3066 Domini
3581 3012 3787 3066 faciem

275 3101 364 3152 nis
423 3099 885 3169 passibilitatem,
960 3115 1064 3153 nec
1115 3098 1448 3154 humanitas
1486 3099 1544 3151 in
1603 3098 1961 3151 divinitatem
1997 3113 2036 3168 ο
2078 3103 2395 3157 excitabat?
2437 3105 2582 3158 Num
2637 3104 2914 3175 quidnam
2947 3103 3153 3156 veritas
3195 3108 3253 3156 et
3306 3117 3496 3172 praeco
3528 3101 3784 3154 veritatis

275 3189 562 3253 transiret,
591 3193 850 3258 essetque
876 3194 1068 3241 tamen
1099 3193 1156 3241 et
1185 3187 1336 3240 ﬁlius
1387 3186 1488 3240 Dei
1519 3187 1690 3240 homo
1737 3191 1968 3255 propter

275 3284 630 3348 assumptum
659 3277 975 3334 hominem.
999 3283 1054 3330 et
1076 3278 1226 3330 ﬁlius
1254 3277 1506 3330 hominis
1557 3277 1704 3330 Deus
1731 3282 1968 3346 propter

271 3365 658 3420 assumentem
723 3367 919 3419 Deum.
951 3365 1280 3418 Prmdixerit
1301 3365 1406 3419 tibi
1437 3365 1714 3436 propheta
1765 3381 1777 3418 :
1846 3366 1969 3420 Nisi

270 3455 632 3520 credideritis,
660 3469 766 3508 non
795 3456 1134 3524 intellegetis.
1191 3455 1389 3520 Crede,
1451 3460 1506 3507 et
1553 3453 1870 3524 intellegis;
1913 3459 1968 3507 et

268 3559 407 3613 roga
440 3544 637 3606 Deum,
662 3549 724 3596 ut
771 3543 931 3596 tollat
963 3544 1243 3609 velamen,
1304 3548 1367 3597 ut
1397 3543 1618 3597 auferat
1673 3559 1772 3595 cor
1819 3542 1964 3612 lapi-

272 3631 463 3685 deum.
498 3632 786 3701 Rogamus
818 3631 990 3684 etiam
1025 3637 1082 3684 et
1127 3649 1231 3685 nos
1279 3648 1384 3702 pro
1411 3631 1586 3696 vobis,
1633 3631 1828 3685 invitis
1869 3648 1965 3686 vo-

268 3719 374 3775 bis.
403 3721 502 3776 Set
545 3721 817 3790 quoniam
851 3721 1062 3774 Judeus
1112 3737 1214 3774 nec
1264 3720 1544 3774 rationem
1604 3720 1806 3792 recipit
1864 3737 1968 3774 nec

267 3808 757 3878 prtedicationem,
786 3809 899 3862 nisi
927 3810 1072 3862 Deus
1104 3807 1175 3844 ’δ’
1207 3810 1369 3863 tollat
1407 3811 1691 3871 velamen,
1723 3839 1792 3850 -—
1848 3810 1965 3863 scio

270 3898 424 3951 enim
473 3898 597 3966 ejus
637 3898 913 3951 cervicem
967 3897 1356 3966 durissimam,
1397 3927 1466 3940 —
1495 3914 1860 3952 occurramus
1915 3899 1967 3952 ei

265 3985 506 4039 oraculis
537 3987 975 4056 prophetarum,
1006 3991 1069 4039 ut
1108 3984 1194 4039 vel
1228 3986 1308 4040 sic
1339 3986 1548 4051 credat,
1576 3987 1660 4039 vel
1715 3987 1796 4039 sic
1827 4003 1964 4040 con-

269 4074 426 4128 {usus
455 4074 699 4128 recedat.
733 4073 897 4136 Quod
928 4076 996 4110 ’⁸⁵
1025 4089 1254 4126 carnem
1300 4073 1554 4128 Christus
1610 4072 1682 4108 ’5‘
1734 4074 1804 4128 de
1860 4074 1966 4126 vir-

269 4162 400 4232 gine
449 4167 599 4215 esset
629 4165 983 4232 sumpturus,
1027 4161 1292 4230 praedixit
1345 4161 1514 4214 Isaias
1571 4163 1749 4216 :Ecce
1813 4164 1967 4229 virgo

268 4251 530 4319 concipiet
565 4251 624 4304 in
645 4253 794 4303 utero
829 4253 880 4302 et
926 4251 1108 4318 pariet
1153 4249 1346 4316 ﬁlium,
1375 4254 1423 4302 et
1443 4249 1723 4302 vocabitur
1780 4265 1967 4304 nomen

268 4338 385 4404 ejus
439 4339 758 4392 Emmanuel
817 4339 946 4402 (Isa.
1007 4353 1104 4403 vu,
1167 4338 1268 4403 14),
1322 4356 1348 4388 ››
1399 4337 1454 4390 id
1515 4341 1599 4390 est
1667 4337 1963 4391 nobiscum

269 4425 449 4481 Deus.
470 4425 630 4489 Quod
659 4427 727 4479 de
753 4425 901 4480 tribu
937 4425 1081 4479 Juda
1108 4430 1258 4479 esset
1289 4426 1610 4478 nasciturus
1638 4430 1694 4479 et
1760 4426 1964 4496 spiritu

270 4513 716 4584 Deireplendus,
747 4514 898 4568 idem
929 4514 1052 4584 ipse
1093 4515 1169 4567 ait
1223 4529 1236 4568 :
1266 4516 1429 4568 Exiet
1456 4515 1616 4582 virga
1668 4513 1735 4568 de
1779 4515 1965 4570 radice

266 4606 410 4657 Jesse
475 4607 526 4657 et
552 4606 648 4670 flos
681 4604 746 4656 de
771 4603 958 4657 radice
994 4604 1112 4672 eius
1151 4603 1419 4667 ascendet,
1466 4607 1517 4656 et
1546 4607 1838 4670 requiescet
1870 4619 1962 4657 su-

261 4706 362 4759 per
391 4706 504 4744 eam
528 4693 758 4758 spiritus
807 4693 1044 4757 Domini,
1097 4693 1328 4760 spiritus
1371 4695 1652 4760 sapientia
1698 4697 1748 4746 et
1803 4692 1962 4744 intel-

265 4779 428 4833 lectus
458 4781 688 4847 spiritus
713 4780 926 4832 consilii
953 4784 1003 4832 et
1021 4779 1398 4845 fortitudinis,
1448 4781 1681 4848 spiritus
1727 4781 1966 4833 scientiae

265 4870 314 4918 et
348 4867 594 4934 pietatis,
625 4871 675 4919 et
729 4866 956 4934 replebit
1012 4863 1084 4902 ²⁵⁷
1137 4883 1254 4922 eam
1301 4869 1531 4936 spiritus
1593 4869 1802 4922 timoris
1859 4871 1961 4922 Do-

262 4956 402 5008 mini
427 4955 567 5023 (Isa.
599 4970 677 5016 x1,
712 4957 762 5013 t.
809 4957 884 5020 2).
941 4953 1107 5017 Quod
1165 4955 1316 5009 inter
1341 4955 1600 5010 homines
1639 4956 1966 5009 conversari

265 5042 520 5107 deberet,
581 5042 841 5111 praedixit
896 5041 1269 5098 Jheremias:
1331 5046 1428 5097 Hic
1488 5045 1633 5097 Deus
1681 5049 1863 5098 noster
1917 5050 1966 5099 et

261 5147 368 5186 non
399 5131 757 5185 :estimabi/ur
798 5131 941 5184 alius
981 5134 1182 5198 praeter
1234 5146 1395 5197 eum;
1449 5136 1506 5184 et
1553 5136 1685 5200 post
1736 5147 1963 5202 pauca:

261 5219 386 5272 Post
412 5217 525 5273 haec
554 5219 613 5271 in
643 5220 800 5271 terris
831 5221 977 5272 visus
1011 5222 1109 5278 est,
1146 5223 1196 5273 et
1229 5233 1348 5272 cum
1396 5218 1701 5273 hominibus
1741 5235 1965 5273 conver—

261 5311 412 5361 satus
441 5312 518 5360 est
551 5307 806 5377 (Baruch.
842 5322 922 5374 ιιι,
951 5308 1038 5372 36,
1070 5305 1178 5375 38).
1235 5305 1396 5367 Quod
1453 5322 1558 5375 pro
1625 5307 1792 5360 nobis
1848 5307 1966 5377 pati

261 5393 514 5462 deberet,
538 5395 676 5450 item
726 5394 898 5449 Isaias
933 5410 946 5449 :
985 5395 1313 5450 Vulneratus
1359 5399 1434 5448 est
1463 5399 1685 5463 propter
1757 5397 1964 5464 iniqui-

2071 3191 2452 3246 dissentieut?
2475 3194 2596 3245 Non
2626 3193 2796 3262 plane
2825 3191 3061 3262 quidem
3092 3190 3579 3260 intellegentibus.
3637 3191 3780 3243 Item

2075 3297 2292 3351 quaero,
2329 3281 2378 3334 si
2409 3282 2601 3335 videre
2634 3282 2808 3336 homo
2841 3281 3019 3334 Deum
3068 3280 3247 3350 possit
3305 3284 3363 3333 et
3416 3279 3627 3346 vivere,
3671 3294 3782 3331 an-

2075 3371 2233 3426 non?
2286 3371 2345 3425 Si
2371 3371 2562 3424 videre
2615 3374 2806 3440 potest
2844 3373 2900 3422 et
2927 3369 3137 3434 vivere,
3196 3366 3487 3437 quomodo
3526 3367 3638 3420 erit
3698 3381 3785 3418 ve-

2075 3476 2203 3514 rum
2237 3460 2385 3530 quod
2430 3461 2578 3513 Deus
2627 3457 2815 3512 dixit:
2852 3458 2983 3512 Non
3030 3459 3172 3509 enim
3220 3455 3426 3509 videbit
3474 3470 3557 3508 me
3627 3455 3782 3508 homo

2073 3554 2122 3603 et
2145 3552 2323 3602 vivere
2349 3553 2542 3618 potest.
2576 3547 2632 3602 Si
2661 3563 2793 3600 vero
2853 3561 2966 3599 non
3019 3549 3228 3615 potest,
3290 3548 3354 3597 ut
3409 3544 3519 3597 hoc
3579 3559 3778 3596 verum

2074 3653 2197 3690 esse
2224 3635 2418 3708 possit,
2451 3635 2739 3707 quomodo
2771 3634 2879 3688 erit
2911 3649 3110 3687 verum
3173 3632 3328 3703 quod
3376 3631 3548 3685 Jacob
3599 3631 3778 3686 dixit:

2079 3724 2214 3779 Vidi
2269 3726 2550 3778 Dominum
2627 3725 2773 3790 facie
2831 3722 2905 3774 ad
2967 3722 3188 3788 faciem,
3275 3725 3327 3774 et
3388 3720 3543 3773 salva
3627 3722 3781 3785 facta

2074 3819 2152 3868 est
2229 3815 2414 3867 anima
2480 3828 2598 3866 mea
2678 3813 2827 3876 (Gen.
2923 3825 3092 3874 xxxu,
3173 3811 3300 3874 30);
3375 3812 3432 3861 et
3516 3809 3775 3862 Esaias:

2081 3902 2213 3956 Vidi
2307 3903 2592 3956 Dominum
2669 3899 2910 3954 Sabaoth
2991 3899 3160 3952 oculis
3196 3899 3331 3951 meis
3387 3895 3516 3966 (Isa.
3573 3911 3649 3964 vi,
3704 3896 3776 3961 5).

2075 3989 2376 4053 Quomodo
2454 3987 2853 4059 praedicabunt
2922 3984 3210 4040 contraria
3291 3989 3348 4038 et
3421 3983 3630 4038 veritas
3723 3990 3781 4038 et

2073 4079 2372 4149 prophetas
2422 4077 2720 4130 veritatis?
2771 4076 2867 4130 Set
2918 4074 3196 4146 quoniam
3255 4073 3531 4128 stoliditas
3589 4077 3777 4127 vestra

2073 4166 2136 4220 in
2159 4171 2436 4220 vetustate
2469 4166 2670 4219 littera:
2702 4169 2911 4218 etnon
2961 4163 3020 4217 in
3069 4162 3317 4218 novitaie
3371 4162 3608 4232 spiritus
3655 4178 3776 4216 am-

2074 4255 2330 4320 bulabat,
2363 4270 2532 4309 exeo
2584 4253 2719 4307 caeci
2780 4252 3070 4307 incurritis
3129 4251 3557 4315 offendiculum,
3627 4251 3776 4304 unde

2076 4343 2310 4396 luminis
2369 4342 2608 4414 possetis
2634 4341 2846 4396 habere
2896 4341 3182 4396 ducatum.
3214 4343 3289 4395 Ac
3343 4356 3447 4410 per
3495 4339 3602 4393 hoc
3648 4355 3773 4402 nos,

2075 4431 2174 4501 qui
2212 4431 2413 4484 aeterni
2473 4431 2710 4484 luminis
2765 4429 3122 4498 suscepimus
3167 4427 3485 4492 veritatem,
3533 4427 3774 4481 Iudaicae

2075 4519 2348 4572 caecitatis
2383 4519 2773 4572 discindamus
2799 4533 3078 4582 errorem,
3113 4520 3176 4569 ut
3224 4521 3279 4569 et
3313 4514 3577 4568 ﬁdelibus
3608 4529 3771 4567 men-

2075 4606 2228 4660 tibus
2251 4607 2562 4678 propositat
2592 4605 2926 4677 qumstionis
2971 4608 3162 4675 pateat
3187 4603 3410 4667 veritas,
3445 4605 3502 4655 et
3560 4601 3644 4654 illi
3671 4618 3769 4655 au-

2074 4694 2237 4748 diens
2282 4711 2402 4748 non
2450 4693 2812 4764 intellegant,
2874 4697 2927 4745 et
2984 4691 3240 4745 videntes
3297 4688 3369 4726 ’⁵9
3423 4689 3556 4743 (ιωεί
3612 4689 3768 4746 ﬁant.

2075 4784 2228 4837 Dixit
2261 4783 2410 4837 Deus
2439 4783 2508 4836 ad
2537 4784 2767 4853 Moysen
2800 4797 2812 4835 :
2848 4783 2968 4836 Non
3005 4782 3148 4834 enim
3177 4779 3379 4833 vitiabit
3437 4793 3520 4831 me
3551 4779 3698 4831 homo
3726 4783 3774 4833 et

2071 4874 2250 4926 vivere
2298 4876 2494 4940 potest,
2559 4871 2712 4941 quod
2778 4869 2858 4923 ita
2906 4868 3161 4938 intellegi
3192 4872 3377 4937 potest
3428 4882 3441 4919 :
3493 4866 3772 4930 Quamdiu

2073 4959 2250 5012 homo
2285 4959 2344 5012 in
2387 4959 2499 5012 isto
2531 4957 2758 5012 mortali
2809 4973 3065 5027 corpore,
3114 4955 3266 5027 quod
3309 4954 3694 5024 corrumpitur
3718 4960 3774 5010 et

2076 5051 2346 5118 aggravet
2375 5047 2650 5113 animam,
2684 5046 2839 5112 vivit,
2875 5047 3054 5100 Deum
3095 5044 3286 5098 videre
3309 5059 3423 5104 non
3453 5048 3638 5112 potest
3664 5042 3771 5096 sic-

2078 5136 2162 5188 uti
2202 5140 2286 5188 est
2330 5134 2390 5188 in
2445 5141 2650 5188 natura
2703 5133 3038 5200 divinitatis,
3099 5149 3204 5186 nec
3261 5130 3549 5201 corporeis
3599 5131 3771 5185 oculis

2076 5239 2181 5277 nec
2200 5222 2323 5293 ipsa
2363 5221 2538 5275 etiam
2570 5227 2782 5288 mente,
2836 5220 3096 5291 quamvis
3136 5219 3353 5272 munda
3405 5221 3460 5271 et
3509 5217 3576 5270 ab
3619 5219 3769 5272 omni

2076 5325 2226 5380 pene
2259 5309 2525 5364 vitiorum
2555 5309 2684 5363 labe
2716 5315 2980 5379 purgata.
3014 5308 3149 5371 Quae
3181 5306 3287 5360 etsi
3321 5306 3380 5359 in
3427 5305 3616 5359 divina
3650 5305 3766 5372 jam

2079 5399 2153 5451 sit
2184 5398 2692 5468 contemplatione,
2725 5397 2916 5450 minus
2938 5401 3132 5450 tamen
3159 5395 3330 5450 habet
3361 5393 3433 5449 ad
3466 5409 3764 5463 summam,

1685 5473 1916 5548 νΑιιιΑε
1951 5473 2351 5529 LECTIONES.

334 5559 491 5614 ’“n.
546 5562 606 5615 D.
667 5562 748 5617 bis
799 5565 1009 5632 scripta
1086 5578 1132 5616 c.
1210 5559 1282 5595 '5‘
1336 5560 1474 5632 quid
1494 5575 1540 5614 c.
1617 5559 1689 5597 “6
1739 5554 1857 5631 xpo—
1915 5577 1959 5616 c.
2038 5561 2107 5598 πδτ
2143 5563 2384 5634 replevit
2416 5579 2462 5619 c.
2543 5561 2617 5598 ³⁵⁸
2663 5578 2834 5618 manu
2870 5565 2922 5616 2.
3003 5561 3074 5598 ³⁸9
3112 5561 3439 5616 videntibus
3503 5575 3641 5615 corr.
3688 5562 3764 5615 vi-

265 5629 460 5683 dentes
481 5646 527 5684 c.
