3968 6416
98 370 204 424 489

925 372 1014 429 DE
1055 372 1522 431 DIVERSITATE
1562 372 1954 433 TEMPORUM
1996 375 2187 433 LIBRI
2228 375 2387 432 DUO.
2442 405 2496 414 —
2538 374 2672 431 LIB.
2715 375 2786 432 ll.

3516 380 3621 435 490

99 496 258 567 quod
289 496 545 567 aliquam
584 497 871 551 maculam
899 498 1188 553 contrahit
1234 516 1301 553 ex
1351 500 1724 569 mortalitate,
1755 506 1812 554 et
1835 503 1882 554 Α
1918 499 2055 553 bilia
2082 499 2356 553 animalia
2395 501 2833 571 respondemus.
2883 499 3048 563 Quod
3099 516 3232 554 vero
3285 507 3622 572 prosecutus

99 586 231 639 ideo
263 586 437 640 homo
465 586 649 639 Deum
680 602 794 639 non
821 591 1009 656 potest
1048 587 1239 641 videre
1270 593 1328 642 et
1358 589 1568 657 vivere,
1602 606 1807 660 quous-

1919 604 1999 656 es,
2032 588 2243 642 dixisse
2277 589 2449 643 David
2486 605 2501 642 :
2533 590 2711 643 Nolite
2746 588 3010 657 conﬁdere
3048 592 3107 644 in
3146 592 3518 660 principibus,
3564 595 3622 646 in

102 690 215 745 que
248 674 564 729 secundum
587 674 886 729 hominem
908 674 1066 743 vivit,
1089 680 1146 729 et
1174 676 1491 731 secundum
1522 679 1702 732 Deum
1734 678 1810 713 ²⁶⁶⁰
1916 678 2049 745 ﬁliis
2097 679 2373 731 hominum
2416 680 2475 730 in
2522 678 2717 745 quibus
2763 692 2872 731 non
2914 682 2992 731 est
3039 680 3210 741 salus,
3267 695 3331 733 ac
3379 696 3482 751 per
3512 680 3622 734 hoc

101 763 370 829 minime,
403 768 459 817 et
491 763 598 816 sibi
631 779 745 817 non
778 763 1046 829 moritur,
1076 768 1140 817 ut
1177 765 1332 818 vivat
1366 765 1497 819 Deo.
1534 766 1632 820 Set
1662 782 1807 837 quo-

102 851 276 905 modo
308 851 367 905 in
399 851 635 921 regione
667 851 889 917 mortis,
922 857 988 904 ut
1010 851 1091 905 ita
1121 851 1330 918 dicam,
1365 853 1687 909 mortaliter
1724 855 1809 908 vi-

102 956 265 1005 vens,
294 941 496 1007 Deum,
530 938 632 1011 qui
672 954 805 993 vera
843 939 969 993 Vita
1006 944 1111 1007 est,
1162 946 1220 994 et
1247 941 1421 995 homo
1448 942 1667 997 videret
1714 946 1813 997 aut

104 1032 410 1098 quaereret,
465 1027 577 1081 nisi
627 1026 1073 1082 misericorditer
1103 1027 1374 1083 inclinata
1394 1030 1511 1083 vita
1543 1030 1615 1084 ad
1656 1046 1810 1084 mor-

102 1124 235 1171 tuos
280 1116 706 1172 descendisset?
752 1118 958 1171 Mortui
999 1118 1155 1173 enim
1212 1134 1457 1185 eramus,
1512 1135 1577 1173 ex
1617 1136 1733 1191 quo
1778 1137 1811 1174 a

105 1205 252 1259 facie
284 1204 385 1258 Dei
410 1221 475 1257 ex
505 1204 603 1258 illa
631 1205 818 1274 prima
865 1206 1335 1274 praevaricatione
1378 1207 1441 1261 in
1472 1207 1653 1262 Adam
1684 1225 1810 1263 om-

106 1309 211 1347 nes
273 1293 604 1347 cecidimus.
659 1293 1039 1364 Quapropter,
1089 1294 1361 1349 miserata
1411 1296 1813 1351 mortalitatem

104 1386 366 1435 nostram
397 1382 464 1417 ²⁸¹
514 1380 795 1435 diabolica
824 1380 1021 1436 fraude
1070 1381 1392 1453 deceptam,
1424 1382 1497 1437 ad
1540 1400 1642 1438 nos
1692 1384 1815 1437 Vita

106 1468 297 1522 velata
335 1484 504 1522 carne
540 1468 852 1536 descendit,
887 1469 1024 1540 quia
1076 1486 1191 1524 non
1234 1471 1401 1525 aliter
1447 1471 1814 1525 inaccessibi-

109 1558 227 1610 lem
266 1556 453 1610 lucem
509 1557 812 1611 inﬁrmitas
863 1558 1050 1611 carnis
1088 1560 1237 1613 ferre
1290 1561 1525 1628 valeret,
1574 1560 1685 1614 nisi
1715 1578 1812 1614 ea-

106 1646 243 1699 dem
290 1646 412 1698 Vita
444 1661 614 1699 carne
645 1662 704 1699 se
746 1647 982 1713 velaret,
1024 1662 1128 1716 per
1173 1648 1594 1718 oppositionem
1626 1650 1813 1702 carnis

1919 766 2145 818 nullum
2168 765 2352 818 ﬁlium
2383 764 2634 818 hominis
2664 764 3119 834 praetermisisse,
3146 771 3211 819 ut
3240 783 3304 820 ex
3326 768 3623 839 propheta:

1918 853 2252 907 testimonio
2289 853 2565 922 injuriam
2603 854 2751 906 clam
2782 852 3022 908 videaris
3068 853 3254 908 facere
3303 855 3529 910 Christo
3556 887 3625 897 —-

1920 945 2005 995 set
2035 947 2230 1011 aperte
2264 957 2458 995 servos
2489 941 2611 1010 ejus
2645 942 3029 1010 blasphemas,
3083 943 3247 1013 quasi
3298 960 3416 998 non
3465 944 3625 1015 inju-

1921 1030 2005 1083 ria
2037 1030 2183 1083 servi
2233 1030 2304 1084 ad
2353 1034 2750 1099 contemptum
2798 1029 3068 1101 respiciat
3111 1032 3339 1086 Domini
3388 1062 3458 1075 —
3485 1075 3501 1100 ,
3538 1050 3625 1087 re-

1922 1118 2274 1188 spondemus
2320 1119 2391 1173 ad
2441 1118 2564 1173 haec
2612 1118 2863 1172 dicentes
2920 1134 3051 1172 cum
3098 1121 3417 1190 propheta:
3471 1124 3625 1177 Muta

1920 1208 2056 1274 ﬁant
2087 1206 2236 1259 labia
2266 1205 2472 1269 dolosa,
2509 1220 2629 1273 qua:
2674 1206 2924 1259 locuntur
2960 1206 3228 1261 adversus
3262 1208 3475 1275 justam
3516 1212 3624 1263 ini-

1922 1296 2187 1362 quitatem
2234 1296 2293 1347 in
2340 1295 2597 1363 superbia
2637 1299 2686 1348 et
2733 1297 2793 1347 in
2841 1294 3098 1348 abusione
3143 1297 3306 1361 (Psal.
3358 1311 3482 1363 xxx,
3538 1300 3626 1363 19,

1921 1383 2037 1451 20).
2073 1383 2137 1435 Et
2165 1398 2325 1452 spem
2357 1386 2609 1435 nostram
2640 1381 2699 1435 in
2730 1382 3024 1437 hominem
3069 1399 3187 1436 non
3219 1384 3509 1453 ponimus,
3544 1390 3629 1439 set

1923 1469 1985 1523 in
2017 1470 2196 1524 Deum
2230 1476 2286 1523 et
2316 1470 2375 1524 in
2409 1470 2703 1525 Christum
2746 1469 2889 1538 ejus,
2918 1487 3091 1540 quem
3127 1472 3303 1525 Deum
3346 1478 3404 1525 et
3433 1472 3628 1525 homi-

1924 1576 2057 1613 nem
2088 1560 2362 1614 veraciter
2390 1559 2679 1614 credimus
2709 1575 2958 1630 eumque
2993 1560 3170 1613 Deum
3203 1566 3258 1614 et
3289 1561 3387 1614 Dei
3421 1562 3627 1615 Filium

1926 1662 2047 1699 esse
2102 1646 2511 1717 prophetarum
2570 1652 2891 1700 vestrorum
2942 1644 3013 1682 ’5‘
3062 1647 3412 1701 testimoniis
3471 1664 3627 1701 com-

107 1738 457 1788 monstraret
489 1733 656 1788 nobis
686 1734 871 1788 lucem
904 1734 1158 1801 Deitatis,
1202 1736 1355 1806 quod
1387 1736 1550 1806 quasi
1576 1737 1697 1807 jam
1740 1738 1816 1790 fa-
1844 1767 1887 1820 Β
1928 1733 2299 1804 probavimus
2355 1732 2446 1787 εθτ.
2510 1736 2744 1788 Petrum
2796 1751 2931 1789 vero
2976 1740 3032 1789 et
3085 1736 3403 1789 Johannem
3455 1745 3627 1807 atque

106 1826 267 1875 ctum
302 1821 488 1875 Esaias
514 1820 587 1857 ²⁶²
609 1829 740 1876 ante
763 1822 1028 1892 praedixit
1052 1839 1064 1878 :
1099 1824 1485 1877 Habituntibus
1519 1826 1577 1877 in
1602 1826 1816 1891 regione

105 1910 317 1964 umbrae
336 1913 545 1976 mortis,
574 1910 672 1963 tua:
688 1917 807 1964 orta
830 1917 907 1965 est
928 1913 1004 1965 eis
1030 1913 1164 1977 (lsa.
1195 1928 1269 1977 1x,
1298 1912 1370 1981 2).
1400 1913 1553 1965 Hanc
1574 1928 1711 1982 ergo
1736 1913 1817 1965 lu-

107 2014 237 2051 cem
274 2003 515 2068 uterque
546 1998 716 2052 Jacob
745 2004 801 2052 et
836 2000 1021 2053 Esaias
1047 2016 1164 2053 non
1188 2000 1583 2070 corporalibus
1614 2000 1812 2068 oculis,

110 2093 199 2141 set
228 2086 625 2156 spiritualibus
654 2088 813 2141 vidit.
849 2091 1030 2157 Atque
1069 2103 1133 2141 ex
1164 2088 1270 2141 hac
1287 2088 1502 2142 visione
1532 2088 1591 2142 in
1622 2106 1815 2143 vocem

108 2175 484 2229 exultationis
517 2176 659 2229 alter
688 2177 759 2211 "3
799 2192 1003 2229 eorum
1026 2177 1372 2246 prorumpit,
1408 2176 1602 2230 dicens
1635 2194 1647 2231 :
1688 2178 1819 2233 Vidi

105 2266 399 2317 Dominum
450 2265 595 2329 facie
647 2263 723 2317 ad
749 2266 947 2330 faciem
987 2269 1037 2317 et
1087 2265 1244 2318 salva
1295 2267 1450 2330 facta
1497 2270 1575 2319 est
1630 2268 1818 2319 anima

104 2368 249 2405 mea.
306 2352 671 2406 Iutellexerat
724 2352 879 2405 enim
930 2354 1109 2406 Deum
1161 2352 1369 2406 dixisse
1418 2354 1489 2407 ad
1538 2354 1813 2424 Moysen:

105 2442 229 2495 Non
268 2442 411 2493 enim
438 2439 646 2493 videbit
672 2456 755 2494 me
802 2442 955 2495 homo
1000 2446 1051 2494 et
1080 2442 1261 2494 vivere
1301 2446 1476 2510 potest
1506 2462 1521 2509 ;
1553 2442 1717 2513 quasi
1747 2442 1816 2497 de

106 2529 294 2581 salute
338 2527 547 2581 anima:
598 2544 716 2582 suae
766 2528 1140 2598 desperasset,
1175 2528 1224 2581 si
1270 2545 1389 2583 non
1436 2546 1539 2600 per
1567 2531 1816 2600 prophe-

106 2616 206 2670 tia:
238 2615 574 2685 mysterium
616 2614 687 2651 ²⁶⁶
720 2617 923 2682 Deum,
978 2616 1081 2688 qui
1110 2617 1182 2671 ab
1227 2616 1460 2671 homine
1491 2618 1672 2672 videri
1703 2634 1815 2672 non

107 2708 357 2775 poterat,
428 2720 528 2775 per
601 2705 1055 2775 assumptionem
1141 2706 1329 2759 carnis
1396 2705 1576 2760 videri
1652 2722 1818 2777 posse

105 2799 505 2863 cognosceret.
546 2794 703 2849 Unde
732 2794 867 2865 quia
911 2793 1073 2859 vidit,
1106 2795 1422 2849 clamavit:
1466 2796 1600 2851 Vidi
1643 2799 1819 2850 Domi-

104 2898 242 2937 num
270 2884 413 2949 facie
461 2882 536 2935 ad
576 2884 798 2949 faciem,
830 2888 881 2936 et
919 2883 1077 2937 salva
1120 2885 1277 2949 facta
1320 2886 1402 2937 est
1446 2886 1631 2938 anima
1678 2900 1815 2951 mea,

106 2978 164 3025 et
196 2970 335 3025 inde
370 2986 530 3040 spem
563 2970 763 3025 salutis
803 2970 1149 3041 assumpsit;
1193 2972 1343 3026 unde
1372 2988 1479 3043 per
1508 2979 1817 3044 assumpta:

1926 1822 2231 1877 Martinam
2263 1838 2381 1876 non
2406 1822 2704 1887 demones,
2736 1827 2822 1876 set
2849 1823 3178 1893 expulsores
3208 1823 3521 1878 demonum
3556 1824 3626 1877 ﬁ-

1924 1910 2128 1964 deliter
2155 1910 2517 1972 confitemur.
2563 1916 2621 1963 et
2652 1911 2758 1964 hoc
2786 1927 2985 1963 verum
3028 1927 3149 1964 esse
3202 1912 3371 1964 certis
3401 1911 3627 1964 indiciis

1927 2014 2111 2063 usque
2150 1998 2321 2053 hodie
2351 1998 2660 2065 cernimus,
2694 2015 2809 2052 non
2840 1998 2899 2052 in
2931 2000 3011 2052 eis
3044 2015 3200 2069 spem
3236 2005 3489 2053 nostram
3520 2016 3631 2069 po-

1927 2091 2149 2153 nentes,
2184 2092 2269 2140 set
2303 2103 2464 2157 spem
2495 2092 2750 2140 nostram
2780 2087 2929 2157 apud
2990 2088 3171 2141 Deum
3211 2102 3412 2141 eorum
3446 2087 3631 2141 inter-

1926 2174 2279 2228 cessionibus
2332 2174 2823 2228 commendantes.
2880 2174 3043 2238 Quod
3100 2190 3234 2228 vero
3298 2175 3439 2229 dixit
3487 2191 3499 2228 :
3557 2177 3632 2229 In

1925 2264 2172 2318 omnibus
2208 2264 2336 2317 locis
2395 2264 2596 2334 legitur
2643 2266 2779 2317 Deus
2835 2264 3004 2317 Israel
3056 2267 3106 2316 et
3152 2278 3258 2317 non
3315 2266 3454 2317 Deus
3502 2278 3631 2329 gen-

1928 2354 2083 2411 tium.
2116 2352 2323 2405 refellit
2354 2356 2409 2405 te
2444 2353 2589 2405 Deus
2618 2366 2723 2421 per
2772 2351 2969 2413 David.
3017 2351 3211 2405 dicens
3258 2351 3327 2405 ad
3383 2352 3585 2405 Filium
3614 2368 3627 2405 :

1925 2440 2147 2495 Postula
2178 2456 2211 2493 a
2236 2455 2337 2503 me,
2369 2445 2419 2493 et
2448 2439 2588 2493 dabo
2618 2440 2721 2493 tibi
2757 2445 2935 2506 gentes
2986 2439 3356 2493 hereditatem
3398 2446 3547 2493 tuam
3584 2446 3634 2493 et

1922 2530 2310 2597 possessionem
2380 2532 2529 2582 tuam
2600 2530 2855 2581 terminos
2931 2532 3087 2581 terra
3143 2527 3312 2597 (Psal.
3387 2544 3449 2593 ιι,
3519 2528 3631 2597 8);

1926 2616 2197 2687 idemque
2246 2616 2317 2669 ad
2357 2616 2696 2670 Abraham:
2750 2617 2821 2669 In
2864 2618 3066 2670 semine
3114 2620 3205 2669 tuo
3258 2614 3635 2669 benedicentur

1927 2718 2107 2757 omnes
2160 2703 2340 2759 tribus
2402 2707 2558 2757 terra
2608 2702 2760 2772 (Gen.
2816 2718 2927 2768 xxx,
2990 2704 3108 2770 t8).
3173 2702 3229 2756 Si
3271 2718 3404 2755 vero
3435 2708 3635 2771 gentes

1928 2790 2223 2845 hereditas
2271 2790 2369 2844 Dei
2431 2794 2582 2857 sunt,
2640 2790 2851 2856 nescio,
2908 2790 3157 2860 qualiter
3205 2805 3323 2843 non
3370 2790 3444 2843 sit
3485 2790 3634 2843 Deus

1928 2896 2150 2946 earum,
2182 2879 2347 2949 cujus
2388 2878 2679 2933 hereditas
2712 2883 2865 2932 sunt.
2909 2880 2973 2933 In
3024 2878 3132 2931 hoc
3176 2894 3447 2949 namque,
3481 2878 3633 2949 quod

1929 2968 2035 3022 sub
2098 2966 2469 3038 requisitione
2519 2966 2701 3021 nostri
2757 2982 2957 3020 sensus
3000 2965 3265 3031 inuectis,
3314 2981 3634 3020 memorem

102 3058 479 3114 mortalitatis
510 3059 783 3129 speciem,
819 3040 1083 3125 salutem,
1126 3040 1619 3129 exspectationem
1650 3040 1817 3116 m'un-
1851 3040 1891 3095 C
1930 3056 2057 3111 ﬁeri
2089 3056 2398 3111 Dominum
2429 3055 2757 3110 testamenti
2788 3054 2897 3121 sui,
2932 3053 3111 3121 verbi,
3155 3054 3308 3125 quod
3341 3054 3636 3109 mandavit

108 3148 190 3215 di,
250 3163 354 3218 per
400 3147 587 3201 carnis
630 3164 748 3201 suae
808 3147 1208 3217 probationem
1252 3154 1551 3203 venturam
1603 3150 1820 3204 mundo

107 3235 408 3306 cognovit.
445 3236 599 3299 Quod
626 3236 799 3290 etiam
822 3236 880 3290 in
913 3237 1312 3292 benedictione
1338 3238 1590 3292 ﬁliorum
1612 3240 1819 3309 praedi-

106 3323 299 3378 cendo
345 3324 642 3394 expressit,
687 3324 881 3379 dicens
917 3342 930 3380 :
982 3326 1101 3380 Non
1130 3328 1412 3391 auferetur
1440 3333 1709 3396 sceptrum
1755 3328 1821 3381 de

104 3408 275 3462 Juda
313 3413 365 3463 et
410 3408 526 3462 dux
555 3409 622 3462 de
657 3409 953 3475 femoribus
990 3410 1123 3477 ejus.
1156 3410 1319 3464 donec
1344 3412 1526 3464 veniat
1565 3413 1664 3479 qui
1690 3413 1817 3466 mit-

105 3497 307 3552 tendus
328 3502 428 3563 est,
471 3502 519 3550 et
552 3499 666 3566 ipse
702 3500 804 3551 erit
832 3496 1163 3566 exspectatio
1217 3501 1456 3564 gentium
1491 3499 1641 3564 (Gen.
1675 3515 1818 3567 χιιι,

110 3587 230 3656 10.)
275 3587 353 3639 De
388 3602 502 3655 quo
536 3586 711 3639 etiam
768 3586 955 3640 Esaias
992 3586 1073 3638 ait
1108 3602 1121 3639 :
1169 3586 1344 3654 Super
1391 3601 1546 3654 quem
1585 3589 1818 3641 contine-

105 3675 248 3727 bunt
276 3688 426 3739 reges
455 3688 512 3727 os
541 3688 699 3727 suum
728 3674 855 3743 (Isa.
882 3688 975 3738 ιιι,
999 3672 1086 3743 15)
1122 3688 1136 3739 ;
1160 3674 1339 3742 ipsum
1358 3678 1537 3739 gentes
1566 3674 1822 3743 depreca-

104 3762 445 3829 buntur(1d.
461 3778 539 3831 xi,
560 3764 660 3829 10).
684 3762 845 3815 Nunc
861 3761 1000 3833 quid
1017 3759 1087 3797 ³⁸⁸
1108 3761 1473 3825 contradicis,
1490 3762 1665 3816 Judee
1687 3780 1700 3829 ;
1717 3780 1819 3817 cur

103 3868 277 3905 vocas
308 3866 415 3905 nos
443 3850 719 3904 animalia
745 3851 774 3904 ?
806 3851 939 3904 Ecce
969 3866 1076 3904 nos
1114 3850 1388 3905 animalia
1425 3850 1568 3919 ejus,
1602 3850 1671 3904 de
1703 3868 1818 3922 quo

106 3939 257 3993 dixit
314 3938 540 3991 Abacuc
574 3954 586 3992 :
626 3939 691 3991 1n
744 3938 920 3992 medio
966 3938 1135 3992 duum
1182 3937 1507 3992 animalium
1539 3952 1818 4005 cognosce—

105 4030 210 4084 ris.
245 4028 396 4093 Non,
431 4030 491 4080 ut
516 4030 579 4081 tu
617 4026 993 4097 improperas,
1027 4026 1323 4094 hiscimus,
1363 4030 1448 4081 set
1477 4030 1538 4081 ut
1580 4026 1822 4081 rationa-

1929 3146 1991 3199 in
2021 3145 2179 3199 mille
2216 3143 2637 3214 generationes,
2688 3143 2843 3215 quod
2875 3143 3160 3214 disposuit
3201 3142 3271 3197 ad
3319 3142 3633 3207 Abraham,

1928 3232 2316 3305 propinquius
2364 3238 2466 3287 tuo
2518 3238 2714 3287 noster
2764 3248 2964 3286 sensus
3023 3231 3252 3285 veritati
3304 3231 3630 3286 concordat.

1930 3323 2230 3387 Quomodo
2280 3320 2373 3377 hic
2413 3320 2742 3392 intellegis:
2792 3323 2853 3374 in
2898 3322 3046 3376 mille
3090 3322 3462 3386 generationes
3496 3322 3525 3373 7
3577 3319 3635 3374 Si

1930 3410 2171 3481 replices
2220 3410 2620 3480 generationes
2663 3409 2733 3464 ab
2766 3408 2999 3463 exordio
3044 3408 3267 3475 mundi,
3324 3424 3440 3461 non
3477 3408 3635 3462 inve-

1931 3498 2053 3552 nies
2080 3498 2258 3551 mille.
2295 3497 2390 3552 Set
2440 3497 2574 3568 quia
2621 3496 2681 3550 in
2731 3496 3042 3567 Scripturis
3093 3495 3268 3551 sacris
3322 3512 3474 3567 scrape
3506 3496 3635 3550 ﬁni-

1928 3590 2051 3640 tum
2081 3604 2183 3657 pro
2214 3585 2442 3640 inﬁnito
2473 3585 2731 3656 ponitur,
2786 3586 2945 3639 mille
2992 3583 3393 3654 generationes
3435 3600 3637 3638 omnes

1928 3674 2325 3747 generationes
2363 3672 2709 3745 accipienda:
2760 3677 2913 3739 sunt,
2962 3679 3028 3727 ut
3079 3679 3497 3743 consequenter
3542 3689 3636 3727 ve-

1928 3779 2059 3817 rum
2089 3763 2162 3816 sit
2181 3762 2579 3832 juramentum
2610 3761 2679 3815 ad
2726 3760 3014 3815 Abraham
3056 3759 3424 3831 dispositum,
3480 3761 3635 3831 quod

1929 3855 1988 3904 in
2033 3854 2233 3906 semine
2282 3856 2371 3905 tuo
2419 3851 2800 3906 benedicentur
2841 3864 3019 3904 omnes
3068 3854 3279 3917 gentes,
3327 3848 3383 3903 id
3445 3854 3530 3903 est
3577 3850 3636 3903 in

1930 3939 2152 3997 Christo
2162 3980 2174 3992 .

1543 4204 1779 4259 νΑΒΙᾸΞ
1817 4204 2214 4261 LECTIONES.

182 4380 263 4417 ’θ’
283 4399 391 4436 v0.1:
430 4382 498 4456 ab
538 4383 713 4436 Eckh.
742 4386 966 4438 inserta.
1046 4383 1116 4416 ²⁶¹
1152 4375 1275 4437 nia.
1308 4400 1334 4436 c
1409 4381 1483 4418 ’δ’
1510 4382 1728 4437 easaias
1757 4398 1782 4437 c
1857 4386 1927 4419 m
1956 4384 2120 4438 aliter
2154 4388 2197 4437 t.
2273 4382 2347 4419 ’θ’
2385 4383 2783 4439 testimonium
2814 4388 2861 4439 l.
2938 4382 3015 4419 ²⁶⁵
3055 4385 3132 4456 qd
3171 4402 3216 4441 c.
3296 4384 3371 4420 ’⁸⁸
3417 4392 3639 4441 vestra-

112 4470 245 4508 rum
280 4470 326 4507 c.
407 4455 474 4488 "7
503 4469 631 4506 cum
663 4456 830 4524 prob.
858 4472 901 4509 c.

477 5706 759 5780 ΡΑτιιοι.
815 5707 987 5781 CXL.

3253 5721 3336 5779 16
