3968 6396
392 373 500 428 -49ι
1385 367 1890 430 ,BURCBARDUS
1932 331 2461 425 woauicrsasrs
2499 363 2894 421 EPISCOPUS.

3828 363 3924 416 49'2

1871 670 2020 710 ANNO
2053 669 2241 709 DOMlNl
2275 670 2470 709 MXXVI.

1455 839 2860 985 BURCHARDUS

1241 1099 1970 1164 WORMATIENSIS
2031 1099 2496 1164 ECCLESIAE
2545 1099 3086 1165 EPISCOPUS.

1693 1423 2634 1549 PROCEMIA.

1002 1786 1494 1858 NOTITIA
1593 1784 2246 1856 HISTORICA
2340 1784 2476 1855 ET
2567 1783 3326 1856 LITTERARIA.

1669 1961 1922 2031 (Oudin.,
1954 1962 2155 2030 Script.
2187 1962 2367 2015 eccles.
2412 1961 2480 2027 ll,
2523 1961 2670 2029 525.)

487 2250 843 2306 Burchardus
891 2248 1320 2302 Wormatiensis
1350 2247 1672 2319 episcOpus,
1706 2245 1936 2301 natione
1971 2249 2106 2301 Ger-
2136 2250 2182 2301 Α
2219 2246 2372 2316 pitus
2401 2249 2712 2316 receperat.
2752 2245 2835 2300 lbi
2863 2261 3092 2316 quoque
3120 2246 3366 2315 negotiis
3396 2248 3769 2302 saecularibus
3800 2254 3927 2320 post

415 2355 640 2406 manus,
687 2337 873 2408 patria
916 2337 1142 2401 Hassus,
1198 2341 1252 2390 et
1301 2335 1552 2407 primum
1601 2335 1758 2389 Lobii
1813 2335 1872 2388 in
1913 2335 2107 2404 Belgio

415 2428 754 2491 monachus,
797 2430 852 2479 et
895 2425 1127 2491 Olberti,
1181 2424 1471 2478 Lobiensis
1502 2424 1770 2478 monachi
1803 2429 1858 2477 et
1887 2424 2107 2477 abbatis

413 2523 614 2586 postea
643 2513 1060 2570 Gemhlaccnsis
1108 2513 1439 2584 discipulus,
1490 2525 1657 2578 anno,
1692 2516 1814 2579 996,
1876 2513 2106 2566 Olberto

414 2605 688 2674 magistro
739 2603 1007 2666 instante,
1053 2602 1352 2672 episcopus
1383 2601 1811 2655 Wormatiensis
1851 2601 2107 2654 Ecclesia

415 2695 627 2746 electus
657 2697 760 2756 est,
817 2691 877 2744 in
909 2707 1023 2760 qua
1075 2691 1286 2744 resedit
1339 2706 1517 2760 usque
1574 2690 1644 2743 ad
1693 2705 1912 2743 annum
1973 2692 2106 2743 l0'25

412 2781 501 2834 vel
532 2781 688 2848 1026,
729 2796 842 2849 quo
873 2783 1131 2832 mortuus
1162 2783 1264 2831 est.
1299 2778 1628 2848 Sigebertus
1659 2777 1718 2830 in
1749 2779 2012 2833 Chronico
2037 2779 2106 2831 ad

411 2884 627 2923 annum
662 2869 796 2922 1008
828 2867 1017 2930 refert,
1051 2867 1409 2920 collaborante
1445 2868 1708 2933 magistro
1746 2880 1841 2919 suo
1896 2866 2108 2920 Olberto

411 2958 626 3021 abbate,
663 2959 781 3010 viro
824 2955 1184 3023 undequaque
1229 2955 1562 3018 doctissimo,
1611 2969 1887 3023 magnum
1918 2954 2108 3007 Cano-

410 3062 550 3100 num
597 3045 866 3098 volumen
915 3044 1189 3097 edidisse:
1243 3047 1299 3096 et
1350 3043 1411 3096 in
1440 3042 1588 3096 libro
1644 3045 1717 3117 De
1753 3042 2107 3110 scriptoribus

409 3134 804 3198 ecclesiasticis,
826 3147 948 3201 cap.
975 3132 1098 3197 141,
1117 3132 1239 3184 hac
1263 3131 1332 3184 de
1355 3145 1422 3183 eo
1441 3131 1643 3183 refert:
1675 3152 1693 3176 ι
1727 3129 2104 3197 Burchardus,

410 3221 713 3291 episcopus
745 3219 905 3272 urbis
944 3218 1328 3287 Wangionum
1359 3233 1488 3286 qua
1537 3216 1748 3270 dicitur
1776 3216 2106 3283 Wormatia,

410 3324 668 3376 magnum
686 3308 959 3363 Canonum
983 3308 1248 3370 volumen,
1273 3305 1426 3376 quod
1449 3321 1479 3358 a
1502 3303 1736 3358 nomine
1767 3305 1945 3375 ipsius
1976 3308 2110 3360 Bur-

411 3397 649 3451 chardus
682 3395 1106 3460 denominatur,
1141 3395 1324 3446 multo
1354 3393 1543 3447 studio
1582 3393 1922 3463 composuit,
1955 3393 2108 3464 quod

412 3484 755 3540 testimoniis
807 3483 1069 3536 omnium
1121 3481 1584 3535 authenticorum
1633 3481 2008 3535 conciliorum
2055 3489 2110 3536 et

411 3573 650 3628 decretis
672 3573 1060 3625 Romanorum
1086 3570 1426 3640 pontificum
1447 3574 1503 3624 et
1526 3570 1820 3623 sententiis
1851 3572 2108 3624 omnium

410 3677 558 3732 pene
611 3660 1024 3714 catholicorum
1101 3660 1334 3713 Patrum
1411 3658 1794 3722 auctorizavit,
1857 3675 1924 3712 ex
1998 3675 2111 3730 quo

409 3749 595 3803 adhuc
645 3747 906 3800 omnium
937 3747 1309 3801 conciliorum
1344 3747 1568 3801 decreta
1600 3747 2044 3802 auctorizantur.
2083 3769 2103 3795 ι

409 3839 485 3892 Ea
511 3853 640 3908 qua
670 3836 739 3890 de
798 3835 1012 3889 auxilio
1061 3835 1278 3889 Olberti
1331 3836 1401 3889 ad
1452 3836 1924 3906 compilationem
1964 3836 2110 3890 hanc

407 3926 727 3980 faciendam
777 3923 837 3977 in
865 3925 1124 3979 Chronico
1173 3924 1500 3993 scripserat,
1538 3924 1841 3978 conﬁrmat
1870 3923 1926 3977 in
1959 3925 2106 3979 libro

406 4017 480 4068 De
532 4015 890 4080 scriptoribus
949 4013 1322 4064 ecclesiasticis
1370 4011 1430 4063 in
1486 4010 1737 4076 Olberto,
1797 4026 1918 4080 cap.
1986 4013 2103 4077 142,

407 4101 593 4155 verbis
623 4101 786 4153 istis:
833 4119 860 4149 ιι
895 4099 1249 4152 Burchardus
1296 4098 1601 4168 episcopus
1659 4099 2104 4166 Wormatiensis,

407 4190 530 4258 ejus
561 4188 776 4243 Olberti
810 4187 1141 4256 magisterio
1186 4187 1256 4239 ad
1287 4187 1396 4240 hoc
1435 4192 1759 4256 provectus,
1794 4191 1858 4240 ut
1897 4187 1977 4241 ita
2014 4204 2104 4242 ec-

406 4276 736 4330 clesiastica
787 4275 1018 4328 utilitati
1064 4275 1411 4340 intenderet,
1468 4278 1525 4328 et
1570 4275 1692 4343 ejus
1745 4275 1954 4342 studio,
2007 4292 2104 4329 ore

403 4370 462 4419 et
506 4381 678 4418 manu
719 4363 864 4416 illud
912 4378 1170 4430 magnum
1218 4364 1493 4417 Canonum
1517 4363 1763 4416 volumen
1817 4363 1887 4417 ad
1939 4379 2100 4417 com-

403 4469 640 4508 munem
672 4452 931 4506 omnium
978 4451 1285 4504 utilitatem
1321 4451 1533 4504 ederet.
1583 4472 1609 4498 ››
1647 4450 1750 4504 Ubi
1806 4455 1861 4505 et
1890 4451 2101 4520 quibus

402 4542 809 4596 auxiliantibus
864 4539 1224 4594 Burcliardus
1269 4540 1376 4592 hoc
1426 4539 1666 4609 perfecit
1721 4555 1886 4609 opus,
1937 4539 2102 4593 docet

400 4636 600 4684 auctor
655 4645 997 4699 anonymus,
1073 4628 1173 4698 qui
1251 4627 1426 4681 vitam
1503 4628 1628 4697 ejus
1687 4633 1818 4698 post
1875 4627 2096 4681 obitum

401 4717 646 4786 scripsit,
702 4732 835 4769 cum
884 4717 1120 4769 Decreto
1181 4713 1360 4784 ipsius
1416 4714 1628 4768 editam
1677 4731 1689 4767 :
1747 4735 1770 4762 ι
1837 4715 2098 4768 Forestus

2219 2339 2446 2404 tergum
2500 2334 2789 2404 projectis,
2843 2333 2976 2388 totis
3007 2334 3220 2388 viribus
3259 2335 3318 2388 in
3350 2336 3628 2406 obsequio
3666 2337 3771 2390 Dei
3805 2344 3925 2391 stu-

2217 2423 2662 2478 debat.‘Eodem
2715 2423 2932 2494 quippe
2979 2429 3262 2494 tempore,
3311 2424 3372 2478 in
3428 2425 3761 2480 collectorio
3813 2428 3924 2481 Ca-

2219 2526 2440 2564 nonum
2487 2511 2548 2564 in
2578 2512 2684 2565 hac
2724 2512 2867 2564 cella
2914 2527 3030 2565 non
3075 2513 3367 2566 modicum
3397 2514 3714 2568 laborabat.
3755 2516 3918 2580 Nam,

2219 2597 2454 2652 domino
2512 2599 2782 2652 Walterio
2850 2599 3102 2669 Spirensi
3157 2600 3421 2672 episcopo
3474 2603 3814 2673 adjuvante,
3868 2612 3918 2657 et

2221 2687 2583 2742 Brunichone
2647 2687 2958 2758 praposito
3016 2687 3353 2742 exhortante
3439 2694 3496 2744 et
3552 2697 3919 2761 suggerente,

2219 2779 2460 2832 Canones
2515 2777 2576 2831 in
2633 2793 2815 2830 unum
2870 2793 3076 2847 corpus
3133 2778 3382 2848 collegit.
3449 2780 3573 2833 Non
3630 2795 3736 2850 pro
3807 2782 3921 2835 ulla

2218 2865 2569 2935 arrogantia,
2613 2867 2734 2933 sed,
2780 2871 2846 2920 ut
2887 2865 3011 2935 ipse
3059 2866 3221 2931 dixit,
3273 2867 3408 2937 quia
3458 2883 3746 2922 canonum
3788 2870 3922 2939 jura

2218 2952 2737 3024 panitentiumque
2780 2953 2996 3023 judicia
3040 2953 3099 3006 in
3160 2954 3487 3025 episcopatu
3537 2972 3639 3009 suo
3679 2958 3920 3011 omnino

2217 3042 2448 3094 fuerant
2475 3041 2736 3110 neglecta
2781 3058 2846 3095 ac
2892 3042 3176 3096 destructa
3199 3042 3354 3109 {hoc
3411 3059 3544 3097 vero
3570 3060 3781 3114 corpus
3821 3061 3918 3098 seu

2219 3130 2624 3184 Collectorium
2677 3130 2940 3184 distinxit
2996 3136 3052 3184 et
3101 3131 3164 3184 in
3223 3131 3427 3197 viginti
3487 3133 3663 3186 libros
3721 3133 3918 3187 distri-

2218 3217 2359 3272 buit.
2387 3237 2414 3268 ››
2449 3217 2606 3271 Idem
2636 3217 2696 3270 in
2726 3217 3059 3288 prafatione
3091 3219 3281 3288 operis
3310 3219 3398 3273 sui
3427 3225 3685 3274 testatur.
3725 3243 3748 3270 ι
3776 3222 3919 3276 Cum

2219 3305 2278 3359 in
2309 3322 2411 3360 sua
2435 3305 2663 3360 diacesi
2691 3322 2940 3360 canones
2971 3313 3027 3360 et
3057 3308 3458 3377 pauitentium
3493 3309 3626 3378 jura
3656 3310 3919 3376 confusa,

2220 3393 2337 3446 imo
2386 3393 2765 3464 discrepantia
2812 3393 3049 3459 videret,
3086 3399 3146 3446 ut
3194 3399 3292 3448 aut
3344 3411 3411 3448 ex
3460 3399 3577 3448 toto
3631 3399 3921 3467 neglecta,

2222 3486 2320 3534 aut
2356 3481 2516 3535 omni
2561 3497 2708 3551 pene
2757 3481 3096 3535 auctoritate
3143 3482 3435 3548 destituta,
3475 3484 3561 3536 vel
3595 3485 3824 3539 modice
3863 3487 3922 3539 in

2222 3569 2600 3623 ecclesiastica
2628 3569 2930 3638 disciplina
2958 3569 3234 3623 institutis
3280 3587 3558 3641 apparere
3597 3574 3923 3642 potuerint,

2221 3661 2423 3727 rogatu
2467 3657 2842 3710 Brunichonis
2886 3657 3180 3727 prapositi
3223 3659 3478 3712 Ecclesia
3532 3659 3923 3716 Wormatien-

2219 3745 2296 3798 sis
2342 3745 2515 3815 capit
2563 3761 2876 3814 congerere
2934 3752 2991 3799 et
3046 3745 3305 3816 digerere
3350 3747 3483 3817 jura
3539 3749 3921 3804 ecclesiastica

2219 3833 2290 3888 ad
2350 3833 2657 3887 utilitatem
2734 3850 2852 3887 sua
2918 3834 3194 3898 Ecclesia,
3249 3836 3322 3889 ob
3393 3837 3810 3906 negligentiam
3868 3846 3922 3893 et

2217 3921 2524 3988 inscitiam,
2575 3926 2633 3975 ut
2687 3921 2810 3991 ipse
2860 3921 3137 3992 loquitur,
3189 3924 3569 3979 sacerdotum.
3624 3945 3651 3976 ι)
3715 3927 3917 3981 Fontes

2215 4015 2410 4064 autem
2449 4014 2504 4062 et
2544 4014 2733 4080 partes
2777 4009 2867 4063 sui
2915 4010 3107 4080 operis
3155 4010 3364 4082 ipsein
3394 4012 3509 4067 ﬁne
3559 4015 3916 4083 prafationis

2213 4103 2547 4152 memorata
2576 4097 2842 4152 ostendit.

2286 4208 2314 4236 «
2361 4186 2690 4256 Synodalia,
2734 4185 2946 4255 inquit,
2999 4191 3308 4256 pracepta,
3379 4193 3690 4260 sanctaque
3746 4192 3917 4246 insti-

2210 4279 2353 4341 tuta,
2386 4279 2503 4328 tam
2526 4290 2593 4328 ex
2625 4279 2957 4328 sanctorum
3006 4276 3242 4329 Patrum
3289 4278 3590 4331 sententiis
3631 4295 3810 4350 quam
3848 4298 3913 4335 ex

2209 4363 2497 4417 canonicis
2529 4363 2774 4433 scriptis,
2803 4363 3064 4432 adjutore
3092 4365 3228 4431 Deo,
3271 4364 3333 4418 in
3371 4381 3552 4420 unum
3599 4367 3812 4422 fascem
3848 4387 3912 4423 ex

2209 4451 2566 4522 amplissimo
2598 4451 2735 4505 orbe
2768 4452 2994 4521 collegi,
3039 4467 3220 4522 eaque
3269 4458 3335 4507 ut
3380 4453 3546 4522 potui
3574 4470 3695 4508 uno
3737 4458 3912 4512 veluti

2209 4555 2448 4609 corpore
2474 4555 2748 4605 connexa,
2778 4539 2983 4608 viginti
3031 4538 3192 4593 libris
3237 4540 3490 4595 distinxi.
3526 4562 3549 4591 ι
3585 4543 3650 4596 Et
3677 4545 3912 4614 quibus-

2207 4629 2338 4682 dam
2372 4627 2685 4696 interjectis
2709 4643 2721 4680 :
2746 4649 2767 4675 ι
2802 4627 3038 4691 Quantis
3059 4633 3249 4682 autem
3277 4630 3383 4683 hoc
3411 4629 3708 4686 laboribus
3738 4639 3910 4705 atque

2207 4715 2415 4786 vigiliis
2461 4715 2848 4786 prastiterim,
2905 4718 3052 4770 Deus
3085 4717 3339 4786 optimus
3383 4718 3685 4787 judicabit,
3737 4739 3910 4792 quem

400 4804 541 4858 silva
594 4810 698 4869 est,
752 4803 960 4873 inquit,
1019 4803 1243 4856 duobus
1296 4802 1639 4856 milliaribus
1697 4819 1730 4855 a
1787 4802 2099 4856 Wormatia
2133 4800 2173 4854 Ο
2211 4803 2363 4874 quod
2403 4819 2510 4873 pro
2543 4809 2752 4858 nostra
2800 4804 3065 4858 Ecclesia
3115 4806 3446 4860 necessitate
3497 4807 3754 4876 fecerim,
3796 4828 3910 4865 non

397 4893 633 4958 distans,
691 4892 976 4945 abietibus
1026 4892 1349 4957 abundans,
1392 4895 1449 4944 et
1495 4892 1642 4944 hanc
1680 4891 1847 4960 palus
1897 4891 2099 4944 limosa

397 4997 463 5034 ex
507 4997 620 5034 una
649 4985 810 5050 parte
854 4979 1162 5032 ambiendo
1207 4978 1623 5048 circumcingit,
1674 4978 1736 5031 in
1782 4979 1945 5049 cujus
1982 4994 2100 5031 me-

396 5069 606 5124 dietate
657 5069 818 5122 collis
869 5067 1291 5137 pulcherrimus
1337 5067 1617 5131 consistit,
1670 5067 1741 5121 ad
1795 5083 1969 5137 quem
2013 5067 2098 5120 vir

393 5158 496 5213 Dei
540 5175 599 5211 se
642 5155 941 5211 transferri
972 5155 1284 5226 pracepit;
1341 5162 1395 5208 et
1444 5154 1581 5224 quia
1628 5155 1952 5208 mundanos
2003 5160 2096 5208 tu-

392 5248 609 5303 multus
638 5244 890 5299 devitare
943 5243 1147 5308 voluit,
1185 5243 1488 5296 arboribus
1518 5242 1935 5312 fruticibusque
1966 5259 2092 5296 suc-

387 5336 538 5401 cisis,
563 5335 767 5388 collem
797 5332 1138 5402 explanavit.
1171 5330 1255 5384 lbi
1281 5346 1512 5401 quoque
1531 5337 1782 5400 primum
1814 5329 1950 5383 fecit
1971 5347 2094 5384 ora-

386 5423 624 5490 torium,
653 5421 788 5474 dein
810 5421 936 5474 aliis
978 5418 1218 5473 ofﬁcinis
1239 5418 1508 5488 peractis,
1552 5417 1755 5470 cellam
1800 5417 2090 5488 egregiam

385 5508 721 5564 construxit.
755 5509 894 5562 Illuc
945 5524 1004 5562 se
1035 5511 1166 5577 post
1211 5506 1450 5559 concilia
1484 5505 1755 5574 regiaque
1801 5505 2090 5576 colloquia

385 5601 444 5653 et
479 5600 612 5666 post
637 5611 834 5649 curam
882 5594 1221 5665 synodalem
1255 5594 1625 5664 diversosque
1681 5593 1885 5648 mundi
1937 5599 2081 5647 stre—

2207 4893 2363 4946 latet.
2417 4892 2603 4956 Quare
2646 4892 2871 4945 etiamsi
2923 4898 3133 4945 nostra
3180 4893 3488 4962 provincia
3531 4895 3746 4951 limites
3793 4915 3911 4953 non

2208 4977 2430 5043 exierit,
2481 4979 2627 5032 nihil
2667 4979 2904 5032 omnino
2952 4995 3104 5049 agre
3150 4980 3423 5047 feremus,
3464 4983 3636 5036 modo
3689 4992 3911 5040 nostro-

2207 5082 2338 5120 rum
2372 5067 2770 5120 ministrorum
2802 5067 3070 5120 manibus
3093 5073 3332 5124 teratur.
3368 5071 3543 5124 Porro
3585 5072 3906 5142 legentibus

2207 5156 2375 5208 etiam
2404 5155 2460 5209 id
2487 5172 2824 5225 persuasum
2871 5171 2990 5208 esse
3039 5155 3326 5226 cupimus,
3380 5157 3523 5211 nihil
3564 5159 3635 5212 de
3687 5177 3820 5216 meo
3849 5163 3902 5215 in

2203 5243 2310 5296 hoc
2361 5259 2535 5312 opere
2584 5243 2846 5297 additum
2880 5259 3017 5305 esse,
3053 5244 3154 5297 sed
3197 5260 3266 5298 ex
3306 5244 3514 5299 divinis
3562 5248 3903 5304 testimoniis

2201 5331 2630 5401 Scripturarum
2659 5332 2683 5401 (
2714 5348 2979 5402 quanam
3038 5332 3148 5386 hoc
3201 5338 3464 5403 tempore
3521 5335 3616 5388 hic
3647 5341 3705 5390 et
3734 5355 3903 5409 supra

2200 5418 2408 5472 divina
2440 5419 2749 5489 Scriptura
2794 5423 2851 5472 et
2899 5419 3172 5474 canonica
3210 5421 3419 5492 scripta
3467 5423 3619 5478 dicta
3666 5425 3899 5493 fuerint,

2199 5507 2277 5571 id,
2308 5508 2455 5577 proh
2487 5508 2692 5561 dolor!
2733 5507 2926 5561 statim
2969 5509 3210 5578 patebit)
3261 5509 3490 5580 singula
3535 5528 3660 5566 esse
3702 5515 3900 5569 decer-

2195 5600 2312 5665 pta,
2347 5612 2414 5650 ea
2447 5611 2581 5650 sane
2614 5596 2747 5660 fide,
2799 5601 2864 5649 ut
2900 5601 3242 5667 perpetuam
3293 5599 3696 5655 auctoritatem
3742 5604 3896 5657 habi-
