3968 6418
102 412 217 469 493

1205 412 1554 469 ΡΒΟἜΜΙΑ.
1595 444 1664 454 -
1704 415 1983 471 NOTITIA
2024 416 2201 473 HIST.
2246 418 2335 475 ET
2376 419 2553 474 LITT.

3530 426 3635 481 494

99 545 240 593 tura
277 554 395 593 non
442 536 725 593 dubitem.
775 537 854 591 Ex
901 536 1110 608 quibus
1149 542 1343 593 autem
1387 536 1611 609 scriptis
1666 539 1813 593 sele-
1843 543 1890 594 Α
1929 540 1999 593 de
2030 539 2385 607 concubinis,
2446 545 2501 595 et
2530 540 2601 596 de
2666 541 3117 612 transgressione
3176 546 3234 598 et
3294 544 3636 614 paenitentia

103 628 296 698 gerim
328 626 470 681 ordo
511 642 757 697 sequens
785 626 1002 680 indicat
1036 642 1050 679 :

182 735 210 766 σι
246 716 327 768 Ex
366 715 683 768 canonibus
716 714 818 785 qui
848 715 1055 784 Corpus
1086 730 1351 769 canonum
1390 718 1684 769 vocantur.

183 823 210 854 ιι
246 805 324 858 Ex
363 804 756 875 apostolorum
790 802 1037 857 Canone.

189 914 209 939 ι
251 894 329 945 Ex
353 891 752 946 transmarinis
781 890 1055 945 conciliis.
1093 894 1354 963 Intelligit
1387 890 1711 945 Orientalia.

184 1000 213 1032 υ
259 982 336 1035 Ex
379 980 635 1035 consiliis
676 979 737 1034 in
769 979 1095 1046 Germania,
1130 980 1330 1046 Gallia,
1368 978 1643 1050 Hispania
1680 978 1822 1033 cele-

105 1067 316 1122 bratis.

191 1178 214 1205 ι
252 1157 327 1209 Ex
360 1157 753 1210 Romanorum
782 1155 1124 1226 pontificum
1167 1155 1427 1209 decretis.

192 1265 215 1292 ι
252 1245 326 1297 Ex
356 1244 695 1312 evangelicis
727 1244 1167 1316 apostolicisque
1207 1243 1536 1315 Scriptnris.

192 1354 213 1381 ι
244 1334 321 1386 Ex
347 1332 538 1386 Veteri
568 1334 957 1387 Testamento.

138 1490 141 1493 Α
191 1443 211 1468 ι
250 1422 325 1474 Ex
358 1421 515 1475 libris
546 1420 727 1474 sancti
774 1421 1055 1491 Gregorii.
1086 1421 1161 1473 Ex
1190 1421 1564 1491 Hieronymo,
1591 1423 1819 1491 Augus-

108 1511 257 1576 tino,
302 1509 624 1578 Ambrosio,
659 1509 981 1576 Benedicto,
1016 1510 1219 1562 Basilio
1250 1510 1472 1579 Magno,
1508 1509 1747 1563 Isidoro.

186 1620 211 1647 ι
248 1600 325 1653 Ex
355 1597 739 1653 Paenitentiali
787 1599 1060 1653 Romano.
1114 1599 1189 1651 Ex
1217 1598 1600 1652 Pcenitentiali
1632 1598 1819 1652 Theo-

108 1688 263 1741 dori.
309 1689 383 1741 Ex
415 1687 798 1741 Poenitentiali
822 1687 1008 1741 Bedes.
1043 1708 1071 1735 ››

182 1776 452 1830 Distinxit
502 1775 830 1829 Buchardus
864 1791 1009 1845 opus
1056 1791 1226 1829 suum
1270 1774 1333 1828 in
1372 1775 1548 1828 libros
1591 1774 1816 1844 viginti,

106 1881 364 1936 quorum
434 1864 675 1936 quilibet
743 1881 846 1917 sua
898 1864 1087 1934 capita
1156 1880 1256 1918 seu
1309 1880 1558 1917 canones
1619 1863 1817 1927 habet;

108 1953 413 2025 quodlibet
459 1959 651 2007 autem
709 1956 880 2023 caput
945 1958 1031 2006 est
1082 1957 1310 2006 tantum
1367 1951 1558 2018 unius,
1614 1951 1822 2021 cuique

107 2049 311 2097 autem
366 2042 572 2095 canoni
624 2041 1007 2095 summarium
1059 2057 1156 2094 seu
1220 2040 1418 2093 titulus
1465 2045 1823 2109 praenotatos

109 2131 346 2203 legitur.
413 2130 712 2185 Summam
766 2129 1050 2183 librorum
1096 2129 1243 2183 hanc
1284 2128 1641 2183 Burchardus
1699 2128 1823 2198 ipse

109 2220 420 2291 praemisit.

182 2309 415 2364 Primus
468 2309 616 2363 liber
684 2308 941 2362 continet
998 2307 1067 2361 de
1124 2310 1407 2377 potestate
1464 2311 1521 2360 et
1571 2306 1825 2377 primatu

109 2399 441 2470 apostolicae
494 2398 666 2465 sedis,
716 2396 1172 2467 patriarcharum
1202 2400 1659 2464 caeterorumque
1704 2394 1823 2464 pri-

108 2493 359 2551 matum,
442 2486 1048 2555 metropolitanorum,
1117 2487 1175 2537 et
1244 2483 1314 2537 de
1381 2483 1602 2553 synodo
1677 2482 1823 2536 cele-

108 2576 331 2630 branda
383 2580 439 2629 et
495 2574 788 2628 vocatione
838 2573 911 2625 ad
968 2571 1283 2641 synodum;
1337 2572 1413 2624 De
1443 2570 1715 2624 accusatis
1768 2575 1827 2623 et

110 2664 576 2729 accusatoribus;
632 2666 688 2716 et
740 2660 1015 2725 testibus;
1078 2660 1146 2713 de
1189 2659 1521 2729 exspoliatis
1576 2659 1821 2728 injuste;

111 2755 180 2808 de
245 2752 544 2824 judicibus
600 2767 664 2804 ac
724 2750 794 2804 de
852 2748 1013 2803 omni
1064 2749 1284 2801 honore
1351 2747 1703 2816 competenti
1761 2762 1823 2799 ac

109 2842 412 2913 dignitate,
477 2845 535 2893 et
582 2838 808 2893 diverso
872 2835 1121 2906 negotio,
1209 2839 1266 2889 et
1328 2833 1650 2888 ministerio
1700 2833 1823 2904 epi-

117 2944 451 2999 scoporum.

182 3018 481 3073 Secundus
527 3016 675 3069 liber
719 3013 974 3067 continet
1018 3012 1088 3066 de
1148 3011 1485 3081 congruenti
1518 3010 1823 3081 dignitate,

112 3111 166 3160 et
198 3106 424 3159 diversa
473 3102 854 3168 institutione,
906 3117 969 3154 ac
1018 3100 1372 3154 nutrimento
1404 3100 1490 3153 vel
1521 3100 1652 3153 vitae
1681 3116 1820 3171 qua-
1855 3097 1896 3151 (ἶ

112 3195 296 3259 litate,
331 3198 388 3245 et
435 3191 662 3245 diverso
706 3188 938 3260 negotio
999 3192 1055 3242 et
1092 3187 1412 3241 ministerio
1456 3187 1823 3258 presbytero-

112 3299 243 3335 rum
331 3289 387 3334 et
463 3280 858 3344 diaconorum,
941 3293 1041 3331 seu
1110 3276 1470 3347 reliquorum
1551 3275 1823 3330 ordinum

114 3369 653 3425 ecclesiasticorum.

180 3458 409 3514 Tertius
438 3458 585 3511 liber
614 3456 868 3510 continet
905 3454 975 3508 de
1022 3453 1350 3507 divinarum
1400 3452 1704 3506 domorum
1734 3451 1821 3506 in-

113 3547 416 3601 stitutione
443 3552 499 3599 et
527 3546 683 3599 cultu
714 3550 772 3598 et
794 3544 1046 3608 honore;
1098 3542 1168 3596 de
1213 3540 1451 3595 decimis
1480 3544 1536 3595 et
1579 3540 1822 3594 oblatio-

112 3637 283 3690 nibus
319 3641 377 3689 et
414 3633 648 3705 judiciis
702 3632 1087 3702 singulorum,
1145 3634 1203 3683 et
1233 3628 1333 3699 qui
1390 3628 1523 3682 libri
1573 3628 1635 3681 in
1666 3645 1824 3681 sacro

112 3726 379 3794 catalogo
411 3722 783 3793 recipiantur,
827 3718 926 3790 qui
970 3734 1104 3773 vero
1137 3716 1473 3788 apocryphi,
1505 3721 1560 3769 et
1592 3717 1822 3787 quando

114 3812 449 3885 apponendi
476 3812 604 3864 sint.

184 3905 436 3967 Quartus
481 3900 625 3954 liber
669 3896 925 3952 continet
966 3898 1392 3949 sacramentum
1436 3892 1816 3964 baptismatis,

115 3996 172 4044 et
217 3987 602 4044 ministerium
657 3984 1138 4057 baptizandorum
1194 3993 1253 4037 et
1280 3982 1720 4053 baptizatorum,
1767 3987 1823 4036 et

115 4076 645 4148 consignandorum
668 4079 725 4127 et
748 4071 1237 4143 consignatorum.

188 4167 439 4231 Quintus
483 4164 629 4217 liber
674 4161 933 4216 continet
974 4160 1044 4214 de
1075 4162 1429 4212 sacramento
1467 4157 1724 4229 corporis
1770 4162 1826 4212 et

119 4255 415 4326 sanguinis
473 4251 721 4316 Domini,
790 4256 847 4303 et
899 4248 971 4303 de
1012 4247 1377 4319 perceptione
1442 4252 1499 4301 et
1565 4246 1827 4301 observa-

116 4344 268 4397 tione
299 4357 521 4397 eorum.

186 4434 389 4485 Sextus
422 4430 565 4483 liber
598 4426 855 4482 continet
884 4426 953 4480 de
1002 4424 1327 4479 homicidiis
1357 4427 1561 4493 sponte
1620 4428 1678 4477 et
1707 4438 1825 4476 non

118 4526 319 4590 sponte
351 4516 690 4583 commissis,
733 4520 789 4569 et
818 4515 887 4569 de
914 4513 1223 4585 parricidio
1246 4517 1303 4566 et
1349 4512 1418 4565 de
1472 4510 1819 4577 fratricidiis,

118 4614 172 4662 et
195 4608 263 4663 de
295 4607 409 4661 illis
466 4606 564 4676 qui
598 4620 799 4657 uxores
854 4601 1137 4672 legitimas
1174 4605 1231 4654 et
1269 4600 1521 4653 seniores
1575 4615 1708 4652 suos
1737 4599 1823 4651 in-

119 4696 428 4760 terﬁciunt,
478 4698 534 4746 et
590 4692 659 4746 de
716 4689 999 4744 occisione
1056 4687 1586 4752 ecclesiasticorum,
1647 4690 1702 4740 et
1755 4686 1825 4739 de

119 4783 513 4838 observatione
544 4786 600 4834 et
637 4778 975 4849 paenitentia
1009 4776 1392 4847 singulorum.

184 4872 473 4943 Septimus
526 4870 669 4923 liber
725 4867 982 4921 continet
1033 4866 1101 4920 de
1182 4865 1398 4918 incesta
1461 4861 1826 4932 copulatione

118 4958 653 5030 consanguinitatis,
696 4962 753 5011 et
790 4956 853 5009 in
902 4971 1018 5026 quo
1074 4953 1332 5025 geniaclo
1381 4951 1581 5005 fideles
1606 4955 1662 5003 et
1690 4966 1826 5003 con-

113 5049 279 5120 jungi
312 5053 371 5101 et
426 5044 681 5116 separari
737 5044 1005 5108 debeant,
1042 5046 1099 5096 et
1149 5041 1219 5095 de
1268 5038 1631 5095 revocatione
1671 5042 1728 5092 et
1756 5038 1826 5091 de

121 5135 458 5205 poenitentia
500 5134 880 5204 singulorum.

187 5225 426 5279 Octavus
453 5223 595 5276 liber
646 5223 900 5275 continet
934 5219 1003 5274 de
1037 5217 1171 5272 viris
1218 5221 1277 5272 et
1325 5215 1554 5270 feminis
1587 5216 1700 5269 Deo
1737 5213 1823 5268 di-

124 5312 277 5378 catis,
312 5316 367 5367 et
396 5326 621 5365 sacrum
652 5309 1014 5381 prapositum
1065 5304 1621 5376 transgredientibus
1673 5306 1729 5357 et
1758 5302 1827 5356 de

126 5402 481 5455 revocatione
515 5404 573 5453 et
601 5396 937 5469 poenitentia
963 5410 1187 5449 eorum.

199 5491 389 5544 Nonus
420 5488 563 5543 liber
618 5486 876 5541 continet
902 5485 973 5540 de
1031 5483 1351 5554 virginibus
1400 5485 1456 5535 et
1492 5480 1677 5534 viduis
1712 5494 1829 5532 non

131 5579 345 5646 velatis,
425 5577 495 5631 de
552 5575 880 5646 raptoribus
945 5588 1165 5638 earum,
1222 5576 1278 5625 et
1335 5570 1403 5625 de
1468 5568 1829 5639 separatione

133 5683 355 5735 eorum;
388 5667 458 5723 de
492 5665 896 5735 conjunctione
955 5661 1347 5733 legitimorum
1380 5656 1830 5725 connubiorum,

1933 627 2315 696 singulorum.

2007 715 2270 769 Decimus
2321 714 2469 769 liber
2509 715 2766 771 continet
2808 718 2878 772 de
2922 718 3394 782 incantatoribus,
3423 720 3635 776 deau-

1932 804 2195 874 guribus,
2220 805 2290 858 de
2344 804 2576 871 divinis,
2621 805 2690 859 de
2730 806 3057 876 sortilegiis,
3099 811 3155 861 et
3201 808 3271 861 de
3301 809 3470 862 variis
3499 809 3636 863 illu-

1932 892 2189 946 sionibus
2218 891 2453 959 diaboli,
2484 898 2538 947 et
2565 893 2635 946 de
2657 894 2970 962 maledicis,
3021 898 3076 948 et
3115 896 3185 949 de
3242 897 3633 963 contentiosis,

1933 984 1991 1034 et
2021 979 2091 1033 de
2120 980 2631 1050 conspiratoribus,
2670 986 2727 1034 et
2767 980 2837 1035 de
2878 982 3219 1052 paenitentia
3249 984 3633 1055 singulorum.

2005 1067 2347 1121 Undecimus
2378 1068 2524 1121 liber
2550 1069 2810 1123 continet
2839 1070 2909 1123 de
2958 1073 3521 1128 excommunicandis
3580 1080 3639 1129 et

1933 1155 2461 1225 excommunicatis,
2512 1157 2581 1210 de
2615 1156 2840 1211 furibus
2889 1164 2947 1212 et
2985 1160 3055 1213 de
3105 1161 3633 1231 depraedatoribus;

1933 1244 2003 1298 de
2050 1245 2516 1314 praesumptione,
2571 1250 2627 1299 et
2670 1252 3030 1317 contemptu,
3065 1255 3121 1303 et
3164 1250 3537 1321 negligentia,
3582 1257 3638 1305 et

1931 1333 2395 1387 reconciliatione
2426 1338 2483 1387 et
2520 1334 2861 1404 paenitentia
2892 1352 3110 1389 eorum.

2004 1422 2386 1477 Duodecimus
2431 1422 2578 1477 liber
2619 1423 2877 1477 continet
2922 1424 2993 1479 de
3036 1425 3292 1496 perjurio
3323 1432 3381 1481 et
3419 1428 3487 1482 de
3516 1445 3637 1499 pce-

1931 1510 2177 1565 nitentia
2213 1511 2355 1581 ejus.

2003 1598 2226 1652 Tertius
2270 1598 2526 1652 decimus
2578 1598 2725 1652 liber
2771 1599 3024 1654 continet
3052 1600 3121 1655 de
3177 1602 3545 1658 veneratione
3582 1609 3636 1658 et

1931 1686 2327 1741 observatione
2371 1687 2515 1740 sacri
2552 1687 2779 1757 jejunii.

2002 1776 2250 1840 Quartus
2307 1776 2563 1829 decimus
2637 1776 2784 1829 liber
2854 1777 3108 1831 continet
3167 1778 3235 1832 de
3294 1780 3528 1850 crapula
3579 1786 3636 1835 et

1934 1864 2230 1928 ebrietate,
2263 1867 2319 1916 et
2345 1864 2414 1917 de
2444 1863 2784 1933 paenitentia
2810 1881 3028 1919 eorum.

2004 1951 2246 2015 Quintus
2283 1952 2539 2005 decimus
2565 1953 2713 2007 liber
2750 1953 3006 2007 continet
3056 1954 3126 2009 de
3168 1954 3631 2026 imperatoribus,

1936 2039 2006 2094 de
2042 2039 2401 2110 principibus
2431 2044 2488 2093 et
2516 2040 2585 2093 de
2634 2040 2872 2111 reliquis
2903 2042 3076 2108 laicis,
3119 2047 3174 2095 et
3204 2043 3273 2096 de
3313 2043 3633 2097 ministerio

1935 2144 2157 2181 eorum.

2006 2214 2206 2269 Sextus
2253 2214 2507 2269 decimus
2561 2215 2705 2269 liber
2755 2216 3013 2270 continet
3065 2217 3133 2270 de
3191 2219 3633 2285 accusatoribus,

1935 2300 2007 2355 de
2057 2301 2370 2371 judicibus,
2432 2304 2501 2357 de
2572 2304 2988 2369 defensoribus,
3042 2305 3112 2359 de
3161 2305 3316 2360 falsis
3377 2306 3633 2374 testibus,

1934 2393 1992 2443 et
2019 2389 2087 2443 de
2121 2391 2457 2460 poenitentia
2496 2392 2879 2462 singulorum.
3430 2440 3441 2449 .

2007 2478 2296 2548 Septimus
2341 2480 2597 2534 decimus
2646 2480 2791 2535 liber
2820 2482 3078 2535 continet
3116 2481 3209 2536 de
3260 2482 3637 2538 fornicatione

1934 2574 1989 2620 et
2018 2566 2239 2621 incestu
2271 2567 2478 2621 diversi
2500 2568 2751 2639 generis,
2784 2575 2841 2623 et
2872 2569 2941 2623 de
2958 2570 3300 2640 pcenitentia
3331 2570 3631 2641 utriusque

1936 2670 2103 2707 sexus
2131 2660 2189 2707 et
2227 2655 2465 2708 diversas
2505 2656 2707 2710 aetatis.

2010 2759 2253 2814 Octavus
2298 2760 2556 2814 decimus
2604 2761 2751 2815 liber
2806 2760 3063 2815 continet
3091 2762 3159 2816 de
3197 2762 3539 2831 visitatione,
3582 2770 3638 2819 et

1935 2848 2296 2918 paenitentia,
2337 2852 2394 2901 et
2429 2849 2897 2904 reconciliatione
2927 2849 3315 2906 infirmorum.

2010 2955 2207 3008 Nonus
2236 2953 2491 3007 decimus
2534 2954 2681 3007 liber
2728 2955 2828 3025 qui
2878 2956 3153 3010 Corrector
3199 2962 3451 3024 vocatur,
3498 2973 3637 3011 con-

1936 3042 2081 3097 tinet
2150 3043 2530 3096 correctiones
2597 3059 2904 3113 corporum
2964 3048 3021 3097 et
3078 3044 3402 3099 animarum
3456 3046 3638 3100 medi-

1936 3131 2113 3193 cinas,
2169 3136 2223 3184 et
2281 3130 2448 3184 docet
2500 3146 2976 3201 unumquemque
3032 3133 3411 3203 sacerdotem,
3461 3135 3636 3189 etiam

1934 3218 2276 3289 simplicem,
2316 3219 2606 3289 quomodo
2653 3219 2742 3271 vel
2786 3219 3033 3289 qualiter
3058 3220 3368 3291 uniquicue
3408 3238 3637 3277 succur-

1934 3324 2060 3361 rere
2098 3308 2302 3373 valeat,
2373 3307 2639 3361 ordinato
2681 3307 2767 3360 vel
2797 3307 2923 3360 sine
2974 3307 3199 3373 ordine,
3261 3310 3523 3379 pauperi,
3558 3310 3642 3364 di-

1937 3396 2059 3458 viti,
2090 3411 2291 3466 puero,
2321 3395 2542 3464 juveni,
2572 3395 2715 3460 seni,
2750 3395 3061 3466 decrepito,
3104 3412 3267 3463 sano,
3300 3397 3553 3465 inﬁrmo,
3582 3399 3640 3454 in

1942 3484 2103 3538 omni
2131 3488 2316 3550 astate,
2352 3485 2410 3537 in
2440 3490 2686 3554 utroque
2713 3501 2871 3538 sexu.

2013 3590 2328 3643 Vicesimus
2373 3589 2518 3643 liber
2590 3590 3031 3658 Speculationum
3083 3594 3335 3652 vocatur,
3380 3594 3639 3661 specula-

1932 3683 2027 3731 tur
2047 3678 2198 3731 enim
2232 3678 2301 3731 de
2334 3678 2700 3731 Providentia
2721 3682 2776 3731 et
2806 3678 2875 3732 de
2899 3678 3397 3747 praedestinatione
3420 3680 3635 3746 divina,

1934 3772 1991 3819 et
2012 3766 2082 3819 de
2112 3766 2361 3819 adventu
2383 3764 2738 3833 Antichristi,
2768 3766 2837 3820 de
2881 3767 3003 3836 ejus
3043 3766 3335 3836 operibus,
3354 3767 3423 3821 de
3456 3785 3641 3822 resur-

1931 3854 2206 3918 rectione,
2276 3854 2344 3907 de
2415 3853 2506 3906 die
2559 3852 2785 3923 judicii,
2852 3853 2922 3907 de
2973 3854 3352 3909 infernalibus
3432 3858 3638 3926 pugnis,

1933 3947 1990 3998 et
2019 3943 2088 3997 de
2118 3941 2385 3996 felicitate
2414 3947 2709 4012 perpetua:
2739 3941 2890 3995 vitae.
3486 3954 3489 3957 '

2006 4032 2134 4084 Haec
2162 4045 2389 4084 summa
2417 4029 2698 4084 librorum
2722 4030 2949 4099 viginti,
2981 4046 3125 4101 quos
3165 4030 3421 4085 continet
3450 4034 3641 4086 Decre-

1936 4123 2049 4174 tum
2082 4120 2395 4174 Burchardi
2434 4119 2867 4174 Wormatiensis
2898 4120 3172 4190 episcopi.
3556 4134 3561 4135 ’

2006 4227 2151 4295 Opus
2214 4229 2553 4281 Decretorum
2616 4226 2927 4281 Burchardi
2979 4226 3196 4280 editum
3247 4231 3333 4281 est
3388 4207 3641 4296 primum

1936 4314 2189 4379 Parisiis,
2222 4330 2372 4367 anno
2408 4315 2564 4382 1499,
2600 4320 2657 4368 et
2711 4314 2920 4369 iterum
2973 4314 3225 4369 Coloniae
3282 4315 3640 4385 Agrippini»,

1938 4418 2088 4456 anno
2124 4403 2283 4465 1548,
2308 4401 2479 4467 in-8°,
2514 4402 2765 4473 denique
2808 4402 3056 4463 Parisiis,
3103 4419 3253 4455 anno
3289 4404 3443 4456 1549.
3480 4402 3643 4456 Com-

1938 4490 2187 4561 portavit
2238 4490 2601 4544 Burchardus
2649 4490 2709 4543 in
2758 4492 3124 4545 Collectionem
3176 4490 3323 4543 hanc
3362 4491 3545 4543 multa
3574 4507 3639 4544 ex

1937 4578 2156 4632 Isidoro
2222 4577 2525 4630 Mercatore
2596 4592 2694 4629 seu
2757 4576 3142 4629 Decretalibus
3198 4578 3322 4646 ejus
3388 4578 3640 4647 epistolis

1937 4663 2265 4735 suppositis.
2300 4664 2603 4734 Specimen
2635 4663 2984 4717 exhibebunt
3014 4664 3317 4733 sequentia
3355 4667 3636 4736 exempla,

1939 4769 2068 4822 quae
2119 4752 2469 4806 clarissimus
2516 4751 2605 4804 vir
2653 4750 2824 4805 David
2874 4752 3204 4805 Blondellus
3258 4752 3314 4805 in
3366 4754 3639 4825 Prolego-

1938 4840 2121 4894 menis
2169 4839 2620 4895 Pseudo-Isidori
2672 4845 2722 4893 et
2776 4842 3039 4893 Turriani
3086 4842 3467 4911 vapulantium
3512 4859 3637 4913 cap.

1941 4932 2005 4982 18
2037 4933 2296 4981 accurate
2337 4927 2584 4997 collegit.

2014 5057 2034 5082 ι
2119 5033 2369 5088 Assumit
2438 5034 2615 5104 igitur
2672 5050 2740 5087 ex
2792 5034 3312 5091 Pseudo-Clementis
3368 5040 3525 5107 epist.
3590 5043 3641 5107 1,

1936 5124 2083 5178 libro
2115 5140 2153 5189 1,
2184 5139 2285 5193 cap
2346 5124 2464 5188 124,
2524 5126 2642 5188 125,
2682 5124 2798 5188 126,
2831 5126 2948 5188 127,
2998 5126 3117 5190 133,
3154 5128 3252 5179 137
3285 5132 3340 5179 et
3377 5130 3507 5192 155;
3539 5127 3637 5181 lib.

1937 5230 1995 5280 11,
2030 5229 2134 5283 cap
2161 5214 2259 5276 9i;
2287 5210 2383 5264 lib.
2408 5227 2481 5275 τι,
2503 5227 2625 5282 cap.
2661 5213 2762 5276 28;
2787 5211 2885 5265 lib.
2910 5228 3023 5281 xxv,
3045 5228 3167 5283 cap.
3209 5215 3289 5267 16.
3324 5216 3409 5267 Ea:
3437 5217 3642 5283 episto-

1939 5302 1993 5354 la
2044 5304 2100 5366 2,
2158 5300 2256 5354 lib.
2312 5316 2391 5365 111,
2448 5316 2571 5369 cap.
2620 5301 2755 5365 216;
2803 5300 2901 5353 lib.
2934 5316 2990 5366 v,
3040 5317 3161 5370 cap.
3198 5304 3251 5353 11
3320 5306 3374 5354 et
3426 5303 3507 5355 14.
3556 5306 3642 5357 Ea:

1938 5390 2169 5458 epistola
2216 5392 2269 5453 3,
2300 5388 2401 5442 lib.
2458 5405 2518 5453 11,
2580 5404 2702 5457 cap.
2738 5390 2833 5451 95;
2866 5388 2961 5442 lib.
3006 5402 3087 5454 111,
3122 5404 3245 5458 cap.
3302 5391 3397 5456 59;
3432 5390 3530 5445 lib.
3566 5408 3638 5459 1v,

1940 5494 2065 5547 cap.
2120 5480 2204 5531 15.
2238 5507 2305 5517 —
2335 5479 2423 5531 Ea:
2478 5476 2968 5531 Pseudo-Anacleti
3016 5480 3202 5545 prima
3250 5476 3347 5531 lib.
3383 5494 3422 5546 1,
3454 5494 3577 5549 cap.
3608 5482 3643 5535 4

1941 5571 1999 5620 et
2026 5568 2125 5632 59;
2159 5565 2257 5619 lib.
2288 5582 2351 5624 ιι.
2384 5580 2507 5635 cap.
2552 5565 2677 5630 154;
2725 5564 2822 5617 lib.
2860 5580 2940 5630 111,
2994 5579 3117 5634 cap.
3150 5567 3240 5631 71,
3288 5570 3384 5631 77;
3424 5566 3526 5621 lib.
3561 5586 3639 5634 x1,

1941 5671 2066 5725 cap.
2130 5657 2212 5708 18.
2268 5655 2356 5709 Ex
2386 5654 2615 5722 epistola
2670 5652 2905 5707 secunda
2956 5651 3055 5707 lib.
3119 5669 3155 5718 1,
3210 5668 3332 5725 cap.
3398 5658 3414 5708 1
3461 5660 3639 5724 e115;
