3968 6406
73 336 196 390 497

1065 342 1410 401 ΡΒΟἝΜΙΑ.
1461 376 1521 387 —-
1564 348 1653 404 DE
1693 350 2163 408 COLLECTIONE
2206 352 2634 410 BURCHARDI.

3505 342 3609 416 498

85 500 3573 537 Mm

598 690 798 794 DE
908 692 2030 803 COLLECTIONE
2148 702 3099 807 BURCHARDI

1410 900 1716 956 EPISCOPI
1758 903 2292 959 WORMATIENSIS

70 1090 312 1177 Hujus
357 1112 499 1156 mos
538 1090 940 1157 inscribendt'
980 1091 1272 1181 synodis,
1309 1094 1760 1183 pontiﬁcibus,
1802 1096 1910 1163 vel
1947 1098 2254 1164 Patribus
2289 1100 2644 1167 sententias
2671 1101 3121 1189 quorumdam
3147 1103 3609 1192 posteriorum

399 1195 824 1285 scriptorum,
857 1198 1315 1265 Pcem'tentiale
1352 1200 1805 1269 Ecclesiarum
1839 1205 2215 1271 Germaniae
2244 1205 2329 1270 ab
2370 1205 2509 1295 ipso
2541 1220 2878 1297 receptum
2904 1220 2966 1273 et
2993 1220 3289 1275 auctum.

156 1376 262 1442 (Ex
292 1374 699 1429 Dissertatione
733 1376 835 1430 FF.
884 1376 1321 1431 Balleriniorum
1356 1381 1429 1433 De
1456 1382 1702 1448 antiquis
1731 1382 1956 1445 collect.,
1991 1383 2136 1451 Opp.
2171 1382 2224 1436 S.
2263 1382 2465 1437 Leonis
2512 1384 2701 1454 Magni
2729 1389 2869 1438 tom.
2908 1386 3002 1445 Ill,
3052 1401 3149 1439 seu
3191 1388 3531 1455 Patrologiz,

1543 1473 1682 1522 tom.
1719 1469 1850 1535 LVI,
1882 1469 1989 1523 col.
2026 1471 2164 1539 320.)

156 1798 210 1849 1.
268 1793 649 1859 Burchardus,
690 1794 875 1864 patria
926 1795 1150 1861 Hassus,
1195 1810 1312 1849 non
1352 1796 1688 1862 monachus,
1738 1802 1800 1851 ut
1823 1805 1869 1856 Α
1906 1797 2174 1863 inserere,
2209 1798 2268 1852 in
2296 1798 2446 1852 calce
2477 1813 2679 1852 omnes
2728 1798 2991 1868 subjecit.
3024 1800 3275 1853 Joannes
3310 1799 3607 1855 Molinaaus

70 1883 284 1953 plures
331 1882 723 1950 crediderunt,
772 1881 870 1935 sed
900 1882 1206 1935 canonicus
1247 1886 1304 1937 et
1341 1883 1670 1951 capellanus
1700 1899 1792 1937 re-

72 1968 215 2039 gius
266 1967 396 2033 fuit,
449 1984 514 2022 ac
564 1973 763 2039 postea
809 1968 877 2023 ad
943 1971 1415 2024 Wormatiensem
1464 1971 1793 2026 cathedram

72 2061 394 2126 promotus
424 2063 558 2111 ante
582 2072 799 2111 annum
830 2059 987 2123 1062,
1013 2058 1276 2113 eamdem
1297 2059 1483 2113 tenuit
1510 2075 1691 2131 usque
1718 2060 1789 2113 ad

74 2161 309 2199 annum
354 2148 513 2207 1025,
569 2161 684 2216 quo
714 2161 744 2200 e
785 2146 930 2200 vivis
968 2147 1208 2201 excessit
1245 2164 1345 2202 xm
1373 2148 1495 2203 Kal.
1533 2148 1793 2219 Septem-

73 2232 227 2287 bris.
264 2233 409 2287 Dum
441 2238 634 2287 autem
669 2238 792 2287 erat
819 2234 1146 2304 episcopus,
1192 2235 1587 2290 collectionem
1616 2252 1791 2291 cano-

70 2337 252 2385 num,
285 2322 551 2376 hortante
576 2323 894 2377 Brunicone
913 2324 1174 2378 Ecclesiae
1196 2326 1626 2379 Wormatiensis
1655 2342 1796 2395 pree-

70 2410 297 2480 posito,
320 2411 700 2465 concinnavit.
733 2412 1058 2482 Stephanus
1082 2414 1344 2468 Baluzius
1374 2414 1434 2468 in
1458 2414 1793 2484 praefatione

70 2499 145 2553 ad
179 2498 427 2553 Antonii
456 2499 760 2570 Augustini
802 2501 979 2554 libros
1010 2501 1081 2555 de
1132 2502 1543 2556 Emendatione
1573 2502 1792 2557 Gratia-

72 2587 133 2640 ni
170 2588 199 2655 §
259 2590 343 2655 18,
390 2588 801 2643 animadvertit
847 2605 1047 2643 verum
1088 2589 1260 2659 hujus
1306 2590 1661 2645 collectionis
1691 2607 1789 2643 au-

72 2682 304 2742 ctorem
351 2675 662 2731 dicendum
709 2693 833 2730 esse
881 2677 1071 2746 potius
1114 2679 1409 2733 Olbertum
1442 2680 1791 2733 monachum

73 2764 449 2831 Lobiensem,
506 2769 564 2817 et
608 2770 804 2835 postea
846 2765 1110 2819 abbatem
1145 2766 1634 2832 Gemblacensem,
1684 2782 1789 2835 quo

71 2853 323 2907 dictante
358 2858 410 2907 et
436 2857 795 2921 magistrantc
834 2854 1195 2927 Burchardus
1244 2872 1502 2924 magnum
1530 2856 1671 2909 illud
1696 2871 1787 2909 ca-

70 2958 281 2996 nonum
325 2944 573 2997 volumen
623 2945 1005 3009 centonizacit,
1041 2943 1087 2996 si
1134 2960 1264 2997 vera
1310 2944 1432 2997 haec
1480 2948 1614 2997 sunt
1661 2961 1789 3014 quae

76 3030 359 3099 leguntur
390 3030 448 3084 in
474 3031 620 3085 libro
667 3031 733 3085 de
784 3032 959 3087 Gestis
1004 3032 1262 3086 abbatum
1304 3032 1783 3088 Gemblacensium.

74 3120 296 3172 Verum
337 3134 403 3171 ex
435 3133 570 3172 mss.
622 3118 1123 3173 Gemblacensibus
1170 3124 1340 3191 atque
1382 3120 1789 3175 Leodiensibus

74 3223 201 3261 rem
254 3206 422 3260 aliter
470 3214 663 3261 narrat
724 3207 1175 3262 Bartholomaeus
1222 3210 1383 3263 Fisen
1436 3208 1496 3263 in
1546 3209 1789 3264 Floribus

74 3297 333 3351 Ecclesia:
356 3295 685 3363 Leodiensis,
737 3312 868 3367 pag.
904 3299 1026 3352 328.
1079 3299 1221 3351 Cum
1253 3314 1387 3351 vero
1430 3298 1787 3352 Burchardus

76 3384 318 3439 Olberto
366 3387 719 3454 praeceptore
748 3389 806 3438 et
841 3384 1111 3439 familiari
1150 3401 1254 3440 suo
1301 3390 1577 3451 uteretur,
1621 3403 1785 3440 eum-

77 3473 215 3527 dem
260 3471 456 3541 operis
484 3472 810 3541 adjutorem
836 3473 1165 3527 adhibuisse
1198 3474 1397 3543 negari
1430 3490 1549 3528 non
1577 3480 1784 3545 potest.

78 3561 223 3615 Hinc
256 3560 589 3629 Sigebertus
610 3560 670 3614 in
703 3560 987 3616 Chronico
1010 3562 1080 3616 ad
1102 3578 1316 3616 annum
1345 3565 1477 3617 1008
1500 3563 1787 3617 Burchar-

78 3650 246 3717 dum,
272 3648 640 3703 collaboranle
664 3652 929 3717 magistro
958 3666 1054 3704 suo
1089 3652 1322 3719 Olberto,
1355 3654 1472 3706 viro
1500 3652 1788 3720 undequa-

74 3754 176 3806 que
225 3737 561 3801 doctissimo,
626 3754 883 3804 magnum
934 3740 1219 3793 Canonum
1252 3742 1498 3795 volumen
1551 3741 1787 3795 edidisse

71 3826 296 3880 scribit.
349 3828 709 3896 Anonymus,
753 3827 853 3897 qui
883 3832 1017 3897 post
1067 3829 1375 3883 Burchardi
1408 3829 1629 3883 obitum
1659 3832 1784 3897 ejus

70 3916 260 3969 Vitam
314 3913 553 3984 digessit
598 3914 840 3969 editioni
881 3916 1207 3970 Coloniensi
1248 3916 1543 3982 insertam,
1605 3917 1781 3970 alium

68 4002 332 4071 ejusdem
394 4002 584 4072 operis
660 4004 983 4072 adjutorem
1062 4010 1495 4058 commemorat.
1583 4006 1782 4059 Eodem

72 4094 282 4160 quippe
330 4095 585 4159 tempore,
636 4090 846 4160 inquit,
896 4094 954 4145 in
1012 4094 1337 4147 Collectario
1397 4110 1777 4151 canonum.....

72 4194 178 4233 non
230 4178 502 4233 modicum
560 4179 849 4233 laboravit.
905 4182 1042 4234 Nam
1080 4184 1295 4235 domino
1347 4184 1608 4237 Walterio
1649 4183 1781 4252 Spi-

73 4270 222 4321 rensi
271 4269 519 4335 episcopo
563 4267 884 4335 adjuvante,
929 4274 980 4321 et
1024 4271 1327 4324 Brunicone
1368 4275 1656 4339 praeposito
1690 4286 1780 4324 ea:-

1905 1884 1965 1939 in
2005 1884 2338 1954 praefatione
2386 1884 2459 1937 ad
2499 1884 2685 1938 lvonis
2736 1885 3036 1938 Decretum
3071 1890 3272 1939 auctor
3306 1892 3392 1940 est
3422 1887 3607 1940 multa

1904 1972 1967 2026 in
1998 1973 2165 2028 editis
2198 1972 2511 2027 Burchardi
2550 1972 2713 2026 libris
2771 1971 3085 2026 desiderari
3137 1989 3268 2044 qua
3311 1974 3434 2043 ipse
3464 1974 3609 2029 vidit

1904 2061 1965 2116 in
1996 2061 2287 2117 veteribus
2316 2060 2597 2131 pleniora,
2621 2061 2720 2115 sed
2759 2076 2826 2115 ea
2854 2061 2915 2114 in
2937 2061 3239 2116 duodecim
3268 2062 3444 2117 libros
3474 2072 3606 2116 tan-

1903 2156 2027 2205 tum
2059 2150 2257 2216 divisa,
2281 2165 2528 2220 quorum
2559 2154 2719 2202 sexta
2746 2164 2878 2219 pars
2907 2153 2992 2202 est
3016 2149 3203 2203 editus
3232 2150 3397 2204 liber.
3440 2151 3602 2217 Hinc,

1904 2244 1968 2294 ut
1996 2238 2301 2305 credimus,
2333 2239 2581 2291 Joannes
2611 2238 2877 2290 Albertus
2910 2236 3200 2291 Fabricius
3238 2242 3375 2292 tom.
3408 2240 3475 2293 χι
3510 2239 3603 2293 Bi-

1901 2328 2206 2397 bliotheca:
2238 2329 2464 2387 Graecia,
2505 2341 2635 2396 pag.
2670 2328 2723 2391 8,
2760 2324 3041 2379 duodecim
3072 2330 3237 2379 tomos
3275 2326 3607 2380 decretorum

1904 2433 1936 2470 a
1985 2415 2310 2470 Burchardo
2362 2414 2631 2468 collectos
2686 2413 2876 2473 tradit.
2932 2412 3253 2483 additque:
3306 2415 3417 2467 Hoc
3472 2429 3605 2482 opus

1901 2508 2077 2574 ipsius
2100 2506 2372 2572 integrum
2399 2501 2625 2555 necdum
2646 2502 2817 2556 lucem
2840 2500 3003 2569 vidit,
3031 2501 3125 2554 sed
3156 2506 3370 2555 tantum
3420 2517 3605 2555 excer-

1901 2599 1999 2663 pta
2028 2610 2094 2647 ea:
2120 2593 2213 2645 illo
2243 2591 2425 2645 divisa
2449 2591 2508 2643 in
2556 2589 2726 2644 libros
2772 2590 2861 2642 20.
2902 2592 2974 2642 At
3014 2605 3130 2643 non
3183 2590 3369 2643 solum
3403 2590 3602 2655 codex,

1902 2697 1966 2735 ex
1988 2697 2102 2751 quo
2133 2679 2306 2733 editio
2354 2677 2588 2749 prodiit,
2622 2676 2797 2732 libros
2846 2679 2914 2731 20
2960 2677 3285 2731 Burchardo
3320 2676 3603 2741 inscribit,

1902 2784 2098 2823 verum
2155 2767 2330 2821 etiam
2373 2766 2474 2819 illa
2521 2782 2753 2837 quoque
2801 2764 3189 2820 vetustissima
3252 2766 3605 2837 exemplaria

1902 2871 2031 2925 qua:
2063 2856 2263 2909 Petrus
2291 2854 2545 2908 Pithasus
2574 2857 3007 2907 commemorat.
3045 2854 3159 2906 Nos
3186 2853 3324 2908 item
3353 2861 3603 2924 quatuor

1901 2943 2157 3014 integros
2202 2942 2423 2996 codices
2472 2942 2740 3002 vidimus.
2792 2942 2936 2995 duos
2976 2940 3037 2994 in
3080 2940 3424 2995 bibliotheca
3454 2942 3606 2996 Vati-

1901 3048 2043 3086 cana
2069 3030 2324 3101 signatos
2356 3046 2515 3085 num.
2562 3032 2695 3085 l350
2730 3034 2788 3083 et
2824 3033 2976 3095 l355,
3014 3045 3191 3083 unum
3222 3029 3373 3099 apud
3409 3031 3601 3084 Patres

1821 3092 1861 3146 Β
1908 3119 2301 3174 Benedictinos
2332 3117 2392 3172 in
2443 3118 2791 3171 monasterio
2846 3117 3288 3184 Padilironensi,
3320 3122 3377 3171 et
3420 3118 3600 3173 alium

1902 3207 2238 3262 Patavinum
2269 3207 2331 3261 in
2360 3206 2706 3261 bibliotheca
2738 3206 2792 3260 S.
2826 3205 3087 3271 Justinus,
3130 3205 3227 3276 qui
3267 3206 3505 3260 totidem
3530 3206 3595 3261 li-

1900 3296 2034 3350 bros
2064 3295 2252 3350 eidem
2286 3294 2614 3349 Burchardo
2646 3293 2949 3363 inscriptos
2984 3293 3275 3347 exhibent.
3309 3293 3599 3347 Addemus

1899 3390 1954 3438 et
2001 3384 2111 3439 alia
2156 3384 2271 3438 duo
2327 3383 2566 3453 antiqua
2612 3382 2882 3436 Vaticana
2930 3382 3281 3452 exemplaria
3353 3385 3487 3436 1356
3545 3390 3599 3438 et

1898 3475 2059 3543 4980,
2091 3488 2339 3543 quorum
2389 3472 2631 3525 alterum
2663 3470 2865 3542 incipit
2903 3487 2938 3524 a
2971 3471 3119 3525 libro
3150 3470 3417 3541 septimo,
3449 3472 3597 3526 alte-

1898 3577 2025 3615 rum
2056 3578 2090 3615 a
2122 3577 2299 3626 nono,
2351 3565 2407 3613 et
2455 3570 2761 3630 utrumque
2812 3559 3175 3630 prosequitur
3204 3575 3386 3629 usque
3417 3558 3487 3613 ad
3523 3559 3593 3613 li-

1895 3650 2063 3703 brum
2103 3665 2211 3713 xix,
2242 3647 2343 3719 qui
2371 3648 2445 3702 ob
2494 3648 2729 3702 mutilos
2778 3648 2999 3701 codices
3048 3646 3164 3701 fine
3222 3652 3394 3700 caret.
3451 3647 3595 3701 Cum

1895 3740 2013 3793 haec
2029 3738 2310 3793 librorum
2349 3737 2524 3791 series
2549 3753 2614 3790 ac
2643 3753 2711 3790 ea
2740 3752 2869 3806 quae
2897 3737 2957 3789 in
2979 3736 3194 3789 eisdem
3225 3736 3594 3789 continentur

1894 3827 2093 3882 eadem
2127 3826 2243 3881 sint
2282 3826 2340 3880 in
2371 3826 2497 3879 aliis
2542 3824 2963 3895 exemplaribus
2991 3824 3251 3895 integris,
3295 3824 3415 3878 haec
3444 3841 3590 3895 quo-

1894 3932 2005 3987 que
2054 3915 2168 3969 duo
2213 3913 2561 3983 exemplaria
2612 3913 2879 3967 eumdem
2922 3913 3125 3983 viginti
3168 3913 3447 3966 librorum
3479 3930 3593 3966 nu-

1896 4020 2119 4059 merum
2165 4003 2526 4057 confirmant.
2570 4003 2711 4057 Cum
2763 4018 2936 4072 porro
2971 4002 3116 4056 nulli
3164 4002 3439 4056 hactenus
3469 4002 3593 4055 noti

1892 4093 2112 4147 codices
2160 4092 2338 4146 ullam
2379 4091 2770 4145 collectionem
2823 4090 3135 4145 Burchardi
3174 4092 3408 4145 nomine
3444 4108 3591 4162 prae-

1893 4186 2173 4247 notatam,
2207 4180 2267 4236 in
2299 4180 2599 4235 duodecim
2621 4185 2811 4251 partes
2840 4180 3205 4235 distributam
3236 4179 3591 4245 contineant,

1894 4287 2157 4325 veremur
2187 4286 2259 4324 ne
2286 4270 2535 4325 Jbannes
2580 4269 2875 4323 Molinaeus
2915 4268 3367 4339 mquivocatione
3398 4267 3593 4339 aliqua

78 4357 329 4410 hortante
358 4360 407 4409 et
454 4362 793 4424 suggerente,
839 4372 1065 4411 canones
1108 4360 1166 4411 in
1203 4374 1369 4411 unum
1398 4374 1592 4427 corpus
1624 4360 1781 4415 colle-
1817 4373 1857 4426 α
1894 4360 2097 4414 ductus
2118 4360 2289 4413 aliam
2319 4358 2657 4429 ampliorem
2702 4373 3048 4428 anonymam
3092 4357 3491 4411 collectionem
3531 4356 3592 4411 in

74 4446 175 4509 git.
212 4444 429 4498 Notatu
458 4442 669 4513 dignus
689 4448 776 4498 est
801 4443 1003 4499 titulus
1029 4460 1041 4497 :
1069 4446 1446 4501 Collectarium
1480 4462 1742 4501 canonum
1770 4467 1785 4513 ;

77 4548 210 4585 nam
262 4530 641 4601 manuscripti
691 4531 913 4585 codices
961 4533 1122 4586 omni
1168 4532 1335 4587 titulo
1382 4541 1597 4588 carent.
1637 4537 1784 4591 Con-

78 4620 217 4673 cinit
266 4635 402 4673 vero
453 4635 584 4673 cum
626 4620 963 4691 praefatione
1021 4621 1201 4692 ipsius
1261 4622 1566 4677 Burchardi
1616 4625 1785 4694 paulo

78 4714 203 4777 post
242 4706 621 4776 subjicienda,
658 4708 714 4761 in
746 4708 907 4779 cujus
939 4709 1052 4763 fine
1094 4709 1142 4764 is
1184 4726 1347 4764 suam
1390 4711 1785 4765 collectionem

80 4799 462 4851 Collectartum
483 4800 663 4850 vocat.

166 4888 220 4939 2.
282 4884 368 4939 Ad
412 4884 669 4939 Ecclesia:
740 4901 860 4939 suae
909 4870 1344 4941 Wormatiensis
1397 4903 1563 4941 usum
1632 4888 1785 4942 idem

80 4990 223 5044 opus
282 4989 341 5026 se
394 4973 702 5026 confecisse
765 4972 829 5027 in
880 4976 1079 5029 eadem
1138 4976 1477 5046 praefatione
1524 4980 1783 5030 testatur.

80 5062 234 5116 Istud
270 5077 389 5115 non
434 5061 727 5131 inceptum
778 5067 911 5116 ante
967 5080 1185 5118 annum
1222 5067 1356 5119 1012
1395 5064 1682 5134 colligitur
1720 5081 1787 5119 ex

82 5152 224 5204 libro
256 5149 534 5214 secundo,
579 5166 629 5204 c.
663 5153 788 5215 2'27,
827 5150 925 5205 ubi
955 5168 1117 5206 suam
1147 5153 1452 5207 formatam
1483 5153 1785 5223 epistolam

84 5240 257 5293 refert
282 5238 355 5292 ad
395 5238 731 5293 Walterium
764 5239 1093 5310 Spirensem
1116 5242 1385 5311 scriptam
1408 5243 1609 5295 eodem
1634 5258 1786 5295 anno

84 5328 278 5381 Idibus
302 5326 508 5381 Martii.
553 5327 710 5381 Idem
746 5344 879 5382 vero
928 5345 1074 5398 opus
1098 5330 1220 5398 jam
1260 5330 1433 5384 fuisse
1473 5330 1786 5400 perfectum

84 5420 396 5486 antequam
424 5415 781 5471 Burchardus
811 5433 977 5479 anno.
996 5420 1131 5472 1023
1166 5418 1383 5487 synodo
1416 5418 1787 5487 Salangnsta-

86 5502 263 5558 diensi
298 5505 619 5569 interesset,
675 5520 742 5559 ex
788 5521 857 5559 eo
901 5506 1300 5572 cognoscimus
1347 5507 1482 5577 quia
1529 5507 1784 5577 ejusdem

86 5593 287 5661 synodi
317 5608 570 5647 canones
616 5608 746 5648 cum
796 5594 853 5647 in
904 5594 1299 5649 collectionem
1345 5612 1460 5649 non
1510 5595 1787 5666 potuisset

1896 4449 2135 4503 totidem
2164 4451 2359 4517 partes
2387 4446 2631 4500 divisam
2661 4444 2732 4499 ob
2774 4445 3206 4499 consonantiam
3239 4445 3298 4497 in
3328 4444 3593 4514 pluribus

1895 4553 2000 4607 pro
2073 4534 2495 4591 Burchardiano
2569 4549 2742 4604 opere
2800 4532 3225 4587 inadvertenter
3288 4531 3588 4603 acceperit.

1898 4627 2063 4680 Forte
2103 4624 2176 4678 ob
2226 4623 2420 4677 oculos
2457 4621 2660 4676 habuit
2686 4620 3082 4693 collectionem
3115 4619 3588 4675 Sorbonieo-Mu-

1896 4714 2179 4767 tinensem
2211 4712 2269 4764 in
2301 4716 2492 4781 partes
2536 4708 2837 4763 duodecim
2883 4708 3229 4775 distinctam,
3284 4724 3459 4779 quam
3500 4708 3593 4761 de-

1896 4800 2231 4871 scripsimus
2278 4798 2463 4868 capite
2510 4796 2734 4851 decimo
2772 4813 2785 4862 ;
2828 4796 3212 4867 deceptusque
3253 4814 3316 4850 ex
3366 4814 3433 4851 eo
3484 4797 3595 4852 fuit

1897 4889 2030 4960 quia
2054 4889 2203 4942 inter
2227 4887 2421 4941 titulos
2450 4885 2728 4940 librorum
2776 4885 3089 4940 Burchardi
3110 4904 3149 4951 ι,
3184 4904 3221 4940 ιι
3254 4892 3311 4939 et
3341 4903 3592 4958 sequen-

1896 4978 2071 5045 tibus,
2121 4992 2184 5031 ac
2230 4975 2427 5029 titulos
2475 4974 2733 5045 ejusdem
2779 4973 3131 5029 collectionis
3168 4975 3431 5045 praeﬁxos
3460 4991 3590 5045 par-

1895 5064 2047 5119 tibus
2098 5081 2134 5129 ι,
2197 5081 2256 5131 ιι,
2313 5080 2393 5128 ιιι,
2450 5080 2520 5128 iv,
2581 5079 2612 5115 ν
2665 5068 2721 5116 et
2761 5080 2814 5130 x,
2879 5079 3105 5117 summa
3160 5065 3459 5119 consensio
3485 5068 3589 5119 est.

1897 5154 2061 5208 Certe
2090 5152 2347 5223 praefatio
2372 5169 2500 5223 qua:
2528 5152 2588 5206 in
2615 5152 2749 5206 solis
2780 5168 2920 5207 mss.
2972 5155 3042 5205 20
3080 5152 3257 5207 libros
3286 5153 3591 5223 preferen-

1896 5243 2047 5297 tibus
2076 5242 2387 5306 invenitur,
2421 5241 2808 5297 Burchardum
2837 5242 3010 5296 habet
3041 5247 3329 5296 auctorem
3360 5241 3592 5295 iisdem-

1897 5347 2008 5402 que
2039 5330 2200 5385 libris
2229 5332 2402 5385 fidem
2431 5331 2581 5385 facit.
2616 5331 2677 5386 ld
2723 5336 2917 5385 autem
2965 5330 3147 5385 multo
3176 5330 3383 5383 clarius
3410 5330 3595 5383 elucet

1896 5435 1965 5475 ex
2013 5420 2196 5475 tribus
2239 5420 2552 5475 Burchardi
2596 5419 2886 5475 codicibus
2941 5420 3062 5472 Vat.
3117 5421 3273 5484 1355,
3320 5418 3594 5472 Patavina

1896 5508 1951 5563 S.
1983 5508 2243 5572 Justinus,
2277 5514 2335 5563 et
2365 5507 2805 5575 Padilironensi,
2846 5508 2902 5561 in
2935 5506 3147 5577 quibus
3176 5506 3298 5575 ipsa
3338 5506 3595 5576 praefatio

1897 5595 1967 5650 ab
2002 5595 2171 5649 editis
2195 5595 2544 5666 discrepans,
2576 5600 2632 5649 et
2662 5592 2959 5660 sincerior,
2998 5596 3061 5645 ut
3091 5607 3221 5646 mox
3252 5591 3592 5660 videbimus,
