3968 6426
310 388 416 442 499
501 390 512 400 “

1330 385 1810 443 BURCHABDUS
1847 375 2382 444 WORM‘ACIENSIS
2421 386 2819 444 EPISCOPUS.

3726 391 3830 442 500

312 527 486 584 quam
506 511 763 583 vulgata,
793 525 912 564 non
940 508 1128 564 solum
1175 508 1442 563 eumdem
1488 507 1694 578 viginti
1726 507 2004 562 librorum
2035 509 2082 561 A
2121 507 2344 579 nequit,
2377 506 2595 578 rogavit
2622 522 2713 560 me
2746 505 2973 560 dilectio
3008 509 3127 572 tua,
3153 509 3218 560 ut
3245 505 3395 560 hunc
3424 505 3642 560 llbrum
3680 506 3819 560 bre-

314 615 625 655 numerum
656 613 919 670 expresse
959 596 1262 668 approbat,
1315 613 1513 651 verum
1546 597 1720 650 etiam
1761 596 2019 666 ipsorum

314 689 510 743 titulos
558 687 804 741 insertos
846 685 1180 757 praeferens,
1228 686 1331 739 hos
1382 689 1438 739 et
1483 700 1599 738 non
1633 684 1776 738 alios
1802 700 1835 736 a
1880 685 2020 738 Bur-

315 777 524 831 chardo
569 774 943 829 concinnatos
983 778 1242 828 testatur.
1279 772 1542 828 Concinit
1590 772 1764 826 etiam
1796 787 2022 842 anony-

317 880 446 918 mus
487 863 598 933 ipsi
629 862 956 918 Burchardo
987 877 1230 928 coaevus,
1265 860 1365 931 qui
1400 859 1460 912 in
1491 859 1614 929 ejus
1645 859 1772 912 Vita
1800 860 1977 913 tradit
2003 875 2015 913 :

318 955 433 1010 Hoc
467 968 592 1006 vero
618 966 833 1021 corpus,
863 952 974 1005 sive
1010 951 1398 1003 Collecturium
1439 949 1718 1012 distinxit,
1769 952 1821 1002 et
1849 951 1909 1002 in
1935 951 2020 1002 vi-

319 1043 463 1108 ginti
491 1041 655 1094 libros
681 1040 988 1094 distribuit.
1035 1040 1233 1092 Nonne
1262 1038 1386 1090 haec
1415 1036 1549 1096 duo,
1583 1035 1761 1089 coaevi
1807 1035 2024 1090 scilicet

320 1124 612 1199 scriptoris
646 1134 704 1182 et
748 1128 928 1198 ipsius
977 1125 1305 1192 Burchardi,
1340 1125 1672 1179 testimonia
1716 1125 2022 1180 duodecim

321 1217 601 1270 librorum
630 1215 962 1285 opinionem
995 1213 1371 1284 expungunt?

394 1307 480 1359 3.:
516 1305 579 1358 In
626 1303 905 1373 Operibus
963 1301 1190 1372 Georgii
1248 1301 1552 1355 Cassandri
1597 1317 1731 1371 pag.
1790 1303 1918 1355 1091
1968 1303 2025 1354 et

327 1395 481 1459 1098,
515 1396 660 1446 teste
711 1390 986 1458 Fabricio,
1032 1391 1155 1444 haec
1201 1390 1508 1458 leguntur:
1543 1391 1706 1444 Nacti
1740 1390 1904 1442 etiam
1939 1403 2025 1442 su-

321 1495 439 1534 mus
485 1494 583 1533 rm.
645 1494 780 1548 opus
838 1478 1175 1543 Burchardi,
1231 1477 1376 1546 quod
1425 1477 1596 1530 obiter
1652 1481 1866 1531 tantum
1905 1491 2023 1530 cum

323 1571 584 1636 impresso
636 1568 867 1621 Parisiis
914 1582 1005 1619 an.
1076 1565 1211 1619 1549
1257 1566 1599 1629 contulimus,
1631 1569 1681 1618 ct
1732 1564 2025 1632 deprehen-

324 1656 504 1708 dimus
556 1654 794 1722 epistolae
837 1653 1088 1722 phrasim
1136 1656 1302 1705 totam
1353 1654 1716 1705 immutatam.
1771 1650 2023 1720 ldipsum

325 1749 378 1796 et
405 1758 507 1795 nos
534 1740 960 1794 observavimus
995 1739 1055 1792 in
1115 1741 1298 1792 tribus
1331 1739 1575 1793 laudatis
1624 1738 1931 1805 codicibus,
1964 1737 2023 1791 in

327 1831 535 1900 quibus
567 1834 794 1884 tantum
848 1827 1248 1900 praefationem
1293 1827 1637 1882 invenimus.
1676 1827 1740 1880 In
1771 1827 1860 1881 his
1885 1842 2027 1896 prae-

329 1919 469 1973 fatio
497 1933 612 1972 non
671 1919 859 1972 solum
908 1917 1100 1971 verbis
1155 1917 1442 1987 discrepat
1470 1932 1503 1969 a
1550 1916 1800 1984 vulgata,
1829 1929 2029 1968 verum

327 2007 501 2062 etiam
529 2006 732 2060 ordine
759 2021 773 2058 :
807 2021 875 2059 ea
925 2004 1082 2058 enim
1113 2020 1242 2075 quae
1285 2004 1343 2057 in
1366 2003 1536 2058 editis
1576 2003 1644 2057 ad
1677 2001 2032 2074 prmfationis

328 2099 538 2151 calcem
575 2095 645 2150 ab
678 2095 804 2148 aliis
835 2094 1053 2163 adjecta
1069 2093 1249 2148 videri
1289 2097 1550 2164 possunt,
1575 2092 1687 2163 ipsi
1709 2091 2032 2162 praifationi

329 2185 391 2238 in
421 2185 626 2239 iisdem
677 2199 812 2237 mss.
847 2183 925 2236 ita
954 2181 1308 2249 inseruntur,
1353 2186 1414 2235 ut
1446 2181 1768 2235 Burchardo
1801 2185 2032 2234 auctore

329 2266 540 2344 scripta
588 2271 760 2326 fuisse
817 2269 1279 2324 manifestissime
1331 2275 1568 2324 constet.
1628 2271 1840 2324 Horum
1878 2275 2033 2323 vete-

331 2378 462 2416 rum
492 2358 910 2429 exemplarium
951 2358 1278 2423 concordia,
1319 2375 1448 2412 cum
1482 2358 1690 2429 quibus
1719 2358 1859 2411 alios
1888 2373 2034 2428 quo-

332 2465 446 2521 que
477 2448 696 2503 codices
727 2447 826 2518 qui
876 2445 1215 2517 praafatione
1269 2462 1388 2500 non
1436 2451 1680 2508 careant,
1729 2446 2035 2500 convenire

332 2555 451 2592 non
501 2536 871 2607 ambigimus,
919 2536 1068 2590 hanc
1116 2551 1310 2589 veram
1359 2551 1480 2589 esse
1512 2535 1908 2604 praefationem
1935 2550 2035 2588 seu

335 2625 639 2696 epistolam
699 2622 1014 2679 Burchardi
1069 2623 1140 2677 ad
1183 2614 1562 2676 Bruniconem
1629 2623 1830 2677 suadet
1876 2641 1890 2690 ;
1949 2623 2038 2677 id-

335 2714 640 2784 ipsumque
673 2711 978 2766 conﬁrmat
1007 2710 1131 2780 ipsa
1161 2711 1292 2782 styli
1323 2727 1387 2765 ac
1419 2715 1714 2782 syntaxeos
1739 2711 2036 2766 inconcin-

335 2801 506 2867 nitas,
543 2815 671 2870 qua:
717 2798 799 2852 illi
856 2815 975 2853 aevo
1010 2798 1256 2852 maxime
1304 2798 1591 2868 congruit.
1633 2799 2036 2852 Praefationem

335 2893 529 2943 autem
580 2889 892 2958 vulgatam,
921 2902 1051 2941 cum
1100 2892 1220 2941 tam
1270 2893 1465 2957 aperte
1496 2903 1530 2940 a
1577 2887 1910 2941 memoratis
1938 2902 2036 2942 ve-

338 2977 504 3030 tustis
533 2992 675 3031 mss.
715 2975 1033 3040 dissentiat,
1069 2975 1311 3030 studiosi
1368 2975 1608 3045 alicujus
1657 2975 1914 3038 arbitrio,
1945 2975 2037 3029 cui

337 3064 654 3135 elegantior
697 3065 876 3134 stylus
925 3063 1205 3134 placebat,
1265 3064 1438 3118 fuisse
1495 3067 1858 3118 immutatam
1892 3064 2040 3118 arbi-

339 3161 578 3208 tramur.
613 3154 774 3206 Illam
796 3152 1028 3206 interim
1061 3153 1248 3223 qualis
1279 3152 1336 3205 in
1367 3153 1659 3207 codicibus
1697 3154 1908 3224 legitur
1947 3152 2043 3207 hic

341 3242 695 3297 exhibemus.

403 3330 457 3384 4.
495 3352 516 3378 ‹
578 3328 942 3383 Burchardus
995 3328 1116 3382 solo
1157 3328 1394 3383 nomine
1452 3328 1886 3382 Wormaciensis
1917 3328 2040 3399 epi-

341 3434 548 3486 scepus
580 3416 929 3470 Brunichoni
961 3416 1116 3470 fideli
1144 3433 1271 3484 suo,
1305 3417 1564 3486 ejusdem
1604 3417 1865 3471 videlicet
1891 3417 2042 3472 sedis

343 3506 670 3578 praeposito,
704 3505 764 3558 in
797 3504 1020 3560 Christo
1054 3505 1296 3559 Domino
1323 3506 1585 3558 salutem.

414 3613 442 3645 α
477 3593 662 3649 Multis
686 3593 806 3663 jam
839 3609 990 3662 saepe
1042 3593 1246 3646 diebus
1298 3592 1658 3646 familiaritas
1716 3597 1832 3660 tua,
1866 3593 2043 3648 frater

343 3681 695 3750 charissime,
724 3697 980 3751 praesens
1011 3681 1175 3734 nobis
1205 3682 1489 3736 hortando
1522 3682 1807 3752 suggessit
1835 3689 2044 3753 quate-

343 3787 450 3824 nus
495 3770 753 3824 libellum
787 3785 853 3822 ex
885 3769 1056 3822 variis
1100 3768 1446 3824 utilitatibus
1495 3769 1566 3823 ad
1607 3785 1752 3839 opus
1782 3786 2043 3840 compre-

341 3859 703 3928 sbyterorum
733 3861 1063 3910 nostrorum
1093 3861 1210 3910 tam
1260 3872 1357 3929 ex_
1385 3857 1685 3910 sententiis
1718 3863 2042 3912 sanctorum

341 3949 574 4000 Patrum
609 3961 783 4015 quam
815 3961 879 3997 ex
907 3945 1244 4009 canonibus,
1270 3961 1370 3998 seu
1401 3961 1462 3998 ex
1482 3945 1722 3998 diversis
1749 3947 2043 4015 paeniten-

341 4031 575 4086 tialihus
605 4031 866 4101 vigilanti
896 4031 1091 4084 animo
1123 4047 1330 4101 corpus
1363 4031 1424 4085 in
1453 4049 1633 4086 unum
1665 4034 1998 4103 colligerem
2025 4051 2038 4088 :

341 4121 414 4174 ob
447 4120 504 4174 id
539 4119 825 4184 maxime,
873 4119 1010 4189 quia
1038 4135 1325 4174 canonum
1365 4119 1496 4190 jura
1527 4126 1583 4174 et
1608 4121 1826 4190 judicia
1854 4122 2044 4192 pceni-

339 4208 587 4262 tentium
644 4207 706 4260 in
755 4211 948 4260 nostra
993 4207 1222 4261 dioecesi
1283 4208 1363 4262 sic
1417 4213 1549 4261 sunt
1603 4207 1841 4263 confusa
1870 4215 2042 4280 atque

341 4297 561 4351 diversa
584 4301 640 4350 et
667 4296 899 4362 inculta,
946 4312 1009 4349 ac
1039 4295 1116 4349 sic
1148 4311 1215 4349 ex
1246 4300 1365 4350 toto
1405 4297 1683 4366 neglecta,
1717 4303 1772 4350 et
1802 4298 1953 4351 inter
1980 4315 2038 4351 se

337 4386 499 4439 valde
548 4384 946 4454 discrepantia,
981 4390 1038 4438 et
1094 4399 1241 4454 pene
1294 4385 1511 4439 nullius
1558 4385 1896 4439 auctoritate
1922 4387 2037 4439 suf-

337 4475 499 4540 fulta,
535 4479 600 4527 ut
650 4478 891 4543 propter
933 4472 1348 4527 dissonantiam
1379 4473 1469 4526 vix
1499 4490 1531 4526 a
1581 4474 1773 4527 sciolis
1820 4474 2043 4543 possint

336 4561 599 4616 discerni.
647 4562 802 4616 Unde
834 4562 898 4615 ﬁt
951 4561 1298 4633 plerumque
1347 4568 1412 4615 ut
1458 4563 1916 4633 confugientibus
1969 4564 2048 4618 ad-

336 4650 655 4704 remedium
687 4650 1058 4720 poenitentiae,
1093 4655 1210 4704 tam
1250 4667 1354 4722 pro
1393 4650 1672 4704 librorum
1703 4653 2040 4706 confusione

338 4754 510 4808 quam
569 4738 739 4792 etiam
787 4740 1257 4809 presbyterorum
1309 4738 1659 4808 ignorantia,
1710 4741 2040 4795 nullatenus

336 4827 521 4880 valeat
569 4826 880 4880 subveniri.
942 4827 1056 4882 Cur
1113 4827 1278 4881 hoc?
1337 4827 1475 4882 Inde
1537 4832 1757 4881 aestimo
1809 4828 2040 4883 evenire

310 4896 606 4978 .maxime,
641 4912 776 4982 quia
805 4927 1134 4967 mensuram
1165 4915 1444 4984 temporis
1474 4919 1532 4968 et
1582 4914 1815 4968 modum
1847 4914 2041 4969 delicti

338 5000 400 5054 in
449 4999 670 5070 agenda
710 4999 1048 5069 pmnitentia
1086 5017 1203 5054 non
1251 5001 1386 5054 satis
1426 5006 1663 5070 attente,
1714 5006 1771 5055 et
1817 5007 2036 5072 aperte,

237 5145 240 5148 ἠ
338 5093 395 5142 et
437 5087 686 5158 perfecte
728 5086 1040 5157 praeﬁgunt
1087 5103 1335 5141 canones
1366 5104 1470 5159 pro
1523 5103 1875 5158 unoquoque
1922 5088 2038 5142 cri-

337 5176 516 5243 mine,
549 5180 612 5229 ut
656 5175 727 5229 de
775 5174 1015 5244 singulis
1069 5174 1262 5228 dicant
1301 5175 1552 5244 qualiter
1580 5177 2038 5248 unumquodque

337 5263 767 5320 emendandum
801 5263 904 5329 sit;
940 5262 1037 5316 sed
1096 5262 1280 5332 magis
1332 5261 1394 5316 in
1449 5263 1689 5316 arbitrio
1737 5266 2038 5319 sacerdotis

337 5352 710 5425 intelligentia
730 5351 1178 5423 relinquendum
1201 5355 1474 5405 statuunt.
1501 5351 1878 5421 Quapropter,
1902 5355 2038 5424 quia

336 5443 446 5498 hoc
474 5442 590 5497 nisi
617 5459 651 5496 a
707 5439 1063 5513 sapientibus
1103 5445 1159 5494 et
1209 5439 1351 5510 legis
1382 5439 1590 5494 divinas
1643 5440 1881 5496 eruditis
1911 5441 2036 5496 ﬁeri

2076 3065 2116 3120 C

2128 595 2276 650 viter
2303 595 2628 662 collectum,
2666 610 2820 648 nunc
2849 595 3086 648 demum
3118 593 3312 664 pueris
3341 594 3677 649 discendum
3709 600 3834 649 tra-

2128 681 2353 736 derem:
2414 687 2479 736 ut
2520 682 2676 753 quod
2739 682 2924 736 nostri
2969 688 3368 752 cooperatores
3417 683 3476 737 in
3519 683 3837 738 maturiore

2130 776 2298 825 (etate
2324 771 2498 842 positi
2534 771 2744 825 nostris
2771 770 2996 837 diebus,
3028 776 3087 824 et
3133 777 3563 826 antecessorum
3598 778 3834 827 nostro-

2131 875 2260 912 rum
2304 859 2573 914 tarditate
2621 860 3014 930 neglexerant,
3073 862 3246 913 modo
3295 865 3463 914 aetate
3508 861 3746 926 teneris,
3783 865 3839 916 et

2131 946 2257 1001 aliis
2281 948 2496 1002 discere
2534 948 2859 1001 volentibus
2879 948 3218 1002 traderetur.
3253 948 3544 1020 Siquidem
3575 954 3643 1003 ut
3672 949 3838 1019 prius

2131 1035 2336 1090 ﬁerent
2389 1035 2552 1106 probi
2603 1035 2892 1105 discipuli,
2927 1040 3055 1106 post
3079 1035 3332 1106 plebium
3374 1040 3430 1089 et
3485 1037 3750 1090 doctores
3783 1025 3867 1090 et-

2132 1124 2430 1194 magistri;
2461 1129 2517 1178 et
2566 1128 2630 1178 ut
2657 1124 3022 1194 perciperent
3050 1124 3111 1177 in
3142 1124 3351 1178 scholis
3383 1125 3536 1195 quod
3565 1125 3836 1195 quando-

2133 1229 2244 1284 que
2299 1212 2508 1266 docere
2563 1213 2843 1266 deberent
2897 1212 3005 1266 sibi
3065 1211 3414 1267 commissos.
3476 1213 3841 1268 Desiderium

2132 1307 2321 1366 tuum,
2345 1307 2400 1354 et
2427 1300 2650 1370 petitio,
2678 1301 2873 1368 frater,
2894 1301 3049 1371 justa
3086 1301 3230 1354 mihi
3266 1300 3512 1366 videtur,
3546 1305 3602 1354 et
3632 1302 3704 1355 de
3731 1317 3839 1354 vo-

2136 1390 2351 1442 luntate
2382 1388 2480 1442 tali
2533 1389 2745 1459 gratias
2787 1405 2916 1458 ago.
2979 1387 3161 1442 Etiam
3205 1393 3262 1442 et
3317 1388 3403 1442 illi
3455 1388 3838 1443 multimodas

2133 1477 2346 1548 gratias
2391 1477 2600 1542 refero,
2658 1477 2760 1547 qui
2815 1480 2868 1530 te
2899 1477 3072 1531 talem
3105 1477 3247 1531 milii
3284 1477 3655 1546 praestiterat,
3699 1477 3840 1547 quia

2137 1581 2238 1636 pro
2275 1570 2424 1619 statu
2482 1565 2742 1619 Ecclesiae
2786 1570 2996 1619 nostrae
3035 1570 3090 1619 te
3136 1565 3359 1619 assidue
3399 1565 3707 1620 desudasse
3739 1582 3838 1620 eo-

2134 1669 2465 1723 gnoveram.
2541 1653 2648 1708 Sed
2716 1653 2869 1724 quod
2920 1658 3078 1707 tuam
3131 1654 3586 1707 exhortationem
3627 1654 3842 1724 saepius

2136 1741 2279 1795 mihi
2323 1741 2666 1795 inculcatam
2725 1741 2928 1795 tandiu
2985 1742 3341 1808 distuleram,
3400 1758 3544 1795 meae
3591 1743 3842 1813 ignaviae

2139 1831 2273 1884 nolo
2330 1834 2395 1883 ut
2448 1829 2726 1900 assignes,
2798 1829 2936 1899 quia
2986 1829 3206 1883 duabus
3260 1845 3325 1883 ex
3356 1830 3540 1884 causis
3597 1831 3841 1885 minime

2139 1919 2283 1974 mihi
2320 1919 2430 1972 hoc
2483 1920 2763 1989 attingere
2797 1919 3074 1972 licuerat:
3115 1918 3325 1972 scilicet
3382 1923 3619 1989 prapter
3657 1920 3845 1974 varias

2141 2013 2198 2061 et
2222 2007 2574 2061 inevitabiles
2601 2006 3006 2060 ecclesiasticas
3045 2007 3430 2072 necessitates,
3484 2023 3613 2077 quia
3646 2008 3847 2078 quoti-

2144 2095 2234 2149 die
2266 2110 2425 2149 more
2455 2095 2732 2148 ﬂuctuum
2773 2100 3106 2164 emergunt;
3143 2099 3198 2148 et
3227 2095 3463 2165 insuper
3486 2111 3624 2148 cura
3673 2111 3847 2149 mun-

2142 2183 2380 2236 dialium
2412 2198 2606 2236 rerum
2641 2183 2712 2236 ad
2739 2183 3064 2252 imperialia
3107 2183 3375 2237 mandata
3404 2183 3848 2253 pertinentium,

2143 2287 2272 2341 quae
2319 2270 2603 2324 studentis
2660 2275 2716 2325 et
2763 2270 2835 2324 ad
2900 2268 3196 2341 superiora
3243 2271 3524 2325 tendentis
3581 2271 3850 2325 animum

2144 2359 2307 2413 valde
2339 2358 2699 2425 obtundunt;
2732 2358 2869 2429 quia
2899 2359 3125 2413 animus
3141 2359 3442 2430 cujusque,
3470 2359 3606 2414 dum
3631 2360 3843 2414 dividi-

2144 2451 2240 2500 tur
2283 2462 2388 2517 per
2441 2447 2626 2517 plura,
2675 2447 2864 2500 minor
2909 2447 2976 2501 tit
3033 2447 3103 2501 ad
3158 2447 3404 2519 singula.
3466 2448 3683 2501 Tamen
3737 2449 3854 2501 tuis

2146 2534 2353 2588 sanctis
2401 2534 2778 2606 petitionibus
2819 2535 3090 2590 obediens
3138 2535 3432 2606 synodalia
3476 2541 3770 2607 prmcepta
3798 2542 3853 2591 et

2147 2628 2340 2677 sancta
2371 2627 2580 2677 statuta
2628 2627 2742 2677 tam
2775 2639 2843 2677 ex
2899 2622 3199 2678 sententiis
3239 2629 3562 2678 sanctorum
3609 2625 3850 2678 Patrum

2147 2727 2322 2782 quam
2352 2727 2417 2764 ex
2474 2711 2813 2778 canonibus,
2848 2713 2962 2766 Deo
2997 2711 3295 2781 largiente,
3329 2713 3537 2782 collegi
3563 2718 3639 2779 et,
3674 2726 3853 2783 prout

2147 2799 2330 2871 potui,
2368 2815 2605 2870 corpore
2655 2800 2939 2854 connexui
2995 2799 3055 2853 in
3085 2816 3222 2866 uno,
3255 2805 3312 2854 et
3341 2800 3402 2854 in
3433 2801 3640 2871 viginti
3673 2801 3853 2855 libros

2148 2887 2300 2942 idem
2331 2903 2536 2957 corpus
2558 2887 2845 2942 distribui.
2873 2889 2938 2940 Et
2977 2887 3022 2941 si
3053 2888 3182 2959 quis
3232 2887 3477 2959 diligens
3534 2889 3718 2943 lector
3756 2907 3855 2944 eos

2152 2975 2438 3030 subtiliter
2462 2980 2854 3046 perscrutatus
2896 2975 3091 3042 fuerit,
3121 2976 3332 3030 multas
3361 2976 3636 3030 utilitates
3666 2978 3856 3032 nostri

2154 3064 2458 3118 ministerii
2488 3064 2547 3117 in
2580 3063 2661 3118 eis
2684 3063 2955 3118 inveniet.

2150 3154 2322 3208 ludes:
2370 3153 2441 3222 (l)
2494 3153 2833 3221 singulorum
2881 3153 3142 3206 librorum
3191 3153 3262 3206 D.
3323 3153 3632 3207 Burchardi
3690 3155 3859 3207 Wor-

2219 3243 2505 3296 maciensis
2535 3243 2792 3310 episcopi,
2824 3240 3053 3294 breuiter
3103 3241 3238 3309 quid
3283 3256 3498 3309 quoque
3536 3242 3676 3296 libro
3727 3258 3858 3296 con-

2222 3333 2426 3384 tinetur
2453 3329 2752 3383 ostendens.

2252 3438 2280 3465 ‹‹
2311 3417 2535 3470 Primus
2564 3416 2704 3470 libes
2748 3414 3002 3469 continet
3040 3415 3110 3469 de
3167 3419 3447 3486 potestate
3503 3421 3562 3470 et
3610 3418 3861 3487 primat-

2150 3505 2482 3574 apostolicas
2513 3504 2682 3570 sedis,
2731 3503 3208 3574 patriarcharum,
3253 3509 3594 3558 caaterorum
3637 3507 3858 3574 prima-

2151 3597 2274 3646 tum
2306 3592 2906 3662 metropolitanorum,
2949 3597 3006 3646 et
3057 3592 3127 3646 de
3158 3594 3376 3662 synodo
3404 3593 3773 3664 celebranda,
3808 3601 3864 3650 et

2152 3680 2451 3734 vocatione
2481 3679 2554 3733 ad
2609 3680 2930 3751 synodum;
2963 3680 3033 3734 de
3079 3680 3373 3747 accusatis,
3425 3685 3481 3735 et
3508 3685 3859 3737 accusatori-

2151 3769 2291 3835 bus,
2312 3775 2368 3822 et
2397 3769 2674 3836 testibus;
2710 3769 2780 3822 de
2808 3768 3134 3838 exspoliatis
3165 3768 3412 3838 injuste;
3443 3769 3512 3823 de
3550 3769 3858 3839 judicibus

2150 3873 2216 3911 ac
2263 3857 2333 3911 de
2390 3857 2548 3911 omni
2581 3857 2798 3912 honore
2828 3857 3194 3926 competenti,
3229 3873 3293 3910 ac
3343 3857 3644 3928 dignitate,
3675 3865 3737 3914 et
3767 3861 3856 3914 di-

2149 3961 2314 4000 verso
2346 3945 2600 4015 negotio,
2633 3950 2690 3999 et
2718 3944 3038 3999 ministerio
3069 3945 3490 4016 episcoporum.

2225 4054 2252 4083 ‹‹
2285 4033 2580 4088 Secundus
2625 4033 2772 4087 liber
2799 4033 3053 4086 continet
3098 4033 3166 4087 de
3208 4033 3544 4104 congruenti
3573 4033 3859 4106 dignitate

2152 4127 2208 4175 et
2245 4121 2469 4176 diversa
2501 4121 2883 4188 institutione,
2917 4137 3009 4174 ‘ac
3040 4121 3416 4187 nutrimento,
3458 4123 3546 4176 vel
3575 4125 3857 4193 qualitate

2150 4210 2300 4277 vitae,
2337 4216 2393 4265 et
2421 4211 2644 4265 diverso
2695 4209 2948 4281 negotio,
2991 4214 3048 4263 et
3103 4210 3424 4264 ministerio
3482 4213 3859 4282 presbytero-

2152 4314 2304 4364 rum,
2337 4303 2395 4353 et
2422 4298 2816 4366 diaconorum,
2850 4313 2950 4352 seu
2992 4299 3347 4369 reliquorum
3379 4300 3651 4354 ordinum
3686 4303 3857 4356 eccle-

2153 4385 2531 4440 siasticorum.

2215 4491 2242 4526 c
2277 4474 2499 4527 Tertius
2546 4473 2693 4527 liber
2745 4471 2998 4526 continet
3041 4473 3111 4526 de
3161 4473 3487 4527 divinarum
3544 4473 3853 4531 domorum

2148 4561 2528 4624 institutione,
2590 4565 2646 4614 et
2691 4561 2872 4629 cultu,
2929 4567 2988 4615 et
3037 4561 3294 4627 honore;
3332 4562 3402 4616 de
3461 4562 3725 4631 decimis,
3802 4571 3854 4620 et

2148 4650 2551 4717 oblationibus,
2585 4654 2644 4704 et
2680 4649 2920 4720 justitiis
2951 4650 3340 4720 singulorum;
3377 4655 3433 4704 et
3462 4651 3562 4722 qui
3620 4653 3758 4707 libri
3796 4654 3852 4708 in

2146 4753 2307 4792 sacro
2365 4739 2633 4808 Catalogo
2685 4736 3053 4807 recipiantur,
3096 4738 3197 4809 qui
3235 4754 3366 4792 vero
3412 4742 3754 4811 apocryphi,
3789 4749 3842 4796 et

2149 4826 2382 4896 quando
2416 4825 2746 4896 apponendi
2776 4825 2911 4880 sint.

2223 4933 2250 4965 α
2282 4915 2530 4979 Quartus
2559 4913 2704 4969 liber
2749 4914 3004 4968 continet
3057 4920 3478 4969 sacramentum
3528 4915 3852 4988 baptisma-

2148 5003 2242 5072 tis,
2273 5007 2329 5056 et
2353 5003 2737 5057 ministerium
2766 5002 3270 5073 baptizandorum,
3303 5008 3360 5058 et
3409 5003 3851 5075 baptizatorum,

2147 5095 2203 5146 et
2232 5091 2776 5162 consignandorum,
2809 5097 2868 5146 et
2896 5091 3386 5162 consignatorum.

2220 5200 2243 5229 ι
2303 5179 2546 5243 Quintus
2589 5179 2733 5234 liber
2774 5180 3031 5234 continet
3068 5180 3138 5234 de
3188 5185 3545 5236 sacramento
3591 5185 3854 5255 corporis

2145 5271 2202 5322 et
2230 5268 2527 5338 sanguinis
2579 5267 2828 5336 Domini,
2860 5272 2916 5322 et
2944 5267 3016 5322 de
3062 5269 3450 5340 perceptione,
3484 5274 3541 5324 et
3584 5271 3858 5328 observa-

2143 5355 2302 5410 tione
2332 5371 2554 5411 eorum.

2217 5464 2245 5494 α
2279 5443 2476 5498 Sextus
2534 5445 2680 5499 liber
2735 5445 2990 5499 continet
3044 5445 3113 5500 de
3151 5445 3479 5501 homicidiis
3536 5454 3750 5519 sponte
3790 5456 3843 5505 et

407 5626 488 5695 lt)
522 5625 618 5678 Hic
643 5625 864 5692 titulus,
887 5625 973 5678 vel
1005 5625 1203 5679 saltem
1237 5623 1546 5680 Burchardi
1583 5641 1818 5694 nomen,
1851 5625 2218 5682 librariorum
2250 5627 2490 5683 arbitrio
2521 5629 2799 5684 insertum
2821 5631 3068 5685 videtur.
