3968 6410
89 364 179 413 501
1077 363 1424 418 PBOtEMlA.
1465 356 1536 403 -—'
1575 365 1663 418 DE
1704 365 2178 421 GOLLECTIONE
2224 367 2647 422 BURCl-IARDI.

3518 375 3620 426 502

85 495 203 533 non
254 484 465 551 sponte
499 479 840 546 commissis,
889 483 946 533 et
989 480 1058 534 de
1104 479 1445 550 parricidiis,
1482 486 1537 535 et
1568 481 1638 535 de
1685 482 1797 536 fra-
1832 487 1877 537 Α
1915 483 2084 536 dulus
2114 481 2236 552 qui,
2268 487 2574 554 postquam
2603 484 2753 538 istud
2780 485 3007 551 viderit,
3038 486 3178 540 mihi
3211 487 3502 552 inviderit,
3536 487 3620 541 di-

84 568 356 636 tricidiis,
391 574 448 623 et
493 570 562 624 de
587 568 702 622 illis
732 569 830 639 qui
862 585 1067 622 uxores
1119 569 1425 639 legitimas,
1459 576 1516 624 et
1555 570 1806 624 seniores

86 673 220 711 suos
269 657 646 723 interﬁciunt,
696 663 754 711 et
807 658 876 712 de
924 657 1207 711 occisione
1263 658 1802 726 ecclesiasticarum,

83 751 141 799 et
173 747 245 800 de
279 747 700 813 observatione,
735 751 792 799 et
820 746 889 799 de
915 746 1250 814 pmnitentia
1280 746 1659 816 singulorum.

161 855 189 884 α
223 835 516 906 Septimus
571 835 717 888 liber
760 834 1016 888 continet
1059 835 1128 888 de
1175 834 1391 888 incesta
1441 836 1805 905 copulatione

90 923 642 994 consanguinitatis,
682 928 738 976 et
773 925 832 976 in
875 939 989 993 quo
1029 922 1296 993 geniculo
1345 923 1541 977 ﬁdeles
1586 933 1640 980 et
1669 941 1804 978 con-

76 1011 254 1081 jungi
289 1018 347 1066 et
393 1011 651 1082 separari
683 1011 950 1077 debeant,
996 1015 1052 1064 et
1089 1011 1158 1064 de
1203 1011 1586 1078 revocatione,
1635 1017 1691 1066 et
1735 1013 1806 1066 de

86 1099 435 1169 paenitentia
461 1099 849 1169 singulorum.

166 1210 188 1235 ι
237 1188 479 1242 Octavus
536 1188 683 1241 liber
711 1188 974 1241 continet
1015 1187 1084 1241 de
1136 1187 1274 1241 viris
1316 1204 1380 1242 ac
1427 1187 1661 1242 feminis
1695 1189 1808 1241 Deo

85 1277 296 1330 dicatis
328 1281 385 1328 et
434 1292 662 1330 sacrum
711 1277 1073 1346 propositum
1125 1277 1705 1346 transgredientibus,
1751 1281 1808 1330 et

86 1364 160 1417 de
191 1363 574 1430 revocatione,
613 1368 669 1416 et
696 1363 764 1416 de
792 1363 1130 1432 poenitentia
1154 1380 1377 1416 eorum.

175 1472 198 1498 ο
244 1451 438 1504 Nonus
470 1451 612 1504 liber
640 1451 899 1504 continet
928 1451 998 1504 de
1030 1451 1350 1521 virginibus
1391 1455 1447 1504 et
1474 1451 1659 1506 viduis
1688 1468 1805 1505 non

93 1538 321 1604 velatis,
355 1540 424 1593 de
469 1539 792 1609 raptoribus
827 1556 1050 1606 earum,
1099 1540 1256 1592 etde
1307 1540 1668 1609 separatione
1717 1557 1807 1594 eo-

87 1643 250 1695 rum,
283 1627 353 1680 de
384 1627 794 1697 conjunctione
822 1628 1217 1697 legitimorum
1251 1629 1696 1696 connubiorum,
1737 1631 1806 1682 de

85 1716 449 1780 concubinis,
493 1716 563 1770 de
613 1717 1066 1785 transgressione
1114 1722 1171 1770 et
1219 1716 1559 1787 poenitentia
1603 1717 1801 1787 singu-

84 1805 304 1858 lorum.

169 1914 190 1939 ι
239 1891 502 1945 Decimus
533 1891 679 1946 liber
726 1892 985 1946 continet
1029 1893 1097 1946 de
1127 1892 1600 1959 incantatoribus,
1647 1897 1704 1947 et
1735 1894 1803 1947 de

86 1980 435 2050 auguribus,
469 1980 536 2034 de
569 1981 796 2048 divinis,
846 1981 915 2035 de
947 1980 1232 2050 sortilegis
1281 1985 1337 2034 et
1367 1981 1437 2034 de
1467 1980 1640 2034 variis
1670 1981 1803 2035 illu-

86 2070 357 2123 sionibus
403 2070 637 2137 diaboli,
675 2075 730 2124 et
759 2070 828 2124 de
874 2070 1192 2134 maledicis,
1229 2070 1379 2124 etde
1411 2071 1802 2136 contentiosis,

88 2166 148 2212 et
178 2159 250 2213 de
301 2158 811 2228 conspiratoribus,
861 2163 916 2212 et
945 2159 1012 2211 de
1045 2158 1383 2228 poenitentia
1420 2158 1800 2226 singulorum.

173 2271 192 2293 υ
245 2245 588 2301 Undecimus
636 2247 779 2300 liber
825 2246 1086 2299 continet
1124 2246 1192 2299 de
1240 2246 1805 2300 excommunicandis

88 2342 152 2389 et
184 2335 717 2398 excommunicatis,
762 2335 832 2388 de
866 2335 1110 2398 furibus,
1145 2338 1200 2386 et
1245 2333 1315 2387 de
1364 2334 1801 2403 praedatoribus,

87 2430 151 2477 et
200 2424 271 2477 de
317 2423 788 2493 praesumptione,
837 2428 894 2476 et
933 2425 1287 2492 contemptu,
1343 2427 1400 2475 et
1431 2421 1800 2492 negligentia,

88 2517 150 2566 et
180 2511 671 2580 reconciliatione,
704 2516 761 2564 et
792 2510 1131 2580 poenitentia
1162 2526 1384 2563 eorum.

170 2624 190 2647 ι
243 2599 626 2653 Duodecimus
687 2599 834 2653 liber
901 2599 1154 2652 continet
1204 2599 1272 2653 de
1323 2597 1580 2668 perjurio
1629 2602 1687 2651 et
1736 2598 1804 2651 de

89 2689 441 2760 paenitentia
466 2689 610 2758 ejus.

169 2801 190 2825 ι
240 2777 466 2831 Tertius
523 2777 781 2830 decimus
825 2775 970 2829 liber
1016 2775 1274 2829 continet
1324 2775 1394 2829 de
1433 2773 1803 2828 veneratione

91 2873 150 2920 et
180 2865 586 2920 observatione
619 2864 763 2917 sacri
787 2864 1015 2934 jejunii.

162 2977 190 3003 ››
241 2954 485 3018 Quartus
534 2953 792 3008 decimus
837 2953 983 3006 liber
1031 2951 1286 3006 continet
1332 2952 1400 3005 de
1449 2951 1702 3020 crapula,
1749 2953 1803 3002 et

89 3044 391 3108 ebrietate,
428 3047 485 3096 et
509 3043 578 3095 de
609 3041 945 3112 pcenitentia
974 3057 1192 3094 eorum.

165 3153 193 3184 ι»
239 3131 482 3194 Quintus
513 3130 770 3184 decimus
795 3129 940 3182 liber
960 3128 1216 3182 continet
1239 3128 1308 3182 de
1330 3126 1796 3196 imperatoribus,

89 3219 474 3291 principibus,
521 3224 580 3272 et
623 3218 693 3272 de
743 3217 981 3286 reliquis
1035 3217 1211 3282 laicis,
1260 3221 1316 3270 et
1364 3217 1432 3270 de
1482 3215 1801 3269 ministerio

91 3325 323 3363 eorum.

165 3418 196 3444 ››
239 3395 438 3450 Sextus
469 3393 724 3447 decimus
771 3393 916 3446 liber
955 3391 1210 3445 continet
1238 3391 1309 3444 de
1355 3390 1800 3454 accusatoribus,

94 3485 166 3539 de
194 3482 511 3554 judicibus,
544 3482 613 3535 de
664 3481 1076 3545 defensoribus,
1133 3481 1202 3534 de
1253 3479 1408 3532 falsis
1439 3478 1698 3543 testibus,
1749 3483 1806 3533 et

94 3573 166 3628 de
201 3570 545 3644 paenitentia
575 3570 957 3638 singulorum.

170 3684 193 3710 ι
241 3659 530 3730 Septimus
562 3658 819 3712 decimus
850 3657 994 3711 liber
1031 3656 1286 3710 continet
1315 3656 1384 3709 de
1427 3654 1803 3709 fornicatione

92 3755 150 3804 et
179 3750 405 3804 incestu
429 3746 638 3802 diversi
669 3746 914 3816 generis,
948 3750 1004 3799 et
1035 3746 1104 3800 de
1135 3744 1475 3816 poenitentia
1506 3745 1803 3815 utriusque

91 3855 262 3893 sexus
293 3843 348 3891 et
375 3836 610 3890 diversa
643 3835 846 3889 etatis.

167 3949 191 3975 ι
241 3927 480 3979 Octavus
528 3924 785 3977 decimus
832 3923 978 3978 liber
1031 3922 1290 3976 continet
1335 3921 1406 3975 de
1461 3920 1800 3988 visitatione,

90 4020 146 4068 et
178 4013 543 4086 pmnitentia,
577 4017 632 4065 et
661 4011 1124 4066 reconciliatione
1153 4010 1542 4064 inﬁrmorum.

163 4125 194 4153 ››
243 4103 437 4156 Nonus
481 4101 739 4154 decimus
787 4101 950 4166 liber,
1007 4099 1104 4170 qui
1159 4100 1436 4154 Corrector
1483 4103 1718 4153 vocatur
1756 4105 1804 4154 et

92 4191 358 4255 Medicus,
405 4189 660 4242 continet
692 4189 1074 4242 correctiones
1125 4203 1428 4258 corporum
1476 4193 1532 4241 et
1583 4188 1804 4241 anima-

95 4295 229 4333 rum
263 4277 598 4342 medicinas,
627 4281 684 4330 et
713 4277 876 4330 docet
918 4291 1395 4346 unumquemque
1427 4275 1799 4337 sacerdotem.
1838 4315 1879 4368 Β

96 4369 274 4421 etiam
326 4365 669 4436 simplicem,
723 4364 1014 4435 quomodo
1059 4364 1145 4416 vel
1192 4363 1441 4434 qualiter
1494 4363 1806 4435 unicuique

98 4470 437 4510 succurrere
469 4455 675 4519 valeat,
710 4453 974 4507 ordinato
1007 4453 1092 4506 vel
1126 4451 1247 4506 sine
1279 4451 1502 4518 ordine,
1544 4456 1806 4522 pauperi,

99 4545 288 4608 diviti,
335 4559 532 4613 puero,
563 4543 786 4612 juveni,
818 4541 964 4606 seni,
1010 4541 1321 4611 decrepito,
1352 4557 1512 4606 sano,
1558 4541 1808 4606 inﬁrmo,

100 4633 156 4686 in
192 4633 355 4686 omni
388 4636 576 4696 aetate,
610 4631 668 4684 in
696 4635 942 4701 utroque
975 4646 1130 4684 sexu.

173 4742 200 4773 ιθ
246 4721 570 4792 Vigesimus
619 4720 767 4773 liber
812 4721 1253 4790 Speculationum
1302 4722 1534 4772 vocatur
1567 4735 1579 4770 ;
1612 4735 1812 4788 specu-

102 4810 256 4864 latur
287 4809 443 4863 enim
475 4809 545 4862 de
599 4808 962 4862 Providentia
995 4812 1051 4860 et
1081 4807 1149 4861 de
1192 4805 1699 4876 praedestinatione
1728 4807 1812 4860 di-

100 4896 254 4960 vina,
290 4901 348 4949 et
378 4897 448 4950 de
488 4896 737 4950 adventu
765 4894 1123 4961 Antichristi,
1153 4896 1223 4949 de
1266 4894 1386 4964 ejus
1417 4895 1705 4964 operibus,
1744 4895 1814 4948 de

98 4985 544 5047 resurrectione,
590 4985 659 5038 de
705 4984 797 5038 die
840 4983 1063 5053 judicii,
1097 4983 1166 5037 de
1198 4983 1576 5038 infernalibus
1607 4982 1814 5054 pcenis,

102 5074 170 5126 de
197 5071 466 5127 felicitate
498 5077 790 5142 perpetuac
820 5072 966 5125 vitae.

177 5183 198 5208 ι
251 5160 430 5226 Unde,
481 5161 676 5226 frater,
727 5160 773 5213 si
825 5159 1155 5229 regentibus
1204 5159 1401 5229 plebes
1451 5175 1579 5212 suas
1635 5174 1699 5213 ex
1729 5159 1816 5212 his

101 5249 375 5302 omnibus
419 5265 602 5302 unum
650 5248 916 5315 defuerit,
968 5247 1260 5318 quomodo
1304 5264 1397 5300 eas
1449 5247 1732 5300 instruere
1763 5252 1818 5298 et

106 5339 309 5391 docere
342 5337 663 5407 poterunt?
695 5337 878 5390 Etiam
925 5336 1235 5390 sacerdotis
1266 5351 1480 5389 nomen
1527 5335 1620 5389 vix
1648 5336 1707 5389 in
1737 5335 1818 5389 eis

105 5427 413 5491 constabit,
474 5425 610 5496 quia
663 5426 826 5480 valde
892 5424 1229 5495 periculosae
1283 5429 1416 5478 sunt
1474 5425 1818 5494 evangelicm

109 5515 302 5579 minae,
341 5513 550 5584 quibus
600 5513 808 5568 dicitur
842 5530 854 5568 :
891 5515 951 5570 Si
996 5529 1163 5568 caecus
1209 5529 1339 5568 caeco
1379 5512 1636 5567 ducatum
1673 5529 1820 5582 prae-

114 5610 236 5666 stet,
269 5604 428 5656 ambo
460 5605 515 5655 in
545 5604 756 5668 foveam
788 5603 1013 5656 cadunt.
1046 5603 1205 5666 Quod
1239 5603 1282 5655 si
1315 5608 1395 5655 est
1435 5601 1641 5672 aliquis
1683 5602 1820 5654 invi-

1914 588 2048 626 cens
2093 587 2183 624 me
2216 587 2279 625 ex
2312 572 2513 626 alienis
2557 573 2751 627 aribus
2781 575 3051 645 colligere
3082 593 3258 641 escas,
3292 582 3348 631 et
3376 593 3442 632 ex
3475 577 3619 631 alio-

1916 677 2043 714 rum
2076 661 2268 714 labore
2323 660 2467 714 mihi
2518 663 2703 716 facere
2739 680 2947 716 nomen
2985 664 3178 733 inane,
3227 670 3366 718 esto.
3421 667 3623 719 Fateor

1917 749 2052 819 quia
2097 764 2163 802 ex
2196 749 2443 802 aliorum
2495 750 2689 803 labore
2741 752 3107 821 collegeram,
3141 754 3278 822 quia
3321 753 3464 806 mihi
3514 752 3620 806 soli

1915 853 2161 890 canones
2192 836 2376 890 facere
2409 853 2524 890 non
2571 837 2722 905 licet,
2752 840 3025 909 colligere
3071 841 3292 894 licitum
3330 847 3434 906 est,
3469 840 3624 912 quod

1915 929 1970 978 et
1993 925 2138 990 feci;
2175 925 2322 979 Deus
2365 925 2542 991 novit,
2577 942 2692 979 non
2723 943 2828 996 pro
2863 929 3192 998 arrogantia
3223 930 3494 1000 quadam,
3526 930 3623 983 sed

1913 1029 2018 1084 pro
2048 1017 2259 1066 nostrae
2286 1014 2547 1067 Ecclesiae
2569 1016 3012 1069 necessitudine.
3053 1018 3119 1071 Ut
3149 1023 3343 1071 autem
3370 1018 3623 1072 obstrua-

1914 1107 2010 1154 tur
2039 1101 2392 1155 detrahentis
2424 1118 2704 1168 murmur,
2744 1103 2886 1157 liber
2917 1105 3352 1176 qualiscumque
3382 1107 3474 1172 sit,
3509 1123 3620 1160 no—

1915 1194 2164 1242 strorum
2187 1188 2276 1241 sit.
2315 1189 2438 1241 Non
2467 1205 2606 1258 rogo
2640 1196 2704 1243 ut
2726 1191 2906 1244 nostri
2939 1192 3215 1261 episcopii
3247 1194 3421 1247 limen
3446 1200 3622 1247 trans-

1914 1279 2026 1341 eat,
2077 1275 2176 1329 sed
2232 1275 2444 1328 nostris
2491 1276 2904 1330 addiscendum
2955 1284 3268 1333 remaneat.
3323 1281 3620 1343 Quomodo

1915 1365 2128 1428 autem,
2163 1363 2251 1415 vel
2300 1364 2450 1416 unde
2505 1364 2670 1417 illum
2702 1366 3057 1433 collegerim,
3108 1368 3234 1420 volo
3287 1372 3348 1420 ut
3381 1369 3616 1434 audias;

1914 1455 1970 1502 et
2000 1449 2045 1502 si
2078 1455 2164 1503 est
2207 1456 2504 1520 peccatum
2549 1453 2752 1519 ullum,
2790 1459 2886 1506 tuo
2911 1455 3130 1524 judicio
3162 1456 3426 1527 relinquo
3468 1457 3615 1527 diju-

1915 1537 2242 1591 dicandum.
2278 1538 2428 1592 Nihil
2465 1540 2656 1594 addidi
2686 1541 2754 1594 de
2788 1558 2916 1595 meo
2950 1543 3057 1596 nisi
3104 1544 3385 1609 laborem,
3422 1545 3519 1597 sed
3552 1562 3619 1598 ex

1912 1625 2121 1678 divinis
2169 1627 2518 1680 testimoniis
2563 1644 2630 1681 ea
2681 1645 2810 1699 qua:
2851 1630 2908 1682 in
2960 1647 3025 1683 eo
3068 1631 3374 1698 inveneris,
3409 1649 3618 1700 magno

1915 1714 2118 1766 sudore
2149 1714 2376 1784 collegi.
2414 1717 2478 1768 Et
2514 1721 2574 1768 ut
2612 1723 2800 1770 essent
2831 1731 2960 1787 quae
2993 1725 3481 1788 comportaveram
3511 1738 3618 1775 au-

1916 1802 2253 1868 ctoritativa,
2304 1821 2528 1858 summo
2581 1806 2772 1859 studio
2816 1807 3121 1860 elaboravi.
3176 1810 3250 1862 Ex
3299 1808 3422 1878 ipso
3463 1810 3618 1864 enim

1915 1889 2118 1941 nucleo
2151 1905 2458 1956 canonum,
2493 1892 2646 1961 quod
2679 1909 2712 1945 a
2742 1893 3086 1962 quibusdam
3122 1895 3325 1963 Corpus
3356 1912 3619 1950 canonum

1915 1983 2170 2045 vocatur,
2221 1995 2349 2048 qua:
2400 1985 2532 2033 sunt
2578 1986 2772 2034 nostro
2827 1983 3073 2052 tempori
3121 1985 3458 2050 necessaria,
3516 2002 3618 2039 ex-

1915 2066 2119 2136 cerpsi.
2176 2068 2250 2120 Ex
2284 2083 2500 2121 canone
2551 2069 2939 2138 apostolorum
2989 2071 3275 2140 quaedam,
3330 2089 3392 2125 ex
3426 2079 3617 2126 trans-

1915 2156 2153 2208 marinis
2201 2155 2458 2208 conciliis
2492 2157 2782 2227 quaedam,
2836 2174 2899 2210 ex
2945 2159 3296 2212 Germanicis
3328 2161 3615 2230 quasdam,

1915 2260 1982 2296 ex
2036 2244 2262 2297 Gallicis
2306 2249 2362 2296 et
2412 2244 2728 2314 Hispanicis
2775 2246 3058 2316 quaedam,
3114 2263 3177 2300 ex
3226 2247 3466 2301 decretis
3507 2250 3616 2302 Ro-

1915 2349 2217 2385 manorum
2267 2332 2606 2402 pontificum
2665 2335 2950 2402 quaedam,
3005 2351 3071 2388 ex
3121 2335 3380 2389 doctrina
3438 2337 3618 2406 ipsius

1913 2420 2169 2473 veritatis
2220 2421 2509 2490 quaedam,
2562 2438 2627 2475 ex
2677 2422 2866 2475 Veteri
2914 2424 3277 2476 Testamento
3328 2425 3615 2494 quaedam,

1916 2525 1983 2562 ex
2014 2508 2285 2578 apostolis
2313 2510 2603 2579 quaedam,
2637 2527 2705 2564 ex
2736 2511 2902 2564 dictis
2943 2511 3122 2565 sancti
3167 2513 3425 2582 Gregorii
3458 2530 3619 2584 qua:-

1916 2595 2069 2661 dam,
2119 2612 2182 2648 ex
2213 2596 2377 2650 dictis
2409 2597 2586 2651 sancti
2638 2598 2970 2669 Hieronymi
3018 2600 3306 2670 quaedam,
3356 2616 3421 2654 ex
3454 2600 3618 2654 dictis

1916 2684 2096 2737 sancti
2124 2684 2429 2753 Augustini
2480 2687 2767 2755 quaedam,
2801 2703 2863 2740 ex
2899 2687 3065 2741 dictis
3105 2688 3287 2741 sancti
3329 2688 3619 2742 Ambrosii

1915 2773 2200 2843 quaedam,
2228 2789 2294 2826 ex
2326 2773 2489 2826 dictis
2511 2775 2691 2828 sancti
2726 2775 3016 2828 Benedicti
3040 2777 3328 2846 quaedam,
3353 2793 3418 2829 ex
3454 2776 3617 2830 dictis

1915 2861 2093 2914 sancti
2127 2861 2327 2915 Isidori
2371 2862 2656 2932 quaedam,
2696 2880 2763 2916 cx
2795 2863 2959 2917 dictis
3006 2863 3185 2917 sancti
3221 2864 3408 2917 Basilii
3457 2881 3618 2934 quae-

1915 2949 2070 3014 dam,
2105 2966 2170 3003 ex
2203 2950 2588 3006 I’oenitentiali
2623 2952 2882 3006 Romano
2907 2952 3194 3021 quaedam,
3228 2969 3295 3006 ex
3325 2952 3615 3006 Paeniten-

1832 3037 1872 3091 C
1912 3039 2035 3092 tiali
2068 3039 2355 3093 Theodori
2401 3041 2688 3111 quaedam,
2723 3057 2786 3095 ex
2819 3041 3207 3095 Poenitentiali
3261 3041 3420 3094 Beda:
3457 3057 3616 3111 quas-

1914 3127 2066 3180 dam.
2109 3128 2192 3180 Ad
2224 3127 2345 3180 haec
2378 3128 2435 3181 in
2467 3128 2801 3183 Collectario
2840 3129 2945 3181 hoc
2975 3128 3022 3181 si
3063 3128 3202 3198 quid
3231 3127 3491 3181 utilitatis
3522 3128 3616 3180 in-

1911 3215 2157 3283 veneris,
2187 3216 2286 3269 Dei
2319 3217 2485 3270 donis
2517 3217 2755 3270 ascribe.
2791 3217 2848 3270 Si
2870 3221 3060 3271 autem
3092 3217 3231 3287 quid
3256 3216 3617 3286 superfluita-

1911 3304 2002 3369 tis,
2037 3320 2180 3357 meae
2212 3304 2559 3374 insipientia
2586 3306 2816 3374 deputa.
2847 3307 2993 3358 Bene
3027 3306 3233 3365 valeas,
3271 3310 3324 3357 et
3356 3305 3416 3358 in
3445 3304 3617 3358 sacris

1912 3392 2267 3446 orationibus
2299 3393 2411 3446 tuis
2443 3393 2556 3446 mei
2603 3394 2916 3462 peccatoris
2968 3394 3306 3448 memoriam
3341 3393 3620 3463 deprecor

1915 3487 1975 3534 ut
2007 3480 2235 3534 habeas.
2276 3481 2515 3550 Explicit
2541 3482 2837 3553 prologus.
2878 3503 2904 3533 »

1984 3573 2035 3623 5.
2065 3570 2128 3621 lu
2158 3570 2262 3622 hac
2293 3568 2655 3638 praefatione,
2689 3587 2789 3623 seu
2820 3571 3062 3639 epistola
3091 3570 3270 3640 ipsius
3302 3568 3616 3625 Burchardi

1914 3658 2164 3710 notanda
2211 3663 2342 3711 sunt
2373 3658 2542 3711 verba
2574 3661 2633 3712 in
2675 3661 2876 3725 viginti
2906 3660 3068 3713 libros
3099 3659 3238 3712 idem
3270 3674 3462 3728 corpus
3492 3659 3616 3712 dis-

1915 3746 2113 3808 tribui;
2165 3750 2222 3798 et
2270 3752 2549 3814 praeterea
2582 3747 2946 3799 recolendum
2993 3752 3094 3811 est,
3129 3746 3284 3816 quod
3330 3752 3495 3799 antea
3526 3749 3616 3800 at-

1912 3833 2171 3904 tigimus,
2227 3833 2590 3904 singulorum
2650 3834 2927 3887 librorum
2988 3833 3249 3888 ordinem
3309 3837 3365 3887 et
3419 3833 3618 3886 titulos

1914 3922 2100 3975 eidem
2141 3922 2463 3991 praefationi
2495 3939 2524 3974 a
2560 3923 2885 3976 Burchardo
2919 3923 3092 3977 fuisse
3138 3924 3400 3988 insertos,
3454 3925 3516 3974 ut
3546 3936 3619 3974 ne

1915 4010 2166 4066 dubitari
2209 4011 2390 4081 possit
2445 4011 2586 4082 quin
2636 4012 2855 4066 editum
2910 4029 3076 4082 opus,
3134 4012 3289 4082 quod
3334 4026 3465 4064 cum
3515 4009 3621 4063 hoc

1918 4100 2194 4154 librorum
2244 4116 2486 4154 numero
2518 4105 2576 4154 et
2605 4117 2733 4154 cum
2768 4100 2973 4154 iisdem
3004 4100 3187 4154 titulis
3218 4105 3388 4170 atque
3420 4097 3620 4152 ordine

1915 4189 2085 4258 plane
2133 4189 2459 4254 concordat,
2516 4191 2909 4244 Burcliardum
2944 4190 3150 4244 habeat
3189 4195 3503 4243 auctorem.
3559 4188 3621 4240 In

1921 4278 2152 4346 vulgata
2196 4277 2557 4346 praafatione,
2591 4277 2722 4331 licet
2768 4279 2940 4331 rebus
2970 4278 3234 4347 pluribus
3269 4277 3618 4345 discrepans,

1921 4366 2072 4420 idem
2100 4365 2382 4419 librorum
2410 4381 2684 4419 numerus
2713 4365 3026 4419 indicatur.
3065 4371 3135 4418 At
3164 4365 3305 4418 ordo
3335 4365 3622 4427 diversus;

1922 4459 1977 4508 et
2017 4454 2279 4523 quaedam
2328 4454 2625 4522 particulae
2658 4455 2736 4506 ita
2769 4455 2837 4507 ab
2888 4455 3085 4507 eadem
3133 4452 3470 4521 praefatione
3503 4450 3625 4504 disc

1923 4547 2088 4597 sectae
2119 4547 2256 4594 sunt
2286 4548 2343 4594 et
2373 4542 2431 4594 iu
2454 4544 2666 4596 calcem
2698 4542 2945 4610 rejectua,
2981 4547 3043 4593 ut
3067 4557 3177 4594 non
3209 4557 3242 4593 a
3276 4539 3623 4602 Burchardo,

1923 4631 2019 4685 sed
2048 4631 2118 4684 ab
2151 4629 2262 4683 alio
2295 4631 2632 4700 conscriptae
2664 4636 2718 4683 et
2749 4631 2982 4700 adjecta:
3018 4628 3197 4682 videri
3230 4628 3467 4698 possint.
3503 4627 3625 4680 Non

1924 4720 2105 4772 solum
2139 4717 2292 4770 enim
2329 4717 2497 4771 index
2532 4718 2830 4771 titulorum
2862 4718 3142 4788 cujusque
3173 4716 3305 4770 libri
3338 4716 3397 4769 in
3427 4715 3625 4785 vulga-

1923 4808 1994 4860 tis
2044 4823 2075 4858 a
2121 4805 2456 4875 praefatione
2516 4805 2816 4860 distractus
2870 4810 2978 4870 est,
3038 4821 3238 4858 verum
3288 4803 3460 4857 etiam
3520 4801 3629 4872 ipsi

1923 4894 2296 4965 praemittitur
2343 4899 2645 4948 auctorum
2693 4911 2754 4950 ex
2807 4895 3016 4965 quibus
3063 4895 3425 4950 Burchardus
3456 4910 3628 4947 cano—

1925 4999 2026 5037 nes
2072 4982 2382 5048 derivavit;
2439 4983 2750 5052 catalogus,
2802 4983 2873 5037 ab
2915 4983 3115 5037 eadem
3165 4983 3503 5053 praefatione
3537 4998 3633 5051 pa-

1925 5071 2064 5124 riter
2096 5070 2350 5124 divulsus
2379 5087 2508 5124 cum
2542 5071 2646 5124 hac
2669 5071 3062 5141 inscriptione,
3096 5088 3225 5142 quae
3253 5089 3282 5124 a
3308 5069 3631 5125 Burchardo

1928 5158 2208 5227 proficisci
2243 5159 2486 5229 nequit:
2522 5160 2619 5213 Ea:
2667 5161 2863 5228 quibus
2910 5161 3040 5214 locis
3084 5167 3364 5214 auctorum
3411 5159 3630 5225 scriptis

1927 5249 2288 5302 ecclesiastica
2357 5249 2463 5303 haec
2542 5250 2755 5302 decreta
2820 5252 3110 5314 collegerit.
3182 5250 3409 5302 Nucteus
3472 5260 3632 5300 cauo-

1927 5351 2077 5400 num,
2114 5353 2285 5407 quem
2347 5337 2513 5390 initio
2543 5338 2789 5408 catalogi
2843 5337 3203 5391 Burchardus
3249 5335 3309 5388 in
3340 5335 3453 5388 tine
3485 5349 3631 5403 pra:-

1930 5423 2162 5477 fationis
2194 5425 2412 5491 laudat,
2461 5429 2517 5479 et
2547 5442 2809 5479 canonum
2856 5427 3062 5493 Corpus
3089 5442 3120 5477 a
3167 5423 3506 5494 quibusdam
3540 5437 3636 5492 ap-

1931 5513 2133 5583 pellari
2179 5513 2443 5574 afﬁrmat,
2480 5519 2564 5568 est
2596 5514 3052 5584 pseudo-Isidori
3101 5512 3377 5574 collectio,
3424 5527 3491 5563 ex
3523 5525 3636 5579 qua

1935 5601 2169 5671 quidem
2221 5604 2400 5656 multa
2432 5603 2755 5674 apocrypha
2801 5603 3026 5655 decreta
3058 5599 3434 5670 transcripsit.
3470 5600 3638 5652 Plura
