3968 6410
353 381 457 434 503

1377 373 1850 433 BURCHARDUS
1886 367 2420 430 WORMACIENSIS
2458 365 2854 425 EPISCOPUS.

3776 370 3877 423 504

355 523 489 561 vero
532 502 782 576 capitula
830 519 896 557 ex
953 499 1272 572 Reginone,
1323 505 1380 555 et
1431 499 1710 555 nonnulla
1767 498 1940 553 etiam
1990 514 2055 551 ex
2086 497 2131 551 Α
2171 494 2273 549 Hic
2321 495 2515 548 autem
2561 490 2635 546 ad
2691 489 3000 546 Burchardi
3042 488 3432 545 collectionem
3491 489 3765 561 pertinet,
3821 489 3878 544 in

358 594 578 651 duabus
619 590 1035 663 appendicibus
1079 605 1209 662 quae.
1251 589 1314 643 in
1343 604 1478 643 mss.
1529 586 1842 657 Reginonis
1889 586 2062 641 colle-

358 679 536 737 ctioni
567 679 968 749 subjiciuntur,
1019 693 1156 733 eum
1193 677 1539 747 excerpsisse
1590 675 1910 745 Stephanus
1958 675 2061 729 Ba-

357 769 544 824 luzius
592 769 652 822 in
684 766 1022 838 praefatione
1057 766 1125 820 ad
1157 765 1515 835 Reginonem
1546 763 1657 817 late
1685 763 2058 817 demonstrat.

359 859 571 911 Verum
605 855 665 909 in
708 854 891 909 titulis
941 853 1122 907 multa
1174 851 1438 920 mutavit,
1489 850 1617 904 aliis
1664 849 1846 904 titulis
1875 865 1943 903 ex
1972 864 2063 903 ar-

362 945 538 1000 bitrio
581 942 850 1015 preﬁxis,
900 942 1063 1013 quia
1107 939 1586 1010 subsequentibus
1615 953 1901 992 canonum
1947 936 2064 991 col-

362 1031 669 1088 lectoribus
715 1047 782 1086 ex
808 1030 1006 1084 eodem
1047 1027 1314 1098 suscepti,
1348 1042 1617 1097 magnam
1668 1024 2065 1080 confusionem

362 1126 734 1193 pepererunt.
765 1120 903 1174 Cum
937 1117 1091 1172 enim
1122 1132 1234 1170 non
1267 1131 1448 1186 pauca
1477 1114 1630 1185 apud
1657 1114 1850 1184 ipsum
1872 1113 2062 1168 inscri-

363 1211 575 1265 bantur
623 1206 957 1261 nominibus
1013 1203 1410 1270 conciliorum,
1464 1203 1554 1257 vel
1602 1203 1962 1273 pontiﬁcum,
2007 1201 2068 1256 in

365 1313 615 1369 quorum
661 1295 902 1350 decretis
934 1293 1168 1348 aliunde
1197 1292 1365 1346 editis
1411 1291 1554 1346 nihil
1588 1291 1699 1345 tale
1744 1291 2066 1361 reperitur;

365 1402 433 1440 ea
461 1385 521 1438 in
552 1383 866 1454 deperditis
909 1381 1246 1436 eorumdem
1291 1379 1651 1435 documentis
1682 1397 1715 1434 a
1744 1378 2069 1434 Burchardo

365 1474 454 1529 vel
508 1473 577 1526 ab
635 1470 1076 1542 exscriptoribus
1122 1470 1245 1540 ejus
1286 1469 1520 1523 inventa
1573 1469 1766 1538 plures
1812 1467 2069 1522 credide-

367 1565 540 1626 runt;
573 1575 639 1614 ac
682 1565 990 1631 propterea
1020 1559 1222 1613 eadem
1253 1556 1428 1612 veluti
1467 1557 1790 1626 fragmenta
1819 1555 2072 1626 pretiosa

369 1655 440 1709 ab
483 1653 621 1724 ipsis
652 1656 984 1706 conservata
1029 1667 1134 1705 suo
1183 1651 1462 1721 cujusque
1509 1648 1734 1720 synodi,
1769 1647 1856 1701 vel
1889 1648 2072 1718 ponti-

368 1741 492 1797 ﬁcis
518 1743 643 1796 loco
675 1741 736 1795 in
762 1739 1150 1829 Conciliorum
1176 1738 1524 1829 editionibus
1555 1736 1748 1829 addita
1779 1741 1931 1790 sunt.
1963 1735 2071 1800 Qui
2105 1777 2142 1829 Β

368 1847 504 1885 vero
554 1846 678 1885 rem
711 1831 860 1884 hanc
905 1827 1227 1882 accuratius
1273 1825 1707 1896 expendendam
1747 1840 2068 1895 suscepere,

372 1919 713 1974 detexerunt
783 1916 1176 1972 Burchardum
1239 1915 1612 1986 synodorum,
1679 1915 2072 1968 Romanorum

370 2007 738 2077 pontiﬁcum,
773 2010 872 2060 aut
921 2009 1250 2060 sanctorum
1302 2005 1534 2058 Patrum
1591 2002 1919 2056 nominibus
1968 2001 2072 2054 tri-

295 2111 302 2117 ·
375 2095 565 2150 buisse
598 2111 664 2148 ea
694 2093 944 2164 capitula
991 2109 1121 2164 qum
1148 2091 1367 2163 Regino
1411 2092 1500 2145 vel
1540 2107 1606 2145 ex
1650 2090 2073 2162 Capitularibus

377 2199 603 2253 regum,
653 2183 738 2236 vel
789 2199 854 2236 ex
885 2181 1183 2248 Rhabano,
1233 2180 1321 2238 vel
1372 2195 1439 2234 ex
1488 2180 1772 2234 Ferrando
1811 2179 2072 2245 diacono,

378 2271 465 2323 vel
496 2269 620 2323 sine
663 2269 780 2322 ulla
827 2266 1075 2321 auctoris
1121 2265 1413 2320 mentione
1444 2263 1718 2318 recitavit.
1751 2264 2076 2333 Stephanus

379 2356 644 2410 Baluzius
699 2356 759 2410 in
806 2355 1033 2410 laudata
1082 2353 1440 2426 prmfatione,
1487 2369 1648 2406 num.
1697 2354 1787 2419 22,
1843 2352 1966 2406 hth
2008 2351 2076 2406 de

381 2444 793 2516 Capitularium
842 2443 1003 2498 libris
1049 2442 1272 2496 notavit
1305 2458 1317 2496 :
1347 2441 1698 2496 Burchardus
1749 2456 1870 2494 cum
1918 2442 2076 2507 Regi-

380 2548 570 2587 nonem
617 2533 950 2601 compilaret,
997 2531 1193 2585 maluit
1223 2545 1342 2599 quae
1389 2531 1513 2583 hinc
1551 2529 1850 2597 accipiebat
1895 2530 2080 2598 capita

382 2619 617 2673 tribuere
673 2620 912 2672 conciliis
966 2618 1313 2687 quibusdam,
1371 2622 1469 2670 aut
1515 2617 1771 2671 Patribus
1810 2618 2077 2685 antiquis,

383 2723 547 2775 quam
601 2707 819 2773 regibus
877 2708 1128 2772 nostris;
1182 2705 1326 2774 quod
1379 2707 1708 2759 Francorum
1763 2705 2076 2773 appellatio,

381 2811 492 2865 qua
537 2796 827 2861 Reginonis
870 2799 1032 2862 atque
1082 2793 1410 2846 Witichindi
1452 2795 1746 2846 etiamnum
1796 2807 1906 2846 zvo
1960 2792 2082 2858 glo-

379 2885 670 2938 riabantur
707 2897 856 2950 reges
895 2883 1304 2944 Germanorum,
1351 2883 1614 2950 usurpari
1648 2881 1898 2935 desiisset
1926 2885 2082 2934 aetate

381 2971 726 3036 Burchardi,
783 2971 1020 3039 adeoque
1070 2975 1237 3023 emata
1268 2987 1303 3022 a
1354 2969 1666 3023 Saxonibus
1714 2975 1849 3023 esset
1908 2971 2082 3022 omnis

2171 599 2286 654 qua
2329 589 2414 636 est
2443 581 2586 634 liber
2630 579 2885 634 decimus
2931 595 3122 633 nonus
3151 578 3354 633 eodem
3385 578 3550 632 titulo
3579 584 3877 650 praenota-

2171 677 2282 738 tus,
2318 675 2380 724 ut
2409 670 2496 723 vel
2540 684 2607 723 ex
2655 668 2836 722 titulis
2866 667 2925 721 in
2957 667 3271 722 Burchardi
3320 666 3660 737 praefatione
3710 671 3879 720 antea

2172 758 2473 828 descriptis
2519 757 2718 829 ﬁquet.
2767 756 3026 811 Secundo
3069 755 3129 810 in
3177 772 3283 810 ms.
3314 757 3437 810 Vat.
3488 759 3631 812 3830
3681 755 3876 809 saeculi

2171 867 2223 904 x1
2252 848 2556 903 exhibetur
2605 845 3005 900 Pasnitentiale
3045 845 3105 899 in
3156 862 3270 916 quo
3319 845 3594 916 leguntur
3623 844 3875 898 interro-

2172 937 2430 1008 gationes
2480 934 2754 989 faciendae
2784 952 2812 984 a
2857 933 3215 987 confessariis
3257 949 3388 988 cum
3436 933 3726 988 taxatione
3758 949 3882 1002 pce-

2173 1025 2450 1081 nitentiee.
2505 1025 2602 1078 Has
2639 1038 2838 1078 omnes
2872 1021 3356 1092 interrogationes
3401 1023 3468 1076 ad
3500 1022 3745 1076 verbum
3781 1037 3880 1073 ex-

2174 1114 2400 1184 scripta:
2449 1113 2720 1182 leguntur
2749 1111 2810 1164 in
2840 1111 3043 1165 eodem
3077 1110 3387 1165 Burchardi
3425 1110 3571 1165 libro
3600 1126 3717 1176 xix,
3751 1125 3880 1179 cap.

2175 1207 2226 1257 5.
2277 1202 2470 1255 Solum
2521 1199 2579 1252 in
2629 1200 2737 1253 hoc
2786 1198 2970 1269 capite
3030 1198 3453 1252 Burchardiano
3501 1198 3696 1269 plures
3747 1201 3884 1251 sunt

2176 1304 2350 1361 quam
2401 1287 2462 1341 in
2518 1286 2747 1340 laudato
2773 1285 2986 1340 codice.
3038 1286 3559 1356 Interrogationnm
3611 1301 3884 1356 paragra-

2175 1376 2294 1449 phi,
2331 1391 2474 1447 quos
2531 1374 2776 1429 vitandae
2823 1373 3176 1428 confusionis
3224 1390 3394 1428 causa
3433 1373 3693 1428 numeris
3731 1388 3890 1426 com-

2176 1464 2506 1537 putavimus
2575 1468 2747 1533 atque
2821 1461 3208 1528 distinximus,
3270 1462 3421 1533 apud
3488 1461 3886 1517 Burchardum

2179 1558 2313 1608 sunt
2340 1557 2572 1606 centum
2621 1555 2680 1605 et
2725 1551 3041 1620 nonaginta
3069 1556 3335 1622 quatuor.
3368 1552 3430 1605 In
3460 1567 3529 1604 eo
3561 1555 3757 1604 autem
3785 1566 3887 1604 co-

2180 1642 2302 1696 dice
2332 1639 2814 1710 interrogationes
2845 1639 3064 1692 eiedem
3095 1644 3227 1692 sunt
3255 1655 3319 1693 ac
3349 1638 3408 1692 in
3437 1638 3669 1692 laudato
3695 1637 3889 1708 capite

2181 1729 2383 1802 quinto
2434 1727 2748 1782 Burchardi
2781 1745 2812 1780 a
2842 1743 3003 1781 num.
3044 1732 3063 1781 l
3103 1743 3284 1798 usque
3333 1727 3401 1782 ad
3451 1741 3613 1781 num.
3660 1727 3754 1792 59,
3788 1725 3889 1795 qui

2182 1818 2428 1889 incipit:
2472 1818 2711 1873 Violasti
2757 1818 3080 1886 sepulcrum.
3116 1817 3258 1871 Dein
3289 1817 3440 1886 apud
3488 1815 3884 1870 Burchardum

2182 1906 2481 1961 abundant
2526 1909 2831 1975 sequentes
2881 1904 3109 1958 numeri
3153 1920 3186 1958 a
3215 1907 3283 1958 60
3329 1921 3514 1975 usque
3563 1903 3630 1957 ad
3688 1919 3748 1957 n.
3789 1905 3886 1955 103

2183 1992 2475 2058 inclusive,
2525 1992 2626 2064 qui
2658 1992 3054 2046 inscribuntur
3084 1992 3150 2045 de
3193 1997 3310 2047 arte
3339 1993 3571 2060 magica,
3621 1991 3690 2045 de
3721 1992 3888 2044 sacri-

2183 2084 2339 2150 legio,
2373 2083 2438 2135 de
2485 2083 2617 2149 gula
2654 2085 2704 2135 et
2747 2081 3022 2143 ebrietate,
3072 2080 3137 2134 de
3183 2081 3608 2148 iweligiositate,
3661 2082 3795 2133 item
3827 2079 3888 2131 de

2183 2176 2300 2226 arte
2330 2172 2564 2236 magica,
2611 2169 2677 2223 de
2717 2171 3094 2239 superstitione
3124 2173 3174 2222 et
3218 2170 3346 2222 item
3389 2169 3456 2222 de
3500 2173 3618 2221 arte
3647 2166 3886 2234 magica.

2186 2259 2256 2316 Hi
2285 2274 2484 2312 omnes
2532 2257 2760 2312 numeri
2810 2257 3017 2312 desunt
3061 2256 3119 2311 in
3163 2263 3484 2311 memorato
3528 2255 3747 2320 codice,
3791 2255 3891 2326 qui

2183 2352 2316 2418 post
2341 2346 2440 2400 illa
2471 2345 2698 2400 numeri
2730 2349 2817 2412 59,
2853 2347 3092 2401 Violasti
3119 2347 3444 2416 sepulcrum,
3477 2349 3610 2410 etc.,
3643 2344 3848 2398 subdit
3878 2361 3889 2396 :

2187 2435 2533 2491 Concubuisti
2591 2450 2710 2488 cum
2765 2449 2947 2489 sorore
2993 2437 3184 2489 umoris
3233 2439 3357 2500 tuae,
3406 2437 3538 2498 etc.,
3599 2432 3684 2486 uti
3734 2433 3886 2503 apud

2189 2523 2580 2578 Burchardum
2629 2538 2788 2577 num.
2827 2523 2946 2587 104,
2985 2527 3040 2576 et
3087 2522 3348 2594 sequitur
3393 2538 3575 2593 usque
3615 2521 3686 2575 ad
3721 2537 3884 2575 num.

2193 2615 2313 2678 152,
2375 2611 2693 2678 Credidisti,
2753 2611 2898 2680 quod
2950 2611 3176 2680 quidam
3228 2611 3441 2665 credere
3495 2611 3684 2677 solent,
3747 2611 3891 2679 quod

2189 2703 2301 2754 sint
2329 2704 2564 2767 agrestes
2592 2701 2829 2766 feminae,
2881 2703 2986 2752 etc.
3019 2697 3242 2753 Omittit
3274 2704 3464 2752 autem
3514 2713 3644 2768 qua:
3685 2696 3749 2750 in
3780 2697 3892 2750 ﬁne

2191 2788 2363 2859 hujus
2391 2787 2618 2841 numeri
2643 2786 2794 2857 apud
2828 2787 3221 2842 Burchardum
3252 2787 3603 2858 adjiciuntur
3635 2803 3648 2839 :
3685 2788 3749 2840 In
3770 2787 3894 2839 istis

2191 2876 2438 2932 omnibus
2491 2875 2826 2942 supradictis
2876 2875 3066 2928 debent
3107 2875 3432 2941 sacerdotes,
3481 2880 3613 2939 etc.,
3647 2891 3712 2927 ac
3741 2891 3896 2944 pra:-

2191 2969 2349 3018 terea
2399 2963 2630 3034 ignorat
2676 2969 3013 3033 sequentem
3054 2978 3362 3017 numerum
3415 2965 3535 3028 153,
3584 2963 3752 3032 cujus
3784 2963 3895 3015 ini-

382 3060 784 3128 Capitularium
853 3060 1080 3112 istorum
1144 3059 1464 3110 reverentia.
1527 3056 1879 3111 Burchardus
1945 3058 2084 3108 enim
2117 3052 2156 3106 C
2195 3053 2340 3105 tium
2392 3057 2476 3105 est
2508 3067 2521 3105 :
2557 3053 2751 3105 Fecisti
2795 3055 2856 3105 ut
2886 3050 3135 3120 quaedam
3184 3051 3433 3105 mulieres
3463 3053 3519 3104 in
3562 3050 3897 3119 quibusdam

381 3148 539 3202 semel
570 3152 782 3201 tantum
828 3162 948 3214 cap.
981 3148 1086 3200 218
1111 3151 1160 3199 et
1189 3149 1293 3200 2l9
1326 3146 1454 3198 libri
1482 3146 1655 3213 primi
1680 3147 1813 3198 citat
1841 3145 2083 3213 capitula

384 3236 578 3289 Karoli
628 3236 836 3302 Magni,
886 3235 964 3288 sic
1013 3239 1072 3286 ut
1103 3233 1278 3286 addat
1325 3232 1425 3286 illa
1455 3233 1523 3285 ab
1569 3233 1833 3300 episcopis
1882 3230 2085 3285 collau-

383 3323 519 3376 data
572 3337 684 3376 esse
737 3321 887 3390 apud
935 3323 1368 3389 Aquisgranum,
1421 3320 1631 3388 alioqui
1697 3321 1937 3386 forsitan
1999 3320 2082 3372 his

383 3424 490 3463 non
542 3424 760 3463 usurus.
813 3408 959 3462 Illud
995 3423 1124 3460 vero
1179 3407 1538 3461 Burchardus
1595 3406 1702 3460 sibi
1753 3406 2084 3477 praestitisse

384 3498 628 3562 videtur,
666 3501 728 3551 ut
774 3496 1022 3567 capitula
1066 3501 1296 3564 sumpta
1348 3512 1413 3548 ex
1447 3495 1774 3549 auctoribus
1825 3494 1924 3565 qui
1967 3511 2084 3548 non

386 3591 578 3640 essent
607 3586 696 3640 vel
742 3583 955 3639 summi
1005 3583 1327 3654 pontiﬁces,
1362 3584 1450 3638 vel
1498 3583 1721 3654 synodi.
1756 3583 1840 3636 vel
1890 3585 2086 3636 Patres

386 3674 522 3728 satis
571 3673 697 3728 noti
745 3677 801 3726 et
847 3673 1120 3738 celebres,
1176 3688 1293 3725 non
1343 3671 1430 3725 sui
1486 3672 1765 3742 cujusque
1814 3672 2084 3738 auctoris,

384 3763 483 3817 sed
534 3760 648 3816 alio
696 3761 995 3815 celebriori
1035 3762 1268 3814 nomine
1307 3761 1599 3830 allegaret.
1650 3762 1786 3825 Quae
1829 3759 2086 3813 animad-

384 3849 568 3906 versio
616 3849 881 3920 perutilis
926 3848 1036 3902 erit
1077 3848 1136 3901 in
1186 3847 1444 3918 legendis
1478 3847 1912 3901 collectionibus
1945 3849 2082 3900 Bur-

385 3937 596 3996 chardo
643 3936 1082 4007 posterioribus,
1117 3953 1182 3990 ex
1230 3952 1314 4006 gr.
1350 3935 1535 3989 lvonis
1576 3941 1634 3989 et
1677 3935 1952 4001 Gratiani,
1986 3935 2086 4006 qui

383 4027 554 4096 plura
608 4025 866 4094 ejusdem
926 4023 1153 4094 generis
1213 4040 1281 4076 ex
1341 4024 1664 4077 Burchardo
1722 4029 2082 4093 receperunt.

381 4111 549 4170 illlam
587 4128 756 4182 porro
789 4111 1018 4166 laudem
1051 4111 1184 4164 huic
1213 4111 1532 4164 collectioni
1563 4127 1762 4165 omnes
1792 4112 2085 4178 tribuunt;

387 4201 540 4271 quod
574 4200 912 4253 methodum
956 4198 1090 4251 satis
1139 4203 1329 4269 aptam
1365 4203 1659 4268 sequatur,
1709 4215 1773 4252 ac
1810 4204 2085 4270 praeterea

385 4304 635 4342 canones
690 4288 910 4357 aliquot
956 4285 1334 4340 conciliorum
1382 4287 1699 4341 Germaniae
1753 4287 2084 4356 posterioris

384 4377 661 4448 temporis
710 4376 1023 4441 contineat,
1068 4375 1169 4445 qui
1215 4375 1302 4429 vel
1335 4374 1394 4428 in
1442 4375 1748 4429 rarissimis
1797 4376 2086 4430 codicibus

385 4464 779 4524 inveniuntur,
815 4463 902 4516 vel
953 4462 1127 4516 etiam
1164 4461 1437 4516 lectiones
1466 4462 1782 4533 praeferunt
1815 4463 2082 4532 optimas,

384 4568 449 4606 ex
481 4551 688 4622 quibus
719 4550 933 4621 vulgati
968 4549 1265 4604 emendari
1295 4556 1533 4622 queunt.

456 4644 505 4694 6.
549 4643 671 4695 Duo
723 4641 958 4693 tandem
1007 4639 1269 4693 omittere
1320 4641 1610 4694 nolumus.
1663 4639 1856 4694 Primo
1890 4640 1951 4694 in
1999 4640 2087 4694 bi-

383 4729 672 4782 bliotheca
700 4729 970 4782 Vaticana
1002 4728 1125 4782 sine
1173 4728 1420 4782 auctoris
1449 4728 1686 4782 nomine
1717 4732 1901 4782 exstat
1929 4734 2087 4782 vetus

384 4817 559 4871 codex
619 4819 758 4871 4227
826 4817 1132 4887 inscriptus
1198 4818 1473 4874 Cor-rector
1539 4823 1596 4872 et
1660 4818 1924 4885 Medicus,
1993 4817 2086 4872 cui

385 4898 630 4953 similem
684 4900 744 4953 in
773 4899 1119 4955 bibliotheca
1164 4901 1470 4955 Parisiensi
1526 4901 1591 4957 S.
1649 4901 1892 4955 Victoris
1944 4901 2088 4956 vidit

384 4985 556 5044 etiam
630 4987 874 5042 Iacobus
947 4989 1112 5056 Petit,
1191 5006 1255 5043 ac
1329 5006 1396 5044 ex
1471 4990 1676 5045 eodem
1751 4995 2084 5062 excerptum

385 5073 543 5128 dedit
601 5074 662 5128 in
703 5075 1083 5130 Pmnitentiali
1140 5076 1422 5132 Theodori
1473 5082 1614 5131 tom.
1674 5078 1715 5144 Ι,
1770 5094 1902 5149 pag.
1959 5081 2082 5134 358.

2194 3140 2538 3210 temporibus,
2573 3145 2679 3193 etc.
2727 3139 2848 3193 Mox
2881 3138 3033 3192 idem
3085 3138 3259 3192 codex
3299 3137 3592 3208 productis
3637 3138 3895 3190 numeris

2192 3229 2345 3300 apud
2399 3227 2785 3283 Burchardum
2852 3229 2971 3291 154,
3033 3229 3132 3281 155
3186 3233 3242 3280 et
3304 3230 3422 3292 156,
3482 3226 3748 3296 praeterit
3801 3242 3894 3279 sex

2191 3333 2463 3371 numeros
2511 3321 2814 3386 sequentes
2861 3334 2894 3368 a
2922 3332 3083 3370 num.
3143 3319 3261 3382 157,
3306 3317 3509 3371 Fecisti
3554 3315 3704 3383 quod
3752 3330 3894 3382 qua-

2193 3405 2319 3458 dam
2367 3405 2615 3458 mulieres
2644 3406 2824 3470 facere
2872 3405 3062 3472 solent,
3092 3409 3152 3457 ut
3182 3419 3299 3457 cum
3345 3405 3459 3472 filio
3505 3408 3594 3456 tuo
3636 3404 3894 3471 parvulo,

2192 3499 2324 3558 etc.,
2359 3508 2538 3563 usque
2585 3492 2655 3546 ad
2695 3508 2856 3546 num.
2911 3496 3026 3546 162.
3088 3493 3310 3546 Profert
3350 3497 3541 3546 autem
3580 3507 3893 3544 numerum

2196 3585 2318 3650 163,
2375 3583 2707 3647 Interfecisti
2745 3580 2923 3649 ﬁlium
2968 3581 3051 3634 vel
3099 3581 3294 3648 ﬁliam,
3325 3585 3458 3642 etc.,
3508 3595 3640 3632 cum
3672 3578 3896 3633 duobus

2192 3671 2584 3741 sequentibus.
2645 3670 2813 3723 Caret
2866 3685 3026 3723 num.
3093 3672 3212 3735 166,
3265 3670 3510 3724 Gustasti
3556 3667 3624 3720 de
3675 3670 3894 3729 semine,

2194 3763 2302 3811 etc.
2363 3758 2506 3810 Tum
2565 3756 2849 3826 descripto
2910 3771 3150 3810 numero
3205 3759 3322 3821 167,
3378 3755 3577 3809 Bibisti
3633 3755 3893 3817 chrisma,

2193 3851 2324 3911 etc.,
2362 3844 2574 3898 omittit
2621 3850 2854 3898 caeteros
2910 3844 3348 3915 quatuordecim
3381 3859 3413 3896 a
3463 3857 3624 3896 num.
3679 3845 3783 3896 168
3815 3859 3897 3894 us-

2195 3949 2307 4004 que
2351 3933 2420 3986 ad
2456 3935 2575 3993 t8t.
2609 3936 2779 4003 atque
2810 3931 3100 3986 concludit
3129 3947 3258 3986 cum
3313 3930 3760 3985 Burchardianis
3795 3947 3895 3983 nu-

2196 4020 2368 4074 meris
2411 4023 2532 4085 182,
2575 4020 2908 4089 Oppressisti
2966 4021 3253 4087 infantem,
3322 4025 3379 4074 et
3447 4022 3566 4083 183,
3637 4021 3898 4073 Invenisti

2195 4111 2483 4176 infantem.
2523 4107 2886 4162 Burchardus
2933 4108 3090 4163 addit
3133 4108 3194 4162 in
3240 4108 3355 4162 ﬁne
3389 4108 3655 4162 undecim
3691 4124 3897 4162 nume-

2196 4213 2309 4259 ros,
2363 4196 2463 4268 qui
2515 4196 2577 4250 in
2616 4196 2808 4251 codice
2875 4212 2991 4250 non
3060 4197 3445 4267 reperiuntur.
3500 4197 3899 4250 Pmnitentiale

2195 4283 2369 4354 hujus
2407 4283 2618 4338 codicis
2650 4283 3003 4340 Germanicis
3027 4283 3292 4338 Ecclesiis
3322 4283 3602 4338 usitatum
3645 4283 3900 4338 indicant

2195 4371 2349 4426 inter
2393 4376 2627 4425 cmteros
2679 4371 2792 4426 duo
2849 4372 3098 4440 numeri,
3149 4372 3209 4425 in
3267 4371 3476 4442 quibus
3531 4371 3897 4426 Theutonicaz

2195 4458 2504 4514 locutionis
2545 4459 2609 4514 fit
2639 4459 2880 4513 mentio.
2918 4459 3088 4513 Num.
3119 4462 3208 4523 30,
3263 4459 3408 4527 quod
3445 4459 3776 4514 Theutonice
3822 4476 3899 4513 ca-

2196 4551 2324 4602 rina
2374 4552 2626 4611 vocatur;
2678 4553 2735 4602 et
2779 4563 2908 4618 quae
2953 4563 3116 4601 num.
3173 4549 3262 4602 l5l
3311 4547 3458 4618 apud
3506 4548 3896 4602 Burchardum

2196 4637 2532 4700 efferuntur,
2590 4635 2734 4704 quod
2796 4637 3044 4704 vulgaris
3109 4637 3348 4690 stultitia
3422 4635 3714 4703 Werwolﬂ'
3753 4643 3901 4690 vocat

2194 4723 2252 4778 in
2286 4723 2480 4778 codice
2527 4723 2931 4792 exprimuntur
2979 4723 3096 4776 sic:
3131 4723 3276 4792 quod
3322 4724 3625 4777 theutonice
3674 4724 3900 4777 Werewl

2192 4818 2437 4867 vocatur.
2487 4812 2671 4867 Facile
2719 4817 2912 4866 autem
2947 4827 3016 4865 ex
3065 4811 3230 4866 dictis
3257 4810 3540 4882 conjicere
3572 4810 3713 4864 licet
3759 4813 3899 4866 Bur-

2195 4900 2471 4954 chardum
2502 4900 2609 4953 hoc
2656 4899 3056 4955 Pmnitentiale
3091 4900 3245 4970 apud
3278 4915 3414 4953 suos
3457 4904 3758 4970 receptum
3801 4900 3901 4954 col-

2195 4988 2426 5043 lectioni
2469 4988 2797 5055 inseruisse,
2845 4991 2901 5042 et
2930 5004 2995 5042 ex
3027 4987 3152 5041 aliis
3199 4986 3701 5043 Poenitentialibus
3750 4987 3900 5044 addi-

2195 5077 2346 5132 disse
2377 5092 2508 5148 qum
2541 5077 2602 5131 in
2631 5093 2698 5131 eo
2725 5075 3141 5131 desiderantur.
