3968 6410
148 381 255 432 505

1360 380 1704 436 PROCEMIA.
1748 410 1816 420 -—
1859 380 2016 436 VITA
2058 381 2479 437 BURCHARDI.
3578 390 3680 440 506

793 659 1166 761 VITA
1252 660 2204 765 BURCHARDI
2296 663 3045 768 EPISCOPI

1473 868 1746 921 EDENTE
1784 870 1845 921 G.
1890 870 2109 922 WAITZ
2148 870 2258 924 PH.
2309 872 2373 923 D.

697 1023 884 1095 (Apud
937 1026 1119 1091 Pertz,
1169 1026 1514 1081 Monumenta
1571 1027 1872 1082 Germaniae
1918 1028 2180 1083 historica
2217 1028 2420 1101 Script.
2476 1033 2614 1085 tom.
2668 1030 2754 1096 IV,
2805 1046 2934 1101 pag.
2980 1034 3133 1100 8'29.)

1710 1192 1856 1201 ...ι-.-

1863 1193 2122 1203 _—

1624 1349 2229 1422 MONITUM.

235 1498 548 1553 Burchardi
618 1498 1046 1554 Wormatiensis
1122 1500 1375 1573 episcopi
1437 1502 1644 1567 Vitam,
1697 1503 1938 1557 rebusA
1978 1502 2047 1556 cl.
2102 1502 2501 1557 Schonemann
2551 1502 2815 1573 precibus
2858 1500 3067 1555 nostris
3114 1501 3279 1555 solita
3327 1501 3681 1556 humanitate

158 1586 410 1658 publicis
463 1592 520 1640 et
552 1586 789 1657 privatis
820 1588 1031 1642 claram
1074 1594 1250 1660 atque
1290 1591 1571 1645 celebrem
1605 1591 1725 1662 (1⁸),
1756 1592 1869 1645 cle-

162 1676 314 1729 ricus
345 1676 614 1745 exposuit
644 1676 1094 1743 Wormatiensis,
1128 1678 1227 1748 qui
1259 1678 1422 1732 illum
1458 1679 1673 1733 viderat
1712 1680 1869 1751 ejus—

160 1780 279 1835 que
312 1765 484 1818 morti
517 1764 778 1819 adfuerat
812 1769 907 1831 (2).
952 1766 1115 1830 Quod
1157 1782 1366 1821 munus
1396 1784 1510 1838 quo
1544 1768 1783 1822 consilio
1816 1773 1873 1822 et

164 1869 283 1923 quo
315 1852 509 1907 animo
539 1854 875 1924 susceperit,
928 1854 1141 1925 ipsein
1184 1856 1523 1925 praefatione
1572 1857 1737 1911 latius
1785 1874 1871 1911 ex-

164 1942 363 2013 plicat,
404 1958 515 2011 qna
548 1942 762 1996 librum
793 1943 1065 2014 episcopo
1096 1945 1323 1998 cuidam
1368 1944 1647 2014 inscribit,
1699 1962 1871 2017 quem

170 2029 500 2083 Burchardo
558 2029 1072 2086 familiarissimum
1124 2036 1190 2085 et
1246 2033 1657 2086 amicissimum
1696 2074 1709 2096 ,
1766 2033 1874 2087 sibi

168 2133 304 2171 vero
371 2117 545 2172 fuisse
603 2118 945 2189 magistrum
1004 2124 1061 2173 et
1116 2122 1364 2174 alterum
1427 2121 1590 2191 quasi
1650 2126 1872 2190 patrem

168 2206 513 2277 profitetur;
556 2207 718 2276 cujus
757 2223 969 2262 nomen
1004 2224 1136 2262 vero
1158 2208 1478 2279 indagitare
1507 2209 1739 2280 nequivi
1771 2211 1869 2279 (3).

168 2295 334 2348 Certe
382 2294 601 2365 aliquot
652 2299 780 2365 post
835 2296 1143 2351 Burchardi
1196 2304 1439 2351 mortem
1472 2298 1637 2351 annis
1668 2298 1876 2353 exactis

165 2381 463 2451 scripsisse
494 2382 720 2436 videtur
751 2384 859 2453 (’1);
913 2385 1009 2439 sed
1043 2404 1071 2435 ‹‹
1116 2402 1243 2456 quas
1276 2386 1491 2439 viderat
1539 2391 1595 2440 et
1626 2403 1753 2457 qum
1785 2402 1873 2440 re-

166 2468 391 2539 ligiosis
441 2468 578 2522 viris
625 2470 1009 2525 referentibus
1049 2472 1199 2525 bona
1249 2472 1317 2525 de
1367 2473 1464 2525 illo
1507 2473 1802 2541 didicerat,
1846 2493 1873 2524 ιι

165 2557 492 2611 luculenter
540 2558 835 2612 memorias
868 2560 1102 2614 tradidit
1150 2566 1206 2613 et
1236 2561 1490 2616 historiae
1523 2577 1875 2615 monumen-

164 2650 294 2699 tum
330 2646 642 2716 pretiosum
684 2652 740 2701 et
770 2648 964 2717 magni
997 2648 1320 2703 faciendum
1350 2649 1590 2720 posteris
1619 2649 1871 2720 reliquit.

242 2734 371 2787 Hec
424 2733 547 2787 Vita
610 2750 762 2802 vero,
825 2752 929 2806 per
986 2737 1240 2791 medium
1294 2754 1480 2791 ravum
1538 2754 1569 2790 a
1618 2738 1870 2803 nemine,

164 2822 327 2893 quod
359 2822 556 2891 sciam,
586 2823 749 2889 lecta,
800 2825 949 2895 quod
983 2826 1154 2879 etiam
1202 2843 1231 2878 a
1274 2826 1684 2880 recentioribus
1714 2826 1872 2879 valde

164 2910 508 2981 negligitur,
541 2912 808 2965 editionis
853 2912 1039 2966 unicae
1080 2914 1283 2966 raritas
1327 2915 1384 2967 in
1432 2930 1601 2977 causa
1632 2931 1753 2967 esse
1786 2913 1872 2967 vi-

161 3001 357 3053 detur.
408 3001 626 3055 Prodiit
656 3003 807 3054 enim
850 3003 1024 3055 semel
1056 3008 1281 3056 tantum
1330 3002 1391 3056 in
1440 3002 1749 3068 volumine,
1781 3002 1874 3055 cui

163 3090 371 3143 titulus
399 3109 415 3144 :

246 3180 297 3247 1)
352 3181 414 3233 D.
478 3178 788 3234 Burchardi
853 3181 1266 3234 Wormacimisis
1324 3180 1467 3234 Eccl.
1543 3181 1706 3249 episc.
1776 3179 1873 3232 de-

165 3272 437 3320 cretorum
469 3268 601 3321 libri
640 3268 764 3321 XX.
818 3298 886 3306 —
936 3268 1082 3336 Opus
1122 3284 1263 3321 nunc
1307 3271 1551 3337 primum
1596 3284 1872 3322 excusum.

165 3357 430 3420 Coloniae,
483 3370 551 3408 ea:
616 3357 840 3423 ofﬁcina
890 3357 1196 3410 Melchioris
1248 3358 1542 3411 Novesiam'
1590 3358 1724 3411 1548
1772 3358 1871 3423 fol.

166 3444 333 3496 Hunc
361 3442 592 3508 librum,
627 3449 743 3497 tam
783 3443 843 3497 in
876 3443 1223 3497 bibliotheca
1265 3444 1425 3514 regia
1458 3444 1878 3499 Hannoverana

164 3546 345 3601 quam
397 3530 754 3601 Gottingensi
785 3536 840 3585 et
891 3532 1246 3586 Berolineusi
1288 3533 1501 3586 frustra
1528 3532 1871 3603 ,‘quaasitum,

164 3635 239 3673 ex
294 3619 472 3673 ubere
515 3619 616 3673 illo
672 3620 925 3674 liberum
976 3620 1245 3675 thesauro
1300 3620 1761 3691 Guelferbytano,
1809 3622 1870 3674 V.

1981 1594 2294 1657 annuente,
2363 1589 2708 1660 accepimus,
2772 1594 2944 1660 atque
3000 1604 3064 1643 ex
3125 1605 3191 1643 eo
3254 1590 3438 1643 Vitam
3498 1589 3679 1654 illam,

1982 1679 2142 1749 cujus
2194 1679 2313 1748 jam
2381 1678 2633 1731 codicem
2693 1678 2940 1742 nullum,
3005 1677 3318 1731 Wormatia
3375 1694 3427 1730 a.
3486 1681 3616 1732 1689
3651 1694 3683 1731 a

1984 1766 2369 1837 Francogallis
2416 1766 2799 1819 funestissime
2860 1766 3051 1820 diruta
3114 1771 3171 1819 et
3217 1766 3470 1831 incensa,
3522 1765 3682 1819 inve-

1981 1856 2093 1910 niri
2126 1860 2288 1926 puto,
2320 1854 2756 1925 exprimendam
2806 1854 3019 1910 curavi.
3076 1854 3293 1923 Editor,
3345 1853 3446 1925 qui
3496 1854 3682 1908 Vitam

1983 1949 2111 2015 post
2166 1943 2380 1999 decreti
2448 1943 2832 2014 capitulorum
2885 1944 3134 1998 indicem
3209 1943 3420 2013 posuit,
3491 1944 3682 1998 codice

1980 2033 2132 2086 bono
2164 2033 2301 2086 satis
2342 2037 2601 2087 accurate
2654 2048 2792 2086 usus
2829 2048 2950 2086 esse
2998 2033 3242 2095 videtur,
3295 2031 3373 2085 ita
3429 2038 3491 2085 ut
3534 2048 3682 2086 non-

1986 2121 2094 2175 nisi
2140 2121 2351 2175 leviora
2383 2121 2647 2192 quaadam
2696 2121 3003 2175 emendare
3047 2126 3283 2174 conatus
3335 2120 3458 2174 sim.
3501 2122 3683 2184 Quam

1984 2210 2054 2263 ad
2084 2226 2205 2263 rem
2238 2209 2497 2263 adhibui.

2053 2299 2107 2369 2)
2151 2298 2471 2353 Chronicon
2529 2297 2965 2361 Wormatiense,
3015 2297 3169 2367 quod
3214 2297 3423 2351 sreculo
3471 2314 3561 2351 xvi
3593 2297 3681 2350 in-

1984 2386 2230 2456 cipiente
2292 2387 2609 2440 monachus
2672 2386 2907 2456 quidam
2966 2385 3372 2455 Kirsgartensis
3433 2385 3685 2439 conscri-

1986 2476 2115 2545 psit.
2171 2474 2271 2529 llic
2324 2475 2479 2528 enim
2538 2490 2550 2528 :
2609 2496 2628 2521 ι
2680 2474 3058 2536 Borchardus,
3111 2474 3316 2545 inquit,
3370 2474 3685 2528 sedecimus

1985 2563 2283 2634 episcopus
2314 2562 2743 2616 Wormatiensis
2801 2562 2927 2628 fuit,
2986 2563 3148 2631 cujus
3199 2563 3504 2618 Historiam
3554 2567 3685 2615 ante

1983 2668 2166 2705 annos
2200 2651 2406 2721 viginti
2454 2650 2714 2722 quinque
2766 2650 3092 2705 invenimus
3138 2652 3205 2704 ad
3239 2653 3508 2705 Sanctum
3540 2653 3680 2705 Pau-

1985 2741 2123 2793 lum.
2156 2739 2433 2795 Similiter
2462 2745 2520 2793 et
2559 2738 2617 2793 in
2660 2738 2865 2809 majori
2895 2738 3130 2791 ecclesia
3178 2739 3457 2805 habetur;
3511 2756 3683 2810 quam

1984 2826 2073 2879 hic
2103 2827 2171 2879 ad
2205 2825 2434 2879 laudem
2482 2826 2721 2879 civitatis
2771 2831 2979 2879 nostras
3020 2825 3089 2878 de
3125 2825 3294 2879 verbo
3328 2826 3397 2879 ad
3447 2827 3685 2878 verbum

1985 2920 2287 2968 annectere
2335 2914 2463 2966 volo
2505 2918 2679 2983 prout
2725 2913 2955 2967 invenio
2987 2913 3281 2983 scriptam.
3310 2931 3338 2963 ι
3374 2913 3567 2983 Neque
3607 2919 3686 2966 ta-

1988 3019 2118 3056 men
2151 3008 2265 3056 tam
2296 3002 2542 3056 fideliter
2571 3001 2669 3056 illa
2710 3018 2847 3055 usus
2886 3006 2990 3067 est,
3042 3002 3138 3055 sed
3171 3017 3495 3055 sermonem
3530 3018 3683 3071 smpe

1984 3091 2245 3156 mutavit,
2292 3090 2401 3144 alia
2432 3090 2671 3157 addidit,
2720 3090 2830 3143 alia
2862 3090 3074 3157 omisit,
3122 3096 3179 3143 et
3226 3106 3370 3159 opus
3401 3091 3536 3143 satis
3584 3093 3679 3145 de-

1986 3184 2281 3252 pravatum
2324 3179 2592 3233 reddidit.
2646 3180 2764 3234 lluc
2810 3179 3027 3234 accedit
3071 3180 3224 3250 quod
3274 3186 3389 3233 tam
3440 3180 3685 3234 Ludewi-

1986 3268 2065 3337 gii
2122 3268 2293 3321 editio
2325 3268 2521 3337 (Reliq.
2571 3282 2699 3321 mss.
2754 3268 2819 3334 Il,
2876 3285 2928 3338 p.
2975 3269 3168 3334 43-72)
3215 3284 3387 3339 quam
3440 3268 3678 3329 codices,

1987 3373 2129 3427 quos
2160 3357 2267 3407 νγ.
2299 3356 2398 3410 Cll.
2439 3356 2686 3409 Bohmer
2733 3361 2790 3409 et
2847 3357 3112 3409 Petersen
3160 3357 3434 3410 benevole
3490 3356 3681 3410 nobis-

1985 3461 2116 3498 cum
2172 3445 2690 3507 communicarunt,
2752 3445 3238 3498 Francofurtensis
3279 3445 3351 3514 (5)
3398 3450 3455 3499 et
3512 3446 3680 3498 Ham-

1984 3532 2289 3603 burgensis
2323 3534 2419 3602 (6),
2463 3537 2704 3603 uterque
2736 3533 2942 3586 saeculo
2990 3548 3099 3585 xvii
3150 3532 3411 3601 scriptus,
3463 3530 3684 3585 mendis

1985 3620 2313 3675 fcedissimis
2370 3626 2604 3687 scatent,
2648 3637 2779 3691 quae
2826 3636 2899 3674 an
2960 3620 3342 3691 Kirsgartensi
3403 3618 3682 3673 monacho

1801 3745 2027 3800 ΝΟΤᾸΞ.

244 3839 349 3909 (1⁸)
385 3840 519 3910 Ejus
550 3840 891 3894 memoriam
923 3858 1049 3896 szec.
1104 3858 1181 3895 xu
1236 3847 1475 3897 exeunte
1505 3841 1678 3896 etiam
1710 3843 1876 3896 Here—

162 3926 420 3964 mannus
463 3910 704 3965 clericus
736 3912 1164 3969 Wormatiensis
1212 3913 1271 3966 in
1321 3913 1672 3967 chartulario
1712 3914 1874 3966 Wor-

165 3982 437 4054 matiensi
472 3982 758 4054 celebrat,
792 3984 953 4053 cujus
1002 3984 1193 4037 locum
1238 3984 1358 4054 jam
1412 3984 1549 4038 olim
1589 4000 1718 4037 cum
1752 3985 1878 4037 Vita

165 4052 421 4125 editum,
471 4051 563 4105 hic
619 4051 971 4123 quoque'ex
1022 4054 1145 4109 cod.
1208 4051 1678 4125 p'ra-stantissimo
1735 4054 1873 4109 bibl.

166 4122 343 4189 regiae
387 4122 815 4177 Hannoveranze
851 4124 996 4178 mbr.
1049 4142 1092 4179 s.
1147 4122 1226 4178 xu
1270 4141 1334 4179 ex
1371 4126 1467 4180 fol.
1503 4129 1568 4179 25
1605 4126 1877 4180 exhiben-

164 4194 308 4246 dum
344 4194 614 4247 duximus
648 4210 661 4247 :
701 4214 727 4244 α
764 4196 1023 4249 INCIPIT
1082 4196 1448 4251 PROLOGUS
1509 4197 1599 4250 DE
1656 4197 1874 4251 PRIVI—

168 4264 397 4319 LEGIIS
472 4265 875 4320 BURCHARDI
950 4266 1283 4321 WOBMAT.
1345 4267 1672 4321 ECCLESIE
1740 4268 1875 4321 EPI-

165 4335 391 4408 SCOPI.
439 4336 705 4408 Decursis
754 4337 1169 4408 venerabilium
1225 4336 1548 4391 antistitum
1600 4338 1876 4408 tempori-

164 4406 298 4469 bus,
352 4406 564 4476 quibus
627 4407 934 4461 Ecclesiam
987 4407 1463 4462 Wormatiensem
1514 4408 1622 4462 sibi
1670 4406 1877 4463 a'Deo

167 4478 539 4549 commissam
576 4477 639 4549 in
706 4478 885 4549 undis
925 4477 1281 4532 diversarum
1351 4480 1727 4549 procellarum
1785 4496 1879 4533 se-

163 4549 423 4600 cundum
456 4548 713 4601 debitum
746 4548 915 4601 oftitii
960 4549 1049 4603 sui
1091 4548 1366 4619 pervigili
1406 4566 1543 4603 cura
1592 4550 1879 4619 guberna-

166 4620 331 4683 bant,
366 4623 423 4670 et
451 4634 574 4671 eam
628 4621 713 4672 vel
742 4619 975 4690 propria
1031 4620 1332 4689 largitione
1378 4621 1467 4673 vel
1525 4637 1726 4688 regum
1779 4637 1880 4674 seu

166 4689 590 4759 imperatorum
624 4689 929 4744 traditione
958 4690 1341 4757 facultatibus,
1394 4692 1709 4745 honoribus
1748 4707 1881 4745 exn-

166 4760 473 4813 berantem
533 4761 910 4830 reliquerant,
967 4762 1355 4816 accedendum
1418 4762 1583 4815 nobis
1658 4767 1743 4815 est
1808 4762 1875 4815 ad

165 4831 477 4903 introitum
536 4831 613 4901 pii
664 4833 911 4900 pastoris
976 4838 1033 4885 et
1081 4839 1339 4903 tempora
1392 4832 1704 4886 Burchardi
1754 4832 1877 4901 epi-

165 4899 348 4971 scopi,
383 4899 551 4969 cujus
586 4899 864 4955 memoria
894 4908 1133 4972 propter
1171 4899 1591 4972 prerogativam
1641 4899 1879 4956 merito-

164 4988 298 5043 rum
330 4972 484 5043 apud
515 4972 781 5025 homines
811 4978 895 5025 est
950 4974 1188 5027 celebris
1233 4980 1291 5028 et
1325 4975 1383 5027 iu
1432 4980 1740 5043 conspectu
1782 4975 1881 5028 Al-

1985 3848 2094 3907 tus,
2146 3841 2252 3895 hoc
2295 3840 2490 3894 civitas
2529 3839 2807 3894 adornata
2834 3850 2890 3893 et
2919 3839 3177 3907 adaucta,
3227 3839 3333 3894 hoc
3384 3838 3683 3893 universus

1986 3914 2343 3983 episcopatus
2390 3912 2560 3965 rebus
2611 3916 2667 3964 et
2734 3911 2908 3983 largis
2947 3910 3681 3983 possessionibusditatus,

1985 3980 2092 4037 hoc
2146 3980 2425 4036 testantur
2468 3980 2944 4052 congregationes
2996 3982 3167 4051 hujus
3228 3981 3491 4047 ecclesia,
3542 3997 3684 4052 quas

1986 4055 2105 4125 ipse
2137 4053 2853 4125 permodicasinveniens,
2904 4052 3303 4125 largitionibus
3345 4052 3684 4106 habundan-

1986 4131 2073 4178 ter
2103 4125 2398 4193 ampliavit
2438 4124 2523 4176 vel
2556 4139 2621 4177 ex
2654 4140 2801 4176 novo
2832 4124 3102 4189 instituit,
3148 4140 3353 4193 corpus
3403 4137 3684 4176 canonum

1986 4196 2045 4250 in
2076 4212 2247 4249 unam
2293 4195 2495 4249 faciem
2542 4200 2825 4248 castorum
2859 4194 3218 4265 eloquiorum
3270 4194 3449 4248 multo
3491 4194 3683 4265 labore

1986 4267 2238 4336 collegit,
2288 4266 2473 4336 legem
2518 4265 2822 4334 specialem
2883 4264 3096 4319 familie
3154 4266 3331 4319 sancti
3395 4264 3567 4331 Petri,
3605 4269 3687 4336 _ut

1987 4334 2406 4399 infra‘videtu'r,
2438 4336 2617 4402 dedit,
2649 4341 2703 4389 et
2737 4341 2797 4389 ut
2839 4336 3087 4390 breviter
3116 4336 3475 4401 concludam,
3507 4334 3684 4387 eccle-

1988 4408 2130 4462 siam
2162 4407 2639 4460 Wormatiensem
2669 4407 2727 4459 in
2780 4406 3100 4459 meridiano
3146 4407 3450 4475 splendore
3500 4404 3684 4458 omni-

1989 4480 2095 4532 bus
2140 4478 2309 4532 bonis
2350 4478 2633 4531 lucentem
2665 4477 2906 4530 feliciter
2953 4476 3205 4545 reliquit,
3241 4476 3393 4529 unde
3446 4478 3505 4529 13
3558 4475 3678 4528 Kal.

1990 4548 2308 4619 Septembr.
2361 4548 2417 4600 in
2470 4564 2607 4619 pace
2658 4548 2838 4619 factus
2890 4552 2976 4599 est
3033 4547 3189 4599 locus
3240 4546 3363 4616 ejus
3421 4550 3479 4599 et
3532 4546 3685 4615 apud

1988 4618 2254 4675 Sanctum
2286 4618 2655 4671 Laurentium
2681 4618 2961 4687 sepultus.
2998 4635 3025 4665 ιι

2061 4690 2135 4759 (2)
2168 4690 2225 4742 c.
2258 4691 2440 4759 20.23.

2059 4756 2133 4827 (3)
2166 4758 2433 4823 Azzecho,
2472 4757 2570 4827 qui
2600 4762 2727 4829 post
2759 4756 3150 4829 Burchardum
3181 4756 3475 4811 ecclesiam
3523 4756 3682 4811 Wor-

1988 4833 2328 4885 matiensem
2379 4829 2547 4896 rexit,
2592 4828 2680 4883 vix
2732 4828 2977 4897 intelligi
3018 4834 3221 4898 potest,
3274 4844 3452 4899 quum
3487 4835 3687 4881 auctor

1991 4917 2275 4972 nusquam
2306 4901 2549 4953 alterum
2583 4899 2816 4972 alterius
2842 4915 3251 4972 successorem
3304 4900 3535 4953 indicet.
3580 4901 3685 4954 Ne-

1990 4970 2328 5042 querverba
2381 4987 2428 5024 c.
2482 4973 2550 5024 20
2593 4987 2605 5024 :
2662 4971 2760 5025 illo
2812 4970 3181 5042 (Burchardo)
3228 4977 3435 5025 mortuo
3492 4974 3550 5024 in
3593 4971 3686 5023 hoc

165 5040 797 5133 tissimijmmortalis.
860 5043 968 5108 Qui
1017 5046 1373 5133 qualiterlse
1431 5044 1492 5098 in
1542 5040 1871 5115 episcopatu
1912 5078 1953 5133 Ο
1990 5040 2099 5133 loco
2141 5042 2487 5133 nullum‘sLui
2529 5043 2854 5133 consimilem.
2897 5048 3013 5133 tum
3048 5040 3369 5133 Δςιανίερίηςα
3418 5044 3539 5133 uita
3577 5056 3687 5094 esse

165 5112 461 5186 habuerit,
496 5130 611 5166 non
644 5119 730 5168 est
771 5112 1154 5186 necessarium
1185 5116 1371 5169 verbis
1401 5112 1707 5186 exponere,
1738 5112 1872 5168 cum
1912 5112 1953 5133 υ
1982 5116 2254 5180 futurum,
2280 5114 2341 5186 in
2374 5113 2521 5166 libro
2546 5112 2859 5167 Azzechoni
2892 5112 3105 5166 directa
3131 5112 3469 5182 scripsisset.

166 5186 324 5236 fama
353 5182 631 5237 virtutum
665 5186 786 5253 ejus
818 5185 1031 5256 ubique
1080 5191 1363 5240 terrarum
1395 5182 1766 5257 comprobata
1802 5188 1875 5239 sit

166 5270 411 5327 operum
473 5256 854 5322 attestatione,
914 5263 973 5310 et
1028 5262 1091 5309 ut
1148 5274 1288 5327 pace
1346 5256 1605 5311 omnium
1665 5258 1871 5321 dicam,

166 5325 305 5378 licet
348 5326 543 5395 plures
589 5328 970 5395 precesserint
1008 5325 1289 5381 eum—viri
1338 5329 1494 5382 mirae
1539 5328 1872 5393 sanctitatis,

168 5396 227 5447 in
272 5396 875 5469 seder_}Vormatiensi,
929 5403 1185 5469 respectu
1236 5400 1359 5468 ejus
1407 5399 1777 5469 plantationis
1820 5404 1876 5451 et

169 5466 735 5535 superediﬁcationis
785 5466 1035 5522 ecclesia
1068 5469 1176 5522 ista
1224 5466 1341 5523 tam
1391 5466 1449 5523 in
1481 5469 1876 5537 spiritualibus

168 5553 348 5607 quam
381 5537 440 5590 in
472 5538 889 5607 temporalibus
940 5544 1060 5593 erat
1092 5540 1256 5610 quasi
1296 5540 1571 5594 informis.
1626 5541 1741 5594 Hoc
1787 5546 1872 5593 te-

168 5613 355 5661 statur
402 5610 588 5663 clerus
635 5615 692 5663 et
733 5610 1004 5682 papulus,
1050 5617 1289 5682 paterna
1331 5612 1634 5666 dilectione
1668 5612 1873 5666 educa-

2056 5186 2129 5255 (4)
2164 5184 2338 5249 Prol.,
2373 5200 2420 5237 c.
2455 5187 2507 5237 2.

2055 5258 2141 5323 (ὅ)
2178 5257 2241 5308 ν.
2293 5254 2512 5309 Archiv.
2551 5271 2588 5319 ι,
2641 5270 2699 5323 p.
2750 5256 2872 5309 323.
2926 5253 3109 5319 Liber,
3162 5269 3226 5305 ex
3260 5252 3397 5323 bibl.
3440 5250 3685 5323 Joannis

1986 5322 2359 5381 Maxumiliani
2397 5328 2532 5378 lum
2559 5322 2807 5396 Jungen,
2845 5342 2888 5377 s.
2924 5340 3031 5377 xvu
3086 5323 3239 5377 med.
3284 5322 3513 5375 iu-folio
3552 5324 3687 5375 scri-

1987 5402 2252 5535 “215%:
2306 5467 2533 5523 Archiv.
2576 5483 2651 5531 γι,
2706 5482 2763 5536 p.
2817 5466 2940 5519 244.
2998 5465 3071 5516 Ex
3100 5464 3224 5519 cod.
3266 5462 3519 5517 Francof.
3583 5462 3679 5517 de-

1986 5540 2232 5612 scriptus
2258 5554 2379 5592 esse
2408 5538 2650 5591 videtur.
