3968 6434
271 397 374 449 507

1283 397 1754 456 BURCHARDUS
1795 397 2327 454 WORMACIENSIS
2365 395 2766 452 EPISCOPUS.

3686 398 3789 451 508

268 521 365 571 aut
395 515 595 571 scribis
645 516 930 589 imperitis
982 517 1096 572 sint
1137 517 1444 574 tribuenda
1488 520 1694 574 nescio.
1745 519 1960 574 Nihilo-
1996 519 2047 573 A
2077 519 2188 574 nisi
2216 519 2362 574 liber
2391 518 2679 573 oblivione
2704 533 2854 588 pene
2893 516 3155 588 sepultus
3199 522 3257 572 et
3285 517 3547 572 codicum
3586 523 3786 573 aucto-

271 605 461 659 minus
491 620 852 678 quascunque
882 605 1122 677 alicujus
1159 607 1434 662 momenti
1467 624 1588 662 esse
1619 609 1958 662 videbantur
2024 619 2039 633 ‘
2067 608 2235 662 ritate
2254 608 2376 678 jam
2405 623 2642 678 prorsus
2669 606 2978 661 destitutus
3020 606 3281 662 edendus
3305 607 3526 661 fuisset.

270 694 565 764 lectiones,
619 695 680 749 in
741 700 908 749 notas
965 695 1154 761 retuli,
1212 712 1355 767 quas
1402 702 1558 750 certo
1611 696 1954 763 amisissem,

3233 695 3296 748 G.
3340 696 3565 751 inrz.

1640 1008 2277 1084 PROLOGUS
2340 1005 2405 1082 '.

341 1199 522 1254 Vitam
569 1203 842 1270 actusque
893 1199 1084 1254 felices
1123 1200 1273 1254 beati
1303 1200 1486 1256 Patris
1541 1205 1598 1256 et
1631 1201 1964 1256 carissimi’

271 1288 513 1341 senioris
565 1288 679 1341 mei
731 1288 1044 1342 Burchardi
1097 1289 1350 1360 episcopi
1388 1305 1518 1343 cum
1559 1291 1808 1345 scribere
1847 1307 1970 1344 me-

269 1393 395 1430 cum
429 1377 829 1442 deliberarem,
881 1383 964 1442 tu,
1005 1379 1216 1447 praesul
1248 1378 1505 1449 piissime
1537 1380 1620 1446 N.,
1665 1379 1970 1433 occurebas

270 1463 449 1518 menti
493 1480 659 1529 meae,
701 1469 765 1518 ut
794 1465 1019 1519 nomini
1050 1470 1149 1519 tun
1195 1467 1405 1538 scripta
1451 1467 1852 1538 consignarem
1883 1471 1970 1520 at-

269 1569 380 1623 que
407 1568 818 1607 consecrarem.
861 1555 976 1607 Tua
1018 1570 1269 1626 namque
1315 1555 1596 1626 sapientia
1625 1556 1843 1610 cunctis
1887 1559 1969 1609 est

269 1640 516 1712 cognita,
549 1646 605 1694 et
643 1658 756 1694 non
788 1643 976 1695 solum
1023 1642 1081 1696 in
1115 1643 1384 1714 propriis,
1419 1645 1518 1698 sed
1550 1645 1725 1698 etiam
1770 1645 1829 1697 in
1861 1644 1966 1698 im-

269 1729 585 1800 perialibus
616 1730 815 1784 castris
844 1731 1090 1785 sollertis
1137 1732 1391 1786 hominis
1425 1733 1679 1787 ofﬁcium
1710 1749 1970 1787 exercere

268 1819 339 1872 ab
390 1817 660 1872 omnibus
709 1818 1122 1889 comprobaris.
1179 1821 1485 1876 Ecclesiam
1527 1826 1716 1876 autem
1767 1839 1798 1874 a
1853 1821 1971 1875 Deo

268 1904 372 1959 tibi
437 1905 797 1959 commissam
873 1907 1124 1960 maxima
1177 1909 1513 1964 auctoritate
1572 1908 1852 1962 construis
1917 1911 1974 1962 et

269 1993 442 2064 regis,
489 1998 544 2048 et
592 2009 832 2048 summae
876 1994 963 2047 vir
1005 1994 1236 2049 virtutis
1284 2002 1476 2067 aperte
1525 1997 1874 2068 praedicaris,
1918 2000 1974 2050 et

269 2086 434 2150 pater
476 2097 798 2152 pauperum
837 2098 1269 2154 egenorumque
1318 2084 1588 2139 solatium
1631 2084 1836 2138 merito
1869 2100 1971 2137 no-

270 2169 527 2225 minaris.
562 2169 725 2234 Quod
777 2170 835 2224 in
875 2187 967 2224 me
1011 2171 1220 2225 misero
1251 2172 1610 2242 apertissime
1652 2171 1970 2239 ostendisti,

271 2257 503 2326 quando
534 2274 638 2328 per
687 2258 873 2312 varios
916 2259 1141 2314 labores
1189 2276 1279 2314 me
1325 2261 1488 2315 valde
1532 2261 1883 2315 confractum
1917 2265 1974 2314 et

272 2347 342 2400 ab
371 2346 641 2400 omnibus
672 2347 1006 2418 despectum
1056 2366 1120 2403 ac
1168 2349 1490 2420 projectum
1530 2350 1974 2404 misericorditer

271 2435 540 2505 recepisti
568 2416 866 2506 atque,vut
905 2437 1094 2490 decuit
1141 2416 1214 2500 te,
1270 2416 1583 2492 clementer
1618 2438 1970 2492 consulendo
2005 2416 2042 2468 Β

272 2527 460 2577 tecum
491 2522 702 2578 fovisti.
734 2525 908 2591 Talia,
957 2525 1038 2579 mi
1071 2527 1260 2594 Pater,
1300 2543 1436 2596 erga
1483 2532 1540 2580 et
1582 2543 1695 2580 non
1739 2543 1972 2596 prome-

272 2615 518 2664 rentem.
555 2611 678 2664 Non
710 2612 864 2666 enim
904 2629 1028 2684 quae
1074 2613 1379 2668 hominum
1421 2619 1550 2668 sunt
1597 2615 1826 2685 quaeris,
1876 2615 1971 2670 sed

274 2714 400 2768 quae
432 2698 532 2753 Dei
560 2704 712 2766 sunt,
747 2707 810 2754 ut
838 2701 1104 2756 omnibus
1134 2707 1312 2773 patet,
1358 2719 1505 2773 pura
1537 2708 1731 2757 mente
1779 2703 1972 2758 medi-

272 2788 430 2852 taris,
471 2793 528 2840 et
559 2804 676 2841 non
709 2789 778 2843 ad
821 2807 1127 2860 personam
1171 2791 1412 2862 alicujus
1461 2791 1713 2862 respicis,
1749 2793 1844 2846 sed
1877 2809 1972 2846 re-

272 2881 422 2929 ctam
451 2876 691 2930 cmlestis
748 2877 971 2932 itineris
1019 2879 1281 2933 semitam
1328 2896 1527 2950 gressu
1557 2897 1661 2934 nec
1690 2880 1973 2935 titubante

274 2963 550 3033 sequeris.
585 2965 730 3036 Ergo
758 2966 1050 3021 dilectioni
1099 2968 1229 3021 vitae
1272 2973 1382 3022 tua;
1421 2973 1714 3040 perpetuae
1742 2971 1976 3041 conglu-

273 3051 575 3121 tinatione,
637 3054 686 3106 si
748 3071 1034 3124 praesumo
1103 3056 1384 3125 conﬁteri,
1452 3057 1704 3126 sigillum
1767 3058 1974 3113 Christi

275 3139 526 3215 caritatis
554 3143 775 3211 pectori
807 3158 934 3196 meo
967 3143 1311 3214 impressum
1363 3148 1464 3198 est.
1516 3144 1783 3208 Quamvis
1818 3143 1973 3198 enim

275 3227 472 3297 inopia
515 3229 600 3282 rei
645 3229 942 3284 familiaris
982 3232 1043 3284 in
1076 3232 1333 3301 exequiis
1374 3232 1707 3286 exhibendis
1753 3232 1974 3303 copiam

277 3315 424 3368 mihi
455 3316 769 3385 negaverit,
811 3322 1004 3371 tamen
1050 3334 1176 3371 mea
1211 3319 1476 3372 voluntas
1509 3336 1737 3390 semper
1774 3320 1976 3373 devota

277 3402 338 3456 in
371 3403 592 3458 Christo
622 3403 725 3458 tibi
755 3405 1028 3458 manebit.
1064 3407 1220 3460 Unde
1264 3406 1488 3461 nomini
1529 3412 1624 3461 tuo
1656 3407 1808 3462 istud
1837 3425 1974 3461 con-

277 3491 489 3545 secravi
521 3493 885 3562 opusculum,
919 3494 989 3548 de
1047 3494 1380 3548 amicissimi
1434 3511 1498 3549 ac
1544 3495 1976 3550 familiarissimi

277 3580 362 3633 tui
392 3580 612 3634 actibus
641 3582 1044 3652 compositum.
1097 3583 1328 3637 Noverit
1356 3589 1550 3638 autem
1579 3585 1828 3654 dignitas
1854 3589 1970 3653 tua,

2073 1199 2193 1267 bat,
2249 1198 2530 1266 narrabis,
2562 1202 2619 1252 et
2671 1198 3035 1268 propositum
3083 1199 3266 1254 animi
3322 1201 3406 1254 tni
3436 1217 3469 1254 a
3521 1217 3616 1256 me
3669 1219 3789 1257 non

2075 1289 2301 1356 celabis,
2364 1288 2502 1359 quia
2558 1287 2628 1341 ad
2682 1303 3067 1359 quascumque
3125 1304 3219 1342 me
3274 1288 3523 1356 vocabis,
3584 1307 3788 1345 meum

2078 1375 2383 1430 consilium
2450 1381 2625 1446 atque
2705 1375 2986 1430 auxilium
3048 1381 3315 1447 paratum
3390 1377 3648 1434 habebis.
3715 1410 3788 1420 —

2078 1466 2394 1536 Oportune,
2465 1463 2664 1529 frater,
2754 1464 3013 1535 inquam,
3083 1464 3283 1520 dilecte
3359 1466 3458 1533 mi,
3519 1483 3612 1521 me
3687 1468 3787 1522 hic

2077 1553 2364 1620 invenisti,
2423 1558 2479 1607 et
2527 1552 2692 1624 quasi
2740 1558 3039 1624 exoptatus
3092 1553 3237 1608 mihi
3299 1554 3595 1609 advenisti.
3655 1557 3786 1611 Jam

2078 1643 2297 1696 dudum
2343 1641 2497 1695 enim
2541 1640 2718 1694 animi
2753 1641 3029 1710 propositi
3063 1641 3256 1712 aliqua
3297 1643 3384 1696 vel
3437 1643 3661 1698 dictatis
3693 1647 3788 1700 vel

2077 1729 2404 1801 proditione
2474 1727 2755 1782 sermonis
2834 1727 2939 1782 tibi
2989 1729 3212 1798 aperire
3269 1730 3612 1801 cogitabam.
3673 1733 3788 1787 Sed

2079 1817 2276 1873 multis
2305 1817 2571 1871 affectum
2624 1831 2818 1869 meum
2867 1815 3338 1886 impedientibus,
3391 1835 3572 1890 usque
3613 1821 3790 1874 modo

2080 1905 2434 1960 differebam.
2464 1905 2674 1958 Verum
2707 1903 2859 1958 inter
2887 1905 3012 1958 haec
3042 1905 3223 1959 multa
3275 1907 3586 1962 maximum
3619 1909 3794 1973 fmihi

2079 1993 2186 2048 fuit
2244 1993 2352 2047 hoc
2402 1992 2908 2061 impedimentum,
2963 1992 3118 2063 quod
3175 2009 3305 2064 quae
3353 1995 3666 2065 excogitavi
3729 1997 3792 2051 in

2081 2082 2268 2154 palam
2293 2096 2560 2152 promere
2593 2080 2864 2134 dubitavi.
2901 2081 3025 2151 Ipse
3049 2081 3204 2134 enim
3250 2082 3419 2149 nosti,
3455 2099 3631 2152 quam
3663 2101 3795 2156 per-

2080 2169 2282 2225 niciosi
2315 2174 2449 2223 sunt
2482 2169 2748 2222 homines
2780 2168 3064 2235 moderni,
3115 2185 3288 2239 quam
3342 2170 3498 2240 pleni
3535 2171 3794 2226 diversa-

2081 2276 2210 2313 rum
2251 2258 2689 2328 cogitationum.
2739 2257 2888 2320 Quid
2943 2257 2990 2311 si
3048 2257 3276 2328 aliquis,
3334 2259 3550 2314 invidia
3589 2261 3794 2315 stimu-

2081 2348 2256 2414 lante,
2311 2347 2507 2401 videns
2573 2346 2694 2400 ha‘c
2747 2345 2913 2414 dicta,
2974 2345 3063 2399 his
3136 2346 3323 2400 verbis
3403 2348 3790 2419 vituperando

2082 2452 2175 2490 me
2246 2435 2579 2500 confundat,
2649 2434 2862 2488 scilicet
2932 2451 3209 2506 magnam
3285 2451 3407 2490 esse
3463 2436 3789 2506 audaciam,

2085 2523 2241 2594 quod
2299 2539 2404 2594 ego
2436 2538 2657 2593 pauper
2697 2527 2753 2575 et
2808 2523 3013 2576 stultus
3054 2523 3437 2594 prudentibus
3467 2524 3600 2576 viris
3654 2541 3798 2594 pro-

2083 2628 2239 2682 pono
2271 2628 2425 2665 meas
2458 2610 3001 2682 propositiunculas,
3045 2612 3200 2665 nudo
3258 2616 3316 2666 et
3371 2611 3660 2666 sitibundo
3692 2613 3793 2666 in-

2086 2701 2258 2771 genio
2308 2699 2399 2754 vix
2453 2701 2818 2770 compactas?
2879 2700 3032 2764 Esto,
3084 2700 3283 2766 fateor,
3336 2715 3429 2754 me
3475 2717 3797 2771 pauperem

2084 2805 2206 2844 esse
2237 2805 2300 2842 ac
2331 2789 2566 2842 stultum
2605 2807 2620 2854 ;
2650 2788 2745 2842 sed
2777 2787 2823 2841 si
2874 2803 3096 2858 pauper
3140 2803 3291 2857 sum,
3325 2788 3481 2842 dives
3511 2789 3638 2843 ﬁeri
3669 2805 3797 2844 non

2086 2878 2400 2942 erubesco;
2433 2875 2591 2930 dives
2640 2891 2773 2928 vero
2808 2891 3029 2945 pauper
3073 2875 3198 2929 ﬁeri
3248 2875 3577 2943 erubescit;
3619 2876 3796 2931 sicuti

2084 2965 2318 3020 divitem
2348 2964 2601 3018 villicum
2629 2964 2877 3034 legimus
2925 2963 3136 3017 dixisse
3171 2980 3182 3017 :
3222 2986 3242 3012 ι
3299 2963 3613 3017 Mendicare
3662 2981 3794 3018 eru-

2083 3055 2251 3108 besco
2283 3053 2434 3124 (Luc.
2470 3070 2584 3116 xv1,
2620 3055 2694 3122 3).
2727 3072 2756 3104 »
2817 3053 3014 3106 Carius
3073 3051 3218 3106 mihi
3266 3057 3349 3105 est
3394 3069 3524 3106 cum
3577 3053 3795 3108 Lazaro

2082 3141 2270 3195 vivere
2300 3156 2636 3211 pauperem,
2661 3153 2834 3211 quam
2865 3156 2994 3194 cum
3027 3141 3200 3194 divite
3234 3141 3383 3193 mitti
3414 3140 3471 3193 in
3505 3147 3794 3196 aeternum

2083 3229 2294 3300 ignem.
2336 3231 2622 3299 Pauperes
2672 3234 2729 3284 et
2785 3229 2926 3283 nudi
2985 3245 3186 3283 omnes
3234 3229 3352 3283 nati
3401 3246 3618 3284 sumus.
3678 3233 3797 3287 Sed

2085 3317 2223 3387 quid
2255 3317 2409 3370 dedit
2439 3315 2716 3384 animam,
2747 3316 2992 3387 largitur
3013 3322 3070 3370 et
3095 3333 3302 3383 escam,
3336 3317 3550 3388 quique
3579 3335 3796 3390 corpus

2085 3405 2316 3470 creavit,
2349 3405 2758 3458 vestimentum
2806 3404 3026 3458 tribuit.
3071 3406 3196 3475 Ipse
3228 3405 3381 3458 enim
3425 3405 3616 3471 habet,
3663 3407 3798 3478 ipse

2086 3494 2228 3548 mihi
2257 3493 2435 3560 dabit,
2471 3492 2606 3564 quia
2637 3493 2830 3546 anima
2863 3493 2990 3563 plus
3021 3498 3107 3546 est
3156 3509 3328 3563 quam
3371 3509 3515 3560 esca,
3557 3498 3615 3548 et
3660 3511 3795 3549 cor—

2085 3599 2194 3652 pus
2222 3581 2350 3653 plus
2381 3597 2554 3652 quam
2597 3581 3027 3635 vestimentum.
3080 3581 3184 3634 Ille
3217 3597 3445 3653 quoque
3500 3599 3790 3653 pauperes

277 3669 432 3738 quod
472 3686 586 3722 non
630 3686 735 3740 pro
789 3671 1056 3741 superbia
1104 3672 1297 3742 aliqua
1327 3673 1448 3726 haec
1479 3679 1611 3726 sunt
1637 3674 1970 3744 composita,
2005 3690 2045 3745 ε
2086 3688 2200 3725 non
2233 3670 2470 3740 spernit,
2526 3670 2620 3724 sed
2671 3669 2834 3740 eligit
2863 3670 3115 3735 inﬁrma,
3151 3676 3214 3723 ut
3253 3671 3565 3724 confundat
3597 3672 3789 3728 fortia.

277 3756 398 3822 sed,
434 3758 549 3811 Deo
598 3761 762 3823 teste,
811 3759 882 3812 ad
914 3759 1238 3813 evitandam
1290 3760 1645 3815 ociositatem
1677 3761 1976 3832 cordisque

277 3845 574 3912 desidiam,
605 3851 661 3900 et
691 3847 938 3902 maxime
968 3848 1040 3902 ob
1072 3865 1190 3902 suae
1228 3849 1408 3903 beatae
1435 3851 1564 3904 vitae
1611 3850 1973 3916 memoriam,

277 3937 360 3998 nt,
410 3949 540 3987 cum
592 3951 690 3988 sua
739 3936 1004 4006 legantur
1064 3943 1225 4006 gesta
1272 3937 1549 4007 piissima,
1604 3939 1978 3993 obstruantur

277 4036 379 4074 ora
417 4025 613 4074 contra
665 4021 830 4076 illum
882 4023 1242 4093 loquentium
1293 4024 1511 4094 iniqua.
1547 4025 1604 4080 Si
1653 4025 1794 4096 quid
1843 4042 1977 4080 vero

277 4107 604 4162 inordinate
654 4111 739 4162 vel
796 4110 1062 4180 imperite
1111 4113 1411 4177 connexui,
1476 4119 1590 4166 tuae
1640 4112 1978 4166 correctioni

277 4201 334 4249 et
364 4197 689 4251 auctoritati
717 4199 974 4267 proferre
1009 4199 1251 4267 decrevi,
1286 4217 1524 4270 sperans
1569 4201 1674 4254 hoc
1727 4205 1829 4254 tua
1869 4201 1977 4254 mi-

278 4284 586 4339 sericordia
631 4286 842 4358 corrigi
888 4292 946 4341 et
991 4287 1241 4342 defendi.
1293 4289 1376 4343 Ad
1421 4289 1691 4344 ultimum
1745 4305 1977 4360 quoque

278 4375 616 4444 opusculum
650 4375 800 4429 istud
849 4380 949 4429 tuo
975 4376 1194 4448 judicio
1226 4377 1533 4448 subjaceat,
1581 4382 1665 4443 ut,
1715 4377 1825 4431 sibi
1856 4377 1978 4431 dis-

277 4463 502 4533 pliceat,
547 4463 864 4531 aboleatur,
894 4465 943 4519 si
989 4482 1122 4520 vero
1162 4467 1405 4536 placeat,
1447 4467 1516 4521 ad
1569 4471 1977 4521 testamentum

276 4552 557 4606 factorum
589 4552 692 4607 Dei
741 4554 887 4608 servi
919 4560 1228 4610 remaneat.
1281 4585 1349 4597 —
1390 4556 1544 4610 Istud
1577 4560 1766 4609 autem
1801 4571 1977 4624 opus-

275 4641 466 4694 culum
502 4641 611 4694 hoc
647 4643 816 4697 modo
866 4644 1112 4714 sumpsit
1143 4644 1461 4699 exordium.
1515 4646 1656 4701 Cum
1702 4645 1792 4698 die
1836 4660 1974 4714 qua-

279 4726 410 4781 dam
453 4728 573 4782 loco
604 4730 893 4784 secretiori
922 4731 1124 4786 sedens
1171 4748 1399 4786 mecum
1439 4732 1661 4786 diversa
1699 4731 1978 4786 volvendo

278 4830 396 4868 non
429 4815 550 4869 sine
579 4817 840 4887 suspiriis
887 4819 1220 4889 cogitarem,
1270 4836 1434 4875 meus
1475 4820 1709 4891 quidam
1742 4819 1980 4874 familia-

2089 3761 2145 3814 Si
2173 3775 2306 3812 vero
2335 3759 2522 3812 nudus
2569 3758 2878 3828 aridusque
2932 3775 3056 3812 sum
3089 3758 3341 3830 ingenio,
3374 3764 3567 3812 tamen
3607 3760 3794 3815 induo

2085 3865 2176 3902 me
2208 3847 2528 3902 temeritate
2583 3846 2875 3917 loquendi,
2929 3847 3206 3916 quoniam
3259 3847 3423 3902 illum
3477 3864 3644 3918 spero
3701 3849 3797 3904 ad-

2080 3937 2353 4007 jutorem,
2388 3934 2487 4005 qui
2527 3934 2706 3988 dixit:
2743 3954 2770 3984 «
2798 3934 2971 4003 Aperi
3002 3951 3066 3987 os
3092 3940 3255 3988 tuum
3287 3940 3344 3988 et
3373 3934 3626 4005 implebo
3646 3936 3794 3991 illud

2087 4024 2252 4094 (Psal.
2308 4039 2471 4088 Lxxx,
2513 4024 2613 4090 Η).
2657 4043 2679 4070 ι
2735 4024 2861 4092 Ipse
2913 4021 3128 4094 quippe
3179 4022 3342 4092 juxta
3399 4039 3516 4076 sua:
3548 4026 3800 4093 promis-

2086 4113 2309 4166 sionem
2368 4110 2688 4165 clementiaa
2745 4126 2874 4180 qua:
2933 4111 3186 4164 facturus
3235 4111 3605 4181 dicturusque
3662 4130 3796 4167 sum

2085 4200 2365 4271 perﬁciet,
2398 4198 2765 4253 conﬁrmabit
2803 4197 3204 4268 solidabitque.
3253 4200 3397 4269 Ergo
3439 4199 3508 4253 de
3539 4199 3610 4252 iis
3640 4201 3798 4256 ultra

2085 4288 2241 4358 loqui
2276 4288 2498 4354 diﬁ'ero,
2541 4292 2598 4340 et
2651 4302 2779 4356 quae
2834 4291 3029 4339 nostra
3058 4285 3231 4339 series
3270 4286 3430 4356 posci
3469 4287 3799 4357 promenda

2085 4382 2200 4430 tuae
2231 4376 2524 4430 dilectioni
2555 4375 2773 4446 aperio.
2827 4375 3090 4430 Sanctam
3135 4375 3366 4444 Deoque
3399 4380 3795 4428 consecratam

2087 4466 2268 4519 Vitam
2301 4464 2454 4518 beati
2496 4463 2680 4518 Patris
2717 4463 2899 4518 nostri
2955 4463 3264 4517 Burchardi
3320 4462 3596 4532 episcopi,
3633 4463 3793 4517 omni

2086 4553 2253 4607 laude
2281 4551 2701 4621 dignissimam,
2734 4551 3050 4605 secundum
3091 4551 3206 4605 mei
3233 4549 3454 4621 ingenii
3490 4551 3793 4605 modulum

2086 4646 2144 4695 et
2192 4641 2553 4695 conscientia:
2609 4639 3004 4693 testimonium
3086 4639 3333 4692 scribere
3401 4639 3627 4691 animus
3701 4656 3794 4693 me

2087 4728 2330 4784 assiduis
2385 4727 2847 4800 suggestionibus
2897 4728 3252 4782 incessanter
3331 4727 3624 4796 impulsat.
3707 4729 3796 4782 Ad

2088 4819 2242 4890 quod
2276 4834 2420 4888 opus
2462 4816 2876 4887 perﬁciendum
2926 4821 3093 4870 tuum
3137 4815 3443 4869 consilium
3485 4815 3708 4885 pariter
3741 4823 3803 4870 et

276 4901 800 4963 risfinterveniens
859 4905 1190 4976 hujusmodi
1249 4909 1525 4962 allocutus
1591 4913 1675 4966 est
1728 4908 1912 4963 verbis
1959 4923 1971 4962 :
2009 4924 2051 4976 ι)
2089 4906 2369 4960 auxilium
2402 4907 2644 4976 supplex
2701 4904 2971 4975 imploro,
3026 4904 3162 4975 quia
3201 4903 3410 4958 divinis
3448 4903 3798 4974 perdoctam

280 5009 306 5042 ι
372 4989 521 5056 Quid
585 4995 670 5057 tu,
735 4992 944 5063 inquit,
1005 4994 1084 5047 mi
1138 4995 1454 5062 carissime,
1514 4998 1670 5050 solus
1737 4996 1830 5051 hic
1901 5013 1984 5051 se-

277 5081 418 5132 dens
486 5078 680 5134 animo
750 5081 980 5136 turbato
1051 5083 1345 5138 meditaris
1403 5086 1432 5137 ?
1504 5086 1592 5139 vel
1647 5101 1748 5138 cur
1813 5085 1981 5139 solito

279 5167 499 5221 tristior
554 5169 781 5240 obstipo
835 5171 1019 5240 capite
1072 5177 1285 5226 terram
1339 5173 1581 5227 intueris
1618 5175 1647 5227 ?
1703 5173 1762 5228 Si
1826 5173 1979 5228 enim

279 5256 442 5310 dictis
497 5257 586 5310 vel
636 5257 798 5311 factis
843 5258 1053 5330 aliquis
1092 5265 1147 5313 te
1200 5265 1610 5326 commoverat,
1656 5265 1842 5314 tecum
1891 5277 1980 5314 me

273 5343 400 5414 jam
431 5346 778 5402 turbaverat.
814 5348 985 5418 Ergo,
1017 5347 1064 5402 si
1111 5348 1248 5419 quid
1297 5349 1402 5403 tibi
1440 5354 1692 5404 mentem
1743 5353 1981 5402 contur-

2090 4995 2448 5065 istorumque
2481 4999 2536 5047 te
2564 4993 2857 5047 conscium
2889 4997 2946 5046 et
2998 4992 3068 5047 ad
3126 4994 3235 5046 hoc
3292 4992 3598 5062 negocium
3658 4994 3803 5048 satis

2090 5083 2360 5138 idoneum
2394 5099 2514 5137 esse
2572 5081 2706 5135 scio.
2761 5081 2962 5135 Adhuc
3021 5080 3176 5134 enim
3233 5096 3346 5134 non
3380 5096 3506 5134 sum
3554 5081 3800 5149 oblitus,

2091 5172 2381 5243 quomodo
2415 5171 2665 5243 quodam
2713 5170 3194 5224 confabulationis
3250 5175 3508 5238 tempore
3544 5170 3804 5225 multum

2088 5262 2159 5316 de
2189 5259 2451 5330 prmdicti
2481 5260 2588 5314 viri
2619 5259 2926 5313 virtutibus
2968 5274 3060 5312 me
3105 5257 3474 5328 interrogasti
3508 5274 3523 5324 ;
3570 5264 3632 5312 et
3668 5276 3802 5314 cum

2088 5349 2245 5403 illius
2297 5347 2487 5402 studia
2526 5352 2721 5402 sancta
2773 5353 2829 5401 et
2861 5363 3090 5401 morum
3148 5349 3511 5401 honestatem
3569 5347 3680 5402 tibi
3711 5365 3806 5402 re-

1606 5513 1610 5518 ’
1696 5513 1929 5567 νΑΒΙᾹΞ
1971 5512 2366 5568 LECTIONES.

355 5627 373 5660 ‘
406 5629 659 5696 Prologus
691 5635 831 5685 totus
859 5631 1024 5686 deest.

1102 5633 1124 5665 ²
1155 5631 1477 5686 charissimi
1509 5637 1556 5688 t.
1591 5633 1879 5702 Ejusmodi
1906 5634 2066 5686 verba
2095 5637 2324 5688 correcti.
