3968 6396
113 369 214 421 509
1315 366 1659 423 PROtEMIA.
1704 398 1772 406 —
1812 368 1967 422 VITA
2009 365 2436 421 BURCHARDI.

3531 370 3635 424 510

111 490 397 559 tulissem,
456 489 631 546 etiam
683 496 898 563 quanta
951 489 1261 547 stabilitate
1322 491 1383 547 in
1432 493 1640 547 Christi
1689 496 1894 563 ope-A
1934 488 2331 560 expositionis.
2366 487 2545 543 Petivi
2590 503 2727 558 ergo
2761 492 2817 542 et
2866 491 2999 559 peto
3036 488 3271 557 iterum,
3325 495 3391 544 ut
3446 490 3517 544 de
3548 491 3635 545 fe-

112 580 293 647 ribus,
356 581 418 634 in
473 580 780 651 Scripturis
830 580 1061 648 sanctis,
1113 580 1174 634 in
1221 581 1455 652 jejuniis
1505 586 1562 635 et
1612 582 1821 652 vigiliis

115 673 171 722 et
231 669 595 723 orationibus
670 668 1104 739 permansisset,
1163 670 1368 735 fateor,
1426 686 1541 724 non
1582 670 1706 724 sine
1739 671 1820 723 la—

116 756 311 811 crimis
342 757 448 812 tibi
498 757 755 829 exposui,
806 773 1034 811 necnon
1063 757 1353 827 quomodo
1383 759 1668 812 seculares
1698 763 1819 812 tur-

115 845 280 900 bines
312 847 678 917 diversasque
711 845 1082 899 adVersitates
1139 851 1195 899 et
1223 846 1372 900 aeris
1424 852 1673 901 terrores
1703 863 1824 901 ora-

119 935 293 989 tionis
350 934 672 989 constantia
722 934 1036 1003 scepissime
1067 934 1505 1005 compescuerit,
1569 935 1819 1001 narravi,

120 1025 177 1074 et
216 1020 294 1073 ita
318 1018 803 1089 jucundissimum
828 1019 1094 1072 duximus
1117 1018 1290 1072 diem.
1327 1019 1628 1073 Intendis?
1657 1020 1821 1085 Quid-

118 1108 218 1162 ni?
305 1109 446 1161 Nam
504 1112 704 1178 postea
766 1107 946 1160 sancti
979 1106 1250 1161 desiderii
1308 1124 1481 1162 manu
1544 1108 1825 1179 pulsando

120 1196 213 1250 die
262 1202 554 1266 noctuque
600 1212 692 1251 me
732 1196 1014 1264 instigans
1069 1195 1285 1267 petisti,
1340 1202 1405 1250 ut
1451 1196 1520 1250 de
1564 1196 1679 1249 vita
1736 1196 1821 1249 vel

118 1286 431 1339 virtutibus
462 1285 633 1355 hujus
691 1285 799 1338 viri
830 1285 1024 1355 aliqua
1067 1285 1278 1355 scripta
1328 1284 1648 1355 proferrem
1707 1283 1822 1337 sive

118 1376 186 1429 ad
218 1375 634 1443 proferendum
671 1374 777 1427 tibi
807 1389 1199 1445 suggererem.
1249 1374 1382 1428 Tuis
1442 1374 1657 1445 quippe
1715 1374 1826 1443 piis

120 1463 501 1534 petitionibus
556 1463 982 1532 obtemperans,
1080 1463 1303 1533 aliquas
1354 1462 1822 1533 compositiones,

122 1552 387 1623 quamvis
418 1552 698 1621 elingues,
731 1567 979 1621 superna
1033 1552 1218 1622 gratia
1275 1551 1486 1604 montis
1532 1567 1672 1604 mea:
1728 1567 1825 1603 ra-

121 1640 354 1695 ritatem
388 1640 705 1705 imbuente,
738 1655 869 1694 cum
891 1644 991 1693 tuo
1025 1639 1237 1693 auxilio
1266 1640 1335 1693 de
1367 1641 1488 1710 ejus
1518 1640 1636 1692 vita
1695 1656 1825 1692 nar-

122 1746 251 1783 rare
300 1728 561 1782 studebo.
614 1728 723 1783 Sed
772 1726 994 1799 quoties
1053 1726 1206 1780 illius
1252 1726 1569 1781 beatissimi
1612 1727 1825 1779 mentio

118 1819 268 1873 mihi
303 1819 567 1885 occurrit,
603 1817 774 1872 toties
830 1817 998 1871 fletus
1052 1816 1414 1887 gemitusque
1454 1833 1547 1870 me
1586 1815 1816 1885 affligit.

117 1906 277 1961 Nihil
312 1906 454 1960 mihi
488 1911 624 1960 tunc
654 1910 760 1971 est,
795 1906 1022 1972 dilecte,
1082 1905 1192 1959 nisi
1259 1906 1523 1959 lacrimas
1554 1909 1610 1958 et
1640 1904 1825 1974 suspi-

113 1995 202 2048 ria
259 1995 612 2048 incessanter
671 1994 986 2060 effundere,
1047 1994 1263 2064 hasque
1316 1993 1668 2047 miserabiles
1725 2009 1827 2045 co—

112 2082 428 2151 gitationes
460 2082 627 2135 tacite
658 2097 885 2135 mecum
935 2082 1198 2136 volvere:
1260 2082 1396 2146 Quis
1425 2082 1529 2147 fui,
1572 2086 1667 2135 aut
1698 2080 1827 2152 quis

112 2187 265 2238 sum,
322 2171 411 2224 vel
475 2170 603 2241 quis
687 2170 824 2223 ero?
874 2172 991 2240 Ego
1046 2186 1172 2224 sum
1224 2169 1322 2223 ille
1372 2170 1824 2224 misericorditer

116 2259 377 2313 nutritus
433 2265 491 2312 et
550 2258 956 2313 miserabiliter
1011 2258 1338 2323 derelictus,
1397 2259 1457 2313 in
1524 2259 1721 2313 labore
1771 2264 1827 2313 et

113 2364 381 2403 aerumna
411 2348 759 2401 constitutus
835 2354 893 2401 et
946 2364 1093 2418 pene
1154 2347 1416 2402 omnium
1495 2348 1824 2413 vilissimus,

109 2436 304 2491 inﬁmi
364 2435 612 2507 generis,
670 2437 983 2506 parentelae
1050 2436 1380 2506 peccatricis
1444 2436 1660 2491 cunctis
1735 2436 1828 2489 in-

112 2526 404 2596 cognitus,
434 2525 531 2579 sed
565 2530 757 2578 tamen
808 2524 953 2578 mihi
991 2526 1272 2579 conscius.
1334 2525 1664 2582 Similitudo
1695 2542 1827 2596 gen-

114 2615 186 2667 tis
218 2619 281 2668 et
333 2613 643 2667 commotio
684 2612 885 2684 capitis
942 2613 1002 2666 in
1062 2613 1312 2683 populis.
1349 2614 1491 2667 Nam
1552 2619 1612 2668 ut
1667 2614 1829 2667 deses

114 2718 386 2773 respuor,
423 2707 487 2755 ut
544 2702 749 2756 fcetens
807 2717 1047 2772 expuor,
1102 2707 1164 2755 ut
1216 2701 1481 2773 putridus
1520 2702 1824 2772 despicior,

115 2796 169 2845 et
187 2790 303 2844 hoc
333 2806 447 2843 non
480 2789 792 2844 immerito.
837 2789 1053 2844 Cotidie
1087 2805 1338 2860 namque
1398 2790 1824 2844 infelicissimus

115 2895 223 2949 ego
261 2880 322 2932 in
343 2882 709 2948 peccatorum
739 2878 1039 2931 volutabro
1066 2882 1353 2947 putresco,
1405 2883 1462 2932 et
1490 2894 1665 2931 onera
1693 2895 1824 2948 gra-

114 2968 205 3021 via
245 2972 305 3021 et
387 2983 518 3020 meo
570 2967 715 3020 collo
774 2965 1164 3037 importabilia
1222 2966 1398 3019 miser
1457 2983 1654 3037 gerere
1709 2967 1826 3020 fer-

1930 578 2131 632 licibus
2161 577 2317 632 illius
2346 577 2508 631 factis
2561 576 2755 647 aliqua
2812 577 3025 632 scribas
3093 578 3208 631 sive
3259 578 3327 631 ad
3381 579 3633 633 scriben-

1933 669 2071 723 dum
2104 668 2247 722 mihi
2277 683 2569 738 suggeras.
2607 667 2796 738 Turpe
2820 671 2905 721 est
2950 666 3107 721 enim
3157 668 3282 721 vela
3320 667 3632 736 deponere,

1932 773 2061 811 cum
2090 772 2330 828 prosper
2370 761 2573 809 ventus
2627 772 2744 809 non
2777 760 2961 810 cessat
3016 756 3232 809 afflare.
3290 756 3438 826 Ergo
3498 773 3635 827 pro-

1932 846 2126 899 missio
2159 850 2257 898 tua
2282 844 2612 914 impleatur,
2645 848 2702 898 et
2746 844 2881 914 quia
2912 844 3142 898 fortuna
3194 844 3431 914 aspirat,
3484 845 3636 897 ultra

1933 950 2049 988 non
2100 933 2417 987 differatur.
2476 932 2583 988 Sed
2661 932 2760 985 illa
2798 932 2867 986 de
2926 932 3134 998 quibus
3193 932 3384 986 dixisti
3440 931 3636 1003 gravia

1934 1038 2110 1076 onera
2141 1027 2198 1076 et
2236 1021 2475 1075 miseras
2505 1020 2929 1074 mundanarum
2982 1036 3178 1074 rerum
3228 1037 3412 1088 curas,
3453 1036 3633 1092 usque

1933 1111 2108 1165 modo
2165 1110 2258 1165 vix
2282 1125 2509 1164 mecum
2559 1109 2794 1163 nomine
2851 1113 3039 1175 notas,
3092 1109 3171 1162 ita
3232 1109 3458 1163 acclivis
3514 1109 3636 1179 jam

1934 1198 2196 1254 humeris
2226 1204 2414 1269 porto,
2447 1204 2509 1251 ut
2534 1198 2676 1252 heu!
2719 1214 2825 1251 nec
2876 1197 3160 1268 respirare
3197 1214 3299 1251 nec
3362 1214 3480 1267 prae
3512 1214 3635 1251 ma-

1934 1287 2235 1358 gnitudine
2305 1286 2578 1357 ponderis
2634 1286 2923 1357 suspicere
2970 1292 3191 1356 potero.
3253 1286 3385 1339 Illos
3444 1290 3633 1339 autem

1936 1378 2280 1430 fluctuantes
2324 1374 2503 1428 seculi
2570 1373 2831 1427 turbines
2894 1373 3264 1444 diversasque
3323 1372 3636 1426 adversita-

1936 1468 2060 1516 tum
2135 1462 2493 1517 incursiones
2540 1462 2806 1533 aerisque
2857 1467 3126 1527 terrores,
3189 1477 3334 1530 quos
3409 1460 3636 1515 vivente

1936 1552 2100 1606 beato
2154 1556 2395 1622 patrono
2451 1556 2647 1604 nostro
2704 1550 3026 1603 rarissimos
3049 1550 3349 1611 sensimus,
3406 1565 3632 1620 prome-

1936 1641 2195 1694 rentibus
2240 1642 2487 1711 peccatis
2536 1638 2746 1692 nostris
2775 1638 2895 1709 jam
2950 1638 3113 1708 quasi
3170 1638 3491 1691 cotidianos
3546 1638 3634 1691 vel

1940 1734 2371 1783 momentaneos
2414 1728 2785 1781 sustinemus.
2848 1726 3009 1781 Illius
3048 1742 3301 1797 namque
3348 1726 3459 1796 piis
3507 1741 3633 1778 ora-

1935 1822 2186 1876 tionibus
2234 1822 2373 1875 dum
2426 1819 2566 1874 vixit
2609 1820 2761 1891 apud
2820 1821 3001 1873 Deum
3047 1819 3249 1890 adjuti,
3281 1836 3313 1873 a
3366 1818 3638 1889 periculis

1938 1910 2207 1963 omnibus
2246 1908 2409 1981 quasi
2457 1924 2624 1961 muro
2675 1907 2885 1961 muniti
2941 1908 3157 1961 fuimus
3218 1911 3257 1963 ⁸.
3327 1909 3635 1978 Postquam

1934 2008 2129 2052 autem
2175 1999 2297 2069 ejus
2346 1996 2647 2051 benedicta
2684 1996 2990 2064 praesentia
3030 1995 3215 2049 orbati
3247 2012 3465 2060 sumus,
3525 2012 3638 2066 quo

1937 2087 2249 2141 secundum
2273 2102 2468 2139 vocem
2496 2084 2850 2139 Dominicam
2903 2084 3153 2139 extincto
3193 2089 3441 2155 pastore,
3475 2083 3639 2155 quasi

1937 2192 2071 2229 oves
2101 2176 2222 2229 sine
2243 2174 2593 2229 offensaculo
2636 2172 2832 2244 positi,
2876 2188 3075 2226 sumus
3113 2172 3355 2241 dispersi
3402 2179 3457 2227 et
3486 2187 3636 2236 pene

1937 2265 2009 2318 ad
2050 2262 2296 2317 nihilum
2323 2262 2557 2317 redacti.
2604 2262 2763 2316 Unde
2820 2261 3044 2331 quoties
3101 2260 3237 2314 talia
3275 2264 3330 2313 te
3360 2261 3635 2331 loquente

1937 2353 2109 2407 modo
2132 2352 2461 2417 audiebam,
2505 2351 2671 2405 toties
2703 2366 2809 2420 per
2838 2350 3067 2420 singula
3122 2366 3268 2420 pene
3318 2350 3492 2403 verba
3551 2353 3633 2401 ta-

1937 2441 2049 2495 cite
2102 2439 2333 2505 ﬂebam,
2394 2455 2501 2492 nec
2558 2438 2728 2492 nudis
2787 2436 3060 2502 lacrimis,
3121 2436 3241 2501 sed,
3290 2441 3433 2489 teste
3504 2451 3641 2489 con-

1936 2529 2176 2583 scientia
2232 2544 2382 2594 mea,
2442 2544 2507 2581 ex
2565 2527 2772 2581 intima
2818 2524 3262 2595 compunctione
3343 2524 3639 2578 concretis.

1938 2620 2107 2686 Ergo,
2143 2633 2360 2688 quaeso,
2397 2632 2572 2687 perge
2604 2615 2891 2669 narrando
2923 2614 2991 2668 de
3024 2614 3131 2667 hoc
3161 2613 3282 2667 viro
3314 2629 3443 2683 quae
3501 2629 3640 2683 pro-

1939 2706 2167 2770 misisti,
2201 2704 2327 2759 etsi
2356 2705 2496 2775 quid
2529 2708 2729 2775 potero
2762 2703 2887 2769 tibi,
2928 2702 3120 2768 frater,
3157 2716 3465 2772 suggerere
3525 2716 3643 2754 non

1938 2795 2169 2849 desisto.
2231 2822 2294 2834 —
2362 2795 2579 2856 Fateor,
2644 2793 2904 2862 inquam,
2972 2791 3125 2861 quod
3182 2790 3293 2860 piis
3351 2790 3478 2859 ejus
3509 2805 3641 2843 ora-

1938 2882 2194 2935 tionibus
2225 2898 2256 2935 a
2288 2881 2413 2935 telis
2446 2880 2781 2950 periculosis
2813 2894 3039 2948 semper
3096 2878 3339 2947 protecti
3399 2893 3632 2943 sumus;

1938 2975 1995 3024 et
2026 2971 2156 3024 ideo
2189 2987 2277 3023 me
2327 2970 2563 3040 impune
2597 2985 2878 3039 peccasse,
2934 2967 3307 3020 stultissimus
3370 2971 3507 3019 tunc
3536 2983 3643 3036 pu-

114 3073 303 3110 vesco.
343 3055 626 3125 Quicquid
656 3054 811 3109 enim
850 3054 1038 3109 labilis
1068 3054 1352 3109 desiderat
1381 3055 1627 3124 animus,
1667 3058 1822 3109 velut
1860 3061 1900 3114 C
1942 3060 2156 3125 tabam,
2190 3059 2462 3129 quoniam
2518 3058 2680 3111 illum
2720 3073 2824 3127 pro
2875 3055 3040 3109 nobis
3089 3055 3440 3109 incessanter
3482 3069 3643 3107 orare

115 3145 305 3199 lutum
339 3144 498 3197 nullo
528 3143 756 3197 camino
788 3144 1113 3214 probatum,
1164 3144 1233 3196 ad
1266 3145 1661 3213 peragendum
1686 3146 1826 3198 mol-

114 3234 284 3301 lesco,
324 3237 381 3286 et
433 3232 756 3300 commissa,
808 3248 935 3302 quae
967 3233 1141 3285 semel
1190 3232 1277 3285 vix
1311 3232 1521 3285 exortis
1577 3232 1827 3287 lacrimis

118 3320 535 3389 defleo,totius
588 3320 767 3374 animi
829 3320 1028 3374 salutis
1068 3320 1310 3387 oblitus,
1372 3321 1563 3374 statim
1622 3328 1827 3375 centu—

114 3411 287 3482 plico.
329 3408 485 3463 Unde
547 3413 603 3461 et
637 3408 809 3462 verba
839 3424 967 3463 mea
1017 3409 1214 3463 dolore
1263 3413 1399 3462 sunt
1447 3410 1636 3479 plena.
1700 3412 1829 3463 Haec

115 3505 190 3563 te,
218 3499 418 3563 frater,
471 3495 737 3551 similiter
767 3513 993 3551 mecum
1051 3513 1395 3568 cognoscere
1442 3503 1604 3568 puto,
1649 3514 1824 3569 quem

117 3586 411 3641 similibus
492 3586 756 3639 terminis
814 3587 836 3619 ³
931 3602 1049 3640 non
1132 3588 1309 3641 semel
1372 3588 1606 3641 sudasse
1666 3588 1819 3641 haud

116 3676 350 3745 ignoro.
384 3674 491 3728 Sed
530 3691 805 3744 quorsum
840 3675 1001 3730 haec?
1046 3675 1332 3739 Quorsum
1372 3681 1450 3743 te,
1484 3676 1707 3743 dilecte,
1734 3692 1828 3729 su-

117 3780 407 3835 pervacua
460 3764 680 3817 ratione
713 3764 948 3817 demum
1001 3764 1185 3817 duco?
1230 3764 1655 3834 Supervacuam
1736 3780 1829 3817 ra-

117 3854 339 3907 tionem
371 3851 516 3917 dico,
579 3868 753 3922 quam
784 3852 970 3906 verbis
1000 3854 1360 3922 profitemur,
1393 3852 1492 3906 sed
1523 3853 1683 3907 factis
1712 3868 1830 3906 non

116 3941 555 4012 consequimur.
587 3942 729 3995 Nam
782 3941 844 3995 in
900 3942 1217 4012 primordio
1247 3942 1418 4012 hujus
1448 3942 1686 3995 rationis
1716 3958 1831 3996 non

115 4028 185 4082 ad
212 4025 536 4091 tristitiam,
569 4026 667 4079 sed
709 4026 779 4079 ad
801 4026 1242 4095 jucunditatem,
1304 4042 1420 4080 non
1470 4027 1541 4080 ad
1575 4026 1831 4080 dolorem

116 4116 215 4170 sed
248 4115 324 4169 ad
378 4114 667 4182 laetitiam,
715 4130 833 4167 non
867 4114 932 4167 ad
969 4114 1126 4181 vitia,
1176 4116 1271 4168 sed
1304 4115 1372 4169 ad
1425 4114 1662 4169 virtutes
1694 4132 1832 4186 pro-

116 4204 385 4258 ferendas
432 4208 509 4267 te,
572 4203 796 4270 dilecte,
858 4203 1152 4257 vocabam.
1215 4205 1359 4273 Ergo
1415 4204 1485 4257 ad
1542 4204 1831 4275 inceptam

114 4292 291 4347 redeo
353 4290 723 4356 sententiam,
777 4290 1262 4362 dilectionemque
1332 4297 1490 4345 tuam
1558 4297 1579 4328 ι
1648 4292 1831 4363 rogito

116 4386 294 4452 atque
322 4379 567 4434 subnixe
607 4379 829 4450 ﬂagito,
866 4384 927 4433 ut
957 4381 1045 4435 vel
1101 4381 1512 4450 interrogando
1542 4382 1833 4451 prtecedas

116 4485 333 4541 meque
360 4468 432 4523 de
460 4468 633 4537 hujus
655 4468 760 4523 viri
784 4468 898 4522 vita
918 4474 1251 4523 narrantem
1282 4468 1596 4536 intelligas,
1627 4486 1727 4524 seu
1742 4486 1833 4525 me

118 4558 581 4628 interrogantem
640 4558 894 4627 corrigas
945 4562 1002 4611 et
1056 4559 1360 4627 praedictas
1409 4557 1647 4612 virtutes
1703 4576 1834 4613 nar-

119 4663 256 4701 rans
338 4645 591 4716 pleniter
668 4646 923 4700 edoceas.
996 4647 1241 4700 Econtra
1323 4646 1419 4700 ille
1488 4652 1679 4716 grates
1754 4663 1837 4701 re-

119 4736 336 4801 ferens,
380 4734 571 4805 inquit
603 4750 616 4787 :
651 4752 679 4783 α
708 4735 828 4788 Tua
857 4732 1056 4805 petitio
1119 4734 1204 4790 vel
1264 4734 1601 4803 admonitio,
1660 4736 1835 4790 caris-

120 4823 288 4890 sime,
323 4838 441 4876 non
487 4821 885 4892 vituperanda,
940 4822 1038 4877 sed
1079 4824 1329 4877 multum
1394 4824 1537 4878 mihi
1608 4824 1836 4879 videtur

118 4910 437 4966 laudanda.
497 4910 635 4974 Quae
676 4912 830 4965 enim
891 4912 1140 4981 petendo
1190 4911 1355 4982 quasi
1406 4912 1701 4981 scripsisti,
1764 4912 1835 4967 ad

119 5001 243 5053 haec
272 5016 370 5053 me
409 4999 661 5053 salubria
699 5000 988 5053 narrando
1021 4999 1392 5067 admonuisti,
1434 5000 1627 5072 sicque
1682 5002 1833 5056 salu-

120 5089 306 5144 tiferis
330 5088 521 5142 verbis
552 5104 644 5142 me
666 5094 1021 5143 commotum
1046 5089 1246 5144 fecisti.
1308 5090 1510 5145 Dixisti
1558 5106 1830 5162 namque,

119 5184 175 5232 te
215 5194 334 5232 non
389 5178 577 5232 adhuc
609 5194 731 5233 esse
781 5177 1029 5233 oblitum
1073 5195 1218 5234 mea:
1275 5179 1743 5249 interrogationis
1780 5184 1835 5234 et

119 5268 190 5321 de
220 5268 451 5322 actibus
512 5267 695 5321 nostri
734 5268 998 5323 senioris.
1034 5271 1100 5323 Et
1144 5286 1250 5340 ego
1313 5270 1528 5340 quippe
1614 5286 1834 5324 memor

118 5372 246 5411 sum
298 5372 449 5412 meae
506 5356 901 5429 inquisitionis
954 5374 1020 5412 ac
1070 5365 1185 5413 tua:
1230 5358 1300 5413 de
1358 5374 1483 5429 ejus
1521 5358 1831 5413 virtutibus

1949 3148 2221 3202 sciebam.
2258 3149 2494 3201 Multum
2530 3146 2687 3199 enim
2709 3162 2813 3215 pro
2847 3160 3021 3214 grege
3053 3143 3160 3197 sibi
3209 3143 3515 3197 commisso
3543 3159 3644 3213 pa-

1938 3241 2058 3290 stor
2078 3237 2207 3307 pius
2256 3235 2411 3305 apud
2452 3237 2631 3289 Deum
2688 3232 2987 3298 laboravit,
3039 3232 3368 3302 multasque
3423 3232 3647 3285 calum-

1942 3325 2064 3378 nias
2104 3331 2159 3378 et
2184 3324 2538 3378 calamitates
2568 3327 2800 3393 pectore
2853 3321 2983 3374 forti
3039 3319 3276 3374 viriliter
3324 3319 3645 3373 resistendo

1938 3415 2091 3485 apud
2127 3415 2386 3467 seculum
2419 3412 2712 3466 sustinuit.
2753 3433 2771 3459 ι
2816 3411 2954 3474 Qua!
3006 3410 3203 3463 omnia
3255 3409 3311 3461 iu
3348 3408 3486 3462 locis
3521 3424 3650 3462 con-

1942 3502 2121 3573 gruis,
2185 3503 2299 3555 Deo
2328 3500 2656 3570 adjuvante,
2712 3498 2995 3569 planius6
3045 3497 3461 3551 enarrabimus.
3536 3498 3643 3552 Sed

1938 3587 2407 3657 respondendum
2440 3589 2525 3639 est
2553 3585 2623 3638 ad
2655 3584 2784 3649 hoc,
2821 3584 2976 3654 quod
3031 3583 3133 3636 sub
3165 3584 3445 3652 exemplis
3506 3599 3648 3653 pro—

1937 3676 2115 3730 missa
2144 3674 2474 3745 peragenda
2504 3672 2878 3726 admonusiti.
2913 3673 3102 3740 Turpe
3132 3688 3253 3724 esse
3310 3671 3501 3725 dixisti
3541 3671 3646 3725 dc-

1937 3779 2153 3835 ponere
2179 3765 2326 3830 vela,
2360 3778 2488 3815 cum
2546 3777 2663 3815 non
2721 3764 2943 3814 cessant
3000 3765 3304 3813 ventorum
3367 3776 3646 3829 prospera

1939 3853 2138 3908 ﬂabra.
2175 3853 2239 3906 Et
2260 3852 2369 3906 hoc
2413 3866 2611 3904 verum
2657 3864 2780 3903 esse
2830 3864 3169 3919 consequor,
3206 3848 3301 3901 sed
3373 3848 3481 3901 hoc
3529 3864 3647 3901 non

1942 3942 2237 3995 incautum
2297 3956 2419 3993 esse
2478 3943 2618 4009 puto
2653 3955 2666 3993 :
2706 3948 2772 3991 ut
2820 3937 2867 3990 si
2912 3938 3123 4006 aliquis
3180 3936 3645 4006 magnitudinem

1941 4030 2116 4085 maris
2143 4036 2533 4084 transcurrere
2585 4028 2871 4097 disponat,
2921 4025 3405 4096 primumzcontra
3458 4025 3651 4096 pelagi

1945 4120 2129 4174 minas
2159 4118 2353 4172 navim
2397 4117 2653 4187 undique
2708 4115 2950 4180 muniat,
3014 4114 3220 4169 deinde
3278 4131 3442 4185 aqua:
3508 4130 3653 4184 pro-

1941 4208 2285 4263 funditatem
2342 4205 2690 4276 explorando
2740 4206 2983 4259 latentes
3040 4204 3146 4257 sub
3192 4202 3359 4256 undis
3389 4202 3652 4272 scopulos

1941 4302 2138 4349 cautus
2159 4293 2476 4365 provideat,
2528 4298 2591 4346 ut
2620 4308 2751 4347 cum
2805 4294 3078 4362 navigare
3149 4290 3411 4361 incipiat,
3470 4290 3651 4343 mari—

1943 4401 2047 4438 nas
2088 4383 2274 4438 minas
2331 4398 2566 4436 securus
2620 4398 2737 4435 non
2789 4381 2994 4434 timeat
3051 4395 3239 4449 neque
3294 4378 3353 4431 in
3414 4379 3652 4431 latentes

1944 4472 2128 4527 silices
2182 4470 2418 4538 incidat,
2450 4470 2545 4523 sed
2571 4470 2737 4524 firmo
2767 4468 3067 4538 regiminis
3098 4467 3490 4536 gubernaculo
3543 4482 3650 4518 na-

1950 4562 2065 4616 vim
2108 4560 2430 4630 dirigendo,
2464 4557 2651 4628 plenis
2693 4557 2829 4610 velis
2878 4572 2942 4609 ac
2989 4555 3278 4625 prosperis
3325 4554 3508 4608 ventis
3581 4555 3650 4608 ad

1949 4655 2180 4722 portum
2232 4646 2432 4700 salutis
2462 4643 2779 4715 perveniat.
2840 4643 3136 4698 Similibus
3186 4643 3371 4697 modis
3429 4642 3650 4713 magni-

1948 4739 2150 4793 tudine
2200 4736 2371 4807 hujus
2414 4734 2557 4788 ﬁdes
2614 4731 2779 4787 nobis
2838 4737 2921 4786 est
2990 4731 3383 4801 imploranda;
3427 4730 3645 4802 ingenii

1948 4826 2229 4897 exiguitas
2260 4840 2330 4878 ex
2382 4828 2625 4892 utraque
2680 4826 2843 4891 parte
2884 4820 3163 4886 acuenda,
3197 4825 3257 4872 ut
3316 4820 3376 4873 in
3433 4820 3653 4889 vitupe-

1948 4916 2229 4970 rationem
2287 4912 2636 4977 invidorum,
2694 4926 2808 4965 non
2837 4908 3175 4975 incidamus,
3226 4909 3322 4962 sed
3378 4923 3509 4961 cum
3564 4924 3653 4960 sa-

1946 5004 2061 5058 lute
2096 5002 2167 5057 ad
2197 5002 2371 5056 finem
2404 4999 2825 5070 perveniamus.
2888 4998 3030 5051 Nam
3086 4997 3319 5051 invidus
3366 4996 3654 5050 adulando

1947 5108 2099 5163 secpe
2146 5089 2401 5145 hominis
2474 5089 2622 5142 facta
2684 5102 2938 5158 praesens
2996 5085 3210 5154 laudat,
3269 5085 3471 5139 absens
3519 5100 3653 5136 vero

1947 5180 2109 5253 quasi
2139 5178 2373 5234 rabidus
2398 5176 2556 5231 canis
2590 5176 2840 5230 inaniter
2899 5174 3162 5229 latrando
3210 5174 3514 5244 vituperat.
3548 5171 3654 5226 Sed

1945 5269 2223 5341 quoniam
2253 5268 2430 5323 timeo
2453 5267 2605 5320 ultra
2624 5281 2859 5319 narrare
2907 5263 3299 5335 iniquissimos
3348 5260 3652 5315 hominum

1946 5375 2158 5425 mores,
2196 5372 2418 5411 veneno
2448 5354 2679 5411 invidia:
2739 5353 3009 5407 toxicatos
3061 5367 3125 5405 ac
3179 5350 3340 5404 nulla
3374 5347 3486 5403 fide
3534 5354 3653 5403 sta-

1556 5501 1787 5555 VARIAS
1836 5498 2235 5556 LECTIONES.

193 5622 215 5653 ³
245 5618 495 5674 thermis
524 5619 743 5676 videtur
762 5621 1063 5691 legendum.
1104 5626 1151 5677 l.
1208 5624 1267 5677 in
1295 5639 1471 5691 marg.

1551 5628 1571 5659 ⁸
1604 5641 1648 5678 s.
1686 5630 1864 5690 tuam,
1902 5623 2387 5692 dilectionemque
2432 5623 2489 5674 t.

2570 5617 2594 5652 ⁸
2622 5634 2821 5671 sumus
2857 5619 2904 5670 l.
2980 5614 3004 5647 θ
3033 5613 3306 5685 plenius?
