3968 6398
305 343 401 396 511
1326 337 1800 395 BURCHARDUS
1841 336 2372 393 WORMACIENSIS
2409 335 2802 393 EPISCOPUS.

3722 338 3824 389 312

304 462 520 529 bilitos,
580 477 798 532 ponam
855 459 943 516 ori
1008 459 1277 532 digitum,
1336 466 1402 514 ut
1457 477 1574 514 non
1631 461 1899 532 loquatur
1938 463 2072 515 osA
2110 460 2407 528 ordinatis,
2441 461 2658 533 praedia
2699 465 2757 516 et
2811 459 3100 531 mancipia
3129 460 3331 528 multa,
3390 475 3521 532 qua
3578 461 3669 516 vel
3716 466 3828 514 tra-

308 567 499 605 meum
531 566 708 621 Opera
757 550 1084 604 hominum.
1121 550 1268 619 Ergo
1308 548 1666 602 adulantium
1697 547 1812 601 sive
1844 547 2003 601 oblo-

310 638 618 711 quentium
675 638 954 692 invidiam
1013 653 1130 692 non
1186 637 1476 702 timentes,
1520 637 1588 690 de
1647 635 1821 706 hujus
1862 635 2006 706 justi

308 728 548 794 actibus,
610 726 804 780 divina
834 726 1138 796 adjuvante
1191 724 1598 791 misericordia,
1649 724 1844 794 aliqua
1893 725 2003 778 sal-

306 823 425 871 tem
505 831 772 870 enarrare
817 814 1238 885 aggrediamur.
1283 816 1549 867 Attamen
1597 812 1645 865 si
1701 829 1787 880 ea,
1876 829 2006 884 quae

309 905 560 959 vidimus
616 909 674 958 et
726 919 855 975 quas
911 901 1196 972 religiosis
1256 901 1391 954 viris
1422 901 1800 956 referentibus
1853 901 2007 956 bona

311 997 382 1052 de
403 996 502 1051 illo
522 996 844 1060 didicimus,
868 1009 1134 1049 enarrare
1156 992 1618 1058 debemus,diem
1641 997 1808 1045 antea
1832 1008 2004 1062 quam

312 1084 657 1139 sententiam
687 1083 1016 1137 inclinatam
1047 1080 1387 1135 videbimus.
1450 1079 1666 1134 Idcirco
1717 1097 1750 1133 a
1801 1081 2003 1134 nativi-

311 1177 426 1227 tate
473 1173 595 1241 ejus
652 1170 1041 1225 summitatem
1101 1168 1183 1222 rei
1241 1169 1552 1237 tangendo,
1612 1184 1744 1222 cum
1796 1168 2006 1222 auxilio

312 1261 504 1315 divino
555 1259 922 1329 incipiamus,
973 1263 1029 1310 et
1075 1257 1155 1310 ita
1197 1256 1447 1310 breviter
1496 1257 1621 1326 ejus
1679 1261 1839 1327 gesta
1881 1273 2008 1312 nar-

315 1349 494 1403 rando
524 1348 592 1402 ad
615 1347 792 1400 ﬁnem
824 1362 1002 1416 usque
1034 1345 1331 1416 pervenire
1360 1345 1694 1416 probemus.

391 1441 435 1492 l.
469 1438 602 1490 Erat
630 1435 806 1506 igitur
851 1434 1209 1488 Burcbardus
1264 1434 1285 1468 ⁷
1346 1433 1406 1487 in
1463 1433 1762 1503 provincia
1811 1433 2008 1489 Hassia

313 1524 537 1594 genitus
585 1525 919 1593 parentibus
948 1524 1264 1578 secundum
1294 1523 1468 1578 seculi
1498 1522 1836 1592 dignitatem
1893 1539 2010 1578 non

314 1613 546 1668 inﬁmis.
572 1614 671 1668 Hic
698 1631 907 1685 nempe
937 1613 960 1646 ⁸
990 1629 1132 1684 puer
1157 1613 1657 1666 commendatione
1705 1617 2010 1680 parentum

2117 549 2337 604 ditione
2365 555 2674 620 parentum
2696 549 2783 604 vel
2832 549 3102 604 donativo
3133 549 3296 620 regio
3340 550 3689 621 acquisierat
3721 552 3827 619 (8),

2117 638 2252 691 hnic
2281 639 2534 692 ecclesia:
2563 637 2622 692 in
2680 637 2984 708 proprium
3045 640 3382 692 contulerat.
3437 639 3646 709 Sicque
3715 637 3828 708 piis

2127 725 2232 780 viri
2269 727 2440 798 hujus
2494 726 2786 780 laboribus
2869 726 3065 780 laudes
3118 731 3174 780 et
3220 727 3538 796 gratiarum
3569 727 3830 781 actiones

2115 814 2302 869 ofﬁcio
2321 814 2608 869 cotidiano
2663 815 2724 868 in
2780 815 2904 868 loco
2931 813 3204 885 prasdicto
3251 816 3361 869 Deo
3415 819 3611 869 nostro
3698 830 3828 888 per-

2114 905 2433 958 solvuntur.
2470 906 2613 976 Ergo
2643 903 2690 938 ²⁶
2746 903 3217 974 religiosissimus
3245 905 3552 976 Willigisus
3609 907 3654 941 ³⁷
3687 921 3821 959 san-

2115 997 2264 1047 ctam
2323 992 2571 1047 hominis
2632 992 2736 1047 Dei
2791 992 3121 1063 intelligens
3193 993 3652 1061 meditationem,
3716 992 3829 1046 sibi

2115 1081 2628 1137 familiarissimum
2657 1079 2704 1116 ³⁸
2759 1080 2935 1152 elegit
2963 1087 3021 1134 et
3051 1097 3169 1135 suae
3198 1097 3438 1135 cameras
3479 1081 3827 1152 magistrum

2117 1187 2182 1226 ac
2211 1170 2452 1225 civitatis
2486 1169 2792 1240 primatem
2818 1169 3136 1224 constituit.
3190 1171 3254 1224 In
3284 1186 3400 1241 quo
3452 1169 3640 1225 ofﬁcio
3709 1186 3830 1224 non

2117 1261 2302 1314 solum
2336 1258 2487 1329 apud
2513 1258 2794 1326 homines,
2849 1257 2943 1311 sed
3001 1258 3174 1312 etiam
3233 1261 3384 1327 apud
3443 1259 3621 1312 Deum
3672 1274 3825 1329 pras-

2120 1347 2235 1402 mia
2269 1344 2318 1381 ²⁹
2347 1348 2598 1400 lucratus
2621 1351 2706 1400 est
2736 1346 3107 1416 sempiterna,
3136 1345 3274 1416 quia
3327 1361 3515 1416 neque
3559 1347 3826 1400 muneri-

2118 1436 2222 1490 bus
2249 1451 2434 1506 neque
2455 1434 2622 1489 donis
2655 1451 2758 1488 nec
2783 1432 2833 1467 ³ο
2861 1433 3102 1505 alicujus
3149 1449 3413 1504 personas
3467 1434 3830 1504 respectione

2118 1541 2153 1578 a
2201 1522 2558 1578 rectitudinis
2605 1524 2744 1577 calle
2800 1522 3016 1576 reﬁecti
3075 1522 3278 1593 potuit,
3359 1522 3506 1576 sicut
3562 1523 3830 1593 quidam,

2121 1627 2264 1682 quos
2286 1610 2456 1664 modo
2497 1610 2837 1680 plerumque
2886 1614 2985 1662 aut
3010 1609 3053 1642 ³¹
3111 1608 3362 1663 amicitia
3391 1613 3490 1662 aut
3535 1609 3756 1664 invidia
3802 1627 3834 1662 a

313 1702 465 1772 apud
534 1703 952 1757 Conﬂuentiam
1010 1701 1280 1755 canonice
1357 1699 1610 1770 primum
1661 1698 1906 1753 nutritus
1960 1698 2005 1764 9,
2043 1740 2082 1792 Β
2114 1697 2334 1770 judicio
2365 1702 2517 1752 recto
2548 1697 2710 1752 facile
2740 1697 2857 1751 labi
2885 1696 3294 1766 conspicimus.
3343 1699 3414 1750 Ex
3466 1697 3553 1750 his
3581 1697 3834 1768 aliisque

313 1791 518 1844 deinde
541 1807 642 1860 per
671 1791 794 1844 loca
823 1790 1047 1844 diversa
1067 1805 1240 1843 causa
1263 1787 1436 1842 studii
1465 1787 1714 1842 directus
1733 1786 1780 1820 ¹⁰
1802 1792 1888 1840 est
1917 1788 2007 1856 (7).

316 1880 516 1932 Postea
578 1895 710 1932 vero
778 1877 1056 1948 Willigiso
1121 1878 1165 1914 ¹¹
1234 1875 1686 1946 Moguntinensis
1733 1873 1780 1907 ¹²
1861 1874 2013 1928 sedis

314 1965 627 2021 venerabili
681 1965 1108 2036 archiepiscopo
1157 1981 1214 2019 se
1261 1963 1542 2035 adjunxit,
1601 1963 1871 2034 illiusque
1918 1980 2012 2016 sa-

315 2055 488 2108 lutari
513 2055 793 2126 sapientia
824 2055 1097 2125 repletus,
1125 2057 1180 2107 et
1237 2052 1552 2107 secundum
1612 2067 1742 2105 suos
1795 2050 2013 2106 nobiles

314 2159 504 2197 mores
533 2142 810 2210 imbutus,
845 2157 1197 2213 quamquam
1247 2145 1384 2195 aetas
1437 2141 1768 2210 denegaret,
1811 2139 2013 2192 vitiosa

314 2233 461 2286 facta
485 2231 760 2303 fugiendo
813 2230 1047 2296 vitabat,
1101 2234 1158 2284 et
1186 2229 1256 2283 ad
1286 2227 1528 2283 meliora
1575 2227 1856 2298 paulatim
1881 2226 2013 2280 ani—

317 2336 478 2374 mum
533 2319 854 2390 torquebat.
909 2320 1051 2372 Nam
1125 2322 1250 2388 post
1301 2317 1637 2388 primaevum
1691 2315 2013 2387 juventutis

316 2408 515 2462 ﬂorem
539 2407 696 2461 omni
727 2406 982 2460 bonitate
1013 2405 1237 2459 refulsit
1265 2405 1596 2476 preaclarus.
1651 2404 1712 2458 in
1769 2405 1813 2438 ιδ
1855 2404 2012 2475 justo

318 2495 560 2563 stabilis,
613 2494 672 2548 in
712 2495 1021 2549 commisso
1059 2494 1270 2558 ﬁdelis,
1309 2493 1368 2546 in
1426 2492 1665 2546 consilio
1721 2491 2012 2563 providus,

317 2584 377 2638 in
411 2583 700 2655 prosperis
757 2599 877 2636 non
915 2582 1120 2648 elatus,
1168 2581 1229 2634 in
1260 2580 1512 2634 adversis
1566 2597 1681 2633 non
1731 2580 2012 2646 turbatus,

317 2671 748 2726 sublimioribus
778 2669 1070 2738 obediens,
1105 2669 1301 2738 egenis
1359 2669 1734 2738 compatiens,
1791 2668 2015 2722 miseris

319 2760 582 2826 alfabilis,
647 2759 973 2814 misericors
1025 2759 1288 2823 subditis,
1340 2758 1584 2810 multum
1641 2757 1857 2827 largus,
1890 2773 2017 2810 mo-

319 2848 477 2901 ribus
529 2846 987 2911 honestissimus,
1066 2851 1239 2916 atque
1295 2845 1354 2898 in
1412 2845 1572 2899 omni
1616 2861 1789 2915 opere
1847 2844 2016 2898 Dei“

319 2941 605 2989 strenuus.
639 2933 1060 2988 Patientiam'in
1099 2950 1166 2987 eo
1211 2932 1445 2988 laudare
1475 2949 1705 2987 necesse
1754 2948 1870 2986 non
1909 2937 2014 2994 est,

2122 1785 2388 1856 plurimis
2435 1785 2665 1857 pietatis
2719 1785 2926 1839 studiis
2972 1792 3261 1840 crescente
3291 1785 3443 1839 fama
3491 1787 3647 1840 beati
3695 1787 3830 1851 viri,

2121 1875 2192 1929 ad
2215 1890 2380 1929 aures
2406 1873 2770 1943 imperatoris
2825 1875 3051 1930 Ottonis
3094 1873 3248 1928 tertii
3280 1874 3484 1928 notitia
3541 1878 3668 1944 ejus
3700 1890 3833 1945 per-

2123 1964 2306 2032 venit;
2340 1963 2440 2034 qui
2474 1964 2540 2030 ”,
2573 1967 2637 2016 ut
2662 1968 2784 2017 erat
2826 1963 3159 2033 piiissimus,
3193 1963 3358 2017 valde
3412 1963 3575 2016 illum
3628 1963 3835 2017 dilexit

2123 2055 2180 2104 et
2203 2067 2352 2121 saape
2381 2051 2453 2105 ad
2481 2067 2538 2106 se
2587 2051 2635 2084 ³³
2665 2050 2992 2106 venientem
3049 2053 3363 2104 clementer
3418 2051 3686 2121 suscepit.
3771 2067 3837 2102 ac

2121 2137 2358 2193 diversis
2390 2138 2556 2194 donis
2611 2144 2883 2193 onustum
2922 2139 3236 2194 honoriﬁce
3286 2139 3527 2207 remisit,
3580 2139 3835 2211 gratiam

2124 2227 2230 2281 sibi
2256 2227 2601 2297 promittens
2631 2244 2752 2282 esse
2796 2227 3069 2282 futuram.

2194 2319 2246 2370 3.
2299 2317 2518 2370 Interea
2561 2315 2818 2385 contigit,
2859 2316 2941 2369 ’ut
3000 2315 3331 2372 Hildebalus
3385 2315 3837 2370 Wormaciensis

2124 2404 2376 2458 ecclesias
2407 2403 2456 2439 ³⁸
2496 2405 2794 2476 episcopus
2849 2405 3002 2459 diem
3044 2405 3336 2459 clauderet
3379 2405 3649 2458 ultimum
3719 2406 3835 2474 (an.

2127 2495 2250 2560 998,
2285 2494 2431 2558 Aug.
2473 2493 2552 2560 4),
2587 2497 2643 2547 et
2670 2491 2791 2546 vice
2843 2492 2999 2546 illius
3040 2493 3276 2558 Franco,
3310 2492 3381 2558 ³⁵,
3433 2491 3698 2563 predicti
3729 2492 3836 2546 do-

2126 2580 2270 2634 mini
2348 2580 2655 2635 Burcbardi
2726 2581 2921 2649 frater,
2979 2580 3424 2635 constitueretur
3506 2581 3836 2651 episcopus.

2129 2670 2303 2724 Multa
2327 2670 2396 2724 de
2418 2669 2528 2723 hoc
2557 2669 2679 2723 viro
2710 2667 2760 2703 ³⁸
2798 2669 3087 2730 narranda
3135 2669 3482 2733 sufﬁcerent,
3534 2669 3580 2722 si
3613 2669 3841 2739 ingenii

2126 2757 2407 2829 exiguitas
2464 2774 2580 2812 non
2626 2757 2956 2828 impediret.
3007 2757 3116 2813 Sed
3165 2755 3212 2791 ³⁷
3243 2757 3378 2828 quia
3443 2757 3663 2812 mentio
3710 2758 3840 2829 ejus

2126 2845 2534 2901 nostrirationi
2561 2846 2893 2914 intervenit,
2951 2845 2999 2900 si
3051 2861 3166 2899 non
3207 2862 3510 2916 possumus
3565 2846 3638 2900 de
3661 2845 3840 2916 lfactis

2126 2936 2281 2990 illius
2311 2934 2628 3006 majoribus
2672 2940 2866 2988 tamen
2921 2933 3116 3005 aliqua
3185 2934 3441 2988 dicamus
3496 2935 3565 2988 de
3596 2934 3840 2989 minori-

319 3040 449 3078 cum
493 3022 601 3076 sibi
650 3023 1048 3090 servientibus,
1101 3038 1455 3092 quamquam
1512 3023 1554 3057 ¹⁸
1611 3037 1762 3091 saepe
1818 3025 2018 3074 contra
2051 3014 2091 3068 C
2128 3023 2253 3078 bus.
2317 3027 2562 3093 Accepto
2622 3020 2671 3056 ³⁸
2731 3021 2910 3094 igitur
2987 3021 3338 3092 episcopatu,
3393 3023 3733 3094 aliquandiu
3781 3025 3839 3076 in

323 3112 487 3167 illum
539 3110 1031 3181 delinquentibus,
1069 3126 1172 3164 nec
1231 3111 1277 3146 ¹⁴³
1323 3110 1504 3164 ullum
1574 3109 2016 3163 contradicendo

322 3199 635 3271 aliquando
664 3199 938 3269 objiceret
965 3198 1290 3252 verbulum.

393 3290 446 3340 2.
481 3285 610 3340 Istis
633 3285 844 3356 quippe
880 3282 923 3318 ί⁷
983 3283 1189 3354 hisque
1221 3283 1508 3336 similibus
1566 3283 1793 3353 pollens
1840 3283 2016 3338 virtu-

325 3373 500 3438 tibus,
551 3387 652 3442 per
705 3371 963 3441 singulas
1012 3371 1257 3441 gradum
1299 3370 1622 3424 scansiones
1673 3370 1718 3404 ¹⁸
1778 3371 1846 3426 ad
1901 3372 2020 3426 dia-

326 3465 563 3516 conatus
592 3459 855 3514 ordinem
885 3459 954 3514 ab
996 3458 1423 3530 archiepiscopo
1488 3457 1534 3492 ¹⁹
1585 3459 1928 3514 sublimatus
1973 3459 2023 3494 ²⁰

247 3577 262 3584 κ
327 3555 431 3615 est,
475 3553 531 3603 et
554 3550 674 3602 loco
735 3547 961 3602 cuidam
1019 3547 1392 3618 pauperrimo
1451 3549 1787 3618 praepositus
1845 3553 1930 3603 est
1951 3547 2018 3601 ²¹.

329 3641 488 3694 Hunc
517 3654 655 3708 ergo
705 3637 917 3703 locum,
969 3635 1399 3707 archiepiscopo
1441 3636 1761 3706 adjuvante,
1795 3653 2022 3690 summo

325 3727 453 3781 nisu
514 3726 705 3780 statim
756 3725 992 3780 adauxit
1049 3725 1303 3796 totisque
1357 3723 1575 3778 viribus
1618 3725 1910 3779 decoravit
1953 3725 2020 3778 ³³.

295 3816 471 3868 _Nam
519 3813 818 3884 egregium
891 3812 1301 3866 monasterium
1359 3813 1529 3867 simul
1587 3818 1643 3866 et
1711 3814 2024 3867 claustrum

325 3902 736 3956 canonicorum
789 3901 849 3954 in
903 3901 1124 3956 honore
1191 3901 1373 3955 sancti
1428 3901 1664 3955 Victoris
1719 3901 1932 3956 ibidem
1980 3903 2025 3938 ’³

329 3991 645 4044 construxit
699 3993 763 4042 ".
815 3988 1107 4060 Positique
1159 3986 1206 4022 ³⁸
1262 3989 1333 4042 ad
1393 3989 1733 4043 electionem
1785 3991 2024 4045 fratrum

331 4078 565 4132 claustri
606 4077 969 4147 primatibus,
1026 4093 1261 4131 cursum
1331 4077 1501 4131 certis
1553 4078 1913 4149 temporibus
1974 4085 2030 4133 et

332 4165 512 4236 signis
565 4165 854 4220 decantari
901 4163 1230 4236 servarique
1276 4165 1567 4236 praecepit.
1625 4167 1690 4220 Et
1737 4165 1818 4220 ita
1860 4165 2029 4221 rebus

333 4253 726 4308 ecclesiasticis
790 4253 1106 4307 secundum
1203 4253 1464 4324 regulam
1520 4253 1858 4308 canonicam
1921 4256 2028 4309 rite

2127 3110 2464 3165 Wormaciaa
2515 3110 2730 3165 ﬁnibus
2783 3110 3151 3176 morabatur;
3208 3110 3417 3164 deinde
3447 3110 3496 3145 39
3527 3110 3703 3165 rebus
3747 3127 3839 3166 ec-

2130 3195 2433 3250 clesiaticis
2480 3194 2902 3250 rationabiliter
2949 3194 3228 3248 ordinatis
3275 3193 3344 3260 “0,
3393 3195 3454 3248 iu
3511 3195 3841 3264 expeditio-

2130 3302 2265 3341 nem
2294 3285 2548 3340 Italicam
2578 3301 2708 3338 cnm
2738 3283 3085 3354 imperatore
3141 3285 3181 3320 ιι
3240 3283 3528 3353 profectus
3559 3287 3675 3348 est;
3727 3284 3840 3338 ibi-

2131 3391 2243 3446 que
2298 3372 2346 3410 "
2394 3373 2524 3443 plus
2574 3389 2747 3443 quam
2799 3372 2970 3426 unius
2999 3371 3135 3425 anni
3175 3372 3365 3443 spacio
3400 3369 3448 3405 ⁸³
3479 3371 3540 3425 in
3602 3372 3843 3426 servitio

2131 3460 2496 3532 imperatoris
2547 3460 2808 3530 vigilanti
2865 3459 3059 3514 animo
3110 3460 3392 3523 studebat,
3445 3459 3689 3531 ejusque
3747 3477 3841 3513 se-

2131 3550 2299 3604 cretis
2327 3566 2477 3619 saepe
2512 3553 2555 3585 “
2585 3549 2877 3614 intererat,
2911 3553 2968 3602 et
3017 3548 3248 3619 quando
3302 3546 3346 3584 ⁴⁵
3377 3548 3447 3602 de
3496 3547 3671 3602 rebus
3711 3565 3843 3603 rna—

2127 3638 2350 3709 joribus
2374 3637 2735 3692 tractandum
2791 3636 3006 3708 aliquid
3045 3641 3188 3701 erat,
3245 3640 3404 3690 tanta
3448 3636 3845 3691 familiaritate

2135 3730 2192 3781 et
2241 3725 2596 3792 auctoritate,
2666 3725 2928 3796 quamvis
2973 3723 3200 3795 juvenis
3254 3729 3419 3786 esset,
3469 3725 3538 3778 ad
3581 3724 3842 3794 impera-

2134 3822 2318 3869 torem
2351 3813 2689 3882 habebatur,
2727 3817 2789 3866 ut
2838 3813 2957 3867 sine
2990 3812 3168 3884 ipsius
3198 3812 3438 3866 consilio
3465 3829 3594 3866 raro
3618 3813 3845 3884 aliquid

2136 3907 2503 3957 statueretur.
2561 3901 2790 3958 Cunctis
2841 3901 3084 3956 affabilis
3133 3906 3256 3955 erat
3285 3899 3353 3970 ιδ,
3410 3900 3630 3956 cunctis
3676 3901 3843 3956 beni-

2139 4007 2288 4061 gnus
2318 3991 2527 4056 extitit,
2559 3995 2616 4044 et
2646 3989 2898 4060 plurima
2916 3989 3183 4044 donando
3215 3989 3461 4060 gloriam
3505 4005 3625 4044 non
3653 3990 3844 4044 modi-

2138 4095 2265 4133 cam
2291 4079 2441 4149 apud
2481 4081 2718 4133 cunctos
2744 4078 3060 4149 acquisivit.
3101 4077 3259 4132 Unde
3314 4082 3370 4132 et
3413 4094 3615 4132 omnes
3655 4078 3842 4132 maxi-

2140 4185 2234 4222 mo
2281 4169 2496 4222 honore
2541 4183 2604 4221 ac
2653 4167 2959 4221 dilectione
3011 4166 3175 4220 illum
3219 4165 3528 4234 habebant,
3563 4172 3623 4220 et
3679 4167 3844 4237 quasi

2139 4261 2400 4310 sanctum
2428 4256 2551 4326 jam
2582 4255 2918 4310 divinabant
2947 4256 3010 4308 ‘7.
3047 4255 3113 4309 Et
3141 4255 3353 4308 idcirco
3391 4255 3459 4309 ab
3492 4255 3846 4325 imperatore

1741 4379 1974 4433 VARIA‘J
2027 4380 2428 4435 LECTIONES.

405 4485 426 4518 "
484 4485 616 4537 Erat
673 4499 927 4554 namque
986 4483 1339 4538 Borchardus
1413 4482 1606 4552 incipit
1663 4485 1717 4538 2.
1795 4482 1818 4516 ⁸
1873 4484 2010 4554 quip

335 4696 484 4748 latus
532 4699 580 4748 1.
659 4695 702 4729 ²¹
774 4697 920 4750 deest
1005 4700 1056 4750 2.
1129 4693 1180 4728 ”
1228 4693 1513 4750 decrea'vit
1578 4693 1637 4749 2.

1485 4482 1748 4564 ςὶρίιμ2.Δ
1795 4482 1818 4516 ⁸
1858 4484 2087 4564 ¹(λιιξιηιπεθ
2145 4488 2196 4538 2.
2257 4483 2298 4564 _9
2377 4483 2751 4564 eruditus_2._
2820 4481 2867 4564 φ
2927 4478 3196 4564 ⁸(ἰεῂερεήυε
3269 4463 3377 4561 2.-⁸
3415 4480 3847 4564 "_Vui}_ligoso

340 4557 390 4608 1.
440 4570 668 4622 semper,
745 4555 793 4590 ⁸³
831 4551 1014 4608 _arch.
1075 4571 1152 4609 m.
1204 4571 1283 4624 is.
1355 4570 1414 4608 se
1475 4551 1670 4624 junxit
1721 4557 1773 4608 2.
1857 4551 1905 4589 ⁸³
1953 4551 2100 4609 ἱίίὶ.
2160 4573 2185 4608 s
2234 4556 2428 4610 desunt
2481 4559 2537 4608 2.
2617 4551 2661 4592 ⁸³
2715 4555 2860 4608 deest
2920 4551 3094 4624 41'"

335 4654 403 4664 —-
449 4621 751 4696 verbulum
806 4625 1000 4681 desunt
1048 4628 1102 4679 2.
1132 4623 1223 4696 __”
1281 4621 1516 4696 istisqu'e
1597 4641 1653 4695 p.
1716 4641 1763 4676 v.
1799 4630 1856 4679 et
1910 4625 2194 4680 similibus
2246 4630 2300 4680 2.
2381 4623 2426 4660 ¹⁸
2481 4624 2765 4696 stationes
2806 4627 2859 4679 2.
2924 4621 2986 4696 _‘9
3041 4640 3094 4677 a.
3127 4623 3419 4696 )llillegiso
3498 4625 3550 4676 2.

3618 4551 3665 4587 ⁴⁶
3744 4568 3848 4605 nec

3630 4620 3681 4656 ²⁰
3721 4623 3851 4676 sub-

3150 4551 3411 4620 quamvis
3485 4555 3539 4605 2.

1721 4700 1766 4732 ²⁸
1825 4699 1981 4750 extra
2052 4713 2246 4750 muros
2315 4694 2662 4766 Moguntina!
2721 4694 2967 4766 civitatis
2995 4697 3048 4747 2.
3092 4693 3330 4766 _“_7_Est
3389 4696 3585 4746 autem
3653 4693 3851 4766 Victor

334 4765 441 4838 iste
498 4764 684 4819 socius
728 4767 908 4820 sancti
983 4766 1256 4822 Gereonis
1289 4766 1660 4838 AinfColonia
1697 4767 2084 4838 quiescentis,
2144 4767 2243 4836 qui
2300 4764 2431 4820 uno'
2465 4765 2558 4819 die
2605 4765 2757 4834 passi
2800 4770 2972 4838 sunt,_
3003 4764 3391 4838 sedﬂVi‘cton
3421 4779 3551 4816 cum
3637 4764 3734 4838 sui
3791 4764 3853 4838 in

334 4837 597 4906 X_antum,
659 4843 715 4890 et
758 4837 980 4890 Gereon
1019 4853 1165 4906 Acum
1216 4836 1332 4890 suis
1390 4837 1451 4890 in
1507 4832 1759 4891 Colonia:
1792 4837 1925 4890 add.
1985 4841 2038 4892 2.
2078 4832 2246 4892 verba
2302 4832 2704 4906 Kirsgartensis
2759 4836 3033 4890 monachi.
3117 4832 3166 4868 ³⁵
3225 4833 3425 4888 Positis
3472 4833 3740 4906 ergogibi
3797 4837 3850 4886 2.

337 4903 385 4942 ³⁵
443 4907 563 4959 Bel.
614 4913 808 4959 autem
869 4911 926 4961 2.

336 4977 380 5009 ³¹
423 4982 482 5029 et
501 4993 561 5048 ra.
598 4977 684 5048 vel
725 4977 764 5031 i.
796 4977 921 5031 eti.
958 4981 1010 5031 2.
1087 4979 1136 5015 ³³
1167 4978 1301 5048 quia
1333 4981 1393 5032 2.

1014 4904 1060 4942 ³⁷
1113 4906 1420 4975 willegisus
1459 4908 1924 4978 archiepiscopus
1975 4913 2028 4961 2.
2106 4906 2152 4944 *⁸
2181 4908 2220 4962 f.
2257 4904 2446 4961 illum'
2484 4909 2538 4978 2.
2620 4905 2668 4941 ³⁹

2708 4924 2848 4978 με.
2881 4911 2966 4960 est
2995 4910 3330 4978 consecutus
3374 4907 3426 4959 2.
3503 4902 3552 4938 ³ο
3608 4903 3774 4978 deest
3797 4908 3851 4978 2.

1477 4978 1524 5012 ³³
1555 4972 1719 5033 ίιιιίω
1741 4982 1794 5032 2.
1815 4972 1832 4978 ’
1873 4979 1920 5014 ³⁸
1951 4979 2094 5033 deest
2123 4981 2176 5032 2.
2255 4977 2304 5012 ³⁵
2343 4977 2579 5030 francko
2615 4981 2662 5032 1.
2710 4972 2791 5012 ’³⁸
2822 4977 2892 5028 de
2925 4993 3038 5045 quo
3069 4975 3192 5029 viro
3216 4975 3396 5045 multa
3424 4991 3480 5045 n.
3513 4978 3564 5028 2.
3644 4972 3694 5008 ³⁷
3744 4975 3852 5029 Sed

336 5076 405 5119 -_—-
436 5047 758 5119 minoribus
795 5047 988 5102 desunt
1015 5051 1066 5101 2.
1144 5044 1319 5103 $8'Hic
1347 5063 1484 5117 ergo
1515 5049 1728 5104 Franco
1776 5055 2004 5118 accepto
2036 5066 2126 5119 ep.
2186 5052 2238 5102 2.
2316 5047 2364 5082 ³9
2399 5049 2656 5119 hdemum
2713 5051 2766 5101 2.
2803 5117 2817 5119 Α
2844 5045 2890 5084 ⁸ο
2938 5044 3214 5119 expeditis
3245 5049 3298 5119 2.
3375 5044 3418 5082 ’ί
3453 5044 3524 5099 0t
3550 5050 3688 5098 tone
3710 5051 3852 5119 _ter-

337 5117 417 5190 tio
449 5121 481 5190 2
557 5116 605 5152 ⁸³
631 5116 826 5189 ibique
856 5135 1085 5190 quoque
1114 5122 1173 5175 2.

335 5187 602 5242 dicabant
631 5191 684 5242 2.

1257 5119 1302 5156 ⁴³
1352 5113 1604 5189 spatium
1633 5136 1684 5173 a.
1731 5122 1784 5173 2.
1863 5113 1925 5156 ιί
1951 5113 2213 5190 spissime
2242 5123 2294 5173 2.
2373 5117 2418 5155 ⁸⁵
2460 5135 2590 5173 cum
2645 5121 2696 5172 2.
2775 5117 2820 5154 ⁸⁸
2867 5135 2916 5171 e.
2951 5113 3093 5182 a,'et
3144 5116 3426 5186 benignus
3470 5120 3606 5170 et2.
3687 5113 3732 5152 ⁸⁷
3766 5116 3852 5169 in-

2027 5261 2245 5315 NOT/E.

411 5363 823 5433 (7)Canonicus
856 5363 1182 5418 Leodiensis
1214 5363 1274 5418 in
1312 5367 1463 5418 cont.
1516 5365 1668 5419 Gest.
1711 5364 1878 5417 abba.
1939 5365 2043 5419 Lo-

341 5432 648 5506 biensium,
681 5435 874 5489 nescio
906 5451 980 5489 an
1015 5438 1186 5502 recte,
1244 5435 1598 5501 nominatur,
1648 5436 1902 5506 Dachery
1951 5435 2040 5489 ed.

347 5507 400 5566 2,
438 5505 508 5568 II,
540 5521 604 5572 p.
638 5505 763 5558 744.

409 5575 486 5641 (8)
542 5576 766 5626 Ottonis
821 5576 894 5627 IlI
955 5575 1211 5627 diomata
1258 5577 1394 5642 duo,
1454 5576 1662 5646 quibus
1718 5576 2044 5630 Burchardo

2153 5365 2359 5418 clerico
2387 5363 2540 5417 bona
2598 5364 2863 5433 quaedam
2908 5363 3066 5418 dedit
3116 5363 3175 5417 in
3220 5378 3369 5432 pago
3427 5361 3642 5415 Hassiae
3674 5361 3738 5416 in
3763 5378 3855 5415 co-

2153 5436 2360 5489 mitatu
2389 5434 2730 5488 Thancmari
2770 5436 2899 5499 sita,
2941 5450 3071 5503 qua:
3119 5437 3479 5489 Hermannus
3540 5448 3737 5486 comes
3799 5433 3856 5486 in

2151 5506 2436 5631 bqutaﬁcgrz;
2468 5506 2765 5573 habuerat,
2825 5505 3011 5560 edidit
3038 5505 3326 5560 Schannat
3354 5503 3493 5558 Hist.
3530 5504 3752 5558 Worm.
3789 5505 3854 5565 Il,

2153 5593 2209 5648 p.
2321 5618 2334 5642 ,
2443 5617 2455 5630 .
