3968 6396
132 398 234 453 513

1326 399 1690 457 ΡΒΟΟΕΜΙΑ.
1735 433 1802 441 -
1848 404 2005 459 νιτΑ
2048 401 2473 457 BURCIIARDI.

3557 409 3660 463 514

130 524 380 578 multum
426 524 743 578 honoratus
789 527 847 577 et.
877 539 1041 578 carus
1090 539 1209 594 prae
1240 524 1369 578 aliis
1400 524 1650 591 habitus,
1685 526 1839 579 illius
1870 530 1915 582 A
1954 524 2367 596 promittendo,
2401 524 2623 595 virgam
2671 526 3017 596 pastoralem
3061 527 3295 598 accepit.
3330 528 3435 592 Qui
3465 529 3657 584 statim

132 611 378 664 consilio
407 618 464 665 et
495 613 672 665 malos
706 612 1005 666 coercebat
1035 619 1092 666 et
1134 628 1254 666 rem
1288 613 1578 683 publicam
1609 614 1669 668 in
1708 630 1847 684 pace

133 699 373 771 regebat
425 698 493 754 ⁸³.
556 700 714 755 Unde
762 700 1023 771 contigit,
1075 710 1133 755 ut
1186 702 1509 773 imperator
1556 703 1844 758 abbatiam

134 788 650 843 Laurissatiensem
706 787 755 822 “9
800 790 1211 844 Wormaciensi
1264 792 1518 845 ecclesiae
1568 792 1845 846 concede-

135 882 221 931 ret
254 881 308 931 et
356 884 513 932 carta
562 894 626 931 ac
674 877 974 948 privilegio
1025 885 1303 949 perpetuo
1352 880 1636 935 stabiliret
1683 885 1739 934 et
1786 880 1846 934 in

134 972 422 1019 conventu
472 982 536 1020 ac
582 966 817 1020 consilio
849 964 897 1000 ³ο
945 968 1339 1021 Romanorum
1389 967 1433 1001 ⁵¹
1466 970 1611 1022 hanc
1662 968 1847 1023 tradi-

134 1056 359 1109 tionem
405 1055 646 1109 recitare
679 1072 742 1108 ac
778 1057 1161 1126 pronunciare
1209 1058 1575 1128 praecepisset
1604 1060 1707 1127 (9).
1742 1059 1847 1111 Eo-

134 1144 268 1197 dem
318 1150 581 1214 tempore
638 1144 956 1214 imperator
1003 1148 1058 1197 et
1088 1145 1399 1215 praedictus
1445 1146 1745 1216 episcOpus
1779 1147 1843 1213 δεῖ,

134 1231 326 1285 induti
353 1231 570 1299 ciliciis,
606 1232 849 1302 pedibus
882 1217 927 1268 δ’
955 1234 1188 1304 penitus
1216 1234 1527 1288 denudatis
1560 1233 1628 1300 ⁸⁸,
1662 1251 1847 1304 quan-

134 1320 271 1374 dam
338 1321 669 1391 speluncam
721 1320 889 1391 juxta
942 1322 1121 1375 sancti
1181 1322 1489 1377 Clementis
1550 1322 1845 1377 ecclesiam

132 1409 285 1463 clam
334 1396 554 1463 cunctis
601 1409 977 1474 intraverunt,
1030 1410 1227 1482 ibique
1278 1412 1338 1465 in
1390 1412 1747 1465 orationibus
1792 1418 1848 1465 et

124 1498 368 1568 jejuniis
424 1514 645 1552 necnon
677 1499 736 1552 in
781 1498 993 1567 vigiliis
1043 1500 1473 1569 quatuordecim
1523 1500 1643 1554 dies
1691 1498 1847 1553 531a-

130 1590 371 1639 tuerunt
430 1586 560 1657 (10).
614 1588 826 1640 Ferunt
868 1587 1125 1656 quidam,
1180 1588 1495 1641 visionibus
1537 1594 1594 1641 et
1626 1589 1844 1641 allocu-

130 1674 389 1728 tionibus
440 1674 647 1728 divinis
691 1691 786 1728 eos
816 1676 1017 1729 crebro
1052 1677 1159 1729 hoc
1201 1678 1320 1730 loco
1376 1676 1549 1730 fuisse
1580 1679 1841 1730 consola-

130 1767 241 1816 tos.
296 1764 406 1817 N03
463 1769 656 1816 autem
715 1764 863 1817 hanc
918 1780 1041 1817 rem
1100 1781 1305 1834 parum
1359 1765 1525 1818 nobis
1581 1780 1842 1834 comper-
1877 1803 1914 1855 Β

130 1853 255 1902 tam
288 1847 335 1883 ⁸⁸
356 1850 780 1904 existimatione
802 1851 957 1921 vulgi
988 1851 1396 1904 ruminandam
1440 1851 1839 1921 relinquimus.

130 1936 243 1992 Sed
278 1943 469 1991 tamen
503 1939 609 1991 hoc
640 1954 743 2008 pro
774 1943 927 1991 certo
959 1938 1188 2003 scimus,
1233 1939 1381 2009 quod
1419 1939 1688 2009 episcopo
1723 1939 1844 1992 dies

129 2030 187 2078 et
229 2026 375 2078 hora
419 2026 610 2079 obitus
656 2026 743 2080 sui
790 2026 1066 2079 divinitus
1124 2033 1443 2096 praenotata
1491 2033 1601 2081 est.
1643 2029 1708 2081 Et
1738 2027 1844 2080 hoc

129 2115 256 2183 ipse
307 2111 375 2182 ⁵⁷,
407 2121 711 2185 postquam
759 2114 997 2168 domum
1029 2113 1078 2147 ⁵⁸
1128 2115 1338 2168 reversi
1394 2121 1546 2182 sunt,
1600 2116 1845 2185 impera-

127 2202 245 2255 tori
300 2202 723 2271 pronunciavit.
785 2202 970 2266 Quare
1029 2203 1345 2273 imperator
1397 2204 1645 2257 multum
1704 2220 1842 2258 con-

126 2291 410 2353 tristatus,
438 2307 612 2361 quem
643 2291 700 2343 in
734 2289 780 2326 ⁸⁹
809 2292 998 2343 locum
1034 2290 1214 2359 ipsius
1241 2291 1452 2345 habere
1483 2292 1572 2346 vel
1599 2292 1691 2344 cui
1721 2293 1842 2363 epi-

126 2384 429 2448 scopatum
495 2383 616 2446 ejus
682 2376 732 2412 ⁶⁰
798 2379 1157 2432 committere
1215 2380 1523 2446 debuisset,
1594 2381 1840 2434 multum

124 2467 489 2521 lacrimando
539 2468 609 2521 ab
637 2483 703 2520 eo
749 2467 1056 2535 exquisivit
1098 2466 1167 2519 ‘5'.
1200 2468 1356 2521 Tunc
1406 2468 1637 2521 tandem
1679 2469 1843 2537 quasi

125 2560 357 2608 coactus
401 2556 481 2608 sic
524 2556 824 2624 respondit
858 2570 869 2609 :
906 2556 1154 2609 Fratrem
1203 2572 1369 2609 unum
1414 2557 1611 2625 habeo;
1640 2559 1691 2610 si
1730 2556 1841 2610 Deo

123 2645 427 2712 placuisset
492 2647 557 2709 ⁶²,
624 2645 763 2697 hunc
828 2645 968 2697 mihi
1032 2659 1385 2698 successorem
1446 2660 1720 2711 rogassem
1768 2644 1835 2699 θ’.

123 2734 302 2801 Super
348 2734 456 2786 haec
497 2739 673 2786 autem
721 2735 901 2786 omnia
950 2735 1094 2786 Deus
1143 2749 1311 2786 unum
1354 2734 1643 2802 provideat
1682 2731 1747 2801 ⁸³,
1784 2737 1841 2788 in

122 2836 229 2891 quo
259 2820 372 2874 sibi
398 2821 526 2873 bene
574 2822 920 2889 complaceat.
972 2821 1129 2874 Tunc
1164 2821 1478 2891 imperator
1520 2822 1625 2875 sub
1667 2826 1839 2876 testa-

123 2916 327 2963 mento
381 2909 482 2962 Dei
536 2909 753 2977 juravit
803 2908 1161 2962 antedictum
1221 2909 1616 2980 episcopatum
1677 2910 1839 2965 fratri

120 2998 279 3052 illius
330 3013 388 3050 se
421 2996 713 3050 daturum.
768 2998 832 3050 Et
863 3002 929 3051 ut
960 2998 1164 3050 melius
1198 3014 1260 3051 ac
1300 3000 1345 3033 “
1374 2998 1598 3052 facilius
1642 3014 1837 3053 recor-

121 3086 246 3139 dari
280 3086 587 3157 potuisset,
642 3086 944 3155 epistolam
996 3086 1451 3156 deprecatoriam
1482 3103 1587 3157 pro
1633 3088 1741 3142 hac
1775 3105 1833 3143 re
1867 3079 1908 3133 C

122 3176 194 3227 ab
245 3173 521 3244 episcopo
572 3174 808 3243 accepit,
865 3190 1040 3244 quam
1094 3174 1154 3228 in
1208 3176 1497 3229 sacculum
1548 3192 1717 3230 suum
1767 3178 1835 3230 ad

122 3266 538 3316 testamentum
570 3262 620 3297 ⁸⁸
662 3264 874 3333 posuit.
921 3263 1066 3326 Quid
1098 3264 1265 3334 plura
1286 3264 1313 3316 ?
1338 3264 1548 3318 Eadem
1581 3263 1631 3296 ⁶⁶
1660 3265 1752 3319 die
1783 3272 1839 3319 et

122 3352 266 3405 hora
298 3367 413 3422 qua
439 3349 487 3384 ⁸⁷
514 3351 637 3421 ipse
669 3351 932 3421 praedixit
959 3349 1005 3386 ⁸⁸
1030 3357 1215 3405 morte
1247 3353 1565 3418 succubuit,
1600 3356 1836 3423 carpus-

122 3457 233 3510 que
269 3457 443 3494 suum
476 3441 675 3494 Romae
720 3456 849 3493 cum
897 3456 1103 3509 magno
1136 3441 1357 3494 honore
1389 3441 1449 3494 in
1478 3457 1617 3511 pace
1646 3442 1835 3512 sepul-

122 3536 246 3583 tum
281 3535 369 3581 est
397 3529 511 3597 (an.
548 3530 672 3593 999,
707 3530 851 3594 Aug.
884 3529 993 3597 27).

188 3620 243 3671 4.
283 3618 562 3671 Defuncto
612 3622 805 3671 autem
850 3618 1141 3687 episcopo,
1193 3618 1389 3671 statim
1439 3619 1679 3672 aderant
1734 3633 1836 3671 va-

118 3707 189 3759 rii
219 3706 268 3742 ‘9
296 3708 722 3777 deprecatores,
773 3706 1183 3776 imperatorem
1216 3722 1321 3777 pro
1369 3707 1707 3777 episcopatu
1741 3707 1835 3759 in—

115 3801 411 3849 vocantes.
464 3796 537 3848 Ex
586 3794 796 3865 quibus
837 3794 1073 3865 quidam
1122 3796 1308 3865 Erpho
1342 3792 1392 3828 ⁷⁰
1423 3795 1696 3865 pastorali
1727 3812 1834 3848 no-

116 3884 277 3938 mine
329 3884 642 3953 insignitus
671 3881 716 3916 ⁷¹
749 3888 850 3936 est.
885 3883 992 3937 Sed
1025 3883 1116 3937 hic
1146 3890 1342 3953 postea
1375 3889 1647 3953 quartum
1680 3884 1834 3938 diem

114 3989 233 4026 non
289 3972 453 4037 vidit,
488 3971 623 4042 quia
656 3970 748 4025 die
797 3972 963 4025 tertia
993 3971 1218 4025 defecit.
1247 3972 1368 4036 Quo
1413 3972 1683 4038 extincto,
1728 3972 1830 4026 ad-

115 4060 360 4114 fuerunt
408 4060 619 4114 iterum
664 4076 778 4114 non
824 4060 1016 4130 pauci,
1048 4076 1217 4113 aures
1269 4060 1631 4131 imperatoris
1666 4060 1834 4114 variis

116 4149 523 4220 rogationibus
557 4148 934 4219 pecuniaeque
968 4148 1448 4219 promissionibus
1476 4164 1579 4218 pro
1610 4148 1834 4219 episco-

115 4245 259 4307 patu
340 4237 691 4291 incessanter
764 4238 1184 4303 adimplentes;
1265 4237 1417 4291 inter
1477 4253 1618 4308 quos
1684 4252 1833 4290 unus

120 4327 271 4380 ltazo
303 4323 354 4358 ⁷³
386 4326 738 4391 nominatus,
790 4326 1041 4379 maxime
1072 4325 1388 4379 laborando
1422 4330 1479 4379 et
1507 4342 1621 4379 non
1648 4341 1832 4395 pauca

1957 630 2088 668 cum
2118 614 2328 684 gaudio
2360 614 2430 668 de
2460 614 2622 667 Italia
2650 630 2964 684 regressus,
2998 617 3068 669 ad
3104 616 3285 670 locum
3321 618 3421 686 qui
3453 618 3660 673 dicitur

1958 703 2106 757 Curo
2137 703 2184 737 ⁷³
2211 702 2491 773 pervenit,
2539 703 2737 774 ibique
2766 703 2944 757 vitam
2983 704 3185 758 ﬁnivit.
3236 705 3436 758 Nuncii
3467 712 3658 760 autem

1958 794 2327 857 revertentes,
2359 792 2629 845 baculum
2678 792 3014 862 imperatori
3053 794 3397 859 retulerunt,
3450 799 3508 849 et
3547 795 3659 849 hu-

1952 879 2048 949 jus
2098 880 2397 934 interitum
2448 878 2826 934 dixerunt".
2875 882 3033 935 Tunc
3083 882 3315 935 tandem
3349 883 3662 954 imperator

1957 985 2073 1022 suae
2122 984 2344 1021 memor
2390 967 2813 1037 promissionis,
2868 985 3099 1023 manum
3132 968 3180 1003 ⁷⁵
3219 970 3421 1024 clausit
3452 976 3509 1025 et
3542 972 3663 1042 epi-

1957 1060 2255 1127 scopatum
2308 1057 2463 1110 hunc
2514 1055 2753 1122 nemini,
2804 1056 3144 1127 priusquam
3175 1057 3234 1111 in
3282 1058 3528 1129 patriam
3577 1076 3665 1112 re-

1956 1150 2298 1213 verteretur,
2348 1161 2407 1199 se
2437 1145 2707 1199 daturum
2754 1145 3037 1215 promisit.
3072 1145 3181 1209 Qui
3226 1147 3331 1199 hoc
3363 1147 3586 1201 meritis
3614 1146 3663 1181 7°

1957 1233 2110 1287 beati
2156 1233 2335 1287 Patris
2368 1232 2549 1286 nostri
2577 1230 2624 1265 ⁷⁷
2656 1249 2773 1286 non
2804 1234 3190 1303 computabit,
3218 1234 3456 1305 ejusque
3486 1236 3664 1292 vitam

1957 1321 2017 1374 in
2047 1321 2156 1374 hoc
2207 1336 2316 1374 non
2368 1318 2416 1354 ⁷⁸
2442 1319 2716 1386 laudabit,
2758 1322 2913 1391 quod
2960 1321 3039 1374 ita
3069 1338 3099 1373 a
3134 1322 3247 1374 Deo
3279 1329 3400 1375 erat
3428 1324 3659 1390 electus,

1960 1413 2020 1461 ut
2065 1409 2311 1462 istorum
2362 1408 2615 1462 virorum
2664 1408 2997 1463 ostenderet
3045 1409 3343 1464 defectus?
3390 1410 3527 1464 Mira
3573 1428 3663 1465 res

1957 1497 2322 1566 multumque
2378 1496 2681 1567 stupenda,
2736 1502 2800 1550 ut
2846 1512 2999 1550 unus
3051 1503 3180 1567 post
3224 1497 3561 1552 electionem
3606 1505 3663 1554 et

1957 1585 2315 1654 episcopatus
2363 1584 2751 1654 acceptionem
2780 1583 2831 1618 ⁷9
2859 1590 3127 1655 quartum
3177 1585 3461 1640 decimum
3504 1586 3659 1641 diem

1955 1690 2069 1727 non
2135 1673 2369 1726 vidisset
2433 1672 2507 1740 ⁸ο,
2578 1674 2723 1726 alter
2786 1689 2921 1727 vero
2986 1680 3258 1743 quartum
3325 1674 3477 1728 diem
3544 1692 3662 1728 non

1954 1761 2184 1814 vixisset
2211 1760 2285 1814 διε
2323 1761 2427 1814 Hic
2481 1761 2804 1831 intelligere
2850 1777 3072 1815 necnon
3123 1766 3179 1814 et
3222 1761 3510 1815 mirabilia
3560 1764 3661 1816 Dei

1958 1866 2265 1919 possumus
2295 1850 2505 1903 videre.
2559 1851 2683 1903 Non
2732 1856 2820 1902 est
2866 1850 3021 1902 enim
3069 1850 3352 1919 sapientia
3396 1866 3580 1921 neque
3613 1850 3663 1887 ⁸²

1954 1939 2263 2008 prudentia
2323 1954 2426 1991 nec
2479 1938 2661 1991 ullum
2717 1938 3018 1991 consilium
3072 1944 3272 1990 contra
3326 1939 3655 1994 Dominum.

1954 2027 2115 2090 Quod
2149 2027 2305 2080 enim
2357 2026 2686 2081 hominibus
2715 2026 2949 2097 placuit,
2983 2028 3099 2079 Deo
3145 2026 3473 2097 displicuit;
3507 2029 3658 2098 quod

1954 2114 2270 2184 imperator
2317 2115 2508 2183 elegit,
2567 2116 2712 2168 Deus
2744 2114 2961 2184 rejecit,
2997 2119 3051 2166 et
3096 2115 3270 2180 elegit
3314 2116 3564 2182 intirma,
3600 2121 3663 2170 ut

1954 2202 2328 2257 confunderet
2376 2201 2423 2236 ⁸³
2471 2202 2661 2257 fortia.
2711 2202 2935 2256 Sciebat
2983 2202 3139 2255 enim
3189 2201 3237 2237 ⁸⁸
3280 2219 3445 2257 suum
3478 2220 3536 2257 se
3590 2206 3660 2257 ti-

1955 2298 2229 2358 mentem,
2265 2307 2323 2345 se
2372 2292 2707 2362 diligentem
2739 2289 2811 2356 ⁸⁸,
2844 2307 2902 2345 se
2933 2291 3065 2344 totis
3094 2291 3309 2345 viribus
3339 2293 3616 2346 colentem
3645 2310 3658 2358 ;

1953 2381 2107 2434 hunc
2150 2381 2626 2450 praedestinatum
2677 2380 2900 2432 vocavit
2945 2379 3015 2447 ³⁸⁸,
3050 2384 3105 2432 et
3152 2385 3417 2433 vocatum
3450 2380 3659 2450 justiti-

1953 2470 2117 2531 cavit,
2151 2474 2207 2522 et
2246 2469 2627 2539 justilicatum
2677 2484 2797 2522 non
2828 2468 2996 2522 laude
3048 2468 3375 2534 hominum,
3429 2470 3529 2523 sed
3561 2486 3662 2522 sua

1952 2558 2346 2611 misericordia
2373 2557 2779 2628 magniﬁcavit.

2025 2649 2073 2699 5.
2107 2647 2428 2717 Imperator
2456 2647 2611 2700 enim
2641 2646 2711 2700 de
2741 2644 2787 2680 ⁸⁷
2820 2645 2979 2699 Italia
3010 2661 3302 2715 regressus
3334 2646 3450 2715 (an.
3481 2646 3657 2715 1000),

1951 2734 2251 2788 Saxoniam
2287 2735 2627 2805 ingreditur,
2662 2740 2717 2788 et
2747 2734 2806 2787 in
2836 2735 3025 2788 locum
3058 2736 3158 2804 qui
3199 2734 3410 2788 dicitur
3440 2735 3658 2787 Kirich-

1950 2822 2094 2895 berg
2136 2821 2187 2856 ⁸⁸
2228 2824 2340 2894 (Η)
2390 2823 2672 2893 pervenit.
2728 2823 2869 2876 Illuc
2917 2822 3221 2893 episcopus
3268 2823 3662 2892 Moguntinus,

1951 2916 2007 2966 et
2032 2929 2163 2967 cum
2210 2929 2278 2966 eo
2325 2912 2688 2966 venerandus
2732 2912 3093 2965 Burchardus
3138 2911 3207 2965 ad
3246 2911 3661 2980 imperatorem

1950 3002 2127 3055 venit.
2185 3002 2504 3072 Imperator
2561 3000 3052 3070 archiepiscopum
3112 3000 3425 3053 honorifice
3481 3000 3657 3053 susci-

1947 3091 2135 3162 piens,
2180 3105 2410 3144 causam
2459 3088 2895 3143 Wormacicnsis
2945 3089 3305 3159 episcopatus
3355 3088 3439 3141 illi
3491 3086 3541 3121 '9
3571 3105 3663 3142 ex-

1948 3180 2160 3250 posuit,
2195 3179 2562 3248 duorumque
2598 3178 2847 3231 virorum
2895 3177 3190 3231 mirabiles
3229 3177 3496 3230 interitus
3535 3193 3659 3230 om-

1950 3267 2086 3321 nino
2117 3268 2394 3321 narravit.
2434 3268 2497 3320 Et
2526 3271 2656 3336 post
2702 3267 2910 3319 multas
2941 3264 3434 3318 confabulationes
3476 3264 3659 3335 impe-

1946 3359 2102 3408 rator
2143 3351 2196 3388 9”
2242 3370 2344 3423 per
2398 3354 2705 3408 fenestram
2757 3352 3110 3423 prospiciens
3150 3349 3217 3419 9‘,
3269 3353 3659 3406 Burchardum

1948 3442 2109 3507 vidit,
2145 3457 2317 3512 quem
2369 3441 2563 3495 statim
2613 3440 2877 3495 celeriter
2918 3440 2989 3494 ad
3040 3457 3097 3494 se
3145 3441 3384 3494 vocavit.
3420 3442 3485 3494 Et
3514 3441 3658 3494 arri-

1944 3530 2110 3599 piens
2180 3545 2418 3583 manum
2474 3526 2543 3595 9',
2610 3545 2868 3583 seorsum
2939 3529 3106 3583 duxit
3143 3526 3215 3592 9³,
3275 3530 3415 3600 quid
3485 3530 3662 3583 frater

1946 3619 2069 3687 ejus
2094 3616 2142 3653 9‘
2173 3634 2279 3688 pro
2335 3634 2403 3671 eo
2455 3617 2677 3685 rogarit
2706 3614 2755 3651 9⁵
2780 3617 2989 3687 quidve
3039 3617 3149 3669 sibi
3195 3618 3559 3671 demandarit
3586 3616 3654 3685 9⁸,

1944 3705 2250 3775 diligenter
2305 3706 2584 3776 exposuit.
2641 3709 2714 3760 Ac
2749 3704 2957 3758 deinde
3013 3705 3333 3774 epistolam,
3378 3721 3550 3774 quam
3598 3706 3658 3759 in

1945 3794 2167 3847 sacculo
2225 3793 2549 3853 reservavit,
2608 3793 2691 3846 illi
2749 3792 3017 3864 aperuit;
3072 3792 3264 3862 sicque
3308 3790 3355 3826 9"
3401 3793 3655 3846 Worma-

1944 3882 2133 3935 ciense
2184 3881 2566 3935 sacerdotium
2621 3881 2705 3934 illi
2760 3880 2964 3935 offerre
3012 3881 3202 3951 cmpit.
3260 3882 3521 3952 Cumque
3571 3881 3656 3935 illi

1943 3969 2189 4022 multum
2220 3968 2587 4034 reniteretur,
2617 3983 2791 4038 seque
2822 3966 3126 4037 indignum
3160 3984 3280 4020 esse
3329 3968 3657 4038 pontiﬁcale

1942 4056 2196 4111 ofticium
2248 4056 2535 4127 suscipere
2581 4055 2955 4109 contenderet
3004 4053 3073 4123 9⁸,
3116 4056 3432 4127 imperator
3478 4056 3656 4111 vehe-

1942 4151 2166 4201 menter
2226 4146 2444 4199 instans
2498 4142 2548 4178 99
2598 4145 2760 4215 quasi
2822 4145 2876 4198 vi
2926 4144 2997 4198 ad
3048 4146 3481 4215 suscipiendum
3524 4161 3657 4199 eum

1941 4235 2301 4305 compulerat
2357 4231 2451 4287 ⁶⁰⁰.
2505 4234 2761 4288 Tandem
2811 4233 3171 4304 conspiciens
3220 4232 3315 4300 ‘0',
3367 4234 3503 4305 quia
3556 4250 3653 4304 po-

1941 4323 2083 4377 tenti
2123 4324 2387 4377 resistere
2439 4338 2556 4376 non
2615 4327 2826 4392 posset,
2884 4326 2945 4375 ut
2982 4319 3051 4358 ¹⁰²
3092 4338 3223 4376 cum
3278 4322 3505 4377 seniore
3552 4338 3656 4376 suo

1552 4457 1782 4511 VARI/IS
1821 4455 2220 4510 LECTIONES.

186 4580 235 4613 ⁸⁸
288 4578 657 4649 gubernabat
709 4580 795 4649 2.,
834 4576 883 4611 ⁸9
956 4578 1394 4632 Laurissam.....
1455 4581 1506 4632 2.
1588 4577 1639 4612 ⁵ο
1691 4578 1960 4649 consilio_
1994 4581 2067 4649 2.7
2128 4577 2173 4614 ⁵¹
2246 4579 2637 4649 Romanarum
2713 4575 3130 4646 pr0vintiarum
3184 4576 3555 4649 praeciperet
3597 4580 3649 4630 2.

111 4649 160 4684 δ’
234 4645 320 4704 e.'
351 4650 564 4703 Franco
646 4650 696 4703 2.
776 4646 825 4683 ⁵³
877 4649 1234 4719 pedibusque
1285 4653 1337 4703 2.
1417 4650 1497 4719 οἵ
1525 4651 1753 4703 nudatis
1783 4653 1835 4704 2.
1872 4647 1963 4719 “5'
2018 4648 2242 4702 dierum
2283 4651 2355 4719 Δ2.
2390 4718 2397 4719 7
2433 4645 2480 4681 ⁵⁸

1236 4737 1290 4791 p.
1326 4722 1378 4791 2.
1459 4718 1505 4756 ⁸⁸
1551 4721 1706 4791 domi
1737 4723 1790 4774 2.
1870 4717 1919 4791 ‘79
1949 4719 2095 4773 deest
2148 4722 2215 4791 2.Δ
2279 4715 2330 4751 ⁶⁰
2361 4718 2506 4791 (teest
2548 4720 2603 4791 _2.
2680 4719 2722 4791 fi

110 4721 425 4792 episcopus
478 4720 816 4792 imperatori
871 4736 935 4788 p.
979 4722 1116 4792 d.r.
1153 4738 1199 4773 s.

109 4808 386 4861 rogarem
417 4793 468 4844 2.

3510 4646 3555 4682 5⁸1

3304 4718 3556 4789 placeret
3589 4748 3657 4759 —

2547 4662 2786 4715 parvam
2837 4662 2895 4701 n.
2952 4653 3343 4715 comparatam
3375 4651 3428 4701 2.

2755 4716 3021 4787 quaesivit
3068 4720 3121 4770 2.
3200 4716 3250 4750 ⁶²

548 4785 598 4823 ⁸⁷³
629 4793 814 4843 virum
847 4785 1156 4860 prmvideat
1192 4785 1257 4844 2Ῐ
1325 4788 1372 4825 ⁸⁸
1404 4797 1461 4845 et
1506 4794 1558 4844 2.
1637 4789 2077 4844 “testationem
2121 4788 2219 4842 tali
2250 4790 2303 4841 2.
2381 4787 2662 4860 “eodem
2693 4785 2872 4860 2.:6"
2905 4803 3080 4857 quam
3114 4790 3165 4841 2.
3246 4785 3380 4857 δεῖ).
3420 4791 3654 4855 Franco,

107 4857 207 4916 vir'
235 4861 589 4917 venerabilis
642 4867 698 4914 et
728 4857 1115 4915 Deo'dilectus
1146 4862 1449 4931 episcopus
1498 4860 1962 4931 AWormatiensis,
2010 4866 2231 4931 natura
2264 4858 2563 4931 succubuit
2592 4864 2651 4911 et
2681 4857 2941 4931 debitum
2998 4859 3197 4931 mortis
3252 4861 3416 4913 solvit
3449 4865 3504 4914 et
3536 4877 3658 4914 cor-

106 4950 217 5036 pus
250 4936 383 5002 ejus
415 4932 608 4986 Romae
661 4932 732 4985 ab
780 4932 1129 5001 imperatore
1160 4925 1291 4986 cum
1338 4925 1391 4986 2.
1470 4928 1516 4968 ‘9
1575 4932 1809 5001 quidam
1856 4931 1925 4984 ad
1981 4934 2035 4983 2.
2114 4927 2164 4963 ⁷ο
2193 4930 2341 5000 epbo
2388 4931 2441 4981 2.
2520 4925 2922 4997 71assignatus
2971 4933 3013 4983 Ι.

134 5004 155 5036 3
232 5006 385 5036 ηιιη..
412 5005 444 5036 ς)
543 4999 589 5036 7ι
620 5003 1029 5036 “ﬂuuium-«mi
1066 5005 1095 5036 ι)
1193 4999 1241 5034 75
1278 5019 1329 5036 η.
1390 5018 1548 5036 cauom
1582 5005 1614 5036 ε)
1713 5002 1763 5036 το
1807 5001 2077 5036 manuum
2110 5003 2141 5036 ε)
2243 4997 2289 5033 7⁸1
2338 5015 2370 5036 η
2427 4999 2732 5036 ιιιινι-ιιιιι-Αι
2771 5002 2801 5036 ε)
2902 4997 2951 5032 78
2995 5017 3013 5036 ι

3096 4927 3147 4962 ⁷³
3172 4931 3324 4983 raizo
3360 4934 3408 4985 1.
3444 4948 3571 4985 raso
3599 4934 3652 4985 2.

134 5004 155 5036 ³
232 4997 385 5057 εΙΞιιι·
412 5005 463 5055 2.
543 4999 589 5037 ⁷⁸
620 4997 1032 5055 nuntiaverunt
1066 5005 1096 5055 2
1193 4999 1241 5034 ⁷⁵
1278 5019 1353 5057 m.
1390 5018 1551 5057 suam
1582 4997 1651 5071 2.,
1713 5002 1763 5036 ⁷⁸
1807 5001 2079 5054 meritum
2110 4997 2289 5071 2.77"”
2338 5015 2395 5052 n.
2427 4999 2737 5071 burcliardi
2771 5002 2824 5053 2.
2902 4997 2951 5032 ⁷⁸
2995 5000 3140 5055 deest
3174 5004 3226 5054 2.
3306 4998 3354 5034 79
3396 5008 3653 5071 accepta-

107 5076 333 5128 tionem
394 5076 445 5126 2.
524 5071 577 5106 ⁸ο
609 5073 767 5127 vidit.
847 5071 893 5109 ⁸¹
942 5072 1080 5125 vixit
1105 5076 1159 5127 2.
1239 5070 1289 5105 ⁸²
1323 5089 1424 5126 nec
1476 5075 1530 5126 2.
1605 5070 1657 5106 ⁸³
1686 5073 1998 5126 confundat
2050 5075 2099 5125 2.
2177 5070 2227 5105 ⁸⁸
2275 5086 2524 5141 namque
2570 5074 2622 5124 2.
2698 5068 2751 5141 f5
2785 5072 3092 5135 colentem,
3128 5090 3186 5125 se
3230 5078 3269 5127 t.
3306 5088 3363 5125 v.
3403 5068 3651 5141 diligen-

107 5152 224 5199 tem
259 5149 315 5199 2.
400 5141 448 5176 ⁸⁸
493 5159 541 5197 v.
577 5151 635 5197 et
684 5160 733 5196 v.
785 5143 822 5197 i.

885 5148 942 5197 et
973 5144 1010 5196 i.
1046 5143 1241 5212 desunt
1288 5147 1341 5197 2.
1419 5142 1466 5177 ⁸⁷
1501 5144 1570 5197 ab
1618 5146 1666 5197 2.
1750 5141 1799 5177 ⁸⁸
1835 5142 2170 5212 Kyritzberg
2199 5144 2257 5196 2.

2343 5138 2513 5195 89ille
2561 5144 2615 5195 2.
2692 5138 2895 5211 90ipse
2957 5141 2991 5194 i.
3024 5145 3076 5195 2.
3155 5141 3202 5175 9'
3263 5138 3541 5211 aspiciens
3599 5146 3651 5195 2.

105 5216 154 5251 9’
186 5232 325 5270 eum
388 5230 561 5267 manu
613 5217 668 5268 2.
746 5212 796 5247 ⁹⁵
847 5213 991 5267 dixit
1018 5217 1071 5268 2.
1149 5211 1199 5247 9“
1253 5231 1301 5267 e.
1340 5216 1536 5268 franco
1566 5217 1620 5268 2.
1697 5212 1749 5247 9"
1779 5210 2020 5283 rogavit.
2098 5210 2155 5245 9“
2199 5212 2674 5283 demandavit2.
2756 5210 2814 5245 9⁷
2836 5214 2917 5266 sic
2946 5228 3179 5283 quoque
3209 5215 3260 5267 2.
3324 5210 3565 5283 ‘ﬂdeest
3599 5216 3651 5283 2.

108 5284 155 5320 99
192 5285 597 5395 uehementius
646 5284 896 5338 instabat
952 5290 1008 5338 et
1039 5301 1093 5356 q.
1149 5288 1201 5338 2.

110 5366 165 5395 ut
201 5368 215 5385 θ

110 5366 169 5411 ut

1282 5284 1358 5319 ¹⁰⁰
1406 5285 1688 5356 compulit
1716 5287 1771 5341 2.
1850 5282 1917 5321 ¹⁰¹
1951 5283 2013 5338 Τ.
2071 5285 2156 5337 vir
2204 5282 2547 5338 venerabilis
2590 5282 2977 5338 Burchardus
3013 5282 3211 5337 videns
3240 5285 3291 5335 2.

3377 5279 3449 5317 ¹⁰²
3486 5282 3657 5352 petiit

1780 5459 2002 5513 NOTAE.

180 5578 259 5644 (9)
294 5574 563 5642 Diploma
598 5591 711 5627 non
743 5575 969 5645 reperio

182 5650 302 5718 (10)
338 5646 471 5700 Haec
502 5647 704 5700 eodem
750 5647 867 5701 tere
900 5653 1161 5716 tempore
1187 5650 1305 5715 egit
1338 5660 1452 5715 quo
1492 5645 1821 5713 Garganum

1935 5576 2193 5625 montem
2226 5570 2371 5626 adiit
2398 5576 2453 5625 et
2484 5572 2538 5625 S.
2575 5570 2763 5624 Nilum
2794 5570 3059 5624 visitavit.

2003 5645 2048 5710 (l
2072 5648 2118 5711 Ι)
2154 5641 2191 5695 K
2206 5641 2489 5710 irclilierg.
