  <div class='ocr_page' id='page_1' title='image "/cluster/home/n/w/nwhite01/storage/ocr_20150623/140-141/uc1.31175018559917/265.png"; bbox 0 0 3968 6432; ppageno 0'>
   <div class='ocr_carea' id='block_1_1' title="bbox 361 386 3870 449">
    <p class='ocr_par' dir='ltr' id='par_1_1' title="bbox 361 386 3870 449">
     <span class='ocr_line' id='line_1_1' title="bbox 361 386 3870 449; baseline -0.001 -1"><span class='ocrx_word' id='word_1_1' title='bbox 361 395 462 449; x_wconf 78' lang='grc'><strong>515</strong></span> <span class='ocrx_word' id='word_1_2' title='bbox 1374 387 1846 446; x_wconf 74' lang='lat' dir='ltr'><strong>BURCHARDUS</strong></span> <span class='ocrx_word' id='word_1_3' title='bbox 1885 386 2416 445; x_wconf 78' lang='lat' dir='ltr'><strong>WORMACIENSIS</strong></span> <span class='ocrx_word' id='word_1_4' title='bbox 2457 388 2852 446; x_wconf 82' lang='lat' dir='ltr'><strong>EPISCOPUS.</strong></span> <span class='ocrx_word' id='word_1_5' title='bbox 3777 394 3870 446; x_wconf 84' lang='grc'><strong>516</strong></span> 
     </span>
    </p>
   </div>
   <div class='ocr_carea' id='block_1_2' title="bbox 363 509 3881 588">
    <p class='ocr_par' dir='ltr' id='par_1_2' title="bbox 363 509 3881 588">
     <span class='ocr_line' id='line_1_2' title="bbox 363 509 3881 588; baseline -0.001 -17"><span class='ocrx_word' id='word_1_6' title='bbox 363 515 793 588; x_wconf 83' lang='lat' dir='ltr'><strong>archiepiscopo</strong></span> <span class='ocrx_word' id='word_1_7' title='bbox 844 531 1076 569; x_wconf 86' lang='lat' dir='ltr'><strong>causam</strong></span> <span class='ocrx_word' id='word_1_8' title='bbox 1121 513 1465 569; x_wconf 83' lang='lat' dir='ltr'><strong>deliberaret</strong></span> <span class='ocrx_word' id='word_1_9' title='bbox 1511 511 1766 583; x_wconf 78' lang='lat' dir='ltr'><strong>exposcit</strong></span> <span class='ocrx_word' id='word_1_10' title='bbox 1792 509 1886 566; x_wconf 74' lang='lat'><strong>‘0&#39;.</strong></span> <span class='ocrx_word' id='word_1_11' title='bbox 1936 512 2058 576; x_wconf 86' lang='lat' dir='ltr'><strong>Quo</strong></span> <span class='ocrx_word' id='word_1_12' title='bbox 2089 515 2135 566; x_wconf 83' lang='lat' dir='ltr'><strong>A</strong></span> <span class='ocrx_word' id='word_1_13' title='bbox 2174 518 2295 566; x_wconf 90' lang='lat' dir='ltr'><strong>tare</strong></span> <span class='ocrx_word' id='word_1_14' title='bbox 2344 512 2636 584; x_wconf 63' lang='lat' dir='ltr'><strong>praecepit.</strong></span> <span class='ocrx_word' id='word_1_15' title='bbox 2694 513 2777 566; x_wconf 88' lang='lat' dir='ltr'><strong>lta</strong></span> <span class='ocrx_word' id='word_1_16' title='bbox 2833 510 3050 583; x_wconf 87' lang='lat' dir='ltr'><strong>quippe</strong></span> <span class='ocrx_word' id='word_1_17' title='bbox 3099 511 3160 566; x_wconf 93' lang='lat' dir='ltr'><strong>in</strong></span> <span class='ocrx_word' id='word_1_18' title='bbox 3209 510 3466 584; x_wconf 89' lang='lat' dir='ltr'><strong>quinque</strong></span> <span class='ocrx_word' id='word_1_19' title='bbox 3515 529 3670 584; x_wconf 88' lang='lat' dir='ltr'><strong>pene</strong></span> <span class='ocrx_word' id='word_1_20' title='bbox 3723 514 3881 567; x_wconf 89' lang='lat' dir='ltr'><strong>annis</strong></span> 
     </span>
    </p>
   </div>
   <div class='ocr_carea' id='block_1_3' title="bbox 365 598 2060 676">
    <p class='ocr_par' dir='ltr' id='par_1_3' title="bbox 365 598 2060 676">
     <span class='ocr_line' id='line_1_3' title="bbox 365 598 2060 676; baseline -0.005 -16"><span class='ocrx_word' id='word_1_21' title='bbox 365 607 672 676; x_wconf 89' lang='lat' dir='ltr'><strong>impetrato</strong></span> <span class='ocrx_word' id='word_1_22' title='bbox 719 609 776 658; x_wconf 89' lang='lat' dir='ltr'><strong>et</strong></span> <span class='ocrx_word' id='word_1_23' title='bbox 806 603 874 658; x_wconf 89' lang='lat' dir='ltr'><strong>ab</strong></span> <span class='ocrx_word' id='word_1_24' title='bbox 925 601 996 640; x_wconf 76' lang='grc'><strong>¹⁰³</strong></span> <span class='ocrx_word' id='word_1_25' title='bbox 1043 601 1472 672; x_wconf 77' lang='lat' dir='ltr'><strong>archiepiscopo</strong></span> <span class='ocrx_word' id='word_1_26' title='bbox 1514 605 1744 670; x_wconf 88' lang='lat' dir='ltr'><strong>accepto</strong></span> <span class='ocrx_word' id='word_1_27' title='bbox 1802 598 2060 666; x_wconf 89' lang='lat' dir='ltr'><strong>consilio,</strong></span> 
     </span>
    </p>
   </div>
   <div class='ocr_carea' id='block_1_4' title="bbox 361 687 2058 764">
    <p class='ocr_par' dir='ltr' id='par_1_4' title="bbox 361 687 2058 764">
     <span class='ocr_line' id='line_1_4' title="bbox 361 687 2058 764; baseline -0.005 -16"><span class='ocrx_word' id='word_1_28' title='bbox 361 693 518 764; x_wconf 91' lang='lat' dir='ltr'><strong>quod</strong></span> <span class='ocrx_word' id='word_1_29' title='bbox 552 691 621 728; x_wconf 79' lang='grc'><strong>¹⁰⁵</strong></span> <span class='ocrx_word' id='word_1_30' title='bbox 666 693 984 763; x_wconf 83' lang='lat' dir='ltr'><strong>imperator</strong></span> <span class='ocrx_word' id='word_1_31' title='bbox 1017 690 1279 760; x_wconf 88' lang='lat' dir='ltr'><strong>jussisset</strong></span> <span class='ocrx_word' id='word_1_32' title='bbox 1326 706 1385 743; x_wconf 91' lang='lat' dir='ltr'><strong>se</strong></span> <span class='ocrx_word' id='word_1_33' title='bbox 1427 704 1732 759; x_wconf 89' lang='lat' dir='ltr'><strong>passurum</strong></span> <span class='ocrx_word' id='word_1_34' title='bbox 1771 687 2058 758; x_wconf 86' lang='lat' dir='ltr'><strong>promisit.</strong></span> 
     </span>
    </p>
   </div>
   <div class='ocr_carea' id='block_1_5' title="bbox 364 774 2064 847">
    <p class='ocr_par' dir='ltr' id='par_1_5' title="bbox 364 774 2064 847">
     <span class='ocr_line' id='line_1_5' title="bbox 364 774 2064 847; baseline -0.006 -9"><span class='ocrx_word' id='word_1_35' title='bbox 364 785 482 838; x_wconf 90' lang='lat' dir='ltr'><strong>lloc</strong></span> <span class='ocrx_word' id='word_1_36' title='bbox 511 797 642 834; x_wconf 93' lang='lat' dir='ltr'><strong>cum</strong></span> <span class='ocrx_word' id='word_1_37' title='bbox 674 780 909 844; x_wconf 81' lang='lat' dir='ltr'><strong>diceret,</strong></span> <span class='ocrx_word' id='word_1_38' title='bbox 960 779 1221 833; x_wconf 89' lang='lat' dir='ltr'><strong>omnium</strong></span> <span class='ocrx_word' id='word_1_39' title='bbox 1254 775 1350 812; x_wconf 79' lang='grc' dir='ltr'><strong>¹⁰⁸ο</strong></span> <span class='ocrx_word' id='word_1_40' title='bbox 1388 777 1488 847; x_wconf 90' lang='lat' dir='ltr'><strong>qui</strong></span> <span class='ocrx_word' id='word_1_41' title='bbox 1534 776 1773 829; x_wconf 90' lang='lat' dir='ltr'><strong>aderant</strong></span> <span class='ocrx_word' id='word_1_42' title='bbox 1816 774 2064 828; x_wconf 84' lang='lat' dir='ltr'><strong>lacrimis</strong></span> 
     </span>
    </p>
   </div>
   <div class='ocr_carea' id='block_1_6' title="bbox 361 863 2064 937">
    <p class='ocr_par' dir='ltr' id='par_1_6' title="bbox 361 863 2064 937">
     <span class='ocr_line' id='line_1_6' title="bbox 361 863 2064 937; baseline -0.004 -13"><span class='ocrx_word' id='word_1_43' title='bbox 361 869 578 925; x_wconf 88' lang='lat' dir='ltr'><strong>obortis</strong></span> <span class='ocrx_word' id='word_1_44' title='bbox 642 868 734 934; x_wconf 74' lang='lat'><strong>‘0‘,</strong></span> <span class='ocrx_word' id='word_1_45' title='bbox 799 868 952 922; x_wconf 89' lang='lat' dir='ltr'><strong>illius</strong></span> <span class='ocrx_word' id='word_1_46' title='bbox 1031 865 1382 937; x_wconf 84' lang='lat' dir='ltr'><strong>dignissimis</strong></span> <span class='ocrx_word' id='word_1_47' title='bbox 1431 863 1649 918; x_wconf 90' lang='lat' dir='ltr'><strong>meritis</strong></span> <span class='ocrx_word' id='word_1_48' title='bbox 1677 863 2064 918; x_wconf 79' lang='lat' dir='ltr'><strong>committitur</strong></span> 
     </span>
    </p>
   </div>
   <div class='ocr_carea' id='block_1_7' title="bbox 363 958 874 1030">
    <p class='ocr_par' dir='ltr' id='par_1_7' title="bbox 363 958 874 1030">
     <span class='ocr_line' id='line_1_7' title="bbox 363 958 874 1030; baseline -0.006 -16"><span class='ocrx_word' id='word_1_49' title='bbox 363 960 522 1029; x_wconf 88' lang='lat' dir='ltr'><strong>virga</strong></span> <span class='ocrx_word' id='word_1_50' title='bbox 553 958 874 1030; x_wconf 86' lang='lat' dir='ltr'><strong>pastoralis.</strong></span> 
     </span>
    </p>
   </div>
   <div class='ocr_carea' id='block_1_8' title="bbox 433 1041 2064 1117">
    <p class='ocr_par' dir='ltr' id='par_1_8' title="bbox 433 1041 2064 1117">
     <span class='ocr_line' id='line_1_8' title="bbox 433 1041 2064 1117; baseline -0.003 -17"><span class='ocrx_word' id='word_1_51' title='bbox 433 1051 485 1102; x_wconf 84' lang='lat'><strong>6.</strong></span> <span class='ocrx_word' id='word_1_52' title='bbox 520 1050 653 1102; x_wconf 86' lang='lat' dir='ltr'><strong>Post</strong></span> <span class='ocrx_word' id='word_1_53' title='bbox 685 1048 904 1117; x_wconf 85' lang='lat' dir='ltr'><strong>aliquos</strong></span> <span class='ocrx_word' id='word_1_54' title='bbox 929 1042 1026 1077; x_wconf 65' lang='lat'><strong>“’5‘</strong></span> <span class='ocrx_word' id='word_1_55' title='bbox 1059 1049 1246 1097; x_wconf 87' lang='lat' dir='ltr'><strong>autem</strong></span> <span class='ocrx_word' id='word_1_56' title='bbox 1274 1042 1414 1108; x_wconf 90' lang='lat' dir='ltr'><strong>dies,</strong></span> <span class='ocrx_word' id='word_1_57' title='bbox 1449 1041 1680 1095; x_wconf 87' lang='lat' dir='ltr'><strong>licentia</strong></span> <span class='ocrx_word' id='word_1_58' title='bbox 1711 1041 1780 1095; x_wconf 90' lang='lat' dir='ltr'><strong>ab</strong></span> <span class='ocrx_word' id='word_1_59' title='bbox 1813 1042 2064 1112; x_wconf 82' lang='lat' dir='ltr'><strong>impera-</strong></span> 
     </span>
    </p>
   </div>
   <div class='ocr_carea' id='block_1_9' title="bbox 359 1128 2061 1205">
    <p class='ocr_par' dir='ltr' id='par_1_9' title="bbox 359 1128 2061 1205">
     <span class='ocr_line' id='line_1_9' title="bbox 359 1128 2061 1205; baseline -0.005 -15"><span class='ocrx_word' id='word_1_60' title='bbox 359 1141 485 1190; x_wconf 83' lang='lat' dir='ltr'><strong>tore</strong></span> <span class='ocrx_word' id='word_1_61' title='bbox 524 1141 772 1205; x_wconf 88' lang='lat' dir='ltr'><strong>accepta,</strong></span> <span class='ocrx_word' id='word_1_62' title='bbox 823 1149 951 1187; x_wconf 91' lang='lat' dir='ltr'><strong>cum</strong></span> <span class='ocrx_word' id='word_1_63' title='bbox 984 1131 1412 1201; x_wconf 82' lang='lat' dir='ltr'><strong>archiepiscopo</strong></span> <span class='ocrx_word' id='word_1_64' title='bbox 1445 1130 1506 1183; x_wconf 92' lang='lat' dir='ltr'><strong>in</strong></span> <span class='ocrx_word' id='word_1_65' title='bbox 1540 1128 1610 1163; x_wconf 82' lang='grc'><strong>⁴⁰⁷</strong></span> <span class='ocrx_word' id='word_1_66' title='bbox 1643 1130 1831 1183; x_wconf 90' lang='lat' dir='ltr'><strong>locum</strong></span> <span class='ocrx_word' id='word_1_67' title='bbox 1865 1130 2061 1184; x_wconf 88' lang='lat' dir='ltr'><strong>Helin-</strong></span> 
     </span>
    </p>
   </div>
   <div class='ocr_carea' id='block_1_10' title="bbox 363 1217 2063 1295">
    <p class='ocr_par' dir='ltr' id='par_1_10' title="bbox 363 1217 2063 1295">
     <span class='ocr_line' id='line_1_10' title="bbox 363 1217 2063 1295; baseline -0.004 -18"><span class='ocrx_word' id='word_1_68' title='bbox 363 1228 596 1295; x_wconf 88' lang='lat' dir='ltr'><strong>gunstat</strong></span> <span class='ocrx_word' id='word_1_69' title='bbox 629 1223 724 1259; x_wconf 74' lang='lat'><strong>“’7&#39;</strong></span> <span class='ocrx_word' id='word_1_70' title='bbox 773 1221 886 1291; x_wconf 89' lang='grc'><strong>(12)</strong></span> <span class='ocrx_word' id='word_1_71' title='bbox 936 1220 1194 1290; x_wconf 83' lang='lat' dir='ltr'><strong>pervenit</strong></span> <span class='ocrx_word' id='word_1_72' title='bbox 1229 1219 1428 1289; x_wconf 86' lang='lat' dir='ltr'><strong>ibique</strong></span> <span class='ocrx_word' id='word_1_73' title='bbox 1482 1217 1846 1272; x_wconf 86' lang='lat' dir='ltr'><strong>sacerdotalis</strong></span> <span class='ocrx_word' id='word_1_74' title='bbox 1891 1218 2063 1272; x_wconf 85' lang='lat' dir='ltr'><strong>ofﬁcii</strong></span> 
     </span>
    </p>
   </div>
   <div class='ocr_carea' id='block_1_11' title="bbox 361 1305 2062 1379">
    <p class='ocr_par' dir='ltr' id='par_1_11' title="bbox 361 1305 2062 1379">
     <span class='ocr_line' id='line_1_11' title="bbox 361 1305 2062 1379; baseline -0.004 -13"><span class='ocrx_word' id='word_1_75' title='bbox 361 1313 604 1366; x_wconf 86' lang='lat' dir='ltr'><strong>infulam</strong></span> <span class='ocrx_word' id='word_1_76' title='bbox 656 1309 874 1379; x_wconf 81' lang='lat' dir='ltr'><strong>accepit</strong></span> <span class='ocrx_word' id='word_1_77' title='bbox 905 1307 994 1362; x_wconf 80' lang='grc'><strong>¹⁰⁸.</strong></span> <span class='ocrx_word' id='word_1_78' title='bbox 1041 1307 1314 1377; x_wconf 84' lang='lat' dir='ltr'><strong>Sequenti</strong></span> <span class='ocrx_word' id='word_1_79' title='bbox 1358 1305 1450 1344; x_wconf 76' lang='grc' dir='ltr'><strong>¹⁰⁸ο</strong></span> <span class='ocrx_word' id='word_1_80' title='bbox 1496 1311 1690 1378; x_wconf 86' lang='lat' dir='ltr'><strong>autem</strong></span> <span class='ocrx_word' id='word_1_81' title='bbox 1723 1306 1793 1360; x_wconf 83' lang='lat' dir='ltr'><strong>de</strong></span> <span class='ocrx_word' id='word_1_82' title='bbox 1825 1307 2062 1376; x_wconf 87' lang='lat' dir='ltr'><strong>pontiﬁ-</strong></span> 
     </span>
    </p>
   </div>
   <div class='ocr_carea' id='block_1_12' title="bbox 360 1396 2064 1454">
    <p class='ocr_par' dir='ltr' id='par_1_12' title="bbox 360 1396 2064 1454">
     <span class='ocr_line' id='line_1_12' title="bbox 360 1396 2064 1454; baseline -0.003 -1"><span class='ocrx_word' id='word_1_83' title='bbox 360 1399 496 1454; x_wconf 92' lang='lat' dir='ltr'><strong>calis</strong></span> <span class='ocrx_word' id='word_1_84' title='bbox 546 1397 962 1452; x_wconf 87' lang='lat' dir='ltr'><strong>benedictionis</strong></span> <span class='ocrx_word' id='word_1_85' title='bbox 1011 1397 1282 1450; x_wconf 90' lang='lat' dir='ltr'><strong>unctione</strong></span> <span class='ocrx_word' id='word_1_86' title='bbox 1326 1396 1727 1450; x_wconf 85' lang='lat' dir='ltr'><strong>venerabiliter</strong></span> <span class='ocrx_word' id='word_1_87' title='bbox 1773 1410 2064 1449; x_wconf 86' lang='lat' dir='ltr'><strong>consecra-</strong></span> 
     </span>
    </p>
   </div>
   <div class='ocr_carea' id='block_1_13' title="bbox 362 1484 2061 1554">
    <p class='ocr_par' dir='ltr' id='par_1_13' title="bbox 362 1484 2061 1554">
     <span class='ocr_line' id='line_1_13' title="bbox 362 1484 2061 1554; baseline -0.002 -14"><span class='ocrx_word' id='word_1_88' title='bbox 362 1492 451 1540; x_wconf 92' lang='lat' dir='ltr'><strong>tus</strong></span> <span class='ocrx_word' id='word_1_89' title='bbox 499 1491 600 1540; x_wconf 90' lang='lat' dir='ltr'><strong>est.</strong></span> <span class='ocrx_word' id='word_1_90' title='bbox 652 1485 871 1539; x_wconf 89' lang='lat' dir='ltr'><strong>Deinde</strong></span> <span class='ocrx_word' id='word_1_91' title='bbox 922 1489 1054 1554; x_wconf 89' lang='lat' dir='ltr'><strong>post</strong></span> <span class='ocrx_word' id='word_1_92' title='bbox 1101 1486 1311 1537; x_wconf 91' lang='lat' dir='ltr'><strong>multas</strong></span> <span class='ocrx_word' id='word_1_93' title='bbox 1366 1484 1735 1537; x_wconf 79' lang='lat' dir='ltr'><strong>salutationes</strong></span> <span class='ocrx_word' id='word_1_94' title='bbox 1784 1484 2061 1537; x_wconf 89' lang='lat' dir='ltr'><strong>diversas-</strong></span> 
     </span>
    </p>
   </div>
   <div class='ocr_carea' id='block_1_14' title="bbox 362 1569 2062 1645">
    <p class='ocr_par' dir='ltr' id='par_1_14' title="bbox 362 1569 2062 1645">
     <span class='ocr_line' id='line_1_14' title="bbox 362 1569 2062 1645; baseline -0.002 -17"><span class='ocrx_word' id='word_1_95' title='bbox 362 1591 474 1645; x_wconf 87' lang='lat' dir='ltr'><strong>que</strong></span> <span class='ocrx_word' id='word_1_96' title='bbox 505 1572 577 1607; x_wconf 83' lang='grc'><strong>⁴⁰⁹</strong></span> <span class='ocrx_word' id='word_1_97' title='bbox 607 1573 998 1642; x_wconf 89' lang='lat' dir='ltr'><strong>amplexiones</strong></span> <span class='ocrx_word' id='word_1_98' title='bbox 1045 1573 1116 1626; x_wconf 90' lang='lat' dir='ltr'><strong>ab</strong></span> <span class='ocrx_word' id='word_1_99' title='bbox 1146 1572 1576 1643; x_wconf 87' lang='lat' dir='ltr'><strong>archiepiscopo</strong></span> <span class='ocrx_word' id='word_1_100' title='bbox 1622 1569 1713 1605; x_wconf 78' lang='grc'><strong>¹⁰⁹⁴</strong></span> <span class='ocrx_word' id='word_1_101' title='bbox 1744 1572 2062 1626; x_wconf 90' lang='lat' dir='ltr'><strong>honoriﬁce</strong></span> 
     </span>
    </p>
   </div>
   <div class='ocr_carea' id='block_1_15' title="bbox 364 1659 2060 1731">
    <p class='ocr_par' dir='ltr' id='par_1_15' title="bbox 364 1659 2060 1731">
     <span class='ocr_line' id='line_1_15' title="bbox 364 1659 2060 1731; baseline -0.002 -15"><span class='ocrx_word' id='word_1_102' title='bbox 364 1663 633 1716; x_wconf 88' lang='lat' dir='ltr'><strong>dimissus</strong></span> <span class='ocrx_word' id='word_1_103' title='bbox 669 1659 759 1727; x_wconf 77' lang='lat'><strong>“0,</strong></span> <span class='ocrx_word' id='word_1_104' title='bbox 805 1661 913 1715; x_wconf 90' lang='lat' dir='ltr'><strong>sibi</strong></span> <span class='ocrx_word' id='word_1_105' title='bbox 946 1661 1316 1715; x_wconf 89' lang='lat' dir='ltr'><strong>commissum</strong></span> <span class='ocrx_word' id='word_1_106' title='bbox 1365 1661 1758 1731; x_wconf 85' lang='lat' dir='ltr'><strong>episcopatum</strong></span> <span class='ocrx_word' id='word_1_107' title='bbox 1791 1660 2060 1722; x_wconf 88' lang='lat' dir='ltr'><strong>visitavit,</strong></span> 
     </span>
    </p>
   </div>
   <div class='ocr_carea' id='block_1_16' title="bbox 364 1749 2061 1821">
    <p class='ocr_par' dir='ltr' id='par_1_16' title="bbox 364 1749 2061 1821">
     <span class='ocr_line' id='line_1_16' title="bbox 364 1749 2061 1821; baseline -0.001 -19"><span class='ocrx_word' id='word_1_108' title='bbox 364 1751 857 1821; x_wconf 89' lang='lat' dir='ltr'><strong>Wormaciamque</strong></span> <span class='ocrx_word' id='word_1_109' title='bbox 910 1749 1087 1814; x_wconf 86' lang='lat' dir='ltr'><strong>venit,</strong></span> <span class='ocrx_word' id='word_1_110' title='bbox 1145 1764 1321 1820; x_wconf 90' lang='lat' dir='ltr'><strong>quam</strong></span> <span class='ocrx_word' id='word_1_111' title='bbox 1387 1750 1734 1803; x_wconf 84' lang='lat' dir='ltr'><strong>destructam</strong></span> <span class='ocrx_word' id='word_1_112' title='bbox 1798 1765 1862 1802; x_wconf 88' lang='lat' dir='ltr'><strong>ac</strong></span> <span class='ocrx_word' id='word_1_113' title='bbox 1914 1765 2061 1820; x_wconf 88' lang='lat' dir='ltr'><strong>pene</strong></span> 
     </span>
    </p>
   </div>
   <div class='ocr_carea' id='block_1_17' title="bbox 362 1835 2062 1903">
    <p class='ocr_par' dir='ltr' id='par_1_17' title="bbox 362 1835 2062 1903">
     <span class='ocr_line' id='line_1_17' title="bbox 362 1835 2062 1903; baseline -0.002 -11"><span class='ocrx_word' id='word_1_114' title='bbox 362 1839 676 1892; x_wconf 87' lang='lat' dir='ltr'><strong>desolatam</strong></span> <span class='ocrx_word' id='word_1_115' title='bbox 731 1837 966 1891; x_wconf 87' lang='lat' dir='ltr'><strong>invenit.</strong></span> <span class='ocrx_word' id='word_1_116' title='bbox 1025 1837 1166 1890; x_wconf 86' lang='lat' dir='ltr'><strong>Nam</strong></span> <span class='ocrx_word' id='word_1_117' title='bbox 1228 1853 1345 1890; x_wconf 90' lang='lat' dir='ltr'><strong>non</strong></span> <span class='ocrx_word' id='word_1_118' title='bbox 1397 1836 1530 1890; x_wconf 87' lang='lat' dir='ltr'><strong>usui</strong></span> <span class='ocrx_word' id='word_1_119' title='bbox 1585 1835 1913 1903; x_wconf 89' lang='lat' dir='ltr'><strong>hominum,</strong></span> <span class='ocrx_word' id='word_1_120' title='bbox 1964 1836 2062 1889; x_wconf 88' lang='lat' dir='ltr'><strong>sed</strong></span> 
     </span>
    </p>
   </div>
   <div class='ocr_carea' id='block_1_18' title="bbox 361 1925 2058 1995">
    <p class='ocr_par' dir='ltr' id='par_1_18' title="bbox 361 1925 2058 1995">
     <span class='ocr_line' id='line_1_18' title="bbox 361 1925 2058 1995; baseline -0.001 -15"><span class='ocrx_word' id='word_1_121' title='bbox 361 1927 614 1981; x_wconf 88' lang='lat' dir='ltr'><strong>ferarum</strong></span> <span class='ocrx_word' id='word_1_122' title='bbox 646 1932 704 1980; x_wconf 90' lang='lat' dir='ltr'><strong>et</strong></span> <span class='ocrx_word' id='word_1_123' title='bbox 733 1926 978 1980; x_wconf 82' lang='lat' dir='ltr'><strong>maxime</strong></span> <span class='ocrx_word' id='word_1_124' title='bbox 1005 1926 1278 1995; x_wconf 90' lang='lat' dir='ltr'><strong>luporum</strong></span> <span class='ocrx_word' id='word_1_125' title='bbox 1311 1925 1562 1978; x_wconf 86' lang='lat' dir='ltr'><strong>latibulis</strong></span> <span class='ocrx_word' id='word_1_126' title='bbox 1591 1925 1889 1994; x_wconf 85' lang='lat' dir='ltr'><strong>aptissima</strong></span> <span class='ocrx_word' id='word_1_127' title='bbox 1919 1929 2058 1978; x_wconf 90' lang='lat' dir='ltr'><strong>erat.</strong></span> 
     </span>
    </p>
   </div>
   <div class='ocr_carea' id='block_1_19' title="bbox 362 2013 2064 2069">
    <p class='ocr_par' dir='ltr' id='par_1_19' title="bbox 362 2013 2064 2069">
     <span class='ocr_line' id='line_1_19' title="bbox 362 2013 2064 2069; baseline -0.002 0"><span class='ocrx_word' id='word_1_128' title='bbox 362 2015 633 2069; x_wconf 85' lang='lat' dir='ltr'><strong>Planities</strong></span> <span class='ocrx_word' id='word_1_129' title='bbox 663 2015 818 2068; x_wconf 89' lang='lat' dir='ltr'><strong>enim</strong></span> <span class='ocrx_word' id='word_1_130' title='bbox 863 2014 997 2067; x_wconf 80' lang='lat' dir='ltr'><strong>valli</strong></span> <span class='ocrx_word' id='word_1_131' title='bbox 1027 2019 1083 2066; x_wconf 89' lang='lat' dir='ltr'><strong>et</strong></span> <span class='ocrx_word' id='word_1_132' title='bbox 1114 2013 1422 2068; x_wconf 87' lang='lat' dir='ltr'><strong>destructio</strong></span> <span class='ocrx_word' id='word_1_133' title='bbox 1457 2013 1608 2066; x_wconf 92' lang='lat' dir='ltr'><strong>muri</strong></span> <span class='ocrx_word' id='word_1_134' title='bbox 1662 2013 1981 2067; x_wconf 90' lang='lat' dir='ltr'><strong>latronibus</strong></span> <span class='ocrx_word' id='word_1_135' title='bbox 2007 2017 2064 2067; x_wconf 89' lang='lat' dir='ltr'><strong>et</strong></span> 
     </span>
    </p>
   </div>
   <div class='ocr_carea' id='block_1_20' title="bbox 359 2101 2062 2171">
    <p class='ocr_par' dir='ltr' id='par_1_20' title="bbox 359 2101 2062 2171">
     <span class='ocr_line' id='line_1_20' title="bbox 359 2101 2062 2171; baseline -0.002 -14"><span class='ocrx_word' id='word_1_136' title='bbox 359 2104 496 2158; x_wconf 89' lang='lat' dir='ltr'><strong>feris</strong></span> <span class='ocrx_word' id='word_1_137' title='bbox 535 2102 874 2157; x_wconf 89' lang='lat' dir='ltr'><strong>facillimum</strong></span> <span class='ocrx_word' id='word_1_138' title='bbox 923 2101 1218 2171; x_wconf 65' lang='lat' dir='ltr'><strong>praebebat</strong></span> <span class='ocrx_word' id='word_1_139' title='bbox 1263 2101 1585 2154; x_wconf 88' lang='lat' dir='ltr'><strong>introitum.</strong></span> <span class='ocrx_word' id='word_1_140' title='bbox 1639 2101 1849 2154; x_wconf 88' lang='lat' dir='ltr'><strong>Ferunt</strong></span> <span class='ocrx_word' id='word_1_141' title='bbox 1893 2117 2062 2154; x_wconf 90' lang='lat' dir='ltr'><strong>nam-</strong></span> 
     </span>
    </p>
   </div>
   <div class='ocr_carea' id='block_1_21' title="bbox 361 2189 2064 2264">
    <p class='ocr_par' dir='ltr' id='par_1_21' title="bbox 361 2189 2064 2264">
     <span class='ocr_line' id='line_1_21' title="bbox 361 2189 2064 2264; baseline -0.002 -19"><span class='ocrx_word' id='word_1_142' title='bbox 361 2209 492 2264; x_wconf 85' lang='lat' dir='ltr'><strong>que,</strong></span> <span class='ocrx_word' id='word_1_143' title='bbox 531 2191 689 2263; x_wconf 90' lang='lat' dir='ltr'><strong>quod</strong></span> <span class='ocrx_word' id='word_1_144' title='bbox 739 2191 856 2261; x_wconf 90' lang='lat' dir='ltr'><strong>lupi</strong></span> <span class='ocrx_word' id='word_1_145' title='bbox 889 2189 1203 2260; x_wconf 56' lang='lat' dir='ltr'><strong>saepissime</strong></span> <span class='ocrx_word' id='word_1_146' title='bbox 1255 2189 1473 2243; x_wconf 91' lang='lat' dir='ltr'><strong>cunctis</strong></span> <span class='ocrx_word' id='word_1_147' title='bbox 1502 2189 1826 2243; x_wconf 85' lang='lat' dir='ltr'><strong>videntibus</strong></span> <span class='ocrx_word' id='word_1_148' title='bbox 1858 2206 2064 2260; x_wconf 91' lang='lat' dir='ltr'><strong>pecora</strong></span> 
     </span>
    </p>
   </div>
   <div class='ocr_carea' id='block_1_22' title="bbox 361 2277 2062 2348">
    <p class='ocr_par' dir='ltr' id='par_1_22' title="bbox 361 2277 2062 2348">
     <span class='ocr_line' id='line_1_22' title="bbox 361 2277 2062 2348; baseline -0.002 -14"><span class='ocrx_word' id='word_1_149' title='bbox 361 2281 578 2334; x_wconf 88' lang='lat' dir='ltr'><strong>ibidem</strong></span> <span class='ocrx_word' id='word_1_150' title='bbox 633 2280 1002 2333; x_wconf 88' lang='lat' dir='ltr'><strong>devorassent</strong></span> <span class='ocrx_word' id='word_1_151' title='bbox 1044 2277 1161 2343; x_wconf 65' lang='lat'><strong>“0‘,</strong></span> <span class='ocrx_word' id='word_1_152' title='bbox 1205 2283 1262 2332; x_wconf 90' lang='lat' dir='ltr'><strong>et</strong></span> <span class='ocrx_word' id='word_1_153' title='bbox 1291 2279 1556 2332; x_wconf 86' lang='lat' dir='ltr'><strong>homines</strong></span> <span class='ocrx_word' id='word_1_154' title='bbox 1605 2278 1713 2331; x_wconf 91' lang='lat' dir='ltr'><strong>hoc</strong></span> <span class='ocrx_word' id='word_1_155' title='bbox 1755 2277 2062 2348; x_wconf 88' lang='lat' dir='ltr'><strong>prohibere</strong></span> 
     </span>
    </p>
   </div>
   <div class='ocr_carea' id='block_1_23' title="bbox 361 2366 2062 2423">
    <p class='ocr_par' dir='ltr' id='par_1_23' title="bbox 361 2366 2062 2423">
     <span class='ocr_line' id='line_1_23' title="bbox 361 2366 2062 2423; baseline -0.001 -2"><span class='ocrx_word' id='word_1_156' title='bbox 361 2370 618 2423; x_wconf 80' lang='lat' dir='ltr'><strong>volentes</strong></span> <span class='ocrx_word' id='word_1_157' title='bbox 675 2368 919 2422; x_wconf 87' lang='lat' dir='ltr'><strong>assiduis</strong></span> <span class='ocrx_word' id='word_1_158' title='bbox 980 2367 1446 2421; x_wconf 89' lang='lat' dir='ltr'><strong>insultationibus</strong></span> <span class='ocrx_word' id='word_1_159' title='bbox 1501 2366 1772 2420; x_wconf 87' lang='lat' dir='ltr'><strong>audacter</strong></span> <span class='ocrx_word' id='word_1_160' title='bbox 1825 2366 2062 2419; x_wconf 89' lang='lat' dir='ltr'><strong>terruis-</strong></span> 
     </span>
    </p>
   </div>
   <div class='ocr_carea' id='block_1_24' title="bbox 363 2454 2058 2525">
    <p class='ocr_par' dir='ltr' id='par_1_24' title="bbox 363 2454 2058 2525">
     <span class='ocr_line' id='line_1_24' title="bbox 363 2454 2058 2525; baseline -0.002 -16"><span class='ocrx_word' id='word_1_161' title='bbox 363 2462 492 2510; x_wconf 91' lang='lat' dir='ltr'><strong>sent</strong></span> <span class='ocrx_word' id='word_1_162' title='bbox 522 2456 613 2522; x_wconf 82' lang='grc'>¹¹¹,</span> <span class='ocrx_word' id='word_1_163' title='bbox 647 2461 704 2510; x_wconf 90' lang='lat' dir='ltr'><strong>et</strong></span> <span class='ocrx_word' id='word_1_164' title='bbox 749 2456 1002 2521; x_wconf 86' lang='lat' dir='ltr'><strong>tandem,</strong></span> <span class='ocrx_word' id='word_1_165' title='bbox 1037 2455 1297 2525; x_wconf 88' lang='lat' dir='ltr'><strong>quamvis</strong></span> <span class='ocrx_word' id='word_1_166' title='bbox 1335 2454 1552 2508; x_wconf 91' lang='lat' dir='ltr'><strong>cunctis</strong></span> <span class='ocrx_word' id='word_1_167' title='bbox 1603 2454 2058 2524; x_wconf 79' lang='lat' dir='ltr'><strong>insequentibus,</strong></span> 
     </span>
    </p>
   </div>
   <div class='ocr_carea' id='block_1_25' title="bbox 360 2543 2061 2598">
    <p class='ocr_par' dir='ltr' id='par_1_25' title="bbox 360 2543 2061 2598">
     <span class='ocr_line' id='line_1_25' title="bbox 360 2543 2061 2598; baseline -0.001 0"><span class='ocrx_word' id='word_1_168' title='bbox 360 2544 524 2598; x_wconf 67' lang='lat' dir='ltr'><strong>illaesi</strong></span> <span class='ocrx_word' id='word_1_169' title='bbox 570 2545 882 2598; x_wconf 85' lang='lat' dir='ltr'><strong>evasissent</strong></span> <span class='ocrx_word' id='word_1_170' title='bbox 912 2545 1031 2596; x_wconf 63' lang='lat'><strong>“1&#39;.</strong></span> <span class='ocrx_word' id='word_1_171' title='bbox 1082 2545 1353 2598; x_wconf 86' lang='lat' dir='ltr'><strong>Latrones</strong></span> <span class='ocrx_word' id='word_1_172' title='bbox 1385 2559 1515 2596; x_wconf 85' lang='lat' dir='ltr'><strong>vero</strong></span> <span class='ocrx_word' id='word_1_173' title='bbox 1546 2543 1698 2596; x_wconf 89' lang='lat' dir='ltr'><strong>hunc</strong></span> <span class='ocrx_word' id='word_1_174' title='bbox 1751 2544 1942 2597; x_wconf 93' lang='lat' dir='ltr'><strong>locum</strong></span> <span class='ocrx_word' id='word_1_175' title='bbox 1992 2543 2061 2597; x_wconf 91' lang='lat' dir='ltr'><strong>ad</strong></span> 
     </span>
    </p>
   </div>
   <div class='ocr_carea' id='block_1_26' title="bbox 360 2631 2061 2702">
    <p class='ocr_par' dir='ltr' id='par_1_26' title="bbox 360 2631 2061 2702">
     <span class='ocr_line' id='line_1_26' title="bbox 360 2631 2061 2702; baseline -0.001 -17"><span class='ocrx_word' id='word_1_176' title='bbox 360 2631 774 2701; x_wconf 87' lang='lat' dir='ltr'><strong>perﬁciendam</strong></span> <span class='ocrx_word' id='word_1_177' title='bbox 824 2648 941 2685; x_wconf 65' lang='lat' dir='ltr'><strong>sua:</strong></span> <span class='ocrx_word' id='word_1_178' title='bbox 987 2633 1298 2686; x_wconf 89' lang='lat' dir='ltr'><strong>voluntatis</strong></span> <span class='ocrx_word' id='word_1_179' title='bbox 1353 2633 1672 2702; x_wconf 89' lang='lat' dir='ltr'><strong>nequitiam</strong></span> <span class='ocrx_word' id='word_1_180' title='bbox 1699 2631 2061 2702; x_wconf 89' lang='lat' dir='ltr'><strong>aptissimum</strong></span> 
     </span>
    </p>
   </div>
   <div class='ocr_carea' id='block_1_27' title="bbox 360 2719 2061 2791">
    <p class='ocr_par' dir='ltr' id='par_1_27' title="bbox 360 2719 2061 2791">
     <span class='ocr_line' id='line_1_27' title="bbox 360 2719 2061 2791; baseline -0.001 -18"><span class='ocrx_word' id='word_1_181' title='bbox 360 2736 481 2773; x_wconf 90' lang='lat' dir='ltr'><strong>esse</strong></span> <span class='ocrx_word' id='word_1_182' title='bbox 525 2720 823 2789; x_wconf 84' lang='lat' dir='ltr'><strong>jactabant</strong></span> <span class='ocrx_word' id='word_1_183' title='bbox 873 2719 966 2786; x_wconf 86' lang='grc'><strong>¹¹²,</strong></span> <span class='ocrx_word' id='word_1_184' title='bbox 1017 2721 1155 2790; x_wconf 80' lang='lat' dir='ltr'><strong>quia</strong></span> <span class='ocrx_word' id='word_1_185' title='bbox 1201 2736 1390 2791; x_wconf 90' lang='lat' dir='ltr'><strong>neque</strong></span> <span class='ocrx_word' id='word_1_186' title='bbox 1421 2719 1664 2773; x_wconf 90' lang='lat' dir='ltr'><strong>munitio</strong></span> <span class='ocrx_word' id='word_1_187' title='bbox 1711 2719 1844 2773; x_wconf 89' lang='lat' dir='ltr'><strong>valli</strong></span> <span class='ocrx_word' id='word_1_188' title='bbox 1873 2733 2061 2788; x_wconf 88' lang='lat' dir='ltr'><strong>neque</strong></span> 
     </span>
    </p>
   </div>
   <div class='ocr_carea' id='block_1_28' title="bbox 359 2806 2063 2878">
    <p class='ocr_par' dir='ltr' id='par_1_28' title="bbox 359 2806 2063 2878">
     <span class='ocr_line' id='line_1_28' title="bbox 359 2806 2063 2878; baseline -0.001 -17"><span class='ocrx_word' id='word_1_189' title='bbox 359 2808 720 2862; x_wconf 91' lang='lat' dir='ltr'><strong>obstaculum</strong></span> <span class='ocrx_word' id='word_1_190' title='bbox 769 2808 920 2861; x_wconf 89' lang='lat' dir='ltr'><strong>muri</strong></span> <span class='ocrx_word' id='word_1_191' title='bbox 962 2809 1213 2878; x_wconf 87' lang='lat' dir='ltr'><strong>aliquam</strong></span> <span class='ocrx_word' id='word_1_192' title='bbox 1262 2808 1658 2862; x_wconf 88' lang='lat' dir='ltr'><strong>difﬁcultatem</strong></span> <span class='ocrx_word' id='word_1_193' title='bbox 1698 2806 2063 2877; x_wconf 83' lang='lat' dir='ltr'><strong>ingrediendi</strong></span> 
     </span>
    </p>
   </div>
   <div class='ocr_carea' id='block_1_29' title="bbox 358 2895 2062 2968">
    <p class='ocr_par' dir='ltr' id='par_1_29' title="bbox 358 2895 2062 2968">
     <span class='ocr_line' id='line_1_29' title="bbox 358 2895 2062 2968; baseline -0.001 -19"><span class='ocrx_word' id='word_1_194' title='bbox 358 2896 472 2950; x_wconf 90' lang='lat' dir='ltr'><strong>illis</strong></span> <span class='ocrx_word' id='word_1_195' title='bbox 523 2897 834 2968; x_wconf 85' lang='lat' dir='ltr'><strong>aliquando</strong></span> <span class='ocrx_word' id='word_1_196' title='bbox 884 2896 1160 2952; x_wconf 75' lang='lat' dir='ltr'><strong>afferebat</strong></span> <span class='ocrx_word' id='word_1_197' title='bbox 1196 2897 1309 2950; x_wconf 80' lang='grc'>¹¹²⁵.</span> <span class='ocrx_word' id='word_1_198' title='bbox 1361 2897 1418 2951; x_wconf 92' lang='lat' dir='ltr'><strong>Si</strong></span> <span class='ocrx_word' id='word_1_199' title='bbox 1449 2896 1578 2967; x_wconf 89' lang='lat' dir='ltr'><strong>quis</strong></span> <span class='ocrx_word' id='word_1_200' title='bbox 1611 2901 1804 2950; x_wconf 88' lang='lat' dir='ltr'><strong>autem</strong></span> <span class='ocrx_word' id='word_1_201' title='bbox 1851 2895 2062 2949; x_wconf 88' lang='lat' dir='ltr'><strong>civium</strong></span> 
     </span>
    </p>
   </div>
   <div class='ocr_carea' id='block_1_30' title="bbox 357 2983 2062 3055">
    <p class='ocr_par' dir='ltr' id='par_1_30' title="bbox 357 2983 2062 3055">
     <span class='ocr_line' id='line_1_30' title="bbox 357 2983 2062 3055; baseline -0.001 -19"><span class='ocrx_word' id='word_1_202' title='bbox 357 2985 642 3038; x_wconf 75' lang='lat' dir='ltr'><strong>voluntati</strong></span> <span class='ocrx_word' id='word_1_203' title='bbox 673 3001 873 3038; x_wconf 90' lang='lat' dir='ltr'><strong>eorum</strong></span> <span class='ocrx_word' id='word_1_204' title='bbox 919 2984 1138 3055; x_wconf 89' lang='lat' dir='ltr'><strong>aliquid</strong></span> <span class='ocrx_word' id='word_1_205' title='bbox 1185 2985 1544 3051; x_wconf 85' lang='lat' dir='ltr'><strong>contradixit,</strong></span> <span class='ocrx_word' id='word_1_206' title='bbox 1578 2985 1732 3038; x_wconf 89' lang='lat' dir='ltr'><strong>hunc</strong></span> <span class='ocrx_word' id='word_1_207' title='bbox 1768 2983 2062 3038; x_wconf 87' lang='lat' dir='ltr'><strong>nocturnis</strong></span> 
     </span>
    </p>
   </div>
   <div class='ocr_carea' id='block_1_31' title="bbox 2175 599 3883 672">
    <p class='ocr_par' dir='ltr' id='par_1_31' title="bbox 2175 599 3883 672">
     <span class='ocr_line' id='line_1_31' title="bbox 2175 599 3883 672; baseline 0 -17"><span class='ocrx_word' id='word_1_208' title='bbox 2175 601 2324 655; x_wconf 91' lang='lat' dir='ltr'><strong>cives</strong></span> <span class='ocrx_word' id='word_1_209' title='bbox 2353 602 2621 671; x_wconf 86' lang='lat' dir='ltr'><strong>expulsos</strong></span> <span class='ocrx_word' id='word_1_210' title='bbox 2649 599 2953 666; x_wconf 89' lang='lat' dir='ltr'><strong>revocavit,</strong></span> <span class='ocrx_word' id='word_1_211' title='bbox 3002 616 3322 672; x_wconf 87' lang='lat' dir='ltr'><strong>pacemque</strong></span> <span class='ocrx_word' id='word_1_212' title='bbox 3361 599 3432 634; x_wconf 65' lang='lat'><strong>“3</strong></span> <span class='ocrx_word' id='word_1_213' title='bbox 3461 601 3522 656; x_wconf 92' lang='lat' dir='ltr'><strong>in</strong></span> <span class='ocrx_word' id='word_1_214' title='bbox 3549 602 3642 656; x_wconf 89' lang='lat' dir='ltr'><strong>his</strong></span> <span class='ocrx_word' id='word_1_215' title='bbox 3674 602 3883 657; x_wconf 90' lang='lat' dir='ltr'><strong>ﬁnibus</strong></span> 
     </span>
    </p>
   </div>
   <div class='ocr_carea' id='block_1_32' title="bbox 2173 686 3878 756">
    <p class='ocr_par' dir='ltr' id='par_1_32' title="bbox 2173 686 3878 756">
     <span class='ocr_line' id='line_1_32' title="bbox 2173 686 3878 756; baseline 0.001 -13"><span class='ocrx_word' id='word_1_216' title='bbox 2173 689 2444 756; x_wconf 86' lang='lat' dir='ltr'><strong>ﬁrmavit,</strong></span> <span class='ocrx_word' id='word_1_217' title='bbox 2477 693 2534 742; x_wconf 90' lang='lat' dir='ltr'><strong>et</strong></span> <span class='ocrx_word' id='word_1_218' title='bbox 2580 686 2653 725; x_wconf 78' lang='lat'><strong>“9</strong></span> <span class='ocrx_word' id='word_1_219' title='bbox 2699 688 2986 743; x_wconf 87' lang='lat' dir='ltr'><strong>civitatem</strong></span> <span class='ocrx_word' id='word_1_220' title='bbox 3019 688 3258 742; x_wconf 90' lang='lat' dir='ltr'><strong>omnino</strong></span> <span class='ocrx_word' id='word_1_221' title='bbox 3289 690 3605 743; x_wconf 86' lang='lat' dir='ltr'><strong>desolatam</strong></span> <span class='ocrx_word' id='word_1_222' title='bbox 3654 690 3766 744; x_wconf 89' lang='lat' dir='ltr'><strong>rite</strong></span> <span class='ocrx_word' id='word_1_223' title='bbox 3796 707 3878 744; x_wconf 89' lang='lat' dir='ltr'><strong>re-</strong></span> 
     </span>
    </p>
   </div>
   <div class='ocr_carea' id='block_1_33' title="bbox 2175 775 3880 847">
    <p class='ocr_par' dir='ltr' id='par_1_33' title="bbox 2175 775 3880 847">
     <span class='ocr_line' id='line_1_33' title="bbox 2175 775 3880 847; baseline 0.001 -17"><span class='ocrx_word' id='word_1_224' title='bbox 2175 777 2476 831; x_wconf 89' lang='lat' dir='ltr'><strong>stauravit.</strong></span> <span class='ocrx_word' id='word_1_225' title='bbox 2525 777 2632 831; x_wconf 90' lang='lat' dir='ltr'><strong>Sed</strong></span> <span class='ocrx_word' id='word_1_226' title='bbox 2663 777 2784 830; x_wconf 70' lang='lat' dir='ltr'><strong>haec</strong></span> <span class='ocrx_word' id='word_1_227' title='bbox 2813 792 2930 829; x_wconf 88' lang='lat' dir='ltr'><strong>una</strong></span> <span class='ocrx_word' id='word_1_228' title='bbox 2956 792 3046 829; x_wconf 91' lang='lat' dir='ltr'><strong>res</strong></span> <span class='ocrx_word' id='word_1_229' title='bbox 3076 775 3187 846; x_wconf 90' lang='lat' dir='ltr'><strong>piis</strong></span> <span class='ocrx_word' id='word_1_230' title='bbox 3234 776 3409 847; x_wconf 90' lang='lat' dir='ltr'><strong>hujus</strong></span> <span class='ocrx_word' id='word_1_231' title='bbox 3439 776 3547 830; x_wconf 89' lang='lat' dir='ltr'><strong>viri</strong></span> <span class='ocrx_word' id='word_1_232' title='bbox 3584 776 3880 831; x_wconf 84' lang='lat' dir='ltr'><strong>laboribus</strong></span> 
     </span>
    </p>
   </div>
   <div class='ocr_carea' id='block_1_34' title="bbox 2173 864 3164 935">
    <p class='ocr_par' dir='ltr' id='par_1_34' title="bbox 2173 864 3164 935">
     <span class='ocr_line' id='line_1_34' title="bbox 2173 864 3164 935; baseline -0.002 -15"><span class='ocrx_word' id='word_1_233' title='bbox 2173 866 2283 920; x_wconf 83' lang='lat' dir='ltr'><strong>fuit</strong></span> <span class='ocrx_word' id='word_1_234' title='bbox 2312 865 2626 919; x_wconf 86' lang='lat' dir='ltr'><strong>maximum</strong></span> <span class='ocrx_word' id='word_1_235' title='bbox 2659 864 3164 935; x_wconf 88' lang='lat' dir='ltr'><strong>impedimentum.</strong></span> 
     </span>
    </p>
   </div>
   <div class='ocr_carea' id='block_1_35' title="bbox 2241 950 3882 1023">
    <p class='ocr_par' dir='ltr' id='par_1_35' title="bbox 2241 950 3882 1023">
     <span class='ocr_line' id='line_1_35' title="bbox 2241 950 3882 1023; baseline -0.001 -15"><span class='ocrx_word' id='word_1_236' title='bbox 2241 959 2296 1008; x_wconf 89' lang='lat'><strong>7.</strong></span> <span class='ocrx_word' id='word_1_237' title='bbox 2326 955 2454 1008; x_wconf 92' lang='lat' dir='ltr'><strong>Otto</strong></span> <span class='ocrx_word' id='word_1_238' title='bbox 2512 952 2583 990; x_wconf 76' lang='grc'><strong>⁴²⁰</strong></span> <span class='ocrx_word' id='word_1_239' title='bbox 2633 953 2744 1007; x_wconf 83' lang='lat' dir='ltr'><strong>dux</strong></span> <span class='ocrx_word' id='word_1_240' title='bbox 2799 953 2910 1022; x_wconf 85' lang='lat' dir='ltr'><strong>(l3)</strong></span> <span class='ocrx_word' id='word_1_241' title='bbox 2960 968 3214 1023; x_wconf 88' lang='lat' dir='ltr'><strong>suusque</strong></span> <span class='ocrx_word' id='word_1_242' title='bbox 3259 950 3327 989; x_wconf 79' lang='grc'><strong>¹²¹</strong></span> <span class='ocrx_word' id='word_1_243' title='bbox 3376 952 3530 1007; x_wconf 88' lang='lat' dir='ltr'><strong>ﬁlius</strong></span> <span class='ocrx_word' id='word_1_244' title='bbox 3579 954 3882 1009; x_wconf 88' lang='lat' dir='ltr'><strong>Conradus</strong></span> 
     </span>
    </p>
   </div>
   <div class='ocr_carea' id='block_1_36' title="bbox 2172 1040 3883 1098">
    <p class='ocr_par' dir='ltr' id='par_1_36' title="bbox 2172 1040 3883 1098">
     <span class='ocr_line' id='line_1_36' title="bbox 2172 1040 3883 1098; baseline -0.002 -1"><span class='ocrx_word' id='word_1_245' title='bbox 2172 1042 2325 1098; x_wconf 91' lang='lat' dir='ltr'><strong>intra</strong></span> <span class='ocrx_word' id='word_1_246' title='bbox 2355 1042 2638 1096; x_wconf 90' lang='lat' dir='ltr'><strong>civitatem</strong></span> <span class='ocrx_word' id='word_1_247' title='bbox 2671 1041 2963 1095; x_wconf 85' lang='lat' dir='ltr'><strong>habebant</strong></span> <span class='ocrx_word' id='word_1_248' title='bbox 3008 1040 3396 1095; x_wconf 86' lang='lat' dir='ltr'><strong>munitionem</strong></span> <span class='ocrx_word' id='word_1_249' title='bbox 3426 1040 3496 1078; x_wconf 81' lang='grc'><strong>⁴²²</strong></span> <span class='ocrx_word' id='word_1_250' title='bbox 3533 1042 3797 1096; x_wconf 88' lang='lat' dir='ltr'><strong>turribus</strong></span> <span class='ocrx_word' id='word_1_251' title='bbox 3828 1048 3883 1094; x_wconf 87' lang='lat' dir='ltr'><strong>et</strong></span> 
     </span>
    </p>
   </div>
   <div class='ocr_carea' id='block_1_37' title="bbox 2169 1129 3883 1200">
    <p class='ocr_par' dir='ltr' id='par_1_37' title="bbox 2169 1129 3883 1200">
     <span class='ocr_line' id='line_1_37' title="bbox 2169 1129 3883 1200; baseline 0 -16"><span class='ocrx_word' id='word_1_252' title='bbox 2169 1130 2341 1184; x_wconf 85' lang='lat' dir='ltr'><strong>variis</strong></span> <span class='ocrx_word' id='word_1_253' title='bbox 2389 1130 2647 1184; x_wconf 71' lang='lat' dir='ltr'><strong>aediﬁciis</strong></span> <span class='ocrx_word' id='word_1_254' title='bbox 2696 1129 3112 1183; x_wconf 87' lang='lat' dir='ltr'><strong>ﬁrmissimam.</strong></span> <span class='ocrx_word' id='word_1_255' title='bbox 3164 1129 3249 1183; x_wconf 85' lang='lat' dir='ltr'><strong>Ad</strong></span> <span class='ocrx_word' id='word_1_256' title='bbox 3299 1146 3474 1200; x_wconf 90' lang='lat' dir='ltr'><strong>quam</strong></span> <span class='ocrx_word' id='word_1_257' title='bbox 3523 1130 3764 1184; x_wconf 89' lang='lat' dir='ltr'><strong>domum</strong></span> <span class='ocrx_word' id='word_1_258' title='bbox 3818 1133 3883 1165; x_wconf 81' lang='grc'><strong>¹²³</strong></span> 
     </span>
    </p>
   </div>
   <div class='ocr_carea' id='block_1_38' title="bbox 2171 1215 3881 1289">
    <p class='ocr_par' dir='ltr' id='par_1_38' title="bbox 2171 1215 3881 1289">
     <span class='ocr_line' id='line_1_38' title="bbox 2171 1215 3881 1289; baseline 0 -17"><span class='ocrx_word' id='word_1_259' title='bbox 2171 1224 2426 1289; x_wconf 89' lang='lat' dir='ltr'><strong>raptores</strong></span> <span class='ocrx_word' id='word_1_260' title='bbox 2469 1223 2523 1272; x_wconf 93' lang='lat' dir='ltr'><strong>et</strong></span> <span class='ocrx_word' id='word_1_261' title='bbox 2555 1219 2709 1275; x_wconf 83' lang='lat' dir='ltr'><strong>fures</strong></span> <span class='ocrx_word' id='word_1_262' title='bbox 2739 1222 2796 1271; x_wconf 89' lang='lat' dir='ltr'><strong>et</strong></span> <span class='ocrx_word' id='word_1_263' title='bbox 2826 1234 3025 1272; x_wconf 90' lang='lat' dir='ltr'><strong>omnes</strong></span> <span class='ocrx_word' id='word_1_264' title='bbox 3065 1215 3137 1252; x_wconf 69' lang='grc'><strong>⁸³⁵</strong></span> <span class='ocrx_word' id='word_1_265' title='bbox 3175 1223 3377 1272; x_wconf 85' lang='lat' dir='ltr'><strong>contra</strong></span> <span class='ocrx_word' id='word_1_266' title='bbox 3407 1218 3746 1289; x_wconf 89' lang='lat' dir='ltr'><strong>episcopum</strong></span> <span class='ocrx_word' id='word_1_267' title='bbox 3780 1219 3881 1272; x_wconf 89' lang='lat' dir='ltr'><strong>de-</strong></span> 
     </span>
    </p>
   </div>
   <div class='ocr_carea' id='block_1_39' title="bbox 2171 1305 3883 1378">
    <p class='ocr_par' dir='ltr' id='par_1_39' title="bbox 2171 1305 3883 1378">
     <span class='ocr_line' id='line_1_39' title="bbox 2171 1305 3883 1378; baseline -0.001 -18"><span class='ocrx_word' id='word_1_268' title='bbox 2171 1308 2498 1378; x_wconf 87' lang='lat' dir='ltr'><strong>linquentes</strong></span> <span class='ocrx_word' id='word_1_269' title='bbox 2546 1306 2840 1376; x_wconf 84' lang='lat' dir='ltr'><strong>refugium</strong></span> <span class='ocrx_word' id='word_1_270' title='bbox 2886 1305 3241 1360; x_wconf 88' lang='lat' dir='ltr'><strong>tutissimum</strong></span> <span class='ocrx_word' id='word_1_271' title='bbox 3290 1307 3596 1361; x_wconf 86' lang='lat' dir='ltr'><strong>habebant.</strong></span> <span class='ocrx_word' id='word_1_272' title='bbox 3651 1307 3712 1361; x_wconf 90' lang='lat' dir='ltr'><strong>Si</strong></span> <span class='ocrx_word' id='word_1_273' title='bbox 3751 1307 3883 1378; x_wconf 90' lang='lat' dir='ltr'><strong>quis</strong></span> 
     </span>
    </p>
   </div>
   <div class='ocr_carea' id='block_1_40' title="bbox 2170 1394 3882 1465">
    <p class='ocr_par' dir='ltr' id='par_1_40' title="bbox 2170 1394 3882 1465">
     <span class='ocr_line' id='line_1_40' title="bbox 2170 1394 3882 1465; baseline -0.001 -16"><span class='ocrx_word' id='word_1_274' title='bbox 2170 1396 2326 1450; x_wconf 87' lang='lat' dir='ltr'><strong>enim</strong></span> <span class='ocrx_word' id='word_1_275' title='bbox 2379 1400 2576 1449; x_wconf 90' lang='lat' dir='ltr'><strong>contra</strong></span> <span class='ocrx_word' id='word_1_276' title='bbox 2606 1395 2964 1465; x_wconf 82' lang='lat' dir='ltr'><strong>episcopum</strong></span> <span class='ocrx_word' id='word_1_277' title='bbox 3014 1410 3261 1465; x_wconf 88' lang='lat' dir='ltr'><strong>suosque</strong></span> <span class='ocrx_word' id='word_1_278' title='bbox 3308 1394 3507 1448; x_wconf 91' lang='lat' dir='ltr'><strong>ﬁdeles</strong></span> <span class='ocrx_word' id='word_1_279' title='bbox 3560 1395 3756 1449; x_wconf 88' lang='lat' dir='ltr'><strong>verbis</strong></span> <span class='ocrx_word' id='word_1_280' title='bbox 3797 1395 3882 1448; x_wconf 87' lang='lat' dir='ltr'><strong>vel</strong></span> 
     </span>
    </p>
   </div>
   <div class='ocr_carea' id='block_1_41' title="bbox 2171 1482 3884 1554">
    <p class='ocr_par' dir='ltr' id='par_1_41' title="bbox 2171 1482 3884 1554">
     <span class='ocr_line' id='line_1_41' title="bbox 2171 1482 3884 1554; baseline -0.001 -17"><span class='ocrx_word' id='word_1_281' title='bbox 2171 1483 2334 1537; x_wconf 88' lang='lat' dir='ltr'><strong>factis</strong></span> <span class='ocrx_word' id='word_1_282' title='bbox 2383 1483 2602 1554; x_wconf 90' lang='lat' dir='ltr'><strong>aliquid</strong></span> <span class='ocrx_word' id='word_1_283' title='bbox 2657 1482 2920 1553; x_wconf 92' lang='lat' dir='ltr'><strong>deliquit,</strong></span> <span class='ocrx_word' id='word_1_284' title='bbox 2977 1482 3048 1536; x_wconf 88' lang='lat' dir='ltr'><strong>ad</strong></span> <span class='ocrx_word' id='word_1_285' title='bbox 3096 1483 3243 1536; x_wconf 91' lang='lat' dir='ltr'><strong>hanc</strong></span> <span class='ocrx_word' id='word_1_286' title='bbox 3289 1488 3513 1553; x_wconf 87' lang='lat' dir='ltr'><strong>partem</strong></span> <span class='ocrx_word' id='word_1_287' title='bbox 3571 1486 3772 1537; x_wconf 87' lang='lat' dir='ltr'><strong>statim</strong></span> <span class='ocrx_word' id='word_1_288' title='bbox 3825 1500 3884 1536; x_wconf 88' lang='lat' dir='ltr'><strong>se</strong></span> 
     </span>
    </p>
   </div>
   <div class='ocr_carea' id='block_1_42' title="bbox 2172 1571 3885 1642">
    <p class='ocr_par' dir='ltr' id='par_1_42' title="bbox 2172 1571 3885 1642">
     <span class='ocr_line' id='line_1_42' title="bbox 2172 1571 3885 1642; baseline -0.001 -16"><span class='ocrx_word' id='word_1_289' title='bbox 2172 1572 2405 1642; x_wconf 85' lang='lat' dir='ltr'><strong>recepit,</strong></span> <span class='ocrx_word' id='word_1_290' title='bbox 2439 1577 2494 1625; x_wconf 90' lang='lat' dir='ltr'><strong>et</strong></span> <span class='ocrx_word' id='word_1_291' title='bbox 2524 1571 2596 1626; x_wconf 92' lang='lat' dir='ltr'><strong>ob</strong></span> <span class='ocrx_word' id='word_1_292' title='bbox 2629 1572 2740 1625; x_wconf 90' lang='lat' dir='ltr'><strong>hoc</strong></span> <span class='ocrx_word' id='word_1_293' title='bbox 2769 1571 3230 1624; x_wconf 90' lang='lat' dir='ltr'><strong>obtruncationes</strong></span> <span class='ocrx_word' id='word_1_294' title='bbox 3257 1576 3313 1624; x_wconf 90' lang='lat' dir='ltr'><strong>et</strong></span> <span class='ocrx_word' id='word_1_295' title='bbox 3339 1571 3655 1625; x_wconf 90' lang='lat' dir='ltr'><strong>homicidia</strong></span> <span class='ocrx_word' id='word_1_296' title='bbox 3699 1573 3885 1625; x_wconf 90' lang='lat' dir='ltr'><strong>multa</strong></span> 
     </span>
    </p>
   </div>
   <div class='ocr_carea' id='block_1_43' title="bbox 2173 1659 3883 1731">
    <p class='ocr_par' dir='ltr' id='par_1_43' title="bbox 2173 1659 3883 1731">
     <span class='ocr_line' id='line_1_43' title="bbox 2173 1659 3883 1731; baseline -0.001 -18"><span class='ocrx_word' id='word_1_297' title='bbox 2173 1677 2240 1714; x_wconf 91' lang='lat' dir='ltr'><strong>ex</strong></span> <span class='ocrx_word' id='word_1_298' title='bbox 2275 1665 2514 1730; x_wconf 89' lang='lat' dir='ltr'><strong>utraque</strong></span> <span class='ocrx_word' id='word_1_299' title='bbox 2563 1664 2722 1730; x_wconf 86' lang='lat' dir='ltr'><strong>parte</strong></span> <span class='ocrx_word' id='word_1_300' title='bbox 2776 1659 3012 1713; x_wconf 89' lang='lat' dir='ltr'><strong>ﬁebant.</strong></span> <span class='ocrx_word' id='word_1_301' title='bbox 3047 1659 3167 1714; x_wconf 86' lang='lat' dir='ltr'><strong>Hoc</strong></span> <span class='ocrx_word' id='word_1_302' title='bbox 3209 1660 3423 1731; x_wconf 87' lang='lat' dir='ltr'><strong>quippe</strong></span> <span class='ocrx_word' id='word_1_303' title='bbox 3472 1660 3722 1714; x_wconf 89' lang='lat' dir='ltr'><strong>dedecus</strong></span> <span class='ocrx_word' id='word_1_304' title='bbox 3749 1661 3883 1714; x_wconf 89' lang='lat' dir='ltr'><strong>has-</strong></span> 
     </span>
    </p>
   </div>
   <div class='ocr_carea' id='block_1_44' title="bbox 2172 1745 3882 1819">
    <p class='ocr_par' dir='ltr' id='par_1_44' title="bbox 2172 1745 3882 1819">
     <span class='ocr_line' id='line_1_44' title="bbox 2172 1745 3882 1819; baseline 0 -17"><span class='ocrx_word' id='word_1_305' title='bbox 2172 1764 2284 1819; x_wconf 86' lang='lat' dir='ltr'><strong>que</strong></span> <span class='ocrx_word' id='word_1_306' title='bbox 2339 1749 2511 1802; x_wconf 90' lang='lat' dir='ltr'><strong>duras</strong></span> <span class='ocrx_word' id='word_1_307' title='bbox 2552 1745 2622 1781; x_wconf 80' lang='grc'><strong>¹²³</strong></span> <span class='ocrx_word' id='word_1_308' title='bbox 2675 1747 3027 1801; x_wconf 86' lang='lat' dir='ltr'><strong>calamitates</strong></span> <span class='ocrx_word' id='word_1_309' title='bbox 3073 1747 3244 1800; x_wconf 89' lang='lat' dir='ltr'><strong>homo</strong></span> <span class='ocrx_word' id='word_1_310' title='bbox 3291 1747 3392 1801; x_wconf 91' lang='lat' dir='ltr'><strong>Dei</strong></span> <span class='ocrx_word' id='word_1_311' title='bbox 3433 1745 3503 1783; x_wconf 69' lang='lat' dir='ltr'><strong><em>m</em></strong></span> <span class='ocrx_word' id='word_1_312' title='bbox 3553 1748 3882 1816; x_wconf 89' lang='lat' dir='ltr'><strong>tolerabat;</strong></span> 
     </span>
    </p>
   </div>
   <div class='ocr_carea' id='block_1_45' title="bbox 2175 1836 3885 1907">
    <p class='ocr_par' dir='ltr' id='par_1_45' title="bbox 2175 1836 3885 1907">
     <span class='ocr_line' id='line_1_45' title="bbox 2175 1836 3885 1907; baseline 0 -17"><span class='ocrx_word' id='word_1_313' title='bbox 2175 1837 2272 1891; x_wconf 90' lang='lat' dir='ltr'><strong>sed</strong></span> <span class='ocrx_word' id='word_1_314' title='bbox 2302 1837 2436 1890; x_wconf 91' lang='lat' dir='ltr'><strong>forti</strong></span> <span class='ocrx_word' id='word_1_315' title='bbox 2467 1841 2696 1906; x_wconf 87' lang='lat' dir='ltr'><strong>pectore</strong></span> <span class='ocrx_word' id='word_1_316' title='bbox 2726 1836 3040 1890; x_wconf 89' lang='lat' dir='ltr'><strong>audacibus</strong></span> <span class='ocrx_word' id='word_1_317' title='bbox 3071 1851 3274 1889; x_wconf 89' lang='lat' dir='ltr'><strong>eorum</strong></span> <span class='ocrx_word' id='word_1_318' title='bbox 3319 1836 3540 1890; x_wconf 91' lang='lat' dir='ltr'><strong>actibus</strong></span> <span class='ocrx_word' id='word_1_319' title='bbox 3569 1837 3740 1907; x_wconf 87' lang='lat' dir='ltr'><strong>quasi</strong></span> <span class='ocrx_word' id='word_1_320' title='bbox 3769 1838 3885 1891; x_wconf 89' lang='lat' dir='ltr'><strong>im-</strong></span> 
     </span>
    </p>
   </div>
   <div class='ocr_carea' id='block_1_46' title="bbox 2173 1923 3883 1995">
    <p class='ocr_par' dir='ltr' id='par_1_46' title="bbox 2173 1923 3883 1995">
     <span class='ocr_line' id='line_1_46' title="bbox 2173 1923 3883 1995; baseline -0.001 -17"><span class='ocrx_word' id='word_1_321' title='bbox 2173 1925 2508 1995; x_wconf 88' lang='lat' dir='ltr'><strong>perterritus</strong></span> <span class='ocrx_word' id='word_1_322' title='bbox 2567 1940 2795 1993; x_wconf 89' lang='lat' dir='ltr'><strong>semper</strong></span> <span class='ocrx_word' id='word_1_323' title='bbox 2837 1927 3030 1977; x_wconf 90' lang='lat' dir='ltr'><strong>tamen</strong></span> <span class='ocrx_word' id='word_1_324' title='bbox 3084 1923 3401 1978; x_wconf 88' lang='lat' dir='ltr'><strong>resistebat.</strong></span> <span class='ocrx_word' id='word_1_325' title='bbox 3454 1925 3614 1978; x_wconf 88' lang='lat' dir='ltr'><strong>Unde</strong></span> <span class='ocrx_word' id='word_1_326' title='bbox 3647 1930 3706 1977; x_wconf 90' lang='lat' dir='ltr'><strong>et</strong></span> <span class='ocrx_word' id='word_1_327' title='bbox 3745 1941 3883 1978; x_wconf 91' lang='lat' dir='ltr'><strong>con-</strong></span> 
     </span>
    </p>
   </div>
   <div class='ocr_carea' id='block_1_47' title="bbox 2172 2010 3884 2084">
    <p class='ocr_par' dir='ltr' id='par_1_47' title="bbox 2172 2010 3884 2084">
     <span class='ocr_line' id='line_1_47' title="bbox 2172 2010 3884 2084; baseline -0.001 -18"><span class='ocrx_word' id='word_1_328' title='bbox 2172 2013 2323 2084; x_wconf 91' lang='lat' dir='ltr'><strong>tigit,</strong></span> <span class='ocrx_word' id='word_1_329' title='bbox 2359 2018 2420 2066; x_wconf 91' lang='lat' dir='ltr'><strong>ut</strong></span> <span class='ocrx_word' id='word_1_330' title='bbox 2469 2012 2624 2066; x_wconf 90' lang='lat' dir='ltr'><strong>idem</strong></span> <span class='ocrx_word' id='word_1_331' title='bbox 2673 2011 2758 2066; x_wconf 86' lang='lat' dir='ltr'><strong>vir</strong></span> <span class='ocrx_word' id='word_1_332' title='bbox 2810 2010 2877 2048; x_wconf 79' lang='grc'>¹²⁷</span> <span class='ocrx_word' id='word_1_333' title='bbox 2933 2012 3032 2065; x_wconf 86' lang='lat' dir='ltr'><strong>Dei</strong></span> <span class='ocrx_word' id='word_1_334' title='bbox 3083 2012 3191 2065; x_wconf 92' lang='lat' dir='ltr'><strong>hoc</strong></span> <span class='ocrx_word' id='word_1_335' title='bbox 3238 2028 3420 2082; x_wconf 91' lang='lat' dir='ltr'><strong>genus</strong></span> <span class='ocrx_word' id='word_1_336' title='bbox 3466 2012 3779 2066; x_wconf 89' lang='lat' dir='ltr'><strong>hominum</strong></span> <span class='ocrx_word' id='word_1_337' title='bbox 3818 2013 3884 2050; x_wconf 78' lang='grc'><strong>¹²⁸</strong></span> 
     </span>
    </p>
   </div>
   <div class='ocr_carea' id='block_1_48' title="bbox 2173 2100 3882 2172">
    <p class='ocr_par' dir='ltr' id='par_1_48' title="bbox 2173 2100 3882 2172">
     <span class='ocr_line' id='line_1_48' title="bbox 2173 2100 3882 2172; baseline -0.001 -17"><span class='ocrx_word' id='word_1_338' title='bbox 2173 2101 2437 2155; x_wconf 90' lang='lat' dir='ltr'><strong>omnibus</strong></span> <span class='ocrx_word' id='word_1_339' title='bbox 2469 2101 2597 2155; x_wconf 71' lang='lat' dir='ltr'><strong>vita:</strong></span> <span class='ocrx_word' id='word_1_340' title='bbox 2628 2117 2743 2154; x_wconf 67' lang='lat' dir='ltr'><strong>sua:</strong></span> <span class='ocrx_word' id='word_1_341' title='bbox 2775 2100 2976 2154; x_wconf 89' lang='lat' dir='ltr'><strong>diebus</strong></span> <span class='ocrx_word' id='word_1_342' title='bbox 3023 2116 3253 2154; x_wconf 84' lang='lat' dir='ltr'><strong>exosum</strong></span> <span class='ocrx_word' id='word_1_343' title='bbox 3284 2100 3578 2154; x_wconf 88' lang='lat' dir='ltr'><strong>habuisset</strong></span> <span class='ocrx_word' id='word_1_344' title='bbox 3627 2108 3686 2154; x_wconf 90' lang='lat' dir='ltr'><strong>et</strong></span> <span class='ocrx_word' id='word_1_345' title='bbox 3714 2101 3882 2172; x_wconf 90' lang='lat' dir='ltr'><strong>quasi</strong></span> 
     </span>
    </p>
   </div>
   <div class='ocr_carea' id='block_1_49' title="bbox 2173 2188 3883 2258">
    <p class='ocr_par' dir='ltr' id='par_1_49' title="bbox 2173 2188 3883 2258">
     <span class='ocr_line' id='line_1_49' title="bbox 2173 2188 3883 2258; baseline 0 -15"><span class='ocrx_word' id='word_1_346' title='bbox 2173 2190 2424 2243; x_wconf 66' lang='lat' dir='ltr'><strong>ecclesias</strong></span> <span class='ocrx_word' id='word_1_347' title='bbox 2475 2189 2572 2242; x_wconf 90' lang='lat' dir='ltr'><strong>Dei</strong></span> <span class='ocrx_word' id='word_1_348' title='bbox 2621 2189 2914 2242; x_wconf 90' lang='lat' dir='ltr'><strong>invasores</strong></span> <span class='ocrx_word' id='word_1_349' title='bbox 2961 2204 3162 2242; x_wconf 90' lang='lat' dir='ltr'><strong>omnes</strong></span> <span class='ocrx_word' id='word_1_350' title='bbox 3203 2188 3549 2258; x_wconf 88' lang='lat' dir='ltr'><strong>respuisset;</strong></span> <span class='ocrx_word' id='word_1_351' title='bbox 3583 2206 3708 2243; x_wconf 93' lang='lat' dir='ltr'><strong>uno</strong></span> <span class='ocrx_word' id='word_1_352' title='bbox 3749 2197 3883 2243; x_wconf 88' lang='lat' dir='ltr'><strong>tan-</strong></span> 
     </span>
    </p>
   </div>
   <div class='ocr_carea' id='block_1_50' title="bbox 2171 2278 3882 2348">
    <p class='ocr_par' dir='ltr' id='par_1_50' title="bbox 2171 2278 3882 2348">
     <span class='ocr_line' id='line_1_50' title="bbox 2171 2278 3882 2348; baseline -0.001 -16"><span class='ocrx_word' id='word_1_353' title='bbox 2171 2278 2474 2332; x_wconf 88' lang='lat' dir='ltr'><strong>tummodo</strong></span> <span class='ocrx_word' id='word_1_354' title='bbox 2505 2278 2718 2348; x_wconf 88' lang='lat' dir='ltr'><strong>juvene</strong></span> <span class='ocrx_word' id='word_1_355' title='bbox 2754 2282 3012 2348; x_wconf 87' lang='lat' dir='ltr'><strong>excepto,</strong></span> <span class='ocrx_word' id='word_1_356' title='bbox 3045 2293 3218 2347; x_wconf 90' lang='lat' dir='ltr'><strong>quem</strong></span> <span class='ocrx_word' id='word_1_357' title='bbox 3269 2283 3535 2348; x_wconf 89' lang='lat' dir='ltr'><strong>parentes</strong></span> <span class='ocrx_word' id='word_1_358' title='bbox 3565 2278 3882 2348; x_wconf 67' lang='lat' dir='ltr'><strong>caeterique</strong></span> 
     </span>
    </p>
   </div>
   <div class='ocr_carea' id='block_1_51' title="bbox 2173 2366 3882 2437">
    <p class='ocr_par' dir='ltr' id='par_1_51' title="bbox 2173 2366 3882 2437">
     <span class='ocr_line' id='line_1_51' title="bbox 2173 2366 3882 2437; baseline 0 -17"><span class='ocrx_word' id='word_1_359' title='bbox 2173 2367 2423 2437; x_wconf 83' lang='lat' dir='ltr'><strong>cognati,</strong></span> <span class='ocrx_word' id='word_1_360' title='bbox 2459 2367 2594 2437; x_wconf 91' lang='lat' dir='ltr'><strong>quia</strong></span> <span class='ocrx_word' id='word_1_361' title='bbox 2623 2366 2894 2436; x_wconf 87' lang='lat' dir='ltr'><strong>paciﬁcus</strong></span> <span class='ocrx_word' id='word_1_362' title='bbox 2939 2371 3061 2419; x_wconf 89' lang='lat' dir='ltr'><strong>erat</strong></span> <span class='ocrx_word' id='word_1_363' title='bbox 3106 2371 3162 2419; x_wconf 93' lang='lat' dir='ltr'><strong>et</strong></span> <span class='ocrx_word' id='word_1_364' title='bbox 3203 2366 3593 2420; x_wconf 88' lang='lat' dir='ltr'><strong>innocentiam</strong></span> <span class='ocrx_word' id='word_1_365' title='bbox 3626 2367 3761 2420; x_wconf 73' lang='lat' dir='ltr'><strong>vitae</strong></span> <span class='ocrx_word' id='word_1_366' title='bbox 3797 2367 3882 2420; x_wconf 90' lang='lat' dir='ltr'><strong>di-</strong></span> 
     </span>
    </p>
   </div>
   <div class='ocr_carea' id='block_1_52' title="bbox 2171 2451 3880 2524">
    <p class='ocr_par' dir='ltr' id='par_1_52' title="bbox 2171 2451 3880 2524">
     <span class='ocr_line' id='line_1_52' title="bbox 2171 2451 3880 2524; baseline 0 -16"><span class='ocrx_word' id='word_1_367' title='bbox 2171 2455 2402 2524; x_wconf 88' lang='lat' dir='ltr'><strong>ligebat,</strong></span> <span class='ocrx_word' id='word_1_368' title='bbox 2461 2454 2814 2524; x_wconf 87' lang='lat' dir='ltr'><strong>indignando</strong></span> <span class='ocrx_word' id='word_1_369' title='bbox 2872 2459 3218 2524; x_wconf 80' lang='lat' dir='ltr'><strong>respuerent</strong></span> <span class='ocrx_word' id='word_1_370' title='bbox 3275 2451 3364 2507; x_wconf 72' lang='lat'><strong>&quot;9.</strong></span> <span class='ocrx_word' id='word_1_371' title='bbox 3429 2455 3587 2508; x_wconf 87' lang='lat' dir='ltr'><strong>Hunc</strong></span> <span class='ocrx_word' id='word_1_372' title='bbox 3644 2455 3732 2507; x_wconf 87' lang='lat' dir='ltr'><strong>vir</strong></span> <span class='ocrx_word' id='word_1_373' title='bbox 3783 2456 3880 2508; x_wconf 89' lang='lat' dir='ltr'><strong>Dei</strong></span> 
     </span>
    </p>
   </div>
   <div class='ocr_carea' id='block_1_53' title="bbox 2172 2541 3881 2613">
    <p class='ocr_par' dir='ltr' id='par_1_53' title="bbox 2172 2541 3881 2613">
     <span class='ocr_line' id='line_1_53' title="bbox 2172 2541 3881 2613; baseline 0 -18"><span class='ocrx_word' id='word_1_374' title='bbox 2172 2543 2512 2597; x_wconf 88' lang='lat' dir='ltr'><strong>venerabilis</strong></span> <span class='ocrx_word' id='word_1_375' title='bbox 2557 2543 2627 2596; x_wconf 89' lang='lat' dir='ltr'><strong>ad</strong></span> <span class='ocrx_word' id='word_1_376' title='bbox 2678 2559 2738 2595; x_wconf 91' lang='lat' dir='ltr'><strong>se</strong></span> <span class='ocrx_word' id='word_1_377' title='bbox 2768 2547 3054 2606; x_wconf 89' lang='lat' dir='ltr'><strong>vocatum,</strong></span> <span class='ocrx_word' id='word_1_378' title='bbox 3111 2542 3211 2595; x_wconf 89' lang='lat' dir='ltr'><strong>Dei</strong></span> <span class='ocrx_word' id='word_1_379' title='bbox 3259 2541 3528 2595; x_wconf 88' lang='lat' dir='ltr'><strong>timorem</strong></span> <span class='ocrx_word' id='word_1_380' title='bbox 3580 2543 3799 2613; x_wconf 86' lang='lat' dir='ltr'><strong>pariter</strong></span> <span class='ocrx_word' id='word_1_381' title='bbox 3828 2550 3881 2596; x_wconf 86' lang='lat' dir='ltr'><strong>et</strong></span> 
     </span>
    </p>
   </div>
   <div class='ocr_carea' id='block_1_54' title="bbox 2174 2629 3877 2700">
    <p class='ocr_par' dir='ltr' id='par_1_54' title="bbox 2174 2629 3877 2700">
     <span class='ocr_line' id='line_1_54' title="bbox 2174 2629 3877 2700; baseline -0.001 -15"><span class='ocrx_word' id='word_1_382' title='bbox 2174 2648 2432 2685; x_wconf 89' lang='lat' dir='ltr'><strong>amorem</strong></span> <span class='ocrx_word' id='word_1_383' title='bbox 2462 2629 2533 2666; x_wconf 85' lang='grc'><strong>¹³⁰</strong></span> <span class='ocrx_word' id='word_1_384' title='bbox 2571 2631 2764 2684; x_wconf 89' lang='lat' dir='ltr'><strong>docuit</strong></span> <span class='ocrx_word' id='word_1_385' title='bbox 2793 2633 2848 2684; x_wconf 91' lang='lat' dir='ltr'><strong>et</strong></span> <span class='ocrx_word' id='word_1_386' title='bbox 2892 2630 3055 2700; x_wconf 91' lang='lat' dir='ltr'><strong>quasi</strong></span> <span class='ocrx_word' id='word_1_387' title='bbox 3110 2630 3445 2699; x_wconf 89' lang='lat' dir='ltr'><strong>adoptivum</strong></span> <span class='ocrx_word' id='word_1_388' title='bbox 3496 2631 3563 2666; x_wconf 76' lang='grc'><strong>¹³¹</strong></span> <span class='ocrx_word' id='word_1_389' title='bbox 3618 2631 3877 2684; x_wconf 87' lang='lat' dir='ltr'><strong>nutrivit.</strong></span> 
     </span>
    </p>
   </div>
   <div class='ocr_carea' id='block_1_55' title="bbox 2174 2718 3878 2789">
    <p class='ocr_par' dir='ltr' id='par_1_55' title="bbox 2174 2718 3878 2789">
     <span class='ocr_line' id='line_1_55' title="bbox 2174 2718 3878 2789; baseline -0.001 -16"><span class='ocrx_word' id='word_1_390' title='bbox 2174 2720 2240 2773; x_wconf 89' lang='lat' dir='ltr'><strong>Et</strong></span> <span class='ocrx_word' id='word_1_391' title='bbox 2265 2719 2402 2789; x_wconf 89' lang='lat' dir='ltr'><strong>quia</strong></span> <span class='ocrx_word' id='word_1_392' title='bbox 2449 2718 2819 2772; x_wconf 89' lang='lat' dir='ltr'><strong>stabilitatem</strong></span> <span class='ocrx_word' id='word_1_393' title='bbox 2851 2718 3030 2772; x_wconf 89' lang='lat' dir='ltr'><strong>animi</strong></span> <span class='ocrx_word' id='word_1_394' title='bbox 3062 2718 3121 2772; x_wconf 90' lang='lat' dir='ltr'><strong>in</strong></span> <span class='ocrx_word' id='word_1_395' title='bbox 3151 2734 3218 2771; x_wconf 93' lang='lat' dir='ltr'><strong>eo</strong></span> <span class='ocrx_word' id='word_1_396' title='bbox 3267 2719 3570 2782; x_wconf 86' lang='lat' dir='ltr'><strong>intellexit,</strong></span> <span class='ocrx_word' id='word_1_397' title='bbox 3618 2735 3743 2787; x_wconf 71' lang='lat' dir='ltr'><strong>prae</strong></span> <span class='ocrx_word' id='word_1_398' title='bbox 3771 2735 3878 2772; x_wconf 65' lang='lat' dir='ltr'><strong>cae-</strong></span> 
     </span>
    </p>
   </div>
   <div class='ocr_carea' id='block_1_56' title="bbox 2171 2806 3880 2876">
    <p class='ocr_par' dir='ltr' id='par_1_56' title="bbox 2171 2806 3880 2876">
     <span class='ocr_line' id='line_1_56' title="bbox 2171 2806 3880 2876; baseline 0 -16"><span class='ocrx_word' id='word_1_399' title='bbox 2171 2808 2308 2861; x_wconf 90' lang='lat' dir='ltr'><strong>teris</strong></span> <span class='ocrx_word' id='word_1_400' title='bbox 2352 2808 2600 2861; x_wconf 91' lang='lat' dir='ltr'><strong>multum</strong></span> <span class='ocrx_word' id='word_1_401' title='bbox 2650 2806 2815 2861; x_wconf 91' lang='lat' dir='ltr'><strong>illum</strong></span> <span class='ocrx_word' id='word_1_402' title='bbox 2872 2807 3092 2860; x_wconf 79' lang='lat' dir='ltr'><strong>dilexit.</strong></span> <span class='ocrx_word' id='word_1_403' title='bbox 3142 2807 3323 2870; x_wconf 88' lang='lat' dir='ltr'><strong>Quem</strong></span> <span class='ocrx_word' id='word_1_404' title='bbox 3377 2809 3522 2859; x_wconf 88' lang='lat' dir='ltr'><strong>Deus</strong></span> <span class='ocrx_word' id='word_1_405' title='bbox 3574 2812 3782 2876; x_wconf 84' lang='lat' dir='ltr'><strong>postea</strong></span> <span class='ocrx_word' id='word_1_406' title='bbox 3821 2807 3880 2860; x_wconf 86' lang='lat' dir='ltr'><strong>in</strong></span> 
     </span>
    </p>
   </div>
   <div class='ocr_carea' id='block_1_57' title="bbox 2173 2892 3879 2964">
    <p class='ocr_par' dir='ltr' id='par_1_57' title="bbox 2173 2892 3879 2964">
     <span class='ocr_line' id='line_1_57' title="bbox 2173 2892 3879 2964; baseline 0 -16"><span class='ocrx_word' id='word_1_407' title='bbox 2173 2895 2384 2950; x_wconf 89' lang='lat' dir='ltr'><strong>solium</strong></span> <span class='ocrx_word' id='word_1_408' title='bbox 2428 2893 2499 2930; x_wconf 85' lang='grc'><strong>¹³²</strong></span> <span class='ocrx_word' id='word_1_409' title='bbox 2552 2895 2717 2964; x_wconf 82' lang='lat' dir='ltr'><strong>regni</strong></span> <span class='ocrx_word' id='word_1_410' title='bbox 2750 2895 3064 2948; x_wconf 90' lang='lat' dir='ltr'><strong>clementer</strong></span> <span class='ocrx_word' id='word_1_411' title='bbox 3105 2893 3370 2948; x_wconf 86' lang='lat' dir='ltr'><strong>exaltavit</strong></span> <span class='ocrx_word' id='word_1_412' title='bbox 3423 2892 3509 2948; x_wconf 63' lang='grc' dir='ltr'><strong>ηδ.</strong></span> <span class='ocrx_word' id='word_1_413' title='bbox 3561 2894 3708 2948; x_wconf 88' lang='lat' dir='ltr'><strong>Cum</strong></span> <span class='ocrx_word' id='word_1_414' title='bbox 3759 2895 3879 2964; x_wconf 90' lang='lat' dir='ltr'><strong>epi—</strong></span> 
     </span>
    </p>
   </div>
   <div class='ocr_carea' id='block_1_58' title="bbox 2173 2981 3880 3054">
    <p class='ocr_par' dir='ltr' id='par_1_58' title="bbox 2173 2981 3880 3054">
     <span class='ocr_line' id='line_1_58' title="bbox 2173 2981 3880 3054; baseline 0 -18"><span class='ocrx_word' id='word_1_415' title='bbox 2173 3000 2381 3053; x_wconf 88' lang='lat' dir='ltr'><strong>scopus</strong></span> <span class='ocrx_word' id='word_1_416' title='bbox 2429 2982 2498 3020; x_wconf 76' lang='grc'><strong>¹³⁸</strong></span> <span class='ocrx_word' id='word_1_417' title='bbox 2546 2982 2871 3054; x_wconf 90' lang='lat' dir='ltr'><strong>potentium</strong></span> <span class='ocrx_word' id='word_1_418' title='bbox 2903 2981 3120 3036; x_wconf 85' lang='lat' dir='ltr'><strong>viribus</strong></span> <span class='ocrx_word' id='word_1_419' title='bbox 3151 2983 3316 3036; x_wconf 91' lang='lat' dir='ltr'><strong>aliter</strong></span> <span class='ocrx_word' id='word_1_420' title='bbox 3367 2983 3632 3036; x_wconf 88' lang='lat' dir='ltr'><strong>resistere</strong></span> <span class='ocrx_word' id='word_1_421' title='bbox 3665 2982 3880 3053; x_wconf 87' lang='lat' dir='ltr'><strong>despe-</strong></span> 
     </span>
    </p>
   </div>
   <div class='ocr_carea' id='block_1_59' title="bbox 357 3069 3882 3144">
    <p class='ocr_par' dir='ltr' id='par_1_59' title="bbox 357 3069 3882 3144">
     <span class='ocr_line' id='line_1_59' title="bbox 357 3069 3882 3144; baseline -0.001 -18"><span class='ocrx_word' id='word_1_422' title='bbox 357 3073 827 3144; x_wconf 84' lang='lat' dir='ltr'><strong>aggressionibus</strong></span> <span class='ocrx_word' id='word_1_423' title='bbox 877 3074 1189 3143; x_wconf 89' lang='lat' dir='ltr'><strong>petierunt,</strong></span> <span class='ocrx_word' id='word_1_424' title='bbox 1223 3079 1281 3127; x_wconf 88' lang='lat' dir='ltr'><strong>et</strong></span> <span class='ocrx_word' id='word_1_425' title='bbox 1309 3079 1511 3127; x_wconf 89' lang='lat' dir='ltr'><strong>cuncta</strong></span> <span class='ocrx_word' id='word_1_426' title='bbox 1549 3090 1678 3144; x_wconf 64' lang='lat' dir='ltr'><strong>quae</strong></span> <span class='ocrx_word' id='word_1_427' title='bbox 1721 3073 1921 3127; x_wconf 87' lang='lat' dir='ltr'><strong>habuit</strong></span> <span class='ocrx_word' id='word_1_428' title='bbox 1963 3089 2056 3125; x_wconf 90' lang='lat' dir='ltr'><strong>ra-</strong></span> <span class='ocrx_word' id='word_1_429' title='bbox 2093 3070 2134 3123; x_wconf 89' lang='lat' dir='ltr'><strong>C</strong></span> <span class='ocrx_word' id='word_1_430' title='bbox 2174 3077 2371 3138; x_wconf 88' lang='lat' dir='ltr'><strong>rasset,</strong></span> <span class='ocrx_word' id='word_1_431' title='bbox 2423 3072 2628 3126; x_wconf 88' lang='lat' dir='ltr'><strong>curtim</strong></span> <span class='ocrx_word' id='word_1_432' title='bbox 2681 3088 2845 3125; x_wconf 87' lang='lat' dir='ltr'><strong>suam</strong></span> <span class='ocrx_word' id='word_1_433' title='bbox 2899 3087 3087 3137; x_wconf 90' lang='lat' dir='ltr'><strong>muro,</strong></span> <span class='ocrx_word' id='word_1_434' title='bbox 3135 3071 3423 3125; x_wconf 84' lang='lat' dir='ltr'><strong>civitatem</strong></span> <span class='ocrx_word' id='word_1_435' title='bbox 3474 3069 3545 3107; x_wconf 81' lang='grc'><strong>¹³⁸</strong></span> <span class='ocrx_word' id='word_1_436' title='bbox 3583 3071 3657 3124; x_wconf 90' lang='lat' dir='ltr'><strong>ad</strong></span> <span class='ocrx_word' id='word_1_437' title='bbox 3699 3071 3882 3124; x_wconf 88' lang='lat' dir='ltr'><strong>instar</strong></span> 
     </span>
    </p>
   </div>
   <div class='ocr_carea' id='block_1_60' title="bbox 357 3161 2062 3232">
    <p class='ocr_par' dir='ltr' id='par_1_60' title="bbox 357 3161 2062 3232">
     <span class='ocr_line' id='line_1_60' title="bbox 357 3161 2062 3232; baseline 0 -18"><span class='ocrx_word' id='word_1_438' title='bbox 357 3161 580 3231; x_wconf 89' lang='lat' dir='ltr'><strong>pientes</strong></span> <span class='ocrx_word' id='word_1_439' title='bbox 609 3178 803 3215; x_wconf 90' lang='lat' dir='ltr'><strong>secum</strong></span> <span class='ocrx_word' id='word_1_440' title='bbox 831 3167 1290 3232; x_wconf 88' lang='lat' dir='ltr'><strong>asportaverunt,</strong></span> <span class='ocrx_word' id='word_1_441' title='bbox 1318 3161 1507 3230; x_wconf 88' lang='lat' dir='ltr'><strong>ipsum</strong></span> <span class='ocrx_word' id='word_1_442' title='bbox 1538 3177 1642 3215; x_wconf 89' lang='lat' dir='ltr'><strong>seu</strong></span> <span class='ocrx_word' id='word_1_443' title='bbox 1667 3166 1962 3215; x_wconf 89' lang='lat' dir='ltr'><strong>mortuum</strong></span> <span class='ocrx_word' id='word_1_444' title='bbox 1997 3162 2062 3196; x_wconf 81' lang='grc'><strong>¹¹³</strong></span> 
     </span>
    </p>
   </div>
   <div class='ocr_carea' id='block_1_61' title="bbox 357 3250 2059 3320">
    <p class='ocr_par' dir='ltr' id='par_1_61' title="bbox 357 3250 2059 3320">
     <span class='ocr_line' id='line_1_61' title="bbox 357 3250 2059 3320; baseline 0 -18"><span class='ocrx_word' id='word_1_445' title='bbox 357 3250 444 3303; x_wconf 90' lang='lat' dir='ltr'><strong>vel</strong></span> <span class='ocrx_word' id='word_1_446' title='bbox 474 3250 814 3305; x_wconf 89' lang='lat' dir='ltr'><strong>semivivum</strong></span> <span class='ocrx_word' id='word_1_447' title='bbox 845 3250 1256 3320; x_wconf 88' lang='lat' dir='ltr'><strong>relinquentes.</strong></span> <span class='ocrx_word' id='word_1_448' title='bbox 1290 3250 1412 3303; x_wconf 86' lang='lat' dir='ltr'><strong>Tali</strong></span> <span class='ocrx_word' id='word_1_449' title='bbox 1442 3266 1600 3320; x_wconf 89' lang='lat' dir='ltr'><strong>pace,</strong></span> <span class='ocrx_word' id='word_1_450' title='bbox 1635 3250 1736 3303; x_wconf 88' lang='lat' dir='ltr'><strong>tali</strong></span> <span class='ocrx_word' id='word_1_451' title='bbox 1783 3252 1874 3286; x_wconf 81' lang='grc'><strong>¹¹³⁶</strong></span> <span class='ocrx_word' id='word_1_452' title='bbox 1900 3265 2059 3303; x_wconf 88' lang='lat' dir='ltr'><strong>secu-</strong></span> 
     </span>
    </p>
   </div>
   <div class='ocr_carea' id='block_1_62' title="bbox 356 3337 2061 3404">
    <p class='ocr_par' dir='ltr' id='par_1_62' title="bbox 356 3337 2061 3404">
     <span class='ocr_line' id='line_1_62' title="bbox 356 3337 2061 3404; baseline -0.001 -14"><span class='ocrx_word' id='word_1_453' title='bbox 356 3337 544 3404; x_wconf 90' lang='lat' dir='ltr'><strong>ritate,</strong></span> <span class='ocrx_word' id='word_1_454' title='bbox 579 3354 804 3391; x_wconf 90' lang='lat' dir='ltr'><strong>necnon</strong></span> <span class='ocrx_word' id='word_1_455' title='bbox 836 3339 907 3373; x_wconf 77' lang='lat'><strong>“‘</strong></span> <span class='ocrx_word' id='word_1_456' title='bbox 936 3338 1036 3391; x_wconf 88' lang='lat' dir='ltr'><strong>tali</strong></span> <span class='ocrx_word' id='word_1_457' title='bbox 1079 3337 1401 3391; x_wconf 89' lang='lat' dir='ltr'><strong>munitione</strong></span> <span class='ocrx_word' id='word_1_458' title='bbox 1431 3338 1580 3391; x_wconf 88' lang='lat' dir='ltr'><strong>cives</strong></span> <span class='ocrx_word' id='word_1_459' title='bbox 1611 3338 2061 3391; x_wconf 87' lang='lat' dir='ltr'><strong>Wormacienses</strong></span> 
     </span>
    </p>
   </div>
   <div class='ocr_carea' id='block_1_63' title="bbox 354 3424 2062 3496">
    <p class='ocr_par' dir='ltr' id='par_1_63' title="bbox 354 3424 2062 3496">
     <span class='ocr_line' id='line_1_63' title="bbox 354 3424 2062 3496; baseline 0.001 -18"><span class='ocrx_word' id='word_1_460' title='bbox 354 3426 467 3478; x_wconf 90' lang='lat' dir='ltr'><strong>illis</strong></span> <span class='ocrx_word' id='word_1_461' title='bbox 498 3425 699 3479; x_wconf 90' lang='lat' dir='ltr'><strong>diebus</strong></span> <span class='ocrx_word' id='word_1_462' title='bbox 723 3427 812 3479; x_wconf 91' lang='lat' dir='ltr'><strong>usi</strong></span> <span class='ocrx_word' id='word_1_463' title='bbox 843 3431 995 3481; x_wconf 90' lang='lat' dir='ltr'><strong>sunt.</strong></span> <span class='ocrx_word' id='word_1_464' title='bbox 1028 3427 1112 3479; x_wconf 81' lang='lat' dir='ltr'><strong>Ad</strong></span> <span class='ocrx_word' id='word_1_465' title='bbox 1147 3426 1414 3479; x_wconf 89' lang='lat' dir='ltr'><strong>ultimum</strong></span> <span class='ocrx_word' id='word_1_466' title='bbox 1444 3442 1577 3479; x_wconf 90' lang='lat' dir='ltr'><strong>vero</strong></span> <span class='ocrx_word' id='word_1_467' title='bbox 1610 3424 1704 3458; x_wconf 79' lang='grc'><strong>⁴¹¹⁴⁶</strong></span> <span class='ocrx_word' id='word_1_468' title='bbox 1735 3427 2062 3496; x_wconf 84' lang='lat' dir='ltr'><strong>relinquen-</strong></span> 
     </span>
    </p>
   </div>
   <div class='ocr_carea' id='block_1_64' title="bbox 356 3513 2060 3580">
    <p class='ocr_par' dir='ltr' id='par_1_64' title="bbox 356 3513 2060 3580">
     <span class='ocr_line' id='line_1_64' title="bbox 356 3513 2060 3580; baseline 0.001 -14"><span class='ocrx_word' id='word_1_469' title='bbox 356 3517 440 3567; x_wconf 89' lang='lat' dir='ltr'><strong>tes</strong></span> <span class='ocrx_word' id='word_1_470' title='bbox 471 3513 759 3568; x_wconf 87' lang='lat' dir='ltr'><strong>civitatem</strong></span> <span class='ocrx_word' id='word_1_471' title='bbox 811 3514 1149 3580; x_wconf 90' lang='lat' dir='ltr'><strong>desolatam,</strong></span> <span class='ocrx_word' id='word_1_472' title='bbox 1182 3518 1338 3567; x_wconf 85' lang='lat' dir='ltr'><strong>extra</strong></span> <span class='ocrx_word' id='word_1_473' title='bbox 1388 3530 1620 3567; x_wconf 90' lang='lat' dir='ltr'><strong>murum</strong></span> <span class='ocrx_word' id='word_1_474' title='bbox 1675 3530 1876 3568; x_wconf 90' lang='lat' dir='ltr'><strong>omnes</strong></span> <span class='ocrx_word' id='word_1_475' title='bbox 1905 3513 2060 3568; x_wconf 90' lang='lat' dir='ltr'><strong>abie-</strong></span> 
     </span>
    </p>
   </div>
   <div class='ocr_carea' id='block_1_65' title="bbox 355 3601 2062 3672">
    <p class='ocr_par' dir='ltr' id='par_1_65' title="bbox 355 3601 2062 3672">
     <span class='ocr_line' id='line_1_65' title="bbox 355 3601 2062 3672; baseline 0.001 -18"><span class='ocrx_word' id='word_1_476' title='bbox 355 3607 513 3667; x_wconf 89' lang='lat' dir='ltr'><strong>runt,</strong></span> <span class='ocrx_word' id='word_1_477' title='bbox 547 3601 741 3672; x_wconf 90' lang='lat' dir='ltr'><strong>ibique</strong></span> <span class='ocrx_word' id='word_1_478' title='bbox 791 3601 995 3654; x_wconf 90' lang='lat' dir='ltr'><strong>domus</strong></span> <span class='ocrx_word' id='word_1_479' title='bbox 1047 3602 1117 3636; x_wconf 69' lang='grc' dir='ltr'><strong>¹¹δ</strong></span> <span class='ocrx_word' id='word_1_480' title='bbox 1155 3606 1211 3655; x_wconf 91' lang='lat' dir='ltr'><strong>et</strong></span> <span class='ocrx_word' id='word_1_481' title='bbox 1253 3601 1496 3656; x_wconf 64' lang='lat' dir='ltr'><strong>aediﬁcia</strong></span> <span class='ocrx_word' id='word_1_482' title='bbox 1527 3601 1597 3656; x_wconf 86' lang='lat' dir='ltr'><strong>ad</strong></span> <span class='ocrx_word' id='word_1_483' title='bbox 1639 3618 1771 3654; x_wconf 93' lang='lat' dir='ltr'><strong>suos</strong></span> <span class='ocrx_word' id='word_1_484' title='bbox 1801 3618 1938 3655; x_wconf 89' lang='lat' dir='ltr'><strong>usus</strong></span> <span class='ocrx_word' id='word_1_485' title='bbox 1967 3618 2062 3655; x_wconf 85' lang='lat' dir='ltr'><strong>ne-</strong></span> 
     </span>
    </p>
   </div>
   <div class='ocr_carea' id='block_1_66' title="bbox 354 3689 2059 3760">
    <p class='ocr_par' dir='ltr' id='par_1_66' title="bbox 354 3689 2059 3760">
     <span class='ocr_line' id='line_1_66' title="bbox 354 3689 2059 3760; baseline 0.001 -17"><span class='ocrx_word' id='word_1_486' title='bbox 354 3689 600 3743; x_wconf 84' lang='lat' dir='ltr'><strong>cessaria</strong></span> <span class='ocrx_word' id='word_1_487' title='bbox 642 3689 1044 3757; x_wconf 90' lang='lat' dir='ltr'><strong>condiderunt,</strong></span> <span class='ocrx_word' id='word_1_488' title='bbox 1071 3693 1128 3742; x_wconf 91' lang='lat' dir='ltr'><strong>et</strong></span> <span class='ocrx_word' id='word_1_489' title='bbox 1166 3690 1396 3758; x_wconf 89' lang='lat' dir='ltr'><strong>sepibus</strong></span> <span class='ocrx_word' id='word_1_490' title='bbox 1423 3706 1486 3743; x_wconf 91' lang='lat' dir='ltr'><strong>ac</strong></span> <span class='ocrx_word' id='word_1_491' title='bbox 1531 3690 1786 3744; x_wconf 87' lang='lat' dir='ltr'><strong>trabibus</strong></span> <span class='ocrx_word' id='word_1_492' title='bbox 1819 3691 2059 3760; x_wconf 86' lang='lat' dir='ltr'><strong>aliisque</strong></span> 
     </span>
    </p>
   </div>
   <div class='ocr_carea' id='block_1_67' title="bbox 352 3778 2059 3848">
    <p class='ocr_par' dir='ltr' id='par_1_67' title="bbox 352 3778 2059 3848">
     <span class='ocr_line' id='line_1_67' title="bbox 352 3778 2059 3848; baseline -0.001 -17"><span class='ocrx_word' id='word_1_493' title='bbox 352 3778 526 3848; x_wconf 88' lang='lat' dir='ltr'><strong>lignis</strong></span> <span class='ocrx_word' id='word_1_494' title='bbox 555 3783 750 3831; x_wconf 90' lang='lat' dir='ltr'><strong>contra</strong></span> <span class='ocrx_word' id='word_1_495' title='bbox 808 3783 1067 3848; x_wconf 83' lang='lat' dir='ltr'><strong>raptores</strong></span> <span class='ocrx_word' id='word_1_496' title='bbox 1121 3783 1178 3831; x_wconf 90' lang='lat' dir='ltr'><strong>et</strong></span> <span class='ocrx_word' id='word_1_497' title='bbox 1207 3779 1374 3842; x_wconf 89' lang='lat' dir='ltr'><strong>feras,</strong></span> <span class='ocrx_word' id='word_1_498' title='bbox 1421 3778 1481 3831; x_wconf 92' lang='lat' dir='ltr'><strong>in</strong></span> <span class='ocrx_word' id='word_1_499' title='bbox 1525 3783 1808 3848; x_wconf 88' lang='lat' dir='ltr'><strong>quantum</strong></span> <span class='ocrx_word' id='word_1_500' title='bbox 1851 3782 2059 3846; x_wconf 91' lang='lat' dir='ltr'><strong>potue—</strong></span> 
     </span>
    </p>
   </div>
   <div class='ocr_carea' id='block_1_68' title="bbox 354 3864 2060 3936">
    <p class='ocr_par' dir='ltr' id='par_1_68' title="bbox 354 3864 2060 3936">
     <span class='ocr_line' id='line_1_68' title="bbox 354 3864 2060 3936; baseline -0.001 -18"><span class='ocrx_word' id='word_1_501' title='bbox 354 3871 510 3932; x_wconf 88' lang='lat' dir='ltr'><strong>runt,</strong></span> <span class='ocrx_word' id='word_1_502' title='bbox 561 3883 619 3920; x_wconf 90' lang='lat' dir='ltr'><strong>se</strong></span> <span class='ocrx_word' id='word_1_503' title='bbox 676 3882 925 3936; x_wconf 90' lang='lat' dir='ltr'><strong>suosque</strong></span> <span class='ocrx_word' id='word_1_504' title='bbox 977 3866 1331 3919; x_wconf 90' lang='lat' dir='ltr'><strong>munierunt.</strong></span> <span class='ocrx_word' id='word_1_505' title='bbox 1399 3866 1583 3935; x_wconf 87' lang='lat' dir='ltr'><strong>Igitur</strong></span> <span class='ocrx_word' id='word_1_506' title='bbox 1636 3864 1706 3902; x_wconf 81' lang='grc'>¹¹⁶</span> <span class='ocrx_word' id='word_1_507' title='bbox 1759 3865 2060 3936; x_wconf 89' lang='lat' dir='ltr'><strong>episcopus</strong></span> 
     </span>
    </p>
   </div>
   <div class='ocr_carea' id='block_1_69' title="bbox 355 3953 2060 4020">
    <p class='ocr_par' dir='ltr' id='par_1_69' title="bbox 355 3953 2060 4020">
     <span class='ocr_line' id='line_1_69' title="bbox 355 3953 2060 4020; baseline 0 -14"><span class='ocrx_word' id='word_1_508' title='bbox 355 3954 716 4007; x_wconf 87' lang='lat' dir='ltr'><strong>Burchardus</strong></span> <span class='ocrx_word' id='word_1_509' title='bbox 748 3953 944 4007; x_wconf 89' lang='lat' dir='ltr'><strong>videns</strong></span> <span class='ocrx_word' id='word_1_510' title='bbox 987 3954 1300 4008; x_wconf 89' lang='lat' dir='ltr'><strong>desolatam</strong></span> <span class='ocrx_word' id='word_1_511' title='bbox 1332 3953 1642 4020; x_wconf 89' lang='lat' dir='ltr'><strong>civitatem,</strong></span> <span class='ocrx_word' id='word_1_512' title='bbox 1675 3954 1924 4006; x_wconf 88' lang='lat' dir='ltr'><strong>multum</strong></span> <span class='ocrx_word' id='word_1_513' title='bbox 1956 3954 2060 4006; x_wconf 91' lang='lat' dir='ltr'><strong>do-</strong></span> 
     </span>
    </p>
   </div>
   <div class='ocr_carea' id='block_1_70' title="bbox 353 4040 2058 4110">
    <p class='ocr_par' dir='ltr' id='par_1_70' title="bbox 353 4040 2058 4110">
     <span class='ocr_line' id='line_1_70' title="bbox 353 4040 2058 4110; baseline 0 -15"><span class='ocrx_word' id='word_1_514' title='bbox 353 4042 481 4107; x_wconf 90' lang='lat' dir='ltr'><strong>luit,</strong></span> <span class='ocrx_word' id='word_1_515' title='bbox 538 4046 886 4110; x_wconf 87' lang='lat' dir='ltr'><strong>acceptoque</strong></span> <span class='ocrx_word' id='word_1_516' title='bbox 948 4056 981 4093; x_wconf 89' lang='lat' dir='ltr'><strong>a</strong></span> <span class='ocrx_word' id='word_1_517' title='bbox 1036 4040 1153 4094; x_wconf 90' lang='lat' dir='ltr'><strong>suis</strong></span> <span class='ocrx_word' id='word_1_518' title='bbox 1210 4040 1467 4108; x_wconf 89' lang='lat' dir='ltr'><strong>consilio,</strong></span> <span class='ocrx_word' id='word_1_519' title='bbox 1525 4041 1674 4094; x_wconf 84' lang='lat' dir='ltr'><strong>vallo</strong></span> <span class='ocrx_word' id='word_1_520' title='bbox 1729 4041 2058 4095; x_wconf 90' lang='lat' dir='ltr'><strong>ﬁrmissimo</strong></span> 
     </span>
    </p>
   </div>
   <div class='ocr_carea' id='block_1_71' title="bbox 353 4127 2054 4198">
    <p class='ocr_par' dir='ltr' id='par_1_71' title="bbox 353 4127 2054 4198">
     <span class='ocr_line' id='line_1_71' title="bbox 353 4127 2054 4198; baseline 0 -17"><span class='ocrx_word' id='word_1_521' title='bbox 353 4128 727 4182; x_wconf 88' lang='lat' dir='ltr'><strong>circumdedit</strong></span> <span class='ocrx_word' id='word_1_522' title='bbox 760 4128 1067 4182; x_wconf 87' lang='lat' dir='ltr'><strong>civitatem.</strong></span> <span class='ocrx_word' id='word_1_523' title='bbox 1109 4128 1372 4198; x_wconf 88' lang='lat' dir='ltr'><strong>Undique</strong></span> <span class='ocrx_word' id='word_1_524' title='bbox 1403 4127 1773 4182; x_wconf 76' lang='lat' dir='ltr'><strong>rezediﬁcavit</strong></span> <span class='ocrx_word' id='word_1_525' title='bbox 1803 4143 2054 4194; x_wconf 89' lang='lat' dir='ltr'><strong>murum,</strong></span> 
     </span>
    </p>
   </div>
   <div class='ocr_carea' id='block_1_72' title="bbox 355 4213 2054 4270">
    <p class='ocr_par' dir='ltr' id='par_1_72' title="bbox 355 4213 2054 4270">
     <span class='ocr_line' id='line_1_72' title="bbox 355 4213 2054 4270; baseline 0 0"><span class='ocrx_word' id='word_1_526' title='bbox 355 4222 409 4270; x_wconf 90' lang='lat' dir='ltr'><strong>et</strong></span> <span class='ocrx_word' id='word_1_527' title='bbox 439 4216 590 4270; x_wconf 89' lang='lat' dir='ltr'><strong>cives</strong></span> <span class='ocrx_word' id='word_1_528' title='bbox 636 4216 788 4270; x_wconf 90' lang='lat' dir='ltr'><strong>intra</strong></span> <span class='ocrx_word' id='word_1_529' title='bbox 833 4231 1063 4270; x_wconf 90' lang='lat' dir='ltr'><strong>murum</strong></span> <span class='ocrx_word' id='word_1_530' title='bbox 1102 4215 1387 4270; x_wconf 64' lang='lat' dir='ltr'><strong>aediﬁcare</strong></span> <span class='ocrx_word' id='word_1_531' title='bbox 1435 4231 1661 4270; x_wconf 87' lang='lat' dir='ltr'><strong>necnon</strong></span> <span class='ocrx_word' id='word_1_532' title='bbox 1703 4213 1771 4251; x_wconf 80' lang='lat'><strong>“7</strong></span> <span class='ocrx_word' id='word_1_533' title='bbox 1802 4221 1860 4269; x_wconf 90' lang='lat' dir='ltr'><strong>et</strong></span> <span class='ocrx_word' id='word_1_534' title='bbox 1893 4215 2054 4270; x_wconf 79' lang='lat' dir='ltr'><strong>habi-</strong></span> 
     </span>
    </p>
   </div>
   <div class='ocr_carea' id='block_1_73' title="bbox 2172 3159 3879 3226">
    <p class='ocr_par' dir='ltr' id='par_1_73' title="bbox 2172 3159 3879 3226">
     <span class='ocr_line' id='line_1_73' title="bbox 2172 3159 3879 3226; baseline -0.001 -12"><span class='ocrx_word' id='word_1_535' title='bbox 2172 3161 2389 3214; x_wconf 89' lang='lat' dir='ltr'><strong>castelli</strong></span> <span class='ocrx_word' id='word_1_536' title='bbox 2441 3160 2836 3226; x_wconf 90' lang='lat' dir='ltr'><strong>circumdedit,</strong></span> <span class='ocrx_word' id='word_1_537' title='bbox 2885 3165 2943 3214; x_wconf 90' lang='lat' dir='ltr'><strong>et</strong></span> <span class='ocrx_word' id='word_1_538' title='bbox 2996 3160 3258 3219; x_wconf 88' lang='lat' dir='ltr'><strong>interius,</strong></span> <span class='ocrx_word' id='word_1_539' title='bbox 3310 3159 3564 3213; x_wconf 89' lang='lat' dir='ltr'><strong>turribus</strong></span> <span class='ocrx_word' id='word_1_540' title='bbox 3603 3164 3661 3214; x_wconf 89' lang='lat' dir='ltr'><strong>et</strong></span> <span class='ocrx_word' id='word_1_541' title='bbox 3715 3160 3879 3214; x_wconf 89' lang='lat' dir='ltr'><strong>habi-</strong></span> 
     </span>
    </p>
   </div>
   <div class='ocr_carea' id='block_1_74' title="bbox 2172 3248 3877 3320">
    <p class='ocr_par' dir='ltr' id='par_1_74' title="bbox 2172 3248 3877 3320">
     <span class='ocr_line' id='line_1_74' title="bbox 2172 3248 3877 3320; baseline -0.002 -17"><span class='ocrx_word' id='word_1_542' title='bbox 2172 3250 2374 3304; x_wconf 90' lang='lat' dir='ltr'><strong>taculis</strong></span> <span class='ocrx_word' id='word_1_543' title='bbox 2405 3250 2474 3304; x_wconf 92' lang='lat' dir='ltr'><strong>ad</strong></span> <span class='ocrx_word' id='word_1_544' title='bbox 2506 3249 2886 3320; x_wconf 89' lang='lat' dir='ltr'><strong>pugnandum</strong></span> <span class='ocrx_word' id='word_1_545' title='bbox 2917 3249 3140 3303; x_wconf 90' lang='lat' dir='ltr'><strong>idoneis</strong></span> <span class='ocrx_word' id='word_1_546' title='bbox 3171 3265 3285 3302; x_wconf 91' lang='lat' dir='ltr'><strong>non</strong></span> <span class='ocrx_word' id='word_1_547' title='bbox 3316 3248 3564 3319; x_wconf 87' lang='lat' dir='ltr'><strong>segniter</strong></span> <span class='ocrx_word' id='word_1_548' title='bbox 3592 3249 3877 3315; x_wconf 83' lang='lat' dir='ltr'><strong>excitatis,</strong></span> 
     </span>
    </p>
   </div>
   <div class='ocr_carea' id='block_1_75' title="bbox 2171 3337 3880 3408">
    <p class='ocr_par' dir='ltr' id='par_1_75' title="bbox 2171 3337 3880 3408">
     <span class='ocr_line' id='line_1_75' title="bbox 2171 3337 3880 3408; baseline -0.001 -16"><span class='ocrx_word' id='word_1_549' title='bbox 2171 3338 2563 3392; x_wconf 87' lang='lat' dir='ltr'><strong>munitionem</strong></span> <span class='ocrx_word' id='word_1_550' title='bbox 2591 3338 2725 3392; x_wconf 90' lang='lat' dir='ltr'><strong>satis</strong></span> <span class='ocrx_word' id='word_1_551' title='bbox 2751 3337 2980 3392; x_wconf 90' lang='lat' dir='ltr'><strong>ﬁrmam</strong></span> <span class='ocrx_word' id='word_1_552' title='bbox 3007 3337 3346 3392; x_wconf 83' lang='lat' dir='ltr'><strong>construxit.</strong></span> <span class='ocrx_word' id='word_1_553' title='bbox 3391 3337 3635 3391; x_wconf 89' lang='lat' dir='ltr'><strong>Castello</strong></span> <span class='ocrx_word' id='word_1_554' title='bbox 3679 3339 3880 3408; x_wconf 88' lang='lat' dir='ltr'><strong>itaque</strong></span> 
     </span>
    </p>
   </div>
   <div class='ocr_carea' id='block_1_76' title="bbox 2169 3422 3883 3493">
    <p class='ocr_par' dir='ltr' id='par_1_76' title="bbox 2169 3422 3883 3493">
     <span class='ocr_line' id='line_1_76' title="bbox 2169 3422 3883 3493; baseline 0 -13"><span class='ocrx_word' id='word_1_555' title='bbox 2169 3426 2505 3480; x_wconf 89' lang='lat' dir='ltr'><strong>conﬁrmato</strong></span> <span class='ocrx_word' id='word_1_556' title='bbox 2555 3425 2623 3463; x_wconf 77' lang='grc'><strong>¹³⁶</strong></span> <span class='ocrx_word' id='word_1_557' title='bbox 2663 3431 2722 3480; x_wconf 89' lang='lat' dir='ltr'><strong>et</strong></span> <span class='ocrx_word' id='word_1_558' title='bbox 2765 3430 3108 3493; x_wconf 91' lang='lat' dir='ltr'><strong>constructo,</strong></span> <span class='ocrx_word' id='word_1_559' title='bbox 3165 3425 3530 3479; x_wconf 89' lang='lat' dir='ltr'><strong>inimicorum</strong></span> <span class='ocrx_word' id='word_1_560' title='bbox 3589 3422 3658 3460; x_wconf 74' lang='grc'><strong>’³⁷</strong></span> <span class='ocrx_word' id='word_1_561' title='bbox 3707 3427 3883 3480; x_wconf 89' lang='lat' dir='ltr'><strong>auda-</strong></span> 
     </span>
    </p>
   </div>
   <div class='ocr_carea' id='block_1_77' title="bbox 2169 3511 3880 3583">
    <p class='ocr_par' dir='ltr' id='par_1_77' title="bbox 2169 3511 3880 3583">
     <span class='ocr_line' id='line_1_77' title="bbox 2169 3511 3880 3583; baseline 0.001 -16"><span class='ocrx_word' id='word_1_562' title='bbox 2169 3515 2328 3568; x_wconf 91' lang='lat' dir='ltr'><strong>cibus</strong></span> <span class='ocrx_word' id='word_1_563' title='bbox 2359 3515 2521 3568; x_wconf 89' lang='lat' dir='ltr'><strong>factis</strong></span> <span class='ocrx_word' id='word_1_564' title='bbox 2563 3511 2632 3551; x_wconf 75' lang='grc'><strong>¹³⁸</strong></span> <span class='ocrx_word' id='word_1_565' title='bbox 2658 3514 2885 3568; x_wconf 84' lang='lat' dir='ltr'><strong>fortiter</strong></span> <span class='ocrx_word' id='word_1_566' title='bbox 2913 3514 3212 3568; x_wconf 90' lang='lat' dir='ltr'><strong>resistebat</strong></span> <span class='ocrx_word' id='word_1_567' title='bbox 3243 3519 3299 3567; x_wconf 88' lang='lat' dir='ltr'><strong>et</strong></span> <span class='ocrx_word' id='word_1_568' title='bbox 3331 3529 3492 3583; x_wconf 89' lang='lat' dir='ltr'><strong>spem</strong></span> <span class='ocrx_word' id='word_1_569' title='bbox 3523 3513 3644 3566; x_wconf 89' lang='lat' dir='ltr'><strong>suis</strong></span> <span class='ocrx_word' id='word_1_570' title='bbox 3673 3511 3747 3547; x_wconf 78' lang='lat'><strong>“9</strong></span> <span class='ocrx_word' id='word_1_571' title='bbox 3777 3531 3880 3568; x_wconf 90' lang='lat' dir='ltr'><strong>au-</strong></span> 
     </span>
    </p>
   </div>
   <div class='ocr_carea' id='block_1_78' title="bbox 2171 3600 3882 3674">
    <p class='ocr_par' dir='ltr' id='par_1_78' title="bbox 2171 3600 3882 3674">
     <span class='ocr_line' id='line_1_78' title="bbox 2171 3600 3882 3674; baseline -0.001 -18"><span class='ocrx_word' id='word_1_572' title='bbox 2171 3604 2383 3674; x_wconf 86' lang='lat' dir='ltr'><strong>gebat;</strong></span> <span class='ocrx_word' id='word_1_573' title='bbox 2433 3603 2778 3673; x_wconf 88' lang='lat' dir='ltr'><strong>plerumque</strong></span> <span class='ocrx_word' id='word_1_574' title='bbox 2835 3602 3008 3656; x_wconf 88' lang='lat' dir='ltr'><strong>etiam</strong></span> <span class='ocrx_word' id='word_1_575' title='bbox 3059 3602 3215 3672; x_wconf 90' lang='lat' dir='ltr'><strong>ipsos</strong></span> <span class='ocrx_word' id='word_1_576' title='bbox 3262 3600 3334 3639; x_wconf 76' lang='grc'><strong>¹⁵⁰</strong></span> <span class='ocrx_word' id='word_1_577' title='bbox 3378 3602 3571 3655; x_wconf 89' lang='lat' dir='ltr'><strong>hostes</strong></span> <span class='ocrx_word' id='word_1_578' title='bbox 3625 3601 3795 3656; x_wconf 89' lang='lat' dir='ltr'><strong>dictis</strong></span> <span class='ocrx_word' id='word_1_579' title='bbox 3829 3606 3882 3655; x_wconf 91' lang='lat' dir='ltr'><strong>et</strong></span> 
     </span>
    </p>
   </div>
   <div class='ocr_carea' id='block_1_79' title="bbox 2168 3690 2989 3760">
    <p class='ocr_par' dir='ltr' id='par_1_79' title="bbox 2168 3690 2989 3760">
     <span class='ocr_line' id='line_1_79' title="bbox 2168 3690 2989 3760; baseline -0.001 -15"><span class='ocrx_word' id='word_1_580' title='bbox 2168 3691 2333 3745; x_wconf 82' lang='lat' dir='ltr'><strong>factis</strong></span> <span class='ocrx_word' id='word_1_581' title='bbox 2366 3690 2692 3760; x_wconf 91' lang='lat' dir='ltr'><strong>intrepidus</strong></span> <span class='ocrx_word' id='word_1_582' title='bbox 2722 3692 2989 3745; x_wconf 89' lang='lat' dir='ltr'><strong>terrebat.</strong></span> 
     </span>
    </p>
   </div>
   <div class='ocr_carea' id='block_1_80' title="bbox 2240 3777 3880 3848">
    <p class='ocr_par' dir='ltr' id='par_1_80' title="bbox 2240 3777 3880 3848">
     <span class='ocr_line' id='line_1_80' title="bbox 2240 3777 3880 3848; baseline 0 -16"><span class='ocrx_word' id='word_1_583' title='bbox 2240 3782 2293 3832; x_wconf 92' lang='lat'><strong>8.</strong></span> <span class='ocrx_word' id='word_1_584' title='bbox 2329 3780 2531 3832; x_wconf 87' lang='lat' dir='ltr'><strong>Postea</strong></span> <span class='ocrx_word' id='word_1_585' title='bbox 2579 3795 2714 3832; x_wconf 90' lang='lat' dir='ltr'><strong>vero</strong></span> <span class='ocrx_word' id='word_1_586' title='bbox 2746 3778 2816 3814; x_wconf 68' lang='grc'><strong>⁴⁸¹</strong></span> <span class='ocrx_word' id='word_1_587' title='bbox 2864 3777 3073 3832; x_wconf 90' lang='lat' dir='ltr'><strong>sedatis</strong></span> <span class='ocrx_word' id='word_1_588' title='bbox 3119 3777 3500 3833; x_wconf 89' lang='lat' dir='ltr'><strong>seditionibus</strong></span> <span class='ocrx_word' id='word_1_589' title='bbox 3528 3782 3586 3831; x_wconf 92' lang='lat' dir='ltr'><strong>et</strong></span> <span class='ocrx_word' id='word_1_590' title='bbox 3614 3794 3758 3848; x_wconf 88' lang='lat' dir='ltr'><strong>pace</strong></span> <span class='ocrx_word' id='word_1_591' title='bbox 3791 3778 3880 3832; x_wconf 87' lang='lat' dir='ltr'><strong>iu-</strong></span> 
     </span>
    </p>
   </div>
   <div class='ocr_carea' id='block_1_81' title="bbox 2170 3867 3880 3938">
    <p class='ocr_par' dir='ltr' id='par_1_81' title="bbox 2170 3867 3880 3938">
     <span class='ocr_line' id='line_1_81' title="bbox 2170 3867 3880 3938; baseline -0.002 -15"><span class='ocrx_word' id='word_1_592' title='bbox 2170 3874 2257 3923; x_wconf 90' lang='lat' dir='ltr'><strong>ter</strong></span> <span class='ocrx_word' id='word_1_593' title='bbox 2285 3868 2414 3921; x_wconf 89' lang='lat' dir='ltr'><strong>illos</strong></span> <span class='ocrx_word' id='word_1_594' title='bbox 2459 3867 2547 3920; x_wconf 87' lang='lat' dir='ltr'><strong>vix</strong></span> <span class='ocrx_word' id='word_1_595' title='bbox 2578 3868 2806 3922; x_wconf 88' lang='lat' dir='ltr'><strong>ﬁrmata</strong></span> <span class='ocrx_word' id='word_1_596' title='bbox 2855 3867 2945 3934; x_wconf 71' lang='grc' dir='ltr'><strong>η’,</strong></span> <span class='ocrx_word' id='word_1_597' title='bbox 2975 3868 3142 3937; x_wconf 86' lang='lat' dir='ltr'><strong>jussu</strong></span> <span class='ocrx_word' id='word_1_598' title='bbox 3174 3867 3533 3938; x_wconf 88' lang='lat' dir='ltr'><strong>imperatoris</strong></span> <span class='ocrx_word' id='word_1_599' title='bbox 3572 3867 3880 3938; x_wconf 87' lang='lat' dir='ltr'><strong>episcopus</strong></span> 
     </span>
    </p>
   </div>
   <div class='ocr_carea' id='block_1_82' title="bbox 2169 3955 3881 4026">
    <p class='ocr_par' dir='ltr' id='par_1_82' title="bbox 2169 3955 3881 4026">
     <span class='ocr_line' id='line_1_82' title="bbox 2169 3955 3881 4026; baseline -0.001 -16"><span class='ocrx_word' id='word_1_600' title='bbox 2169 3973 2299 4010; x_wconf 91' lang='lat' dir='ltr'><strong>cum</strong></span> <span class='ocrx_word' id='word_1_601' title='bbox 2359 3961 2643 4026; x_wconf 90' lang='lat' dir='ltr'><strong>apparatu</strong></span> <span class='ocrx_word' id='word_1_602' title='bbox 2687 3972 2898 4026; x_wconf 90' lang='lat' dir='ltr'><strong>magno</strong></span> <span class='ocrx_word' id='word_1_603' title='bbox 2953 3960 3008 4009; x_wconf 92' lang='lat' dir='ltr'><strong>et</strong></span> <span class='ocrx_word' id='word_1_604' title='bbox 3045 3956 3252 4009; x_wconf 90' lang='lat' dir='ltr'><strong>milites</strong></span> <span class='ocrx_word' id='word_1_605' title='bbox 3309 3955 3780 4026; x_wconf 80' lang='lat' dir='ltr'><strong>Moguntinenses</strong></span> <span class='ocrx_word' id='word_1_606' title='bbox 3813 3955 3881 3992; x_wconf 75' lang='grc'><strong>¹⁸³</strong></span> 
     </span>
    </p>
   </div>
   <div class='ocr_carea' id='block_1_83' title="bbox 2170 4042 3876 4114">
    <p class='ocr_par' dir='ltr' id='par_1_83' title="bbox 2170 4042 3876 4114">
     <span class='ocr_line' id='line_1_83' title="bbox 2170 4042 3876 4114; baseline -0.001 -16"><span class='ocrx_word' id='word_1_607' title='bbox 2170 4061 2391 4098; x_wconf 85' lang='lat' dir='ltr'><strong>necnon</strong></span> <span class='ocrx_word' id='word_1_608' title='bbox 2422 4049 2478 4098; x_wconf 92' lang='lat' dir='ltr'><strong>et</strong></span> <span class='ocrx_word' id='word_1_609' title='bbox 2506 4044 2683 4098; x_wconf 88' lang='lat' dir='ltr'><strong>abbas</strong></span> <span class='ocrx_word' id='word_1_610' title='bbox 2714 4044 3011 4098; x_wconf 85' lang='lat' dir='ltr'><strong>Fuldensis</strong></span> <span class='ocrx_word' id='word_1_611' title='bbox 3039 4050 3213 4114; x_wconf 88' lang='lat' dir='ltr'><strong>atque</strong></span> <span class='ocrx_word' id='word_1_612' title='bbox 3248 4042 3315 4080; x_wconf 63' lang='grc' dir='ltr'><strong>ηδ</strong></span> <span class='ocrx_word' id='word_1_613' title='bbox 3345 4044 3646 4114; x_wconf 89' lang='lat' dir='ltr'><strong>episcopus</strong></span> <span class='ocrx_word' id='word_1_614' title='bbox 3673 4044 3876 4098; x_wconf 86' lang='lat' dir='ltr'><strong>Wirtz-</strong></span> 
     </span>
    </p>
   </div>
   <div class='ocr_carea' id='block_1_84' title="bbox 2167 4131 3878 4201">
    <p class='ocr_par' dir='ltr' id='par_1_84' title="bbox 2167 4131 3878 4201">
     <span class='ocr_line' id='line_1_84' title="bbox 2167 4131 3878 4201; baseline 0.001 -16"><span class='ocrx_word' id='word_1_615' title='bbox 2167 4131 2468 4201; x_wconf 87' lang='lat' dir='ltr'><strong>burgensis</strong></span> <span class='ocrx_word' id='word_1_616' title='bbox 2515 4147 2646 4186; x_wconf 91' lang='lat' dir='ltr'><strong>cum</strong></span> <span class='ocrx_word' id='word_1_617' title='bbox 2692 4148 2811 4186; x_wconf 92' lang='lat' dir='ltr'><strong>non</strong></span> <span class='ocrx_word' id='word_1_618' title='bbox 2870 4132 3095 4185; x_wconf 89' lang='lat' dir='ltr'><strong>modica</strong></span> <span class='ocrx_word' id='word_1_619' title='bbox 3138 4131 3507 4186; x_wconf 82' lang='lat' dir='ltr'><strong>multitudine</strong></span> <span class='ocrx_word' id='word_1_620' title='bbox 3547 4131 3608 4185; x_wconf 91' lang='lat' dir='ltr'><strong>in</strong></span> <span class='ocrx_word' id='word_1_621' title='bbox 3652 4133 3878 4186; x_wconf 89' lang='lat' dir='ltr'><strong>Italiam</strong></span> 
     </span>
    </p>
   </div>
   <div class='ocr_carea' id='block_1_85' title="bbox 2168 4219 3877 4291">
    <p class='ocr_par' dir='ltr' id='par_1_85' title="bbox 2168 4219 3877 4291">
     <span class='ocr_line' id='line_1_85' title="bbox 2168 4219 3877 4291; baseline 0 -18"><span class='ocrx_word' id='word_1_622' title='bbox 2168 4219 2408 4291; x_wconf 90' lang='lat' dir='ltr'><strong>profecti</strong></span> <span class='ocrx_word' id='word_1_623' title='bbox 2464 4225 2598 4275; x_wconf 90' lang='lat' dir='ltr'><strong>sunt</strong></span> <span class='ocrx_word' id='word_1_624' title='bbox 2644 4219 2758 4289; x_wconf 86' lang='lat' dir='ltr'><strong>(an.</strong></span> <span class='ocrx_word' id='word_1_625' title='bbox 2816 4221 2992 4286; x_wconf 85' lang='grc'>1001).</span> <span class='ocrx_word' id='word_1_626' title='bbox 3052 4219 3308 4291; x_wconf 89' lang='lat' dir='ltr'><strong>Cumque</strong></span> <span class='ocrx_word' id='word_1_627' title='bbox 3358 4220 3612 4274; x_wconf 85' lang='lat' dir='ltr'><strong>maximo</strong></span> <span class='ocrx_word' id='word_1_628' title='bbox 3663 4222 3877 4275; x_wconf 89' lang='lat' dir='ltr'><strong>sudore</strong></span> 
     </span>
    </p>
   </div>
   <div class='ocr_carea' id='block_1_86' title="bbox 1779 4372 2443 4429">
    <p class='ocr_par' dir='ltr' id='par_1_86' title="bbox 1779 4372 2443 4429">
     <span class='ocr_line' id='line_1_86' title="bbox 1779 4372 2443 4429; baseline 0.005 -5"><span class='ocrx_word' id='word_1_629' title='bbox 1779 4372 2006 4425; x_wconf 68' lang='lat' dir='ltr'><strong>VARIAS</strong></span> <span class='ocrx_word' id='word_1_630' title='bbox 2047 4374 2340 4429; x_wconf 86' lang='lat' dir='ltr'><strong>LECTION</strong></span> <span class='ocrx_word' id='word_1_631' title='bbox 2352 4375 2443 4428; x_wconf 90' lang='lat' dir='ltr'><strong>ES.</strong></span> 
     </span>
    </p>
   </div>
   <div class='ocr_carea' id='block_1_87' title="bbox 423 4479 1536 4546">
    <p class='ocr_par' dir='ltr' id='par_1_87' title="bbox 423 4479 1536 4546">
     <span class='ocr_line' id='line_1_87' title="bbox 423 4479 1536 4546; baseline -0.004 -9"><span class='ocrx_word' id='word_1_632' title='bbox 423 4481 495 4516; x_wconf 70' lang='lat'><strong>“’3</strong></span> <span class='ocrx_word' id='word_1_633' title='bbox 550 4483 694 4536; x_wconf 80' lang='lat' dir='ltr'><strong>deest</strong></span> <span class='ocrx_word' id='word_1_634' title='bbox 751 4484 804 4534; x_wconf 95' lang='lat'><strong>2.</strong></span> <span class='ocrx_word' id='word_1_635' title='bbox 920 4479 992 4517; x_wconf 77' lang='grc'><strong>¹⁰¹⁸</strong></span> <span class='ocrx_word' id='word_1_636' title='bbox 1050 4481 1087 4534; x_wconf 91' lang='lat' dir='ltr'><strong>i.</strong></span> <span class='ocrx_word' id='word_1_637' title='bbox 1149 4485 1288 4534; x_wconf 65' lang='lat' dir='ltr'><strong>aetas</strong></span> <span class='ocrx_word' id='word_1_638' title='bbox 1354 4479 1421 4546; x_wconf 65' lang='grc' dir='ltr'><strong>(ἰν)</strong></span> <span class='ocrx_word' id='word_1_639' title='bbox 1474 4483 1536 4533; x_wconf 97' lang='grc'><strong>2.</strong></span> 
     </span>
    </p>
   </div>
   <div class='ocr_carea' id='block_1_88' title="bbox 352 4548 1925 4624">
    <p class='ocr_par' dir='ltr' id='par_1_88' title="bbox 352 4548 1925 4624">
     <span class='ocr_line' id='line_1_88' title="bbox 352 4548 1925 4624; baseline 0.009 -34"><span class='ocrx_word' id='word_1_640' title='bbox 352 4551 443 4624; x_wconf 56' lang='grc' dir='ltr'><strong>ως·</strong></span> <span class='ocrx_word' id='word_1_641' title='bbox 494 4555 713 4624; x_wconf 85' lang='lat' dir='ltr'><strong>aliquot</strong></span> <span class='ocrx_word' id='word_1_642' title='bbox 763 4555 814 4606; x_wconf 92' lang='lat'><strong>2.</strong></span> <span class='ocrx_word' id='word_1_643' title='bbox 895 4551 965 4624; x_wconf 65' lang='grc'><strong>10⁷</strong></span> <span class='ocrx_word' id='word_1_644' title='bbox 1021 4553 1090 4604; x_wconf 91' lang='lat' dir='ltr'><strong>ad</strong></span> <span class='ocrx_word' id='word_1_645' title='bbox 1148 4555 1199 4624; x_wconf 97' lang='lat'><strong>2.</strong></span> <span class='ocrx_word' id='word_1_646' title='bbox 1265 4548 1378 4624; x_wconf 76' lang='lat'><strong>_“’7&#39;</strong></span> <span class='ocrx_word' id='word_1_647' title='bbox 1436 4550 1824 4624; x_wconf 74' lang='lat' dir='ltr'><strong>Heilegenstat</strong></span> <span class='ocrx_word' id='word_1_648' title='bbox 1879 4555 1925 4604; x_wconf 92' lang='grc'>1,</span> 
     </span>
    </p>
   </div>
   <div class='ocr_carea' id='block_1_89' title="bbox 1655 4478 2700 4537">
    <p class='ocr_par' dir='ltr' id='par_1_89' title="bbox 1655 4478 2700 4537">
     <span class='ocr_line' id='line_1_89' title="bbox 1655 4478 2700 4537; baseline 0.003 -4"><span class='ocrx_word' id='word_1_649' title='bbox 1655 4478 1728 4513; x_wconf 82' lang='grc'><strong>⁴⁰⁵</strong></span> <span class='ocrx_word' id='word_1_650' title='bbox 1787 4497 1836 4533; x_wconf 92' lang='lat' dir='ltr'><strong>c.</strong></span> <span class='ocrx_word' id='word_1_651' title='bbox 1898 4482 2132 4535; x_wconf 91' lang='lat' dir='ltr'><strong>tandem</strong></span> <span class='ocrx_word' id='word_1_652' title='bbox 2192 4500 2251 4536; x_wconf 90' lang='lat' dir='ltr'><strong>se</strong></span> <span class='ocrx_word' id='word_1_653' title='bbox 2308 4483 2595 4537; x_wconf 87' lang='lat' dir='ltr'><strong>facturum</strong></span> <span class='ocrx_word' id='word_1_654' title='bbox 2647 4486 2700 4536; x_wconf 90' lang='lat'><strong>2.</strong></span> 
     </span>
    </p>
   </div>
   <div class='ocr_carea' id='block_1_90' title="bbox 2008 4551 3395 4625">
    <p class='ocr_par' dir='ltr' id='par_1_90' title="bbox 2008 4551 3395 4625">
     <span class='ocr_line' id='line_1_90' title="bbox 2008 4551 3395 4625; baseline -0.002 -17"><span class='ocrx_word' id='word_1_655' title='bbox 2008 4551 2077 4586; x_wconf 82' lang='grc'><strong>¹⁰⁸</strong></span> <span class='ocrx_word' id='word_1_656' title='bbox 2131 4555 2196 4608; x_wconf 83' lang='grc' dir='ltr'><strong>Η.</strong></span> <span class='ocrx_word' id='word_1_657' title='bbox 2253 4555 2486 4607; x_wconf 90' lang='lat' dir='ltr'><strong>accessit</strong></span> <span class='ocrx_word' id='word_1_658' title='bbox 2540 4556 2592 4607; x_wconf 89' lang='lat'><strong>2.</strong></span> <span class='ocrx_word' id='word_1_659' title='bbox 2670 4551 2769 4586; x_wconf 69' lang='grc'><strong>⁴⁰⁸⁸</strong></span> <span class='ocrx_word' id='word_1_660' title='bbox 2838 4554 3125 4625; x_wconf 89' lang='lat' dir='ltr'><strong>Sequente</strong></span> <span class='ocrx_word' id='word_1_661' title='bbox 3191 4556 3244 4606; x_wconf 92' lang='lat'><strong>2.</strong></span> <span class='ocrx_word' id='word_1_662' title='bbox 3325 4551 3395 4625; x_wconf 59' lang='lat'><strong>&#39;99</strong></span> 
     </span>
    </p>
   </div>
   <div class='ocr_carea' id='block_1_91' title="bbox 353 4621 3508 4693">
    <p class='ocr_par' dir='ltr' id='par_1_91' title="bbox 353 4621 3508 4693">
     <span class='ocr_line' id='line_1_91' title="bbox 353 4621 3508 4693; baseline 0 -17"><span class='ocrx_word' id='word_1_663' title='bbox 353 4622 444 4685; x_wconf 66' lang='lat'><strong>“’9&#39;</strong></span> <span class='ocrx_word' id='word_1_664' title='bbox 541 4621 609 4678; x_wconf 53' lang='lat' dir='ltr'><strong>af</strong></span> <span class='ocrx_word' id='word_1_665' title='bbox 659 4623 994 4693; x_wconf 81' lang='lat' dir='ltr'><strong>Moguntino</strong></span> <span class='ocrx_word' id='word_1_666' title='bbox 1057 4621 1345 4691; x_wconf 85' lang='lat' dir='ltr'><strong>Willegiso</strong></span> <span class='ocrx_word' id='word_1_667' title='bbox 1400 4625 1449 4675; x_wconf 89' lang='lat'><strong>2.</strong></span> <span class='ocrx_word' id='word_1_668' title='bbox 1527 4621 1598 4693; x_wconf 55' lang='lat' dir='ltr'><strong>llo</strong></span> <span class='ocrx_word' id='word_1_669' title='bbox 1653 4621 1708 4693; x_wconf 81' lang='lat' dir='ltr'><strong>d.</strong></span> <span class='ocrx_word' id='word_1_670' title='bbox 1769 4627 1856 4675; x_wconf 90' lang='lat' dir='ltr'><strong>est</strong></span> <span class='ocrx_word' id='word_1_671' title='bbox 1911 4625 1963 4675; x_wconf 88' lang='lat'><strong>2.</strong></span> <span class='ocrx_word' id='word_1_672' title='bbox 2042 4626 2140 4690; x_wconf 82' lang='lat' dir='ltr'><strong>qui</strong></span> <span class='ocrx_word' id='word_1_673' title='bbox 2187 4639 2384 4678; x_wconf 85' lang='lat' dir='ltr'><strong>novum</strong></span> <span class='ocrx_word' id='word_1_674' title='bbox 2451 4625 2720 4693; x_wconf 72' lang='lat' dir='ltr'><strong>incipiens</strong></span> <span class='ocrx_word' id='word_1_675' title='bbox 2778 4621 2950 4693; x_wconf 68' lang='lat' dir='ltr'><strong>caput</strong></span> <span class='ocrx_word' id='word_1_676' title='bbox 3000 4625 3226 4677; x_wconf 84' lang='lat' dir='ltr'><strong>rubram</strong></span> <span class='ocrx_word' id='word_1_677' title='bbox 3281 4621 3508 4677; x_wconf 48' lang='lat' dir='ltr'><strong>addif:</strong></span> 
     </span>
    </p>
   </div>
   <div class='ocr_carea' id='block_1_92' title="bbox 2818 4481 3873 4539">
    <p class='ocr_par' dir='ltr' id='par_1_92' title="bbox 2818 4481 3873 4539">
     <span class='ocr_line' id='line_1_92' title="bbox 2818 4481 3873 4539; baseline 0.001 -4"><span class='ocrx_word' id='word_1_678' title='bbox 2818 4481 2912 4519; x_wconf 80' lang='grc' dir='ltr'>⁶⁰⁵ο</span> <span class='ocrx_word' id='word_1_679' title='bbox 2977 4499 3178 4537; x_wconf 89' lang='lat' dir='ltr'><strong>omnes</strong></span> <span class='ocrx_word' id='word_1_680' title='bbox 3237 4487 3292 4537; x_wconf 87' lang='lat'><strong>2.</strong></span> <span class='ocrx_word' id='word_1_681' title='bbox 3409 4482 3479 4518; x_wconf 88' lang='grc'><strong>¹⁰⁶</strong></span> <span class='ocrx_word' id='word_1_682' title='bbox 3537 4482 3760 4537; x_wconf 88' lang='lat' dir='ltr'><strong>abortis</strong></span> <span class='ocrx_word' id='word_1_683' title='bbox 3825 4490 3873 4539; x_wconf 87' lang='lat' dir='ltr'><strong>l.</strong></span> 
     </span>
    </p>
   </div>
   <div class='ocr_carea' id='block_1_93' title="bbox 3450 4555 3870 4623">
    <p class='ocr_par' dir='ltr' id='par_1_93' title="bbox 3450 4555 3870 4623">
     <span class='ocr_line' id='line_1_93' title="bbox 3450 4555 3870 4623; baseline 0 -17"><span class='ocrx_word' id='word_1_684' title='bbox 3450 4569 3562 4623; x_wconf 89' lang='lat' dir='ltr'><strong>que</strong></span> <span class='ocrx_word' id='word_1_685' title='bbox 3613 4555 3766 4608; x_wconf 81' lang='lat' dir='ltr'><strong>deest</strong></span> <span class='ocrx_word' id='word_1_686' title='bbox 3820 4560 3870 4608; x_wconf 88' lang='lat'><strong>2.</strong></span> 
     </span>
    </p>
   </div>
   <div class='ocr_carea' id='block_1_94' title="bbox 3569 4625 3876 4688">
    <p class='ocr_par' dir='ltr' id='par_1_94' title="bbox 3569 4625 3876 4688">
     <span class='ocr_line' id='line_1_94' title="bbox 3569 4625 3876 4688; baseline 0.003 -11"><span class='ocrx_word' id='word_1_687' title='bbox 3569 4625 3876 4688; x_wconf 86' lang='lat' dir='ltr'><strong>Quomodo</strong></span> 
     </span>
    </p>
   </div>
   <div class='ocr_carea' id='block_1_95' title="bbox 357 4691 3877 4764">
    <p class='ocr_par' dir='ltr' id='par_1_95' title="bbox 357 4691 3877 4764">
     <span class='ocr_line' id='line_1_95' title="bbox 357 4691 3877 4764; baseline 0.001 -17"><span class='ocrx_word' id='word_1_688' title='bbox 357 4695 710 4748; x_wconf 89' lang='lat' dir='ltr'><strong>Burchardus</strong></span> <span class='ocrx_word' id='word_1_689' title='bbox 761 4691 1076 4764; x_wconf 34' lang='lat' dir='ltr'><strong>“episcopus</strong></span> <span class='ocrx_word' id='word_1_690' title='bbox 1149 4691 1576 4764; x_wconf 87' lang='lat' dir='ltr'><strong>Wormatiensis</strong></span> <span class='ocrx_word' id='word_1_691' title='bbox 1623 4691 1826 4764; x_wconf 72' lang='lat' dir='ltr'><strong>factus</strong></span> <span class='ocrx_word' id='word_1_692' title='bbox 1856 4693 2252 4764; x_wconf 86' lang='lat' dir='ltr'><strong>_Wormatiam</strong></span> <span class='ocrx_word' id='word_1_693' title='bbox 2315 4691 2581 4758; x_wconf 60' lang='lat' dir='ltr'><strong>visitavit,</strong></span> <span class='ocrx_word' id='word_1_694' title='bbox 2640 4691 2858 4764; x_wconf 52' lang='lat' dir='ltr'><strong>quam_</strong></span> <span class='ocrx_word' id='word_1_695' title='bbox 2891 4697 3210 4748; x_wconf 88' lang='lat' dir='ltr'><strong>desolatam</strong></span> <span class='ocrx_word' id='word_1_696' title='bbox 3263 4694 3513 4764; x_wconf 84' lang='lat' dir='ltr'><strong>invenit,</strong></span> <span class='ocrx_word' id='word_1_697' title='bbox 3555 4700 3684 4749; x_wconf 85' lang='lat' dir='ltr'><strong>tunc</strong></span> <span class='ocrx_word' id='word_1_698' title='bbox 3755 4712 3877 4750; x_wconf 81' lang='lat' dir='ltr'><strong>vero</strong></span> 
     </span>
    </p>
   </div>
   <div class='ocr_carea' id='block_1_96' title="bbox 350 4762 3878 4835">
    <p class='ocr_par' dir='ltr' id='par_1_96' title="bbox 350 4762 3878 4835">
     <span class='ocr_line' id='line_1_96' title="bbox 350 4762 3878 4835; baseline 0.001 -19"><span class='ocrx_word' id='word_1_699' title='bbox 350 4767 530 4832; x_wconf 67' lang='lat' dir='ltr'><strong>pergit</strong></span> <span class='ocrx_word' id='word_1_700' title='bbox 562 4781 574 4817; x_wconf 93' lang='lat'>:</span> <span class='ocrx_word' id='word_1_701' title='bbox 611 4762 984 4818; x_wconf 74' lang='lat' dir='ltr'><strong>Burchardus</strong></span> <span class='ocrx_word' id='word_1_702' title='bbox 1007 4764 1201 4833; x_wconf 89' lang='lat' dir='ltr'><strong>itaque</strong></span> <span class='ocrx_word' id='word_1_703' title='bbox 1260 4763 1532 4835; x_wconf 84' lang='lat' dir='ltr'><strong>recedens</strong></span> <span class='ocrx_word' id='word_1_704' title='bbox 1587 4763 1657 4816; x_wconf 90' lang='lat' dir='ltr'><strong>ab</strong></span> <span class='ocrx_word' id='word_1_705' title='bbox 1713 4762 2141 4835; x_wconf 72' lang='lat' dir='ltr'><strong>archiepiscopo</strong></span> <span class='ocrx_word' id='word_1_706' title='bbox 2197 4766 2570 4818; x_wconf 86' lang='lat' dir='ltr'><strong>Wormatiam</strong></span> <span class='ocrx_word' id='word_1_707' title='bbox 2626 4762 2799 4823; x_wconf 77' lang='lat' dir='ltr'><strong>venit.</strong></span> <span class='ocrx_word' id='word_1_708' title='bbox 2861 4781 3035 4835; x_wconf 88' lang='lat' dir='ltr'><strong>quam</strong></span> <span class='ocrx_word' id='word_1_709' title='bbox 3075 4766 3447 4819; x_wconf 78' lang='lat' dir='ltr'><strong>destructam.</strong></span> <span class='ocrx_word' id='word_1_710' title='bbox 3499 4763 3603 4798; x_wconf 75' lang='grc'><strong>¹¹⁰¹¹</strong></span> <span class='ocrx_word' id='word_1_711' title='bbox 3641 4767 3878 4821; x_wconf 85' lang='lat' dir='ltr'><strong>devora-</strong></span> 
     </span>
    </p>
   </div>
   <div class='ocr_carea' id='block_1_97' title="bbox 351 4832 3868 4893">
    <p class='ocr_par' dir='ltr' id='par_1_97' title="bbox 351 4832 3868 4893">
     <span class='ocr_line' id='line_1_97' title="bbox 351 4832 3868 4893; baseline 0.002 -6"><span class='ocrx_word' id='word_1_712' title='bbox 351 4835 492 4888; x_wconf 89' lang='lat' dir='ltr'><strong>bant</strong></span> <span class='ocrx_word' id='word_1_713' title='bbox 522 4838 573 4888; x_wconf 92' lang='lat'><strong>2.</strong></span> <span class='ocrx_word' id='word_1_714' title='bbox 655 4835 722 4870; x_wconf 82' lang='lat'><strong>‘“</strong></span> <span class='ocrx_word' id='word_1_715' title='bbox 773 4832 1196 4888; x_wconf 29' lang='lat' dir='ltr'><strong>terruerunt’ac</strong></span> <span class='ocrx_word' id='word_1_716' title='bbox 1226 4837 1278 4887; x_wconf 93' lang='lat'><strong>2.</strong></span> <span class='ocrx_word' id='word_1_717' title='bbox 1357 4832 1451 4870; x_wconf 76' lang='grc'><strong>¹¹¹¹</strong></span> <span class='ocrx_word' id='word_1_718' title='bbox 1497 4840 1802 4886; x_wconf 88' lang='lat' dir='ltr'><strong>evaserunt</strong></span> <span class='ocrx_word' id='word_1_719' title='bbox 1830 4832 1923 4888; x_wconf 21' lang='lat'><strong>2.7</strong></span> <span class='ocrx_word' id='word_1_720' title='bbox 1960 4833 2037 4870; x_wconf 84' lang='grc'><strong>¹¹²</strong></span> <span class='ocrx_word' id='word_1_721' title='bbox 2090 4835 2322 4889; x_wconf 85' lang='lat' dir='ltr'><strong>aiebant</strong></span> <span class='ocrx_word' id='word_1_722' title='bbox 2375 4840 2426 4889; x_wconf 90' lang='lat'><strong>2.</strong></span> <span class='ocrx_word' id='word_1_723' title='bbox 2505 4835 2595 4872; x_wconf 79' lang='grc'><strong>¹¹²⁶</strong></span> <span class='ocrx_word' id='word_1_724' title='bbox 2637 4836 2676 4889; x_wconf 91' lang='lat' dir='ltr'><strong>i.</strong></span> <span class='ocrx_word' id='word_1_725' title='bbox 2732 4832 2963 4889; x_wconf 73' lang='lat' dir='ltr'><strong>offerret</strong></span> <span class='ocrx_word' id='word_1_726' title='bbox 2991 4840 3039 4889; x_wconf 84' lang='lat'><strong>2.</strong></span> <span class='ocrx_word' id='word_1_727' title='bbox 3123 4836 3191 4872; x_wconf 76' lang='lat'><strong>“3</strong></span> <span class='ocrx_word' id='word_1_728' title='bbox 3245 4836 3281 4889; x_wconf 91' lang='lat' dir='ltr'><strong>i.</strong></span> <span class='ocrx_word' id='word_1_729' title='bbox 3339 4836 3791 4891; x_wconf 89' lang='lat' dir='ltr'><strong>semimortuum</strong></span> <span class='ocrx_word' id='word_1_730' title='bbox 3819 4841 3868 4893; x_wconf 85' lang='grc'><strong>2.</strong></span> 
     </span>
    </p>
   </div>
   <div class='ocr_carea' id='block_1_98' title="bbox 351 4903 3879 4977">
    <p class='ocr_par' dir='ltr' id='par_1_98' title="bbox 351 4903 3879 4977">
     <span class='ocr_line' id='line_1_98' title="bbox 351 4903 3879 4977; baseline 0.002 -21"><span class='ocrx_word' id='word_1_731' title='bbox 351 4903 446 4977; x_wconf 52' lang='grc'><strong>⁸1³⁸</strong></span> <span class='ocrx_word' id='word_1_732' title='bbox 503 4903 811 4977; x_wconf 80' lang='lat' dir='ltr'><strong>talique2.</strong></span> <span class='ocrx_word' id='word_1_733' title='bbox 891 4903 965 4938; x_wconf 60' lang='lat'><strong>1“</strong></span> <span class='ocrx_word' id='word_1_734' title='bbox 1020 4920 1076 4956; x_wconf 84' lang='grc' dir='ltr'><strong>η.</strong></span> <span class='ocrx_word' id='word_1_735' title='bbox 1121 4910 1179 4977; x_wconf 85' lang='lat' dir='ltr'><strong>et</strong></span> <span class='ocrx_word' id='word_1_736' title='bbox 1225 4907 1276 4957; x_wconf 92' lang='lat'><strong>2.</strong></span> <span class='ocrx_word' id='word_1_737' title='bbox 1359 4903 1452 4977; x_wconf 47' lang='grc' dir='ltr'><strong>ην</strong></span> <span class='ocrx_word' id='word_1_738' title='bbox 1484 4905 1748 4977; x_wconf 48' lang='grc' dir='ltr'><strong>κρίνβε</strong></span> <span class='ocrx_word' id='word_1_739' title='bbox 1794 4908 1847 4957; x_wconf 92' lang='grc'><strong>2.</strong></span> <span class='ocrx_word' id='word_1_740' title='bbox 1925 4904 2001 4940; x_wconf 82' lang='grc'><strong>¹¹⁵</strong></span> <span class='ocrx_word' id='word_1_741' title='bbox 2030 4905 2232 4977; x_wconf 85' lang='lat' dir='ltr'><strong>domos</strong></span> <span class='ocrx_word' id='word_1_742' title='bbox 2284 4910 2330 4959; x_wconf 86' lang='lat' dir='ltr'><strong>l.</strong></span> <span class='ocrx_word' id='word_1_743' title='bbox 2392 4906 2462 4943; x_wconf 78' lang='grc'>¹¹⁶</span> <span class='ocrx_word' id='word_1_744' title='bbox 2493 4910 2545 4959; x_wconf 87' lang='grc'><strong>2.</strong></span> <span class='ocrx_word' id='word_1_745' title='bbox 2575 4907 2706 4977; x_wconf 71' lang='lat' dir='ltr'><strong>add.</strong></span> <span class='ocrx_word' id='word_1_746' title='bbox 2741 4907 2964 4960; x_wconf 78' lang='lat' dir='ltr'><strong>rubrum</strong></span> <span class='ocrx_word' id='word_1_747' title='bbox 2997 4923 3008 4960; x_wconf 94' lang='lat'>:</span> <span class='ocrx_word' id='word_1_748' title='bbox 3045 4906 3344 4969; x_wconf 88' lang='lat' dir='ltr'><strong>Quomodo</strong></span> <span class='ocrx_word' id='word_1_749' title='bbox 3391 4907 3698 4977; x_wconf 88' lang='lat' dir='ltr'><strong>episcopus</strong></span> <span class='ocrx_word' id='word_1_750' title='bbox 3734 4910 3879 4962; x_wconf 91' lang='lat' dir='ltr'><strong>Bur-</strong></span> 
     </span>
    </p>
   </div>
   <div class='ocr_carea' id='block_1_99' title="bbox 353 4973 2214 5045">
    <p class='ocr_par' dir='ltr' id='par_1_99' title="bbox 353 4973 2214 5045">
     <span class='ocr_line' id='line_1_99' title="bbox 353 4973 2214 5045; baseline 0.001 -17"><span class='ocrx_word' id='word_1_751' title='bbox 353 4975 598 5028; x_wconf 84' lang='lat' dir='ltr'><strong>chardus</strong></span> <span class='ocrx_word' id='word_1_752' title='bbox 631 4973 929 5028; x_wconf 82' lang='lat' dir='ltr'><strong>civitatem</strong></span> <span class='ocrx_word' id='word_1_753' title='bbox 983 4974 1217 5045; x_wconf 89' lang='lat' dir='ltr'><strong>munire</strong></span> <span class='ocrx_word' id='word_1_754' title='bbox 1263 4973 1459 5045; x_wconf 9' lang='lat' dir='ltr'><strong>recepit.</strong></span> <span class='ocrx_word' id='word_1_755' title='bbox 1527 4976 1607 5045; x_wconf 14' lang='lat'><strong>7&#39;&quot;</strong></span> <span class='ocrx_word' id='word_1_756' title='bbox 1668 4975 1872 5028; x_wconf 90' lang='lat' dir='ltr'><strong>domos</strong></span> <span class='ocrx_word' id='word_1_757' title='bbox 1924 4977 1972 5027; x_wconf 90' lang='lat'><strong>2.</strong></span> <span class='ocrx_word' id='word_1_758' title='bbox 2052 4974 2123 5011; x_wconf 79' lang='grc'><strong>¹¹⁸</strong></span> <span class='ocrx_word' id='word_1_759' title='bbox 2158 4982 2214 5030; x_wconf 91' lang='lat' dir='ltr'><strong>et</strong></span> 
     </span>
    </p>
   </div>
   <div class='ocr_carea' id='block_1_100' title="bbox 3723 4979 3876 5033">
    <p class='ocr_par' dir='ltr' id='par_1_100' title="bbox 3723 4979 3876 5033">
     <span class='ocr_line' id='line_1_100' title="bbox 3723 4979 3876 5033; baseline 0.013 -21"><span class='ocrx_word' id='word_1_760' title='bbox 3723 4979 3798 5014; x_wconf 70' lang='grc'><strong>190</strong></span> 
     </span>
    </p>
   </div>
   <div class='ocr_carea' id='block_1_101' title="bbox 2268 4976 3611 5046">
    <p class='ocr_par' dir='ltr' id='par_1_101' title="bbox 2268 4976 3611 5046">
     <span class='ocr_line' id='line_1_101' title="bbox 2268 4976 3611 5046; baseline 0.001 -16"><span class='ocrx_word' id='word_1_761' title='bbox 2268 4993 2467 5045; x_wconf 89' lang='lat' dir='ltr'><strong>pacem</strong></span> <span class='ocrx_word' id='word_1_762' title='bbox 2499 4981 2550 5030; x_wconf 90' lang='lat'><strong>2.</strong></span> <span class='ocrx_word' id='word_1_763' title='bbox 2588 4976 2660 5010; x_wconf 69' lang='lat'><strong>&quot;9</strong></span> <span class='ocrx_word' id='word_1_764' title='bbox 2719 4983 2891 5046; x_wconf 87' lang='lat' dir='ltr'><strong>atque</strong></span> <span class='ocrx_word' id='word_1_765' title='bbox 2945 4994 2991 5030; x_wconf 94' lang='lat' dir='ltr'><strong>c.</strong></span> <span class='ocrx_word' id='word_1_766' title='bbox 3054 4977 3530 5030; x_wconf 87' lang='lat' dir='ltr'><strong>Wormatiensem</strong></span> <span class='ocrx_word' id='word_1_767' title='bbox 3561 4976 3611 5032; x_wconf 48' lang='lat'><strong>2:</strong></span> 
     </span>
    </p>
   </div>
   <div class='ocr_carea' id='block_1_102' title="bbox 355 5044 3873 5127">
    <p class='ocr_par' dir='ltr' id='par_1_102' title="bbox 355 5044 3873 5127">
     <span class='ocr_line' id='line_1_102' title="bbox 355 5044 3873 5127; baseline 0.001 -28"><span class='ocrx_word' id='word_1_768' title='bbox 355 5046 486 5099; x_wconf 78' lang='lat' dir='ltr'><strong>add.</strong></span> <span class='ocrx_word' id='word_1_769' title='bbox 511 5045 743 5127; x_wconf 54' lang='lat' dir='ltr'><strong>rubrum</strong></span> <span class='ocrx_word' id='word_1_770' title='bbox 776 5063 791 5097; x_wconf 93' lang='lat'><em>:</em></span> <span class='ocrx_word' id='word_1_771' title='bbox 823 5044 1102 5127; x_wconf 57' lang='lat' dir='ltr'><strong>Sequitur“</strong></span> <span class='ocrx_word' id='word_1_772' title='bbox 1147 5045 1216 5127; x_wconf 81' lang='lat' dir='ltr'><strong>de</strong></span> <span class='ocrx_word' id='word_1_773' title='bbox 1237 5044 1456 5127; x_wconf 44' lang='lat' dir='ltr'><strong>ptto‘ne</strong></span> <span class='ocrx_word' id='word_1_774' title='bbox 1508 5044 1736 5124; x_wconf 42' lang='lat' dir='ltr'><strong>duce.et</strong></span> <span class='ocrx_word' id='word_1_775' title='bbox 1786 5045 1856 5098; x_wconf 90' lang='lat' dir='ltr'><strong>de</strong></span> <span class='ocrx_word' id='word_1_776' title='bbox 1909 5046 2196 5127; x_wconf 51' lang='lat' dir='ltr'><strong>Qonrado”</strong></span> <span class='ocrx_word' id='word_1_777' title='bbox 2225 5044 2344 5127; x_wconf 71' lang='lat' dir='ltr'><strong>tilio</strong></span> <span class='ocrx_word' id='word_1_778' title='bbox 2374 5049 2518 5117; x_wconf 87' lang='lat' dir='ltr'><strong>ejus.</strong></span> <span class='ocrx_word' id='word_1_779' title='bbox 2586 5046 2668 5127; x_wconf 37' lang='lat' dir='ltr'><strong>Am</strong></span> <span class='ocrx_word' id='word_1_780' title='bbox 2700 5044 3024 5127; x_wconf 75' lang='lat' dir='ltr'><strong>ejusque</strong></span> <span class='ocrx_word' id='word_1_781' title='bbox 3075 5049 3176 5127; x_wconf 54' lang='lat' dir='ltr'><strong>“f1</strong></span> <span class='ocrx_word' id='word_1_782' title='bbox 3206 5065 3276 5100; x_wconf 93' lang='lat' dir='ltr'><strong>m.</strong></span> <span class='ocrx_word' id='word_1_783' title='bbox 3314 5048 3543 5127; x_wconf 85' lang='lat' dir='ltr'><strong>ﬁrmam</strong></span> <span class='ocrx_word' id='word_1_784' title='bbox 3578 5054 3620 5101; x_wconf 92' lang='lat' dir='ltr'><strong>t.</strong></span> <span class='ocrx_word' id='word_1_785' title='bbox 3651 5055 3712 5102; x_wconf 88' lang='lat' dir='ltr'><strong>et</strong></span> <span class='ocrx_word' id='word_1_786' title='bbox 3741 5067 3794 5104; x_wconf 94' lang='lat' dir='ltr'><strong>v.</strong></span> <span class='ocrx_word' id='word_1_787' title='bbox 3824 5067 3873 5127; x_wconf 5' lang='lat' dir='ltr'><strong>pa.</strong></span> 
     </span>
    </p>
   </div>
   <div class='ocr_carea' id='block_1_103' title="bbox 359 5113 3878 5188">
    <p class='ocr_par' dir='ltr' id='par_1_103' title="bbox 359 5113 3878 5188">
     <span class='ocr_line' id='line_1_103' title="bbox 359 5113 3878 5188; baseline 0.001 -18"><span class='ocrx_word' id='word_1_788' title='bbox 359 5116 804 5188; x_wconf 84' lang='lat' dir='ltr'><strong>munitissimam</strong></span> <span class='ocrx_word' id='word_1_789' title='bbox 836 5119 888 5168; x_wconf 89' lang='lat'><strong>2.</strong></span> <span class='ocrx_word' id='word_1_790' title='bbox 915 5113 928 5114; x_wconf 30' lang='grc' dir='ltr'>ί</span> <span class='ocrx_word' id='word_1_791' title='bbox 955 5116 1035 5188; x_wconf 50' lang='grc' dir='ltr'><strong>βξ</strong></span> <span class='ocrx_word' id='word_1_792' title='bbox 1064 5114 1289 5188; x_wconf 73' lang='lat' dir='ltr'><strong>dcest_2.</strong></span> <span class='ocrx_word' id='word_1_793' title='bbox 1371 5113 1439 5151; x_wconf 77' lang='grc'><strong>¹²⁸</strong></span> <span class='ocrx_word' id='word_1_794' title='bbox 1469 5132 1520 5188; x_wconf 88' lang='lat' dir='ltr'><strong>o.</strong></span> <span class='ocrx_word' id='word_1_795' title='bbox 1574 5114 1675 5188; x_wconf 88' lang='lat' dir='ltr'><strong>qui</strong></span> <span class='ocrx_word' id='word_1_796' title='bbox 1704 5131 1750 5168; x_wconf 92' lang='lat' dir='ltr'><strong>c.</strong></span> <span class='ocrx_word' id='word_1_797' title='bbox 1773 5133 1838 5188; x_wconf 24' lang='lat' dir='ltr'><strong>7e.</strong></span> <span class='ocrx_word' id='word_1_798' title='bbox 1898 5117 2137 5188; x_wconf 80' lang='lat' dir='ltr'><strong>ejusque</strong></span> <span class='ocrx_word' id='word_1_799' title='bbox 2164 5113 2458 5188; x_wconf 23' lang='lat' dir='ltr'><strong>tidelesk&#39;v.</strong></span> <span class='ocrx_word' id='word_1_800' title='bbox 2495 5135 2546 5171; x_wconf 90' lang='lat' dir='ltr'><strong>v.</strong></span> <span class='ocrx_word' id='word_1_801' title='bbox 2581 5117 2616 5170; x_wconf 84' lang='lat' dir='ltr'><strong>f.</strong></span> <span class='ocrx_word' id='word_1_802' title='bbox 2653 5135 2705 5172; x_wconf 89' lang='lat' dir='ltr'><strong>a.</strong></span> <span class='ocrx_word' id='word_1_803' title='bbox 2727 5113 2997 5188; x_wconf 53' lang='lat' dir='ltr'><strong>&#39;deliquit</strong></span> <span class='ocrx_word' id='word_1_804' title='bbox 3023 5118 3092 5171; x_wconf 91' lang='lat' dir='ltr'><strong>ad</strong></span> <span class='ocrx_word' id='word_1_805' title='bbox 3129 5119 3281 5172; x_wconf 89' lang='lat' dir='ltr'><strong>hunc</strong></span> <span class='ocrx_word' id='word_1_806' title='bbox 3311 5124 3520 5172; x_wconf 88' lang='lat' dir='ltr'><strong>statum</strong></span> <span class='ocrx_word' id='word_1_807' title='bbox 3547 5135 3608 5172; x_wconf 90' lang='lat' dir='ltr'><strong>se</strong></span> <span class='ocrx_word' id='word_1_808' title='bbox 3641 5125 3878 5188; x_wconf 87' lang='lat' dir='ltr'><strong>recepit,</strong></span> 
     </span>
    </p>
   </div>
   <div class='ocr_carea' id='block_1_104' title="bbox 354 5184 3645 5253">
    <p class='ocr_par' dir='ltr' id='par_1_104' title="bbox 354 5184 3645 5253">
     <span class='ocr_line' id='line_1_104' title="bbox 354 5184 3645 5253; baseline 0.001 -13"><span class='ocrx_word' id='word_1_809' title='bbox 354 5195 410 5240; x_wconf 90' lang='lat' dir='ltr'><strong>et</strong></span> <span class='ocrx_word' id='word_1_810' title='bbox 443 5187 522 5241; x_wconf 91' lang='lat' dir='ltr'><strong>sic</strong></span> <span class='ocrx_word' id='word_1_811' title='bbox 571 5186 920 5240; x_wconf 84' lang='lat' dir='ltr'><strong>tutissimum</strong></span> <span class='ocrx_word' id='word_1_812' title='bbox 953 5185 1031 5237; x_wconf 90' lang='lat' dir='ltr'><strong>ibi</strong></span> <span class='ocrx_word' id='word_1_813' title='bbox 1065 5184 1354 5238; x_wconf 87' lang='lat' dir='ltr'><strong>habebant</strong></span> <span class='ocrx_word' id='word_1_814' title='bbox 1409 5185 1718 5253; x_wconf 82' lang='lat' dir='ltr'><strong>refugium.</strong></span> <span class='ocrx_word' id='word_1_815' title='bbox 1772 5184 1940 5238; x_wconf 60' lang='grc' dir='ltr'><strong>υηόεέ</strong></span> <span class='ocrx_word' id='word_1_816' title='bbox 1962 5193 2014 5240; x_wconf 93' lang='lat' dir='ltr'><strong>et</strong></span> <span class='ocrx_word' id='word_1_817' title='bbox 2042 5184 2136 5241; x_wconf 47' lang='lat' dir='ltr'><strong>&#39;ob</strong></span> <span class='ocrx_word' id='word_1_818' title='bbox 2188 5189 2242 5241; x_wconf 88' lang='lat'><strong>2.</strong></span> <span class='ocrx_word' id='word_1_819' title='bbox 2323 5186 2398 5223; x_wconf 82' lang='grc'><strong>¹²⁵</strong></span> <span class='ocrx_word' id='word_1_820' title='bbox 2443 5189 2588 5242; x_wconf 80' lang='lat' dir='ltr'><strong>deest</strong></span> <span class='ocrx_word' id='word_1_821' title='bbox 2618 5191 2668 5242; x_wconf 89' lang='lat'><strong>2.</strong></span> <span class='ocrx_word' id='word_1_822' title='bbox 2749 5187 2822 5222; x_wconf 78' lang='grc'>¹²⁶</span> <span class='ocrx_word' id='word_1_823' title='bbox 2852 5184 2908 5241; x_wconf 63' lang='grc' dir='ltr'><strong>ἀί</strong></span> <span class='ocrx_word' id='word_1_824' title='bbox 2944 5189 3305 5242; x_wconf 87' lang='lat' dir='ltr'><strong>Burchardus</strong></span> <span class='ocrx_word' id='word_1_825' title='bbox 3346 5189 3444 5242; x_wconf 87' lang='lat' dir='ltr'><strong>diu</strong></span> <span class='ocrx_word' id='word_1_826' title='bbox 3489 5193 3538 5242; x_wconf 94' lang='grc'><strong>1.</strong></span> <span class='ocrx_word' id='word_1_827' title='bbox 3589 5192 3645 5242; x_wconf 92' lang='grc'><strong>2.</strong></span> 
     </span>
    </p>
   </div>
   <div class='ocr_carea' id='block_1_105' title="bbox 3733 5183 3935 5244">
    <p class='ocr_par' dir='ltr' id='par_1_105' title="bbox 3733 5183 3935 5244">
     <span class='ocr_line' id='line_1_105' title="bbox 3733 5183 3935 5244; baseline -0.01 -17"><span class='ocrx_word' id='word_1_828' title='bbox 3733 5183 3803 5227; x_wconf 67' lang='lat' dir='ltr'><strong>ﬂ&quot;!</strong></span> <span class='ocrx_word' id='word_1_829' title='bbox 3834 5183 3935 5244; x_wconf 52' lang='grc' dir='ltr'><strong>ες¹</strong></span> 
     </span>
    </p>
   </div>
   <div class='ocr_carea' id='block_1_106' title="bbox 353 5252 3874 5330">
    <p class='ocr_par' dir='ltr' id='par_1_106' title="bbox 353 5252 3874 5330">
     <span class='ocr_line' id='line_1_106' title="bbox 353 5252 3874 5330; baseline 0.001 -19"><span class='ocrx_word' id='word_1_830' title='bbox 353 5259 570 5330; x_wconf 78' lang='lat' dir='ltr'><strong>eisdem</strong></span> <span class='ocrx_word' id='word_1_831' title='bbox 603 5262 665 5310; x_wconf 92' lang='lat' dir='ltr'><strong>ut</strong></span> <span class='ocrx_word' id='word_1_832' title='bbox 692 5257 780 5330; x_wconf 80' lang='lat' dir='ltr'><strong>vir</strong></span> <span class='ocrx_word' id='word_1_833' title='bbox 807 5258 860 5312; x_wconf 90' lang='lat'><strong>2.</strong></span> <span class='ocrx_word' id='word_1_834' title='bbox 919 5253 1206 5330; x_wconf 69' lang='lat' dir='ltr'><strong>__‘“_decst</strong></span> <span class='ocrx_word' id='word_1_835' title='bbox 1237 5257 1288 5307; x_wconf 91' lang='lat'><strong>2.</strong></span> <span class='ocrx_word' id='word_1_836' title='bbox 1368 5252 1818 5330; x_wconf 30' lang='lat' dir='ltr'><strong>‘_’9Arespu_ebant</strong></span> <span class='ocrx_word' id='word_1_837' title='bbox 1860 5259 1911 5330; x_wconf 90' lang='lat'><strong>2_.</strong></span> <span class='ocrx_word' id='word_1_838' title='bbox 1992 5255 2067 5291; x_wconf 78' lang='grc'><strong>¹⁶⁰</strong></span> <span class='ocrx_word' id='word_1_839' title='bbox 2110 5274 2162 5310; x_wconf 94' lang='lat' dir='ltr'><strong>a.</strong></span> <span class='ocrx_word' id='word_1_840' title='bbox 2196 5259 2409 5312; x_wconf 85' lang='lat' dir='ltr'><strong>habere</strong></span> <span class='ocrx_word' id='word_1_841' title='bbox 2448 5259 2511 5330; x_wconf 7' lang='lat' dir='ltr'><strong>dig.</strong></span> <span class='ocrx_word' id='word_1_842' title='bbox 2551 5262 2604 5330; x_wconf 19' lang='lat'><strong>27.</strong></span> <span class='ocrx_word' id='word_1_843' title='bbox 2681 5259 2749 5294; x_wconf 64' lang='lat'><strong>‘31</strong></span> <span class='ocrx_word' id='word_1_844' title='bbox 2801 5259 3188 5330; x_wconf 27' lang='lat' dir='ltr'><strong>addoptimum</strong></span> <span class='ocrx_word' id='word_1_845' title='bbox 3219 5264 3270 5312; x_wconf 87' lang='lat'><strong>2.</strong></span> <span class='ocrx_word' id='word_1_846' title='bbox 3348 5259 3499 5330; x_wconf 52' lang='grc' dir='ltr'><strong>υἷι).</strong></span> <span class='ocrx_word' id='word_1_847' title='bbox 3538 5261 3796 5330; x_wconf 88' lang='lat' dir='ltr'><strong>spolium</strong></span> <span class='ocrx_word' id='word_1_848' title='bbox 3829 5265 3874 5313; x_wconf 95' lang='lat'><strong>2.</strong></span> 
     </span>
    </p>
   </div>
   <div class='ocr_carea' id='block_1_107' title="bbox 355 5322 2160 5450">
    <p class='ocr_par' dir='ltr' id='par_1_107' title="bbox 355 5322 2160 5450">
     <span class='ocr_line' id='line_1_107' title="bbox 355 5322 2160 5450; baseline 0 -69"><span class='ocrx_word' id='word_1_849' title='bbox 355 5328 426 5364; x_wconf 78' lang='grc'><strong>¹³³</strong></span> <span class='ocrx_word' id='word_1_850' title='bbox 458 5328 754 5382; x_wconf 85' lang='lat' dir='ltr'><strong>collocavit</strong></span> <span class='ocrx_word' id='word_1_851' title='bbox 781 5331 858 5381; x_wconf 85' lang='lat'><strong>2.—</strong></span> <span class='ocrx_word' id='word_1_852' title='bbox 915 5322 986 5361; x_wconf 71' lang='grc'><strong>⁸⁵⁸</strong></span> <span class='ocrx_word' id='word_1_853' title='bbox 1019 5325 1327 5450; x_wconf 52' lang='lat' dir='ltr'><strong>Episcopus</strong></span> <span class='ocrx_word' id='word_1_854' title='bbox 1385 5322 1580 5394; x_wconf 56' lang='lat' dir='ltr'><strong>igitun</strong></span> <span class='ocrx_word' id='word_1_855' title='bbox 1622 5326 1980 5380; x_wconf 89' lang='lat' dir='ltr'><strong>Burchardus</strong></span> <span class='ocrx_word' id='word_1_856' title='bbox 2029 5345 2160 5381; x_wconf 91' lang='lat' dir='ltr'><strong>cum</strong></span> 
     </span>
     <span class='ocr_line' id='line_1_108' title="bbox 355 5393 2105 5450; baseline 0 0"><span class='ocrx_word' id='word_1_857' title='bbox 355 5398 515 5450; x_wconf 84' lang='lat' dir='ltr'><strong>fortis</strong></span> <span class='ocrx_word' id='word_1_858' title='bbox 543 5402 596 5450; x_wconf 89' lang='lat'><strong>2.</strong></span> <span class='ocrx_word' id='word_1_859' title='bbox 677 5397 746 5433; x_wconf 80' lang='grc'><strong>¹³⁹</strong></span> <span class='ocrx_word' id='word_1_860' title='bbox 777 5415 822 5450; x_wconf 93' lang='lat' dir='ltr'><strong>s.</strong></span> <span class='ocrx_word' id='word_1_861' title='bbox 859 5402 915 5450; x_wconf 91' lang='lat' dir='ltr'><strong>et</strong></span> <span class='ocrx_word' id='word_1_862' title='bbox 947 5396 1054 5450; x_wconf 89' lang='lat' dir='ltr'><strong>civi</strong></span> <span class='ocrx_word' id='word_1_863' title='bbox 1099 5411 1165 5449; x_wconf 91' lang='lat' dir='ltr'><strong>us</strong></span> <span class='ocrx_word' id='word_1_864' title='bbox 1190 5398 1242 5448; x_wconf 90' lang='lat'><strong>2.</strong></span> <span class='ocrx_word' id='word_1_865' title='bbox 1323 5393 1394 5428; x_wconf 71' lang='lat'><strong>“0</strong></span> <span class='ocrx_word' id='word_1_866' title='bbox 1423 5411 1552 5449; x_wconf 88' lang='lat' dir='ltr'><strong>suos</strong></span> <span class='ocrx_word' id='word_1_867' title='bbox 1580 5395 1618 5450; x_wconf 91' lang='lat' dir='ltr'><strong>i.</strong></span> <span class='ocrx_word' id='word_1_868' title='bbox 1649 5399 1701 5450; x_wconf 91' lang='lat'><strong>2.</strong></span> <span class='ocrx_word' id='word_1_869' title='bbox 1784 5394 1852 5430; x_wconf 77' lang='grc'><strong>¹⁸¹</strong></span> <span class='ocrx_word' id='word_1_870' title='bbox 1892 5413 2024 5450; x_wconf 90' lang='lat' dir='ltr'><strong>vera</strong></span> <span class='ocrx_word' id='word_1_871' title='bbox 2057 5402 2105 5450; x_wconf 92' lang='grc'><strong>1.</strong></span> 
     </span>
    </p>
   </div>
   <div class='ocr_carea' id='block_1_108' title="bbox 354 5393 2105 5455">
    <p class='ocr_par' dir='ltr' id='par_1_108' title="bbox 354 5393 2105 5455">
     <span class='ocr_line' id='line_1_109' title="bbox 354 5393 2105 5455; baseline 0 -3"><span class='ocrx_word' id='word_1_872' title='bbox 354 5398 515 5452; x_wconf 87' lang='lat' dir='ltr'><strong>fortis</strong></span> <span class='ocrx_word' id='word_1_873' title='bbox 543 5402 596 5455; x_wconf 92' lang='lat'><strong>2.</strong></span> <span class='ocrx_word' id='word_1_874' title='bbox 677 5397 746 5433; x_wconf 81' lang='grc'><strong>¹³⁹</strong></span> <span class='ocrx_word' id='word_1_875' title='bbox 777 5415 822 5453; x_wconf 93' lang='lat' dir='ltr'><strong>s.</strong></span> <span class='ocrx_word' id='word_1_876' title='bbox 859 5402 915 5452; x_wconf 91' lang='lat' dir='ltr'><strong>et</strong></span> <span class='ocrx_word' id='word_1_877' title='bbox 947 5393 1165 5450; x_wconf 90' lang='lat' dir='ltr'><strong>civibus</strong></span> <span class='ocrx_word' id='word_1_878' title='bbox 1190 5398 1242 5448; x_wconf 93' lang='lat'><strong>2.</strong></span> <span class='ocrx_word' id='word_1_879' title='bbox 1323 5393 1394 5428; x_wconf 71' lang='lat'><strong>“0</strong></span> <span class='ocrx_word' id='word_1_880' title='bbox 1417 5393 1552 5449; x_wconf 80' lang='lat' dir='ltr'><strong>suos</strong></span> <span class='ocrx_word' id='word_1_881' title='bbox 1580 5395 1618 5450; x_wconf 91' lang='lat' dir='ltr'><strong>i.</strong></span> <span class='ocrx_word' id='word_1_882' title='bbox 1649 5399 1701 5450; x_wconf 91' lang='lat'><strong>2.</strong></span> <span class='ocrx_word' id='word_1_883' title='bbox 1784 5394 1852 5430; x_wconf 77' lang='grc'><strong>¹⁸¹</strong></span> <span class='ocrx_word' id='word_1_884' title='bbox 1892 5413 2024 5452; x_wconf 91' lang='lat' dir='ltr'><strong>vera</strong></span> <span class='ocrx_word' id='word_1_885' title='bbox 2057 5402 2105 5452; x_wconf 87' lang='lat' dir='ltr'><strong>t.</strong></span> 
     </span>
    </p>
   </div>
   <div class='ocr_carea' id='block_1_109' title="bbox 431 5639 986 5710">
    <p class='ocr_par' dir='ltr' id='par_1_109' title="bbox 431 5639 986 5710">
     <span class='ocr_line' id='line_1_110' title="bbox 431 5639 986 5710; baseline 0.007 -20"><span class='ocrx_word' id='word_1_886' title='bbox 431 5639 542 5708; x_wconf 91' lang='grc'><strong>(12)</strong></span> <span class='ocrx_word' id='word_1_887' title='bbox 575 5639 986 5710; x_wconf 83' lang='lat' dir='ltr'><strong>Heiligenstadt</strong></span> 
     </span>
    </p>
   </div>
   <div class='ocr_carea' id='block_1_110' title="bbox 2188 5326 3935 5432">
    <p class='ocr_par' dir='ltr' id='par_1_110' title="bbox 2188 5326 3935 5432">
     <span class='ocr_line' id='line_1_111' title="bbox 2211 5326 3935 5432; baseline 0.002 -50"><span class='ocrx_word' id='word_1_888' title='bbox 2211 5346 2271 5432; x_wconf 59' lang='grc' dir='ltr'><strong>Ρ.</strong></span> <span class='ocrx_word' id='word_1_889' title='bbox 2309 5331 2360 5382; x_wconf 92' lang='grc'><strong>2.</strong></span> <span class='ocrx_word' id='word_1_890' title='bbox 2441 5326 2511 5364; x_wconf 81' lang='grc'><strong>¹³⁵</strong></span> <span class='ocrx_word' id='word_1_891' title='bbox 2560 5329 2706 5383; x_wconf 83' lang='lat' dir='ltr'><strong>deest</strong></span> <span class='ocrx_word' id='word_1_892' title='bbox 2732 5333 2785 5382; x_wconf 90' lang='lat'><strong>2.</strong></span> <span class='ocrx_word' id='word_1_893' title='bbox 2865 5326 3200 5383; x_wconf 68' lang='lat' dir='ltr'><strong>“‘ﬁrmato</strong></span> <span class='ocrx_word' id='word_1_894' title='bbox 3239 5333 3292 5384; x_wconf 89' lang='lat'><strong>2.</strong></span> <span class='ocrx_word' id='word_1_895' title='bbox 3370 5326 3533 5384; x_wconf 60' lang='lat' dir='ltr'><strong>&quot;Tin</strong></span> <span class='ocrx_word' id='word_1_896' title='bbox 3567 5326 3624 5385; x_wconf 66' lang='grc' dir='ltr'><strong>ἶ.</strong></span> <span class='ocrx_word' id='word_1_897' title='bbox 3666 5333 3724 5386; x_wconf 89' lang='grc'><strong>2.</strong></span> <span class='ocrx_word' id='word_1_898' title='bbox 3813 5332 3881 5365; x_wconf 68' lang='grc'><strong>³³⁸</strong></span> <span class='ocrx_word' id='word_1_899' title='bbox 3934 5363 3935 5374; x_wconf 61' lang='grc' dir='ltr'>ι</span> 
     </span>
     <span class='ocr_line' id='line_1_112' title="bbox 2188 5399 3244 5432; baseline 0 0"><span class='ocrx_word' id='word_1_900' title='bbox 2188 5399 2201 5432; x_wconf 79' lang='grc'><strong>1</strong></span> <span class='ocrx_word' id='word_1_901' title='bbox 2238 5399 2261 5431; x_wconf 64' lang='lat'><strong>3</strong></span> <span class='ocrx_word' id='word_1_902' title='bbox 2291 5399 2434 5432; x_wconf 60' lang='grc' dir='ltr'><strong>θοηιο</strong></span> <span class='ocrx_word' id='word_1_903' title='bbox 2466 5401 2498 5432; x_wconf 70' lang='grc' dir='ltr'><strong>ε)</strong></span> <span class='ocrx_word' id='word_1_904' title='bbox 2603 5399 2671 5432; x_wconf 75' lang='grc' dir='ltr'><strong>1ι3</strong></span> <span class='ocrx_word' id='word_1_905' title='bbox 2703 5415 2838 5432; x_wconf 72' lang='lat' dir='ltr'><strong>mon</strong></span> <span class='ocrx_word' id='word_1_906' title='bbox 2895 5403 2913 5432; x_wconf 73' lang='grc' dir='ltr'><strong><em>Δ</em></strong></span> <span class='ocrx_word' id='word_1_907' title='bbox 3023 5400 3095 5432; x_wconf 75' lang='lat'><strong>1“</strong></span> <span class='ocrx_word' id='word_1_908' title='bbox 3123 5416 3182 5432; x_wconf 74' lang='lat' dir='ltr'><strong>nn</strong></span> <span class='ocrx_word' id='word_1_909' title='bbox 3213 5403 3244 5432; x_wconf 75' lang='grc' dir='ltr'><strong>ε)</strong></span> 
     </span>
    </p>
   </div>
   <div class='ocr_carea' id='block_1_111' title="bbox 2290 5399 3266 5470">
    <p class='ocr_par' dir='ltr' id='par_1_111' title="bbox 2290 5399 3266 5470">
     <span class='ocr_line' id='line_1_113' title="bbox 2290 5399 3266 5470; baseline 0.002 -17"><span class='ocrx_word' id='word_1_910' title='bbox 2290 5399 2440 5453; x_wconf 85' lang='lat' dir='ltr'><strong>facta</strong></span> <span class='ocrx_word' id='word_1_911' title='bbox 2466 5401 2519 5455; x_wconf 93' lang='lat'><strong>2.</strong></span> <span class='ocrx_word' id='word_1_912' title='bbox 2603 5399 2671 5435; x_wconf 72' lang='lat'><strong>“3</strong></span> <span class='ocrx_word' id='word_1_913' title='bbox 2701 5415 2855 5470; x_wconf 89' lang='lat' dir='ltr'><strong>mag.</strong></span> <span class='ocrx_word' id='word_1_914' title='bbox 2895 5403 2941 5453; x_wconf 88' lang='lat' dir='ltr'><strong>l.</strong></span> <span class='ocrx_word' id='word_1_915' title='bbox 3023 5400 3095 5437; x_wconf 74' lang='lat'><strong>1“</strong></span> <span class='ocrx_word' id='word_1_916' title='bbox 3122 5416 3184 5454; x_wconf 91' lang='lat' dir='ltr'><strong>ac</strong></span> <span class='ocrx_word' id='word_1_917' title='bbox 3213 5403 3266 5455; x_wconf 92' lang='lat'><strong>2.</strong></span> 
     </span>
    </p>
   </div>
   <div class='ocr_carea' id='block_1_112' title="bbox 2243 5639 3874 5717">
    <p class='ocr_par' dir='ltr' id='par_1_112' title="bbox 2243 5639 3874 5717">
     <span class='ocr_line' id='line_1_114' title="bbox 2243 5639 3874 5717; baseline 0.001 -23"><span class='ocrx_word' id='word_1_918' title='bbox 2243 5639 2356 5709; x_wconf 83' lang='lat' dir='ltr'><strong>(l3)</strong></span> <span class='ocrx_word' id='word_1_919' title='bbox 2393 5639 2566 5694; x_wconf 83' lang='lat' dir='ltr'><strong>Filius</strong></span> <span class='ocrx_word' id='word_1_920' title='bbox 2601 5640 2868 5709; x_wconf 88' lang='lat' dir='ltr'><strong>Conradi,</strong></span> <span class='ocrx_word' id='word_1_921' title='bbox 2913 5639 3210 5712; x_wconf 91' lang='lat' dir='ltr'><strong>quondam</strong></span> <span class='ocrx_word' id='word_1_922' title='bbox 3258 5640 3418 5696; x_wconf 83' lang='lat' dir='ltr'><strong>ducis</strong></span> <span class='ocrx_word' id='word_1_923' title='bbox 3465 5641 3874 5717; x_wconf 70' lang='lat' dir='ltr'><strong>Lotharingiaa.</strong></span> 
     </span>
    </p>
   </div>
  </div>
