3968 6408
132 383 236 435 517

1330 376 1696 434 PROCEMIA.
1737 407 1807 418 —
1848 379 2005 435 VITA
2046 379 2469 437 BURCHABDI.

3552 391 3661 443 518

131 494 477 549 Tuscaniam
509 492 579 532 “5
608 492 1055 565 pertransissent
1102 490 1193 555 ⁸⁸⁸,
1226 491 1545 564 imperator
1583 497 1844 547 mortuus
1871 495 1916 547 A
1955 494 2122 549 nensi
2154 511 2379 549 necnon
2408 499 2467 549 et
2509 495 2919 550 Wormaciensi
2950 497 3018 552 de
3060 498 3148 551 bis
3202 496 3268 533 1'“
3332 499 3500 554 rebus
3525 516 3663 554 con-

130 584 247 637 illis
301 584 629 638 nunciatur.
674 583 803 647 Qui,
851 588 916 636 ut
953 598 1182 636 necesse
1232 587 1373 646 erat,
1423 581 1588 635 valde
1636 581 1845 635 contri-

130 672 284 738 stati,
315 673 465 727 viam
514 688 620 742 per
668 687 843 742 quam
891 674 1166 725 venerant
1205 667 1275 705 ¹³⁷
1318 669 1527 723 reversi
1560 673 1693 722 sunt
1724 669 1838 738 (an.

140 760 325 830 1002).
360 762 517 815 Tunc
558 759 762 813 urbani
811 760 881 813 de
932 760 1080 813 Luca
1118 757 1191 791 ⁸⁸⁸⁸
1222 764 1278 812 et
1324 758 1395 812 de
1438 758 1843 827 circumjacen-

131 850 288 902 tibus
316 849 487 915 villis,
511 854 861 919 congregata
889 846 960 885 ¹¹³⁹
996 847 1243 901 maxima
1290 846 1657 901 multitudine
1679 847 1841 917 equi-

130 942 256 991 tum
288 944 347 991 et
376 938 658 1008 peditum,
684 938 800 990 vias
823 936 1078 1008 undique
1120 938 1543 1003 concluserunt,
1582 939 1637 988 et
1679 936 1841 1005 quasi

132 1027 201 1080 ad
234 1028 451 1080 bellum
483 1026 771 1093 instructi,
803 1032 1134 1079 nostrorum
1182 1026 1493 1079 adventum
1530 1024 1735 1077 armati
1773 1022 1841 1059 ¹⁵⁰

133 1120 597 1185 expectaverunt.
668 1119 741 1169 At
788 1113 855 1152 ¹⁵¹
908 1114 1113 1180 nostri,
1162 1114 1280 1167 visa
1330 1118 1449 1166 tam
1503 1128 1715 1182 magna
1774 1110 1843 1148 ⁸⁵³

131 1204 530 1272 multitudine,
564 1203 942 1257 turbabantur
994 1203 1062 1238 "3
1119 1208 1175 1257 et
1220 1202 1332 1256 illis
1372 1202 1562 1255 invitis
1592 1218 1695 1271 per
1720 1207 1841 1255 ter-

131 1293 320 1346 minos
350 1310 549 1347 eorum
584 1293 827 1346 transire
860 1291 1217 1346 difﬁdebant.
1269 1291 1415 1344 Inito
1451 1290 1683 1344 tandem
1718 1290 1841 1359 epi-

129 1382 291 1452 scopi
340 1382 597 1447 consilio,
647 1383 862 1451 legatos
911 1380 1180 1448 mittunt;
1225 1384 1289 1433 ut
1333 1379 1484 1450 ipsos
1536 1395 1641 1448 per
1694 1378 1841 1433 ﬁnes

128 1486 332 1524 eorum
362 1488 492 1523 cum
534 1487 671 1541 pace
722 1469 966 1524 transire
1010 1468 1413 1539 permitterent
1447 1466 1531 1535 ‘5‘,
1566 1467 1839 1537 supplici-

127 1565 217 1617 ter
250 1561 649 1630 precabantur.
686 1560 809 1623 Quo
841 1558 934 1612 vix
964 1558 1291 1628 impetrato,
1324 1558 1423 1610 illo
1455 1557 1545 1610 die
1584 1558 1673 1611 usi
1704 1562 1841 1611 sunt

126 1664 288 1718 pace.
329 1648 659 1702 Intermisso
705 1647 888 1701 noctis
919 1647 1130 1716 spacio,
1160 1646 1325 1699 valde
1356 1645 1608 1699 diluculo
1647 1646 1838 1700 hostes

127 1738 188 1789 in
234 1751 415 1791 unum
474 1734 885 1806 conglomerati
940 1751 1150 1805 magno
1208 1734 1456 1787 clamore
1504 1740 1560 1787 et
1618 1734 1838 1787 levibus

126 1825 346 1896 praeliis
397 1824 613 1896 primos
661 1825 731 1879 de
790 1824 998 1877 nostris
1066 1824 1341 1877 lacescere
1414 1827 1727 1892 cmperunt,
1784 1829 1841 1876 et

126 1915 424 1984 utrimque
450 1913 648 1984 paucis
672 1917 773 1966 aut
804 1910 874 1946 1⁵⁸
897 1911 1211 1966 vulneratis
1250 1916 1351 1964 aut
1374 1911 1592 1977 occisis,
1624 1912 1842 1965 clamor

126 2003 199 2056 ab
220 2003 348 2056 aliis
385 2003 634 2056 auditur.
684 2004 883 2073 Itaque
912 2018 1113 2056 omnes
1143 2000 1406 2055 celeriter
1434 2008 1840 2068 consurgentes

124 2107 293 2144 arma
320 2091 572 2161 capiunt,
606 2095 663 2144 et
708 2107 909 2143 omnes
940 2090 998 2143 in
1035 2106 1214 2143 unum
1263 2090 1630 2142 conveniunt.
1688 2090 1841 2143 Inter

124 2195 276 2249 quos
308 2177 527 2232 erat‘“
567 2178 804 2249 quidam
854 2178 1193 2231 Thiemarus
1226 2175 1317 2243 ίδτ,
1372 2177 1536 2230 miles
1585 2176 1840 2246 episcopi

125 2267 586 2333 Wormaciensis,
648 2268 733 2320 vir
779 2272 1049 2320 strenuus
1080 2272 1137 2319 et
1185 2264 1341 2318 omni
1391 2265 1644 2319 bonitate
1685 2281 1834 2334 pra:-

121 2356 349 2426 cipuus,
384 2355 481 2426 qui
509 2355 565 2408 in
604 2355 712 2408 hoc
744 2355 995 2408 exercitu
1047 2355 1107 2407 in
1138 2353 1375 2407 militari
1424 2369 1485 2407 re
1517 2352 1841 2424 opinatissi-

122 2459 259 2497 mus
291 2442 359 2484 138
389 2444 724 2497 habebatur.
760 2444 924 2497 Hunc
955 2444 1254 2513 episcopus
1285 2443 1354 2496 ad
1387 2458 1444 2495 se
1474 2447 1740 2495 vocatum
1773 2441 1839 2479 ‘59

119 2532 346 2601 rogavit
375 2530 463 2597 ¹⁶⁰,
498 2538 582 2598 ut,
617 2532 664 2584 si
710 2532 837 2585 fieri
891 2536 1099 2601 posset,
1154 2547 1277 2583 rem
1332 2530 1500 2584 istam
1555 2530 1678 2584 sine
1734 2532 1839 2584 hu-

121 2637 300 2674 mano
343 2621 621 2691 sanguine
682 2619 838 2673 finiri
884 2620 1198 2690 adjuvaret.
1251 2619 1359 2683 Qui
1416 2636 1474 2672 se
1514 2618 1637 2687 ejus
1676 2619 1838 2688 jussa

122 2710 415 2763 facturum
473 2710 815 2779 promittens
871 2707 1148 2773 discessit,
1190 2707 1627 2777 convocatisque
1687 2706 1834 2768 aliis.

124 2798 284 2868 quod
322 2798 515 2851 animo
566 2797 766 2851 habuit
819 2794 911 2864 ‘5‘,
946 2797 1115 2850 tacite
1147 2795 1390 2866 aperuit.
1432 2795 1647 2849 Deinde
1674 2810 1838 2849 mon-

120 2892 245 2941 tem
314 2886 388 2939 ad
447 2886 869 2939 ascendendum
925 2884 1479 2955 periculosissimum
1519 2899 1649 2937 cum
1721 2884 1838 2938 suis

122 2974 385 3029 maximo
414 2975 609 3028 labore
662 2990 728 3027 ac
752 2974 959 3028 sudore
993 2989 1109 3027 non
1163 2974 1416 3042 segniter
1458 2972 1732 3039 ascendit,
1784 2978 1840 3026 et

1952 583 2143 638 silium
2174 584 2319 639 iniit.
2366 584 2545 655 Igitur
2598 602 2828 640 causam
2871 586 3149 641 adventus
3199 588 3289 642 sui
3346 588 3459 642 illis
3489 606 3661 660 expo-

1952 673 2055 726 nit.
2102 673 2315 726 Deinde
2366 672 2562 727 omnia
2606 690 2738 744 quaa
2783 675 3122 740 voluissent,
3173 676 3220 729 si
3276 677 3558 732 voluntati
3592 677 3662 720 ι⁷²

1951 762 2363 828 consentirent,
2446 779 2504 816 se
2572 762 2859 816 facturum
2943 764 3226 833 promisit.
3310 767 3661 822 Promiserat

1951 850 2108 902 enim
2128 864 2188 901 se
2237 849 2522 903 munitam
2575 849 2813 904 domum
2846 851 3068 905 Ottonis
3115 850 3185 887 17'
3243 853 3659 923 acquisiturum

1951 943 2008 990 et
2032 936 2091 989 in
2113 943 2454 1006 potestatem
2504 938 2760 1008 episcOpi
2790 940 3227 993 Wormaciensis
3260 942 3653 1009 redditurum;

1951 1025 2144 1096 sicque
2171 1027 2354 1080 multa
2407 1027 2597 1081 dando
2645 1032 2701 1080 et
2730 1028 3141 1097 promittendo,
3191 1030 3262 1083 ad
3307 1032 3657 1087 voluntatem

1950 1115 2247 1168 sententiae
2276 1130 2394 1168 sua:
2448 1114 2553 1168 hos
2611 1115 2757 1169 viros
2796 1117 3083 1185 perduxit.
3150 1119 3365 1174 Deinde
3424 1122 3659 1191 Mogun-

1951 1200 2086 1255 tiam
2120 1218 2251 1256 cum
2306 1203 2417 1255 illis
2464 1202 2620 1256 venit
2662 1203 2808 1272 (Jun.
2868 1206 2948 1271 6),
3008 1205 3206 1277 ibique
3272 1207 3653 1265 collaudanti-

1949 1288 2058 1342 bus
2088 1291 2155 1329 ¹⁷⁴
2184 1290 2403 1344 cunctis
2458 1291 2557 1361 qui
2610 1291 2867 1358 aderant,
2918 1300 3215 1363 sceptrum
3243 1292 3313 1333 1⁷³
3342 1298 3508 1365 regni
3568 1315 3657 1351 ac-

1950 1377 2121 1447 cepit.
2155 1378 2261 1432 Ubi
2304 1395 2437 1432 vero
2496 1379 2793 1434 Heinricus
2844 1379 2913 1415 “5
2967 1381 3027 1434 in
3086 1384 3297 1437 solium
3354 1385 3516 1453 regni
3573 1392 3661 1440 est

1950 1467 2228 1520 exaltatus
2263 1469 2351 1535 1⁷⁷,
2384 1467 2748 1522 Burchardus
2781 1468 3083 1539 episcopus
3116 1469 3184 1509 1⁷⁸
3233 1488 3352 1525 suae
3395 1489 3512 1527 non
3552 1474 3660 1528 im-

1952 1569 2174 1607 memor
2202 1554 2624 1624 promissionis,
2659 1555 2751 1610 die
2781 1561 3068 1627 noctuque
3100 1559 3173 1611 ob
3224 1556 3292 1600 I79
3332 1560 3654 1615 libertatem

1949 1658 2063 1694 suae
2098 1642 2339 1695 civitatis
2395 1659 2593 1713 regem
2624 1644 2976 1699 incessanter
3025 1646 3341 1701 admonuit.
3405 1649 3654 1703 Tandem

1953 1746 2082 1783 vero
2118 1728 2186 1767 ¹⁸⁰
2242 1747 2337 1784 rex
2386 1732 2654 1786 Ottonem
2702 1732 2906 1786 ducem
2962 1734 3030 1787 ad
3062 1750 3119 1789 se
3167 1751 3392 1800 vocans,
3453 1736 3524 1791 de
3566 1738 3656 1792 his

1952 1818 2122 1873 rebus
2178 1819 2522 1874 sententiam
2570 1836 2703 1874 cum
2751 1836 2817 1874 eo
2853 1821 3075 1885 habuit,
3106 1839 3170 1876 ac
3226 1824 3482 1878 studium
3539 1842 3657 1880 suae

1950 1908 2261 1962 voluntatis
2290 1909 2519 1978 aperuit
2550 1906 2637 1961 ‘3'.
2667 1909 2796 1973 Qui,
2825 1914 2889 1962 ut
2918 1915 3041 1963 erat
3060 1910 3147 1963 vir
3170 1912 3445 1981 prudens,
3482 1914 3562 1967 sic
3586 1914 3662 1954 1"

1949 1997 2266 2067 prudenter
2320 1997 2658 2067 respondit:
2722 2015 2748 2047 α
2786 1998 2972 2063 Pater,
3045 1999 3149 2052 etsi
3202 2016 3324 2054 rem
3379 2002 3658 2070 grandem

1950 2085 2094 2139 mihi
2146 2086 2404 2153 dixisses,
2450 2091 2601 2139 certe
2656 2084 2729 2123 1⁸³
2781 2086 2965 2140 facere
3024 2088 3333 2143 voluissem
3388 2088 3477 2143 ⁸⁸³.
3541 2092 3659 2145 Hoc

1950 2178 2143 2227 autem
2164 2180 2219 2227 te
2248 2190 2352 2244 pro
2381 2178 2538 2228 certo
2570 2173 2712 2227 scire
2769 2174 2960 2244 cupio,
2991 2176 3138 2245 quod
3200 2193 3304 2245 pro
3365 2178 3454 2231 his
3490 2180 3659 2232 rebus

1949 2262 2009 2315 in
2035 2268 2249 2316 aeterno
2281 2261 2381 2316 Dei
2412 2278 2591 2332 regno
2648 2263 2970 2316 mercedem
3016 2265 3430 2334 sempiternam
3470 2272 3658 2321 tecum

1950 2366 2041 2404 me
2072 2350 2407 2403 habiturum
2458 2350 2705 2404 firmiter
2757 2367 2946 2419 spero.
2982 2372 3010 2400 »
3050 2352 3178 2405 Istis
3230 2353 3433 2424 hisque
3498 2356 3655 2409 simi-

1948 2440 2100 2493 libus
2130 2439 2426 2493 sententiis
2469 2437 2537 2479 13“
2591 2440 2700 2493 ista
2756 2446 2842 2494 est
2906 2441 3070 2495 finita
3126 2440 3215 2511 ‘35,
3272 2449 3328 2496 et
3392 2446 3657 2514 quaedam

1947 2528 2083 2581 villa
2129 2544 2258 2597 quae
2290 2527 2496 2581 dicitur
2531 2528 2857 2582 Bruchsella
2897 2531 3009 2599 (14)
3069 2547 3200 2585 cum
3254 2534 3521 2587 omnibus
3556 2535 3660 2588 uti-

1947 2616 2204 2671 litatibus
2238 2623 2294 2670 et
2353 2617 2703 2687 appenditiis
2748 2635 2851 2687 pro
2880 2619 2986 2673 hac
3035 2619 3208 2674 domo
3256 2621 3314 2675 in
3342 2630 3659 2677 commuta-

1946 2705 2163 2759 tionem
2198 2704 2326 2759 duci
2359 2705 2567 2760 tradita
2612 2710 2695 2759 est
2740 2707 2970 2773 (Octob.)
3002 2748 3014 2759 .
3076 2709 3159 2761 Ita
3223 2726 3453 2780 quoque
3504 2713 3657 2766 Wor-

1949 2793 2131 2846 macia
2166 2793 2366 2863 iniquo
2396 2794 2629 2847 servitio
2675 2794 2773 2847 diu
2808 2794 3041 2849 subacta
3080 2796 3188 2865 piis
3217 2798 3467 2869 episcopi
3505 2800 3659 2854 labo-

1951 2882 2107 2935 ribus
2136 2882 2373 2935 liberata
2403 2887 2487 2935 est
2533 2882 2663 2951 (15).
2700 2884 2846 2953 Ergo
2903 2881 2972 2916 ⁸⁸⁵
3024 2884 3223 2938 eadem
3256 2886 3347 2938 die
3378 2902 3493 2956 qua
3545 2889 3657 2943 dux

1946 2969 2016 3023 de
2048 2971 2153 3024 hac
2185 2971 2503 3025 munitione
2527 2969 2596 3006 ¹⁸⁷
2640 2970 2914 3037 discessit,
2968 2974 3271 3042 episcopus
3298 2974 3493 3027 multis
3531 2979 3657 3043 {con

125 3064 425 3118 inimicam
453 3062 521 3105 ιδ’
573 3079 805 3117 manum
837 3063 982 3116 clam
1032 3062 1310 3116 circuivit.
1374 3063 1570 3131 Itaque
1625 3062 1838 3126 hostes,
1872 3061 1912 3114 C
1950 3058 2201 3128 gregatis
2234 3060 2496 3112 eamdem
2529 3058 2764 3112 domum
2802 3056 2870 3093 ³⁸⁸
2890 3060 3033 3113 duce
3061 3060 3403 3130 inspiciente
3426 3063 3654 3129 invasit,

125 3152 262 3204 visis
317 3150 531 3205 nostris
569 3155 627 3204 et
682 3150 934 3204 mirabili
977 3166 1176 3204 eorum
1224 3150 1473 3203 adventu
1526 3149 1836 3219 perterriti,

123 3239 325 3293 animo
356 3238 619 3293 dissoluti
649 3244 801 3304 sunt,
827 3255 890 3291 ac
921 3237 1241 3309 prazcipites
1269 3253 1327 3291 se
1359 3238 1509 3307 fugae
1535 3236 1837 3291 dederunt.

124 3327 315 3381 Nostri
369 3327 757 3397 insequentes,
790 3329 876 3379 tot
918 3328 980 3379 in
1036 3342 1103 3379 ea
1150 3325 1284 3395 fuga
1353 3330 1725 3395 peremerunt
1776 3341 1841 3378 ac

123 3420 543 3469 truncaverunt
593 3420 737 3485 quot
779 3413 849 3449 ¹⁶³
890 3414 1163 3484 consequi
1221 3418 1555 3483 potuerunt.
1608 3414 1684 3467 Ex
1732 3413 1840 3467 hac

124 3504 281 3557 caede
340 3504 644 3574 episcopus
710 3506 777 3544 1⁸⁸
830 3503 1223 3570 conturbatus,
1274 3502 1539 3556 lacrimas
1584 3501 1733 3555 fudit
1782 3506 1839 3555 et

122 3595 498 3648 Thiemarum
531 3594 777 3647 multum
812 3590 882 3626 ¹⁶⁵
919 3608 1019 3662 pro
1048 3591 1152 3645 hac
1202 3607 1261 3644 re
1301 3591 1510 3660 arguit,
1570 3590 1835 3643 tandem-

123 3698 235 3754 que
261 3698 383 3736 non
413 3697 628 3751 paucos
651 3680 917 3734 denarios
939 3681 1101 3750 quasi
1130 3696 1235 3750 pro
1266 3678 1592 3749 expiatione
1618 3678 1835 3732 civibus

120 3771 371 3825 remisit.
411 3771 609 3840 Itaque
647 3768 737 3836 “‘5,
768 3769 867 3824 Dei
898 3769 1089 3839 gratia
1138 3769 1463 3839 adjuvante,
1498 3768 1559 3821 in
1586 3767 1832 3839 patriam

119 3860 342 3914 reversi
371 3864 524 3913 sunt.

193 3952 225 4003 9
262 3947 355 4002 “5".
415 3949 639 4001 Interea
680 3946 979 4001 Heinricus
1036 3945 1105 3981 ¹⁶⁸
1160 3947 1507 3998 Bavarorum
1552 3944 1686 4011 dux,
1731 3961 1835 3998 un-

121 4039 299 4109 dique
356 4036 610 4091 collectis
691 4036 929 4100 viribus,
992 4033 1373 4089 Wormaciam
1443 4034 1601 4087 venit
1674 4034 1829 4103 (Mai.

120 4130 301 4192 Jun.),
360 4131 419 4179 et
474 4129 534 4178 ut
562 4128 785 4194 sceptra
840 4121 907 4157 “‘9
939 4123 1101 4193 regni
1141 4122 1485 4193 acquireret,
1547 4137 1665 4174 non
1708 4137 1833 4175 mo-

123 4216 322 4269 dicum
361 4213 659 4267 laboravit.
707 4212 907 4283 Ibique
938 4210 1009 4247 ¹⁷⁰
1061 4227 1191 4266 cum
1232 4209 1497 4281 episcopo
1549 4209 1833 4279 Mogunti-

1952 3152 2009 3201 et
2079 3163 2260 3217 usque
2322 3148 2391 3201 ad
2461 3147 2908 3203 fundamentum
2956 3148 3118 3202 avida
3183 3166 3359 3204 manu
3415 3153 3654 3207 omnino

1947 3236 2227 3289 destruxit
2284 3234 2372 3290 ιω.
2428 3236 2641 3291 Deinde
2698 3253 2931 3307 quoque
2996 3254 3129 3291 cum
3167 3239 3367 3294 eadem
3417 3243 3656 3296 materia

1947 3324 2282 3395 eisdemque
2307 3324 2596 3394 lapidibus
2619 3326 3037 3379 monasterium
3062 3332 3118 3379 et
3145 3327 3457 3381 claustrum
3478 3329 3540 3382 in
3559 3330 3655 3382 bo-

1947 3428 2153 3468 norem
2179 3412 2361 3467 sancti
2386 3413 2546 3467 Pauli
2576 3414 2914 3480 construxit,
2940 3415 3283 3485 consignans
3314 3417 3419 3470 hoc
3439 3418 3606 3472 titulo
3635 3437 3649 3473 :

1944 3500 2243 3555 ecclesiam
2276 3501 2349 3555 ob
2396 3502 2725 3556 libertatem
2771 3503 3033 3557 civitatis.
3072 3505 3219 3574 Ergo
3262 3506 3480 3559 cunctis
3522 3523 3652 3577 quae

1945 3590 2015 3643 ad
2048 3589 2381 3643 canonicam
2414 3590 2669 3659 regulam
2704 3591 3073 3660 pertinebant
3125 3592 3543 3648 rationabiliter
3574 3595 3653 3649 ibi

1944 3678 2275 3747 compositis
2306 3678 2507 3747 viginti
2533 3678 2736 3731 fratres
2773 3680 2873 3749 qui
2903 3695 3135 3733 cursum
3183 3682 3352 3734 certis
3379 3684 3653 3752 tempori-

1947 3766 2051 3819 bus
2082 3782 2146 3819 ac
2176 3766 2353 3835 signis
2384 3772 2809 3831 conservarent,
2838 3765 3054 3821 ibidem
3097 3768 3347 3822 instituit
3392 3772 3522 3841 (10).
3558 3773 3654 3825 His

1944 3855 2127 3909 modis
2156 3854 2242 3907 vir
2272 3855 2373 3909 Dei
2404 3856 2643 3908 domum
2672 3855 3008 3924 belligeram
3051 3858 3446 3913 mutaveratin
3487 3860 3651 3913 Chri-

1944 3944 2015 3997 sti
2034 3943 2349 4010 ecclesiam,
2386 3949 2443 3997 et
2489 3960 2618 4015 quas
2650 3950 2775 3997 erat
2828 3944 3037 3998 domus
3091 3946 3479 4001 contentionis
3506 3948 3653 4003 facta

1943 4037 2026 4086 est
2062 4032 2266 4086 domus
2313 4032 2814 4097 reconciliationis,
2850 4049 2965 4103 qua
3008 4032 3082 4067 ¹⁹⁰
3127 4035 3242 4088 Deo
3277 4042 3471 4090 nostro
3527 4039 3651 4092 lau-

1943 4121 2042 4176 des
2070 4126 2123 4174 et
2146 4118 2209 4160 '9‘
2245 4121 2559 4191 gratiarum
2594 4122 2845 4175 actiones
2896 4122 2987 4176 die
3013 4128 3300 4194 noctuque
3333 4126 3648 4181 solvuntur.

2016 4212 2098 4263 10.
2147 4210 2412 4264 Forestus
2469 4210 2608 4264 silva
2666 4208 2735 4246 ‘9’
2788 4215 2872 4265 est
2918 4211 3141 4266 duobus
3182 4213 3502 4269 miliarihus
3526 4214 3653 4270 19'a

1559 4289 1789 4342 VARI/I3
1828 4288 2224 4343 LECTIONES.

194 4364 267 4400 ¹ι⁸
335 4362 653 4417 tussaniam
714 4364 763 4415 1.
841 4359 1159 4430 justamani
1224 4360 1307 4413 vel
1368 4359 1659 4430 nstamani
1717 4362 1768 4413 2.

123 4436 335 4488 urbem
422 4434 630 4487 Deluca
697 4436 752 4485 2.

122 4510 389 4559 tarentur
448 4507 501 4556 2.
580 4501 649 4540 ¹⁵⁵
712 4508 769 4555 et
832 4518 882 4555 v.
956 4508 1011 4555 et
1068 4518 1119 4554 o.
1177 4504 1230 4553 2.

120 4584 211 4630 cat
244 4580 295 4629 1.
406 4573 474 4616 ¹⁶⁰
513 4579 674 4643 rogat
719 4576 771 4627 2.
878 4570 943 4611 ¹⁶ι
1013 4571 1259 4625 habebat
1317 4574 1367 4624 2.
1479 4571 1560 4643 ΜΞ
1605 4569 1664 4643 in
1721 4570 1759 4624 i.
1794 4574 1843 4623 2.

122 4652 213 4700 tus
272 4649 327 4700 2.
442 4643 511 4687 1⁸⁵
581 4642 825 4699 militem
899 4642 1293 4713 supradictum
1331 4644 1385 4695 2.

114 4930 248 4984 dem
287 4932 343 4983 2.

1866 4358 1934 4393 1‘6

849 4427 918 4469 “9
982 4431 1129 4485 deest
1194 4432 1248 4483 2.
1324 4428 1393 4464 ¹⁵⁰
1454 4429 1601 4483 deest
1663 4432 1715 4483 2.
1795 4427 1860 4464 ¹⁵¹
1894 4430 1959 4483 Et
2014 4427 2066 4482 2.
2148 4427 2218 4467 1⁵³
2295 4446 2346 4482 v.
2416 4434 2572 4483 tanta
2627 4432 2680 4484 2.
2762 4429 2831 4465 ¹⁵³

1310 4499 1382 4535 ¹⁵⁶
1438 4500 1583 4554 deest
1642 4504 1693 4553 2.
1776 4497 1847 4533 ¹⁵⁷
1910 4502 2213 4553 Tremarus
2260 4503 2312 4554 2.
2368 4506 2418 4553 et
2474 4502 2648 4566 infra.
2726 4499 2795 4536 ³⁵⁸
2834 4500 3235 4554 ornatissimus
3295 4506 3341 4555 1.

1491 4638 1563 4683 16¢

122 4652 213 4700 tus
272 4649 327 4700 2.
442 4643 511 4687 1⁸⁵
581 4641 825 4699 militem
899 4642 1293 4713 supradictum
1331 4644 1385 4695 2.
1491 4641 1563 4683 1⁵⁸
1612 4641 1697 4694 Ita
1753 4657 1983 4711 quoque
2045 4644 2099 4694 1.
2212 4641 2281 4673 ¹⁶⁷
2341 4642 2396 4692 2.
2456 4641 2587 4692 add.
2626 4641 2849 4693 rubram
2897 4656 2909 4694 :
2989 4641 3105 4704 Quo

117 4722 355 4771 sanctus
419 4715 791 4769 Wormatiam
840 4714 996 4767 venit
1059 4719 1117 4767 et
1175 4714 1244 4766 de
1313 4711 1717 4765 sublimatione
1779 4712 1901 4781 ejus
1954 4709 2045 4781 fin
2119 4709 2554 4781 imperatorem,
2622 4716 2672 4764 et
2736 4714 2811 4765 sic
2871 4715 3105 4781 pergit:

118 4789 330 4842 Ottone
376 4787 565 4849 tertio,
604 4787 896 4840 Henricus.
976 4781 1045 4819 ¹⁸⁸
1086 4783 1354 4837 henricus
1389 4786 1435 4835 1.
1471 4786 1523 4835 2.
1555 4798 1763 4850 semper
1796 4785 1844 4835 1.

120 4864 169 4913 1.
251 4856 326 4897 ¹τ²
360 4874 413 4911 v.
460 4873 577 4910 suae
625 4860 677 4910 2.
758 4853 824 4894 17'
885 4855 951 4909 Ο.
1002 4853 1325 4925 supradicti
1365 4852 1548 4925 ducis,
1594 4849 1883 4925 quamuin
1907 4851 2505 4925 wormatiahabebat
2540 4853 2593 4925 2.
2672 4849 2742 4925 ‘3‘
2766 4868 2899 4925 eum
2929 4849 3296 4925 laudantibus
3316 4859 3369 4910 2.

428 4925 575 4981 *"H.
602 4928 918 4996 imperator
948 4918 1128 4979 factus
1148 4929 1210 4996 2.
1237 4921 1325 4996 737⁷
1348 4918 1691 4991 elevatus—2.
1730 4920 1822 4996 _‘_"3
1854 4938 1907 4975 e.
1970 4922 2402 4996 Wormatiensis
2440 4938 2494 4996 a.
2529 4924 2580 4975 2.
2663 4918 2766 4996 ¹⁹⁷η
2798 4923 2866 4978 ad
2900 4927 2952 4996 2A.
3025 4923 3096 4966 ¹⁸⁰
3156 4928 3225 4981 Et
3280 4927 3361 4980 sic
3411 4930 3643 4984 tandem

114 5004 166 5054 2.
250 4998 314 5041 1"
372 4998 456 5051 illi
490 5015 520 5051 a
557 5000 611 5052 2.
687 4992 758 5035 ῖ⁸²
806 4997 951 5050 deest
989 4998 1042 5050 2.
1122 4992 1193 5037 1⁸³
1215 4994 1541 5049 debuissem
1572 4996 1623 5048 2.
1708 4992 1780 5034 ¹⁸⁴
1808 4992 2084 5063 exemplis
2113 4995 2163 5045 2.

1927 4778 1996 4816 ¹⁶⁹
2036 4778 2263 4834 summa
2292 4797 2337 4833 r.
2372 4780 2664 4834 adhaereat
2700 4783 2760 4834 2.

2006 4358 2473 4428 pertransierunt
2542 4361 2597 4413 2.
2662 4358 2732 4398 1⁸⁷
2815 4368 3096 4415 venerunt
3159 4362 3210 4415 2.
3321 4360 3395 4395 ¹¹³⁸
3466 4362 3647 4425 Quam

2894 4432 3203 4503 turbantur
3259 4434 3313 4485 2.
3417 4430 3503 4503 '5:
3549 4451 3651 4503 pus

3443 4500 3507 4539 '59
3548 4500 3645 4557 vo-

1960 4570 2027 4605 m
2058 4570 2211 4640 quod
2258 4574 2300 4640 1.
2400 4568 2470 4608 ¹⁶⁴
2534 4570 2873 4640 venerabilis
2936 4587 2985 4624 e.
3053 4572 3411 4625 Burchardus
3458 4574 3647 4628 turba-

2212 4638 2281 4673 ⁸6⁷
2341 4642 2396 4692 2.
2456 4639 2587 4692 add.
2626 4641 2849 4693 rubram
2897 4656 2909 4694 :
2989 4641 3290 4704 Quomodo
3348 4643 3645 4699 Heinaicus

3188 4714 3406 4767 Mortuo
3449 4716 3643 4786 itaque

3460 4784 3502 4818 ¹⁷
3516 4793 3524 4819 ⁸
3540 4784 3563 4813 ⁵
3577 4787 3645 4841 iis

2845 4779 2924 4815 ¹⁷⁰
2946 4784 3029 4835 lbi
3056 4800 3286 4855 quoque
3329 4788 3377 4838 1.
3460 4779 3613 4841 1""'ii

2846 4869 2899 4906 m
2929 4854 3296 4908 laudantibus
3316 4859 3369 4910 2.
3454 4854 3524 4890 ¹⁷⁵
3557 4876 3613 4912 se

2247 4991 2329 5070 t35_
2360 4992 2440 5046 ita
2468 4992 2507 5047 f.
2538 4997 2633 5070 _e_st
2671 4994 2771 5070 tali
2817 4994 3007 5049 modo.
3060 4996 3333 5070 Quasdam
3394 5014 3643 5070 namque

116 5087 165 5123 v.
196 5086 332 5125 cum
368 5087 423 5121 o.
458 5085 515 5122 u'
551 5075 609 5123 et
632 5085 683 5122 a.
714 5085 819 5138 pro
839 5073 1024 5120 castro
1047 5066 1207 5120 ducis
1242 5065 1489 5138 Conradi
1528 5064 1928 5138 inAWormatia
1971 5080 2072 5138 pro
2108 5064 2163 5116 h.
2217 5062 2375 5138 d._in
2406 5064 2696 5138 cambium
2736 5065 2792 5117 d.
2825 5071 2864 5119 t.
2898 5071 3156 5138 estquae
3190 5069 3399 5123 dicitur
3430 5062 3642 5125 Bruch-

112 5143 254 5195 sella
303 5142 537 5208 Reliqua
577 5134 801 5204 desunt;
831 5140 1110 5205 sequitur;
1152 5152 1277 5208 vero
1321 5136 1530 5208 rubra:
1588 5135 1904 5208 Quomodo
1941 5134 2644 5208 episcopusBurchardus
2686 5134 3265 5208 castrumude'struxit
3312 5146 3369 5192 et
3427 5141 3641 5196 ibidem

111 5204 453 5266 ecclesiam-
480 5210 659 5263 sancti
720 5204 1249 5263 Pauli’mdiﬁcavit.
1330 5204 1398 5241 ¹⁸⁶
1431 5208 1609 5274 Igitur
1634 5209 1685 5260 2.
1766 5206 1833 5241 “’7
1875 5206 1945 5259 de
1986 5220 2061 5258 m.
2097 5221 2198 5258 sua
2230 5205 2347 5259 sive
2386 5206 2455 5259 de
2476 5210 2662 5259 castro
2695 5207 2753 5260 d.
2804 5210 2864 5261 2.

2915 5205 2985 5243 ¹⁸⁸
3017 5208 3072 5262 d.
3116 5210 3232 5263 sive
3282 5215 3532 5265 castrum
3582 5214 3635 5266 2.

226 5284 281 5336 d.
314 5298 399 5365 ne
430 5280 918 5365 ainaplius'civib/us
972 5279 1031 5333 in
1064 5279 1356 5349 laqueum.
1421 5277 1638 5365 Dehinc
1676 5277 1746 5332 de
1804 5276 2004 5331 eadem
2035 5279 2087 5329 2.
2126 5274 2199 5310 ¹⁹⁰
2256 5293 2312 5348 q.
2349 5277 2519 5331 modo
2554 5277 2609 5330 d.
2675 5277 2715 5331 l.
2764 5282 2817 5331 2.
2876 5276 2940 5312 ‘9'
2974 5283 3029 5331 et
3084 5296 3146 5349 g.
3214 5296 3247 5333 o
3304 5280 3535 5347 desunt;
3584 5285 3636 5336 2.

1776 5416 2004 5472 NOTAE.

118 5353 188 5387 '9’
220 5370 337 5407 una
370 5355 423 5406 2.
469 5350 537 5385 '93
569 5352 822 5406 millibus
852 5354 905 5405 2.

184 5496 293 5564 (14)
330 5492 619 5547 Bruchsal.

186 5560 301 5635 (l5)
354 5564 417 5619 V.
486 5560 737 5635 Heinrici
803 5560 1062 5635 diploma
1108 5562 1163 5615 d.
1196 5561 1315 5625 Oct,
1350 5564 1399 5635 3_
1435 5577 1485 5613 a.
1526 5560 1680 5635 1002,
1721 5576 1821 5635 ap.

113 5630 408 5692 Schannat
438 5635 581 5689 Hist.
619 5634 829 5688 Worm.
865 5630 959 5702 'Il,
1010 5650 1066 5703 p.
1105 5636 1200 5698 35;
1235 5638 1293 5685 et
1344 5633 1415 5685 cf.
1458 5646 1585 5702 qute
1619 5630 1689 5684 de
1721 5630 1827 5685 hac

1936 5489 2197 5541 libertate
2227 5487 2589 5543 Thietmarus
2620 5489 2773 5543 canit
2802 5506 2853 5543 v.
2896 5488 2996 5542 fin.

1934 5646 1972 5700 Ρ
2005 5558 2119 5681 (1(1))
2144 5629 2177 5682 4
2180 5558 2276 5684 2Cf.
2328 5559 2553 5615 chartas
2612 5560 2925 5614 Burchardi
2978 5574 3067 5627 ap.
3114 5558 3401 5616 Schannat
3448 5562 3485 5617 l.
3564 5567 3637 5632 1.,
