3968 6410
337 382 441 434 519

1361 375 1828 433 BURCHARDUS
1867 372 2403 431 WORMACIENSIS
2443 371 2843 430 EPISCOPUS.

2287 373 2403 430 lSIS
2443 371 2843 430 EPISCOPUS.
3760 375 3854 426 5'20

337 496 658 552 Warmacia
713 495 950 560 distans,
1029 495 1310 552 abietibus
1379 496 1697 561 abundans,
1763 500 1821 548 et
1893 494 2040 548 hanc
2079 497 2122 548 A
2155 509 2311 547 rores
2403 492 2568 564 quasi
2651 508 2769 547 uno
2864 507 2962 545 ore
3055 489 3390 562 episcopum
3485 491 3856 563 deprecantes

335 587 500 655 palus
547 585 749 638 limosa
778 601 844 638 ex
903 601 1017 638 una
1049 590 1207 654 parte
1259 584 1563 638 ambiendo
1622 582 2036 652 circumcingit.

337 675 399 728 In
431 674 596 743 cujus
646 673 949 727 medietate
970 673 1127 726 collis
1173 673 1593 743 pulcherrimus
1645 670 1922 737 consistit,
1969 671 2040 724 ad

337 778 511 832 quem
552 762 637 815 vir
692 762 793 815 Dei
848 778 906 814 se
973 760 1268 814 transferri
1323 759 1594 830 praecepit
1631 759 1728 824 ‘9‘;
1786 764 1843 812 et
1904 757 2042 829 quia

334 851 656 906 mundanas
704 851 986 903 tumultus
1041 849 1291 904 devitare
1347 850 1542 912 valuit,
1616 847 1918 901 arboribus
1977 845 2041 883 '95

336 938 754 1009 fruticibusque
795 938 1026 991 succisis
1061 936 1156 1003 ηδ,
1189 937 1391 990 collem
1431 937 1783 1006 explanavit;
1844 935 2040 1005 ibique

239 1067 242 1070 .
343 1026 410 1062 ¹⁹⁷
436 1029 688 1099 primum
720 1027 849 1081 fecit
878 1025 948 1060 ’9⁸
993 1026 1327 1092 oratorium,
1377 1025 1584 1080 deinde
1625 1023 1697 1059 ‘99
1739 1020 1866 1080 aliis
1914 1024 2036 1079 ofti-

337 1115 481 1169 cinis
510 1115 768 1186 peractis,
803 1115 1003 1168 cellam
1036 1114 1325 1184 egregiam
1351 1113 1689 1170 construxit.
1727 1113 1849 1168 lllic
1879 1129 1938 1166 se
1967 1111 2042 1150 ²⁰⁰

337 1209 470 1275 post
496 1203 738 1258 concilia
764 1203 1049 1272 :regiaque
1097 1201 1383 1271 colloquia
1423 1206 1480 1254 et
1519 1206 1650 1271 post
1705 1217 1899 1255 curam
1946 1218 2038 1270 sy-

343 1291 606 1346 nodalem
648 1291 1015 1360 diversasque
1054 1290 1256 1343 mundi
1300 1289 1572 1359 strepitus
1600 1291 1910 1360 [receperat
1938 1288 2040 1356 ’0';

341 1380 536 1450 ibique
568 1377 640 1412 ²⁰²
681 1378 932 1448 negociis
991 1377 1342 1431 secularibus
1399 1383 1527 1448 post
1582 1383 1808 1448 tergum
1853 1378 2040 1448 proje-

339 1469 441 1522 ctis
469 1465 562 1533 ²⁰³,
590 1468 724 1520 totis
775 1467 990 1520 viribus
1034 1466 1093 1519 in
1153 1466 1431 1536 obsequia
1489 1465 1587 1519 Dei
1631 1466 1898 1519 studebat
1941 1464 2033 1519 ³0⁸.

341 1557 548 1609 Eodem
597 1553 812 1626 quippe
844 1552 920 1588 ³0⁵
961 1560 1219 1624 tempore
1259 1554 1319 1607 in
1367 1554 1696 1608 collectario
1742 1553 1818 1586 ²⁰⁶
1865 1569 2036 1607 cana-

339 1658 476 1696 num
528 1642 586 1694 in
629 1643 734 1695 hac
780 1641 921 1694 cella
972 1638 1045 1673 ²⁰⁷
1112 1656 1228 1693 non
1279 1640 1566 1693 modicum
1618 1641 1899 1693 laboravit
1964 1639 2038 1674 ²⁰⁸

338 1731 478 1783 Nam
531 1727 604 1764 ²⁰⁹
668 1729 901 1783 domino
967 1729 1237 1781 Walterio
1312 1725 1388 1764 ²¹⁰
1450 1727 1704 1797 Spirensi
1766 1729 2035 1798 episcopo

335 1818 640 1887 adjuvante
691 1817 800 1886 (l7)
844 1822 903 1870 et
953 1815 1312 1870 Brunichane
1362 1815 1432 1849 ²ί¹
1479 1816 1788 1885 praeposito
1837 1817 2040 1870 exhor-

336 1911 494 1959 tante
535 1911 592 1959 et
658 1909 1005 1975 suggerente
1065 1903 1202 1974 (18),
1272 1919 1521 1957 canones
1574 1904 1634 1956 in
1679 1919 1862 1957 unum
1918 1920 2041 1957 cor-

335 2010 442 2064 pus
471 1993 728 2062 collegit;
763 2009 879 2046 non
911 2008 1014 2062 pro
1043 1993 1163 2045 ulla
1193 1992 1542 2060 arrogantia,
1576 1992 1696 2058 sed,
1725 1997 1788 2045 ut
1819 1992 1942 2062 ipse
1971 1991 2043 2026 ³η

333 2081 494 2149 dixit,
527 2081 661 2152 quia
699 2097 985 2134 canonum
1012 2079 1148 2148 jura
1191 2080 1712 2149 pmnitentiumque
1744 2080 1956 2150 judicia
1976 2080 2034 2132 in

334 2170 642 2240 epicopatu
689 2185 790 2222 suo
842 2168 1081 2222 omnino
1130 2169 1358 2220 fuerant
1403 2167 1475 2204 ²ι³
1531 2170 1793 2237 neglecta
1851 2185 1915 2221 ac
1969 2168 2041 2210 ²ι⁴

335 2257 638 2310 destructa.
697 2258 809 2310 Iloc
884 2272 1017 2310 vero
1065 2272 1272 2326 corpus
1339 2255 1454 2308 sive
1528 2256 1916 2309 collectarium
1970 2253 2042 2291 ¹¹⁵

335 2345 598 2399 distinxit
626 2350 683 2398 et
711 2346 769 2399 in
800 2344 1003 2414 viginti
1033 2344 1209 2398 libros
1251 2344 1542 2397 distribuit
1573 2342 1658 2397 ἰο.

412 2436 494 2486 11.
533 2435 814 2486 Praeterea
840 2448 974 2486 vero
1025 2432 1111 2485 vir
1139 2433 1238 2486 Dei
1292 2431 1361 2466 ἰτ
1392 2449 1425 2486 a
1468 2431 1538 2467 ²¹⁸
1586 2432 1695 2502 piis
1752 2433 2042 2487 laboribus

335 2537 453 2574 non
493 2537 737 2587 cessans,
795 2520 1093 2574 ecclesiam
1141 2520 1319 2574 sancti
1375 2519 1526 2574 Petri
1581 2520 1652 2573 ad
1713 2521 1906 2574 sedem
1949 2519 2039 2586 =19,

337 2609 474 2679 quia
523 2611 671 2662 ultra
727 2609 962 2663 modum
1024 2610 1229 2677 exigua
1274 2605 1556 2676 fuerat’”,
1605 2608 1889 2678 deposuit,
1938 2626 2038 2679 po-

336 2713 594 2767 nensque
622 2697 1087 2764 fundamentum,
1121 2697 1479 2766 consignavit
1530 2697 1689 2749 mirae
1743 2698 2036 2767 magnitu-

335 2785 486 2839 dinis
516 2785 954 2851 monasterium,
1001 2785 1154 2856 quod
1211 2784 1448 2854 quidem
1495 2798 1707 2852 magna
1749 2783 2040 2839 celeritate

334 2873 531 2944 paucis
560 2874 725 2927 annis
766 2889 912 2942 pene
941 2874 1011 2927 ad
1055 2871 1467 2944 perfectionem
1516 2872 1803 2942 perduxit,
1836 2877 2042 2927 utnon

335 2961 624 3015 videretur
677 2961 1009 3016 aedificando
1067 2965 1459 3015 constructum
1517 2977 1659 3027 esse,
1720 2961 1818 3015 sed
1875 2961 2041 3032 quasi

334 3049 653 3120 exoptanda
681 3050 868 3104 subito
900 3050 982 3103 ibi
1037 3049 1374 3102 constitisse.

412 3143 475 3192 l2
515 3135 582 3170 ³³⁸
613 3138 740 3192 Istis
769 3138 986 3208 quippe
1036 3138 1234 3192 diebus
1282 3153 1539 3190 sororem
1587 3152 1748 3190 suam
1801 3137 2036 3191 nomine

337 3225 643 3280 Mahildam
684 3224 777 3290 ¹⁴²²,
828 3225 1132 3279 mulierem
1180 3224 1645 3279 honestissimam
1700 3229 1756 3278 et
1802 3225 2036 3280 nomine

336 3314 592 3367 claritate
650 3313 1069 3383 dignissimam,
1152 3313 1220 3366 ad
1298 3329 1357 3366 se
1411 3313 1628 3366 vocavit
1679 3317 1735 3366 et
1782 3312 2037 3368 fraterna

336 3405 641 3459 dilectione
680 3421 873 3458 secum
921 3404 1176 3458 nutrivit.
1232 3405 1362 3458 Erat
1405 3406 1558 3457 enim
1606 3405 1725 3458 haec
1767 3405 1890 3474 ipsa
1941 3406 2037 3460 do-

336 3493 495 3546 mina
538 3494 607 3546 ad
649 3509 826 3562 opera
876 3492 1178 3546 muliebria
1227 3508 1437 3562 magno
1487 3491 1720 3561 ingenio
1759 3492 2033 3546 sollertis-

335 3581 524 3646 sima,
583 3587 640 3635 et
688 3581 932 3635 feminas
990 3582 1088 3634 ad‘
1119 3597 1310 3634 rerum
1371 3580 1656 3634 textilium
1737 3581 2032 3634 diversita-

333 3674 449 3722 tem
482 3670 550 3704 ³³³
578 3669 775 3724 doctas
827 3669 1029 3722 habuit
1058 3666 1150 3735 αθ,
1184 3675 1241 3722 et
1270 3669 1327 3721 in
1373 3667 1740 3723 conficiendis
1786 3669 2033 3722 vestibus

333 3757 606 3826 preciosis
662 3757 932 3811 mulieres
983 3758 1191 3810 multas
1250 3757 1540 3827 superavit
1577 3757 1646 3792 ³³³
1688 3759 1819 3825 (19).
1850 3757 2030 3811 Inter-

331 3861 396 3897 ea
450 3845 709 3916 cantigit,
787 3849 850 3898 ut
900 3845 1186 3899 abbatissa
1259 3845 1318 3897 in
1379 3845 1731 3900 monasterio
1818 3845 2029 3898 sancti-

329 3933 690 3998 monialium,
763 3933 978 3987 ibidem
1043 3934 1157 3987 Deo
1208 3932 1579 3986 servientium
1658 3933 1813 3988 diem
1880 3934 2031 3988 clau-

331 4021 491 4075 deret
576 4022 866 4076 ultimum.
929 4023 1064 4075 Post
1143 4021 1306 4091 cujus
1385 4021 1607 4074 obitum
1686 4037 1886 4074 omnes
1941 4037 2030 4074 so-

2153 587 2320 635 orant
2344 579 2442 648 ³³⁵,
2469 585 2529 634 ut
2567 581 2754 634 eidem
2794 580 2979 634 sorori
3014 596 3132 634 suae
3178 579 3476 652 abbatiam.
3516 580 3758 635 donaret
3807 588 3858 636 et

2151 687 2345 724 curam
2376 686 2469 723 eas
2498 667 2856 723 custodiendi
2903 669 3290 722 committeret
3334 669 3429 723 ³³⁷.
3485 669 3583 722 Vir
3632 686 3857 741 quoque

2151 758 2492 812 venerabilis
2539 773 2740 811 earum
2783 754 2858 790 ³³⁸
2903 756 3278 826 petitionibus
3335 757 3722 826 consentiens,
3778 776 3859 813 so-

2155 863 2341 900 rorem
2367 862 2532 900 suam
2569 845 2643 899 ad
2688 861 2745 898 se
2805 845 3045 908 vocavit,
3087 862 3151 898 ac
3206 844 3444 898 diversis
3487 844 3860 901 circumlocu-

2152 935 2404 988 tionibus
2431 935 2590 987 illam
2620 934 2954 997 exhartans,
3001 933 3233 986 tandem
3266 933 3346 986 sic
3377 933 3458 986 ait
3491 946 3504 988 :
3543 955 3566 982 ι
3605 935 3860 987 Dilectis-

2149 1023 2315 1086 sima,
2395 1022 2604 1094 inquit,
2677 1038 2838 1076 soror
2927 1038 3077 1088 mea,
3155 1021 3314 1076 vides
3356 1038 3449 1076 res
3495 1022 3856 1098 mundanas,

2149 1127 2323 1182 quam
2396 1112 2626 1181 fragiles
2678 1127 2742 1165 ac
2806 1111 3162 1165 defectibiles
3238 1114 3392 1175 sunt,
3445 1126 3621 1182 quam
3672 1113 3860 1180 plenae

2149 1201 2308 1254 omni
2351 1199 2658 1270 iniquitate
2701 1199 3039 1252 consistunt.
3096 1199 3240 1252 Nam
3294 1215 3503 1252 aurum
3551 1205 3608 1252 et
3661 1197 3738 1233 ²²⁹
3770 1217 3859 1253 ar-

2149 1294 2385 1358 gentum
2419 1287 2748 1358 lapidesque
2779 1285 2873 1352 23°,
2909 1287 3009 1358 qui
3084 1286 3252 1341 nobis
3291 1287 3561 1341 videntur
3588 1287 3857 1358 preciosi,

2150 1375 2288 1446 quid
2311 1375 2464 1429 aliud
2487 1391 2662 1446 quam
2692 1375 2888 1429 sordes
2917 1379 3324 1445 computantur
3351 1375 3501 1444 apud
3552 1375 3737 1429 Deum
3767 1373 3857 1428 ’3'.

2152 1464 2304 1518 Nihil
2334 1464 2395 1517 in
2425 1463 2511 1517 his
2541 1463 2693 1517 aliud
2742 1464 2968 1532 agimus
2999 1463 3093 1529 m,
3139 1463 3251 1516 nisi
3303 1463 3618 1534 cupiditate
3667 1480 3860 1518 rerum

2147 1553 2558 1622 temporalium
2603 1551 2674 1587 ³³³
2733 1552 2970 1605 miseras
3014 1551 3234 1606 animas
3296 1551 3636 1622 decipimus.
3704 1553 3860 1616 Quo-

2147 1656 2394 1712 cumque
2437 1642 2592 1694 enim
2617 1640 2938 1710 gradimur,
2963 1640 3165 1694 mortis
3195 1640 3397 1694 umbra
3429 1656 3535 1693 nos
3566 1641 3858 1711 sequitur;

2152 1734 2208 1782 et
2229 1729 2328 1798 qui
2358 1730 2633 1782 securiter
2675 1730 2750 1764 ’⁸⁸
2806 1729 2974 1782 hodie
3026 1729 3087 1782 in
3131 1728 3348 1782 deliciis
3405 1729 3566 1792 vivit,
3613 1745 3741 1782 cras
3771 1729 3859 1782 in-

2151 1817 2391 1870 feliciter
2413 1818 2583 1870 morti
2614 1814 2686 1850 ²³⁵
2736 1817 3077 1871 succumbit.
3140 1818 3342 1871 Beatus
3397 1821 3592 1870 autem
3631 1817 3729 1870 ille
3757 1823 3859 1882 est,

2153 1906 2252 1976 qui
2299 1911 2512 1959 rectam
2561 1905 2701 1974 justi
2735 1905 2956 1958 itineris
3013 1905 3278 1976 sequitur
3328 1905 3595 1958 semitam
3639 1912 3697 1960 et
3750 1907 3863 1974 glo-

2151 1996 2297 2048 riam
2326 1995 2496 2064 hujus
2537 1994 2740 2048 mundi
2769 1993 2990 2063 respuit
3019 2000 3078 2048 et
3111 2010 3240 2064 quas
3265 1993 3373 2047 Dei
3402 1999 3536 2047 sunt
3574 1993 3733 2048 intra
3761 1995 3859 2048 da-

2155 2083 2429 2136 micilium
2480 2082 2609 2151 puri
2648 2081 2835 2135 cordis
2877 2081 3099 2152 recipit.
3153 2083 3318 2150 Ergo,
3359 2081 3657 2135 carissima
3701 2099 3865 2135 soror

2153 2187 2299 2236 mea,
2332 2170 2587 2224 armillas
2640 2173 2696 2223 et
2752 2171 2983 2223 inaures
3032 2174 3330 2240 vestesque
3374 2169 3676 2223 deliciosas
3736 2173 3863 2225 vola

2150 2264 2215 2312 ut
2252 2259 2525 2328 deponas,
2578 2263 2636 2312 et
2684 2259 2942 2312 velamen
2994 2263 3256 2311 sanctum
3330 2256 3594 2328 accipias,
3665 2257 3864 2328 sicque

2151 2347 2274 2416 regi
2314 2349 2663 2417 sempiterno
2694 2351 2749 2400 te
2779 2346 3058 2416 adjungas
3085 2346 3180 2398 ³³⁸.
3222 2366 3241 2393 ι
3290 2346 3418 2399 Hec
3467 2361 3596 2398 cum
3631 2345 3732 2398 illa
3761 2363 3864 2399 au-

2149 2434 2342 2498 disset,
2376 2435 2744 2488 vehementer
2796 2435 3039 2504 expavit,
3069 2439 3126 2488 et
3154 2433 3305 2488 ultra
3337 2448 3512 2504 quam
3562 2433 3676 2487 dici
3731 2450 3862 2504 pos-

2153 2524 2227 2576 sit
2280 2522 2593 2589 admirans,
2642 2523 2722 2576 ait
2753 2540 2818 2576 :c
2858 2523 3149 2593 Numquid
3199 2521 3326 2587 scis,
3397 2521 3593 2575 senior
3644 2527 3862 2588 sancte,

2149 2611 2415 2666 omnibus
2445 2611 2646 2665 diebus
2687 2612 2819 2664 vitae
2852 2627 2993 2664 mea;
3039 2612 3098 2665 in
3147 2609 3498 2664 secularibus
3528 2625 3621 2664 me
3672 2626 3864 2664 versa-

2151 2709 2288 2768 tam,
2323 2701 2485 2756 istius
2523 2701 2961 2755 ofticiiomnina
3005 2717 3128 2754 esse
3167 2700 3454 2755 insciam?
3511 2701 3707 2767 Nam,-
3731 2705 3866 2755 tan-

2151 2795 2274 2844 tum
2308 2788 2577 2860 psalteria
2609 2795 2866 2860 excepta,
2899 2789 3075 2843 libros
3103 2788 3333 2859 penitus
3358 2788 3596 2858 ignaro;
3650 2788 3714 2842 in
3751 2789 3865 2844 hoc

2151 2877 2340 2932 officia
2401 2878 2615 2931 versari
2675 2878 2894 2944 nescio;
2962 2883 3021 2932 et
3072 2877 3366 2948 quomodo
3437 2883 3576 2930 tunc
3618 2877 3680 2930 in
3758 2877 3866 2930 hac

2149 2965 2284 3028 vita,
2317 2965 2553 3020 domine
2590 2964 2686 3034 ³³⁷,
2729 2965 2852 3019 sine
2890 2965 3238 3020 offendicula
3281 2964 3470 3019 vivere
3519 2967 3774 3036 potero?
3840 2989 3861 3013 ι

2075 3056 2116 3110 C
2153 3055 2394 3108 Econtra
2416 3055 2502 3108 vir
2528 3054 2666 3108 Dei:
2709 3076 2730 3103 ι
2793 3054 3019 3119 Desine,
3069 3053 3278 3124 inquit,
3314 3058 3377 3108 ut
3418 3053 3509 3106 his
3539 3053 3732 3107 verbis
3761 3054 3864 3107 ali-

2147 3142 2286 3214 quid
2338 3140 2411 3176 ²³⁸
2467 3142 2662 3206 addas,
2702 3148 2758 3196 et
2805 3142 3270 3196 exhortationem
3331 3157 3520 3196 meam
3571 3141 3860 3196 citissime

2145 3231 2461 3301 adimplere
2497 3233 2588 3297 [ne
2619 3228 2711 3300 ³³9]
2741 3230 2992 3285 differas.
3047 3230 3196 3294 Quid
3248 3229 3355 3284 tibi
3404 3229 3670 3286 obsistit?
3715 3231 3863 3294 Quid

2145 3319 2423 3388 impedit?
2464 3318 2812 3372 Felicissima
2856 3323 2940 3372 est
2977 3318 3355 3372 commutatio
3396 3315 3491 3384 “0,
3535 3334 3628 3371 res
3669 3325 3863 3372 trans-

2145 3407 2343 3461 itorias
2381 3407 2783 3477 derelinquere
2814 3412 2870 3459 et
2918 3412 3162 3460 aternas
3193 3405 3419 3460 divitias
3461 3405 3764 3476 vitamque
3788 3405 3859 3439 ²¹⁴¹

2145 3501 2483 3566 perpetuam
2513 3493 2756 3548 feliciter
2782 3494 3097 3565 acquirere.
3125 3513 3153 3543 s
3205 3494 3301 3548 His
3353 3493 3596 3564 aliisque
3643 3494 3864 3548 exhor-

2144 3583 2458 3637 tationibus
2506 3581 2772 3652 plurimis
2817 3597 3072 3636 sororem
3113 3597 3276 3635 suam
3323 3581 3406 3635 ita
3440 3581 3760 3651 superavit,
3803 3587 3868 3636 ut

2143 3671 2374 3726 tandem
2433 3671 2705 3741 quicquid
2780 3671 3052 3724 voluisset
3121 3686 3180 3724 se
3241 3670 3522 3724 facturam
3604 3670 3864 3724 devovis-

2143 3765 2230 3813 set
2256 3758 2351 3811 m.
2385 3759 2503 3814 Hoc
2533 3759 2605 3794 ³⁸³
2637 3774 2768 3812 cum
2833 3759 2932 3812 Dei
2962 3774 3158 3812 servus
3207 3758 3453 3823 audiret,
3488 3757 3710 3827 gratias
3744 3759 3860 3812 Deo

2143 3853 2258 3900 toto
2315 3848 2486 3900 corde
2530 3847 2854 3916 rependens
2885 3845 3175 3900 exultavit.
3222 3845 3541 3916 Statimque
3591 3846 3861 3916 regulam

2141 3935 2477 3987 canonicam
2547 3933 2717 3986 simul
2765 3939 2822 3986 et
2876 3937 3232 4003 computum,
3285 3948 3506 3986 necnon
3563 3939 3621 3986 et
3681 3934 3861 3988 vitam

2143 4023 2379 4076 Patrum
2444 4037 2510 4076 ac
2577 4021 2872 4091 dialogum
2940 4022 3199 4092 aliosque
3255 4020 3432 4074 libros
3513 4019 3648 4075 huic
3723 4038 3859 4075 con-

1743 4133 1978 4187 VARl/E
2022 4132 2421 4187 LECTIONES.

407 4242 870 4318 ‘9°__trausferre
931 4246 1066 4301 fecit
1147 4246 1376 4318 quando
1443 4263 1519 4302 m.
1595 4243 1798 4318 2.__195
1864 4246 2197 4318 deindeha.
2267 4249 2319 4300 2.
2404 4244 2472 4280 '96
2557 4247 2951 4318 fructibusque
3017 4247 3220 4318 excisis
3300 4263 3347 4301 c.
3419 4247 3648 4317 planari
3721 4248 3864 4303 fecit

333 4320 429 4388 ‘2.“
467 4314 534 4351 ³9⁷
594 4319 672 4371 ibi
709 4334 958 4388 quoque
1021 4321 1068 4372 1.
1152 4314 1223 4350 ³9⁸
1277 4318 1422 4371 deest
1444 4321 1538 4388 J2.
1626 4315 1696 4351 ’99
1752 4318 1886 4372 dein
1945 4321 1990 4371 l.

329 4385 462 4459 tulit
534 4391 594 4443 2.
678 4385 759 4422 ²⁰²ῖ
826 4385 1209 4459 ibi_quoque
1287 4393 1336 4441 1.
1414 4387 1486 4422 ²⁰³

331 4455 402 4530 έ⁰⁷
433 4458 541 4530 hac
573 4460 718 4514 colle
747 4462 799 4514 2.
878 4457 953 4492 ²⁰⁸
978 4455 1016 4512 ΙῘ
1046 4455 1182 4530 quia
1237 4475 1270 4512 a
1320 4455 1668 4530 tumultibus
1743 4458 1967 4530 alienus

333 4529 690 4586 Burchardus
743 4528 1239 4601 canones_élegit.
1317 4528 1392 4562 ²⁰⁹

2071 4315 2147 4350 ²⁰⁴²
2203 4333 2249 4372 c.
2324 4323 2497 4388 atque
2554 4317 2689 4372 illuc
2746 4315 2957 4388 saep—ius
3024 4321 3084 4372 2.

1563 4388 1761 4458 positis
1834 4393 1888 4441 2.
1967 4385 2042 4421 ²⁰¹⁸
2112 4404 2171 4441 se
2248 4385 2549 4442 exercebat
2620 4391 2674 4443 2.
2753 4385 2844 4422 ²⁰⁵’
2901 4388 3046 4442 deest
3121 4393 3170 4442 2.
3251 4385 3325 4422 ²⁰⁶

2041 4459 2196 4512 locus
2255 4463 2394 4531 erat
2433 4461 2486 4531 2.
2523 4462 2572 4511 et
2638 4458 2774 4531 add.
2842 4461 3067 4512 rubrum
3101 4458 3476 4531 :VAQuomodo
3543 4460 3862 4531 episcopus

1459 4531 1580 4582 Jam
1638 4531 1691 4581 2.
1771 4527 1847 4562 ²¹⁰
1901 4529 2172 4582 walthero
2222 4532 2272 4584 2.
2329 4529 2396 4561 ²¹¹
2459 4529 2900 4583 brunrechonne
2963 4533 3010 4584 1.

3168 4317 3240 4352 ὀι
3273 4321 3486 4388 ξιᾳεριυδ
3543 4334 3605 4371 se
3665 4324 3860 4373 trans-

3400 4389 3731 4443 callectario
3806 4395 3860 4444 2.

3090 4529 3163 4562 ²¹²
3228 4546 3378 4599 swpe
3427 4533 3481 4584 2.
3579 4528 3656 4564 ²¹³
3740 4528 3865 4584 fue-

332 4605 467 4652 runt
490 4604 542 4654 2.
621 4601 694 4634 ³³⁸
746 4607 802 4655 et
831 4604 882 4655 2.
963 4599 1038 4634 ²¹³
1105 4599 1203 4654 seu
1256 4601 1647 4653 collectarium
1711 4602 1761 4652 2.
1841 4599 1913 4634 ²¹⁶
1971 4599 2077 4652 Sed
2143 4599 2246 4654 hoc
2299 4615 2443 4668 opus
2505 4599 2688 4653 adhuc
2743 4599 2804 4652 in
2865 4599 3274 4654 Franckendael
3333 4599 3536 4669 majori
3603 4600 3863 4654 habetur

334 4669 395 4722 in
426 4671 815 4740 pulcherrima
871 4671 1127 4738 libraria,
1189 4671 1318 4724 licet
1360 4671 1530 4723 modo
1585 4675 1713 4740 post
1768 4686 1912 4740 opus
1962 4669 2213 4723 Gratiani
2270 4685 2387 4722 non
2439 4675 2677 4723 utantur
2698 4669 2925 4739 juristaa
2961 4670 3092 4724 add.
3129 4671 3181 4723 2.
3213 4672 3376 4723 verba
3423 4673 3864 4738 Kirsgartensis,

332 4739 517 4809 ibitjue
553 4743 724 4796 rubra
763 4744 1012 4810 sequitur
1051 4759 1064 4795 :
1103 4743 1177 4795 De
1210 4739 1630 4794 constructione
1663 4739 1852 4810 nava:
1910 4740 2163 4810 ecclesia:
2190 4741 2369 4792 sancti
2424 4739 2598 4804 Petri,
2625 4757 2769 4810 qua:
2801 4742 2972 4795 modo
3028 4756 3253 4794 summa
3279 4741 3488 4794 dicitur
3518 4741 3636 4795 sive
3671 4745 3868 4810 major

333 4807 589 4864 ecclesia.
667 4810 742 4846 ²¹⁷
771 4807 845 4866 1).-
866 4813 952 4865 vir
1001 4812 1055 4866 d.
1093 4811 1451 4864 Burcharrlus
1477 4813 1530 4863 2.
1608 4808 1682 4843 ’⁸⁸
1729 4811 1874 4864 deest
1909 4814 1955 4864 1.
2035 4807 2108 4843 "9

332 4897 526 4952 sorore
558 4881 698 4952 ejus,
741 4899 916 4952 quam
973 4881 1224 4952 prtefecit
1255 4881 1603 4952 monialibus
1640 4881 1698 4934 in
1751 4882 2243 4952 Nannonnunster
2298 4882 2359 4933 in
2417 4881 2695 4952 suburbio
2751 4881 2969 4935 civitas.

1866 4949 1938 4986 ²²⁵
1981 4951 2288 5021 superabat
2331 4955 2385 5006 2.
2463 4949 2534 4985 ²²⁶
2587 4954 2850 5021 erant__t.

771 5021 845 5058 “0
891 5023 1109 5092 lapides
1157 5023 1396 5092 pretiosi
1450 5025 1505 5076 2.
1582 5020 1649 5055 ’3'
1715 5019 2067 5092 reputantur'
2109 5025 2160 5074 2.
2243 5023 2311 5054 ²³²
2364 5025 2543 5091 agunt
2588 5023 2642 5076 '2.
2723 5019 2797 5092 {3?
2831 5021 3305 5092 iseculariumu2.
3370 5021 3443 5056 ’3“
3476 5039 3681 5076 secure
3747 5025 3868 5078 hac

1250 5091 1329 5139 "‘t
1364 5093 1678 5162 conjungas
1713 5089 1795 5145 2f
1845 5089 1916 5124 ’³⁷
1978 5093 2090 5145 vita
2136 5092 2366 5145 Domini
2406 5089 2542 5145 sine
2580 5095 2634 5162 2.
2714 5089 2987 5162 258aliqua
3044 5095 3098 5146 2.
3178 5089 3250 5125 ³⁵9
3304 5092 3447 5147 deest
3505 5099 3552 5147 1.

331 4950 508 5006 dam?
585 4950 658 4985 ²²δ
713 4950 1066 5006 diversitates
1119 4955 1170 5006 2.
1249 4951 1320 4988 "‘
1353 4967 1547 5006 secum
1604 4952 1660 5005 li.
1723 4956 1782 5006 2.

332 5020 406 5054 ²²⁹
433 5021 581 5075 deest
627 5025 688 5079 2.

330 5092 422 5146 die
453 5097 509 5146 et
538 5094 593 5146 d.
623 5096 674 5147 2.
748 5091 828 5129 ἠ’
892 5091 1074 5148 marte
1124 5097 1170 5146 1.

2562 4809 2731 4890 “9'2.
2777 4815 2898 4890 erat
2940 4813 2991 4864 2.
3049 4811 3142 4890 -ξξί
3194 4811 3409 4890 2._qdd.
3442 4812 3674 4890 ru_bram
3714 4826 3735 4890 :_
3772 4809 3867 4890 :De

3049 4880 3126 4912 ¹²²
3157 4883 3452 4935 mahillam
3501 4885 3555 4936 2.
3617 4883 3862 4937 mahtil-

3067 4951 3119 5004 ei
3179 4969 3226 5005 c.
3287 4954 3339 5006 2.
3420 4951 3492 4985 ²²⁸
3561 4969 3779 5007 eorum
3820 4960 3862 5008 1.

2139 4827 2203 4879 p.
2247 4810 2486 4881 apostoli

2933 4952 3005 4984 ²²⁴¹
3067 4951 3119 5004 ei
3179 4969 3226 5005 c.
3287 4954 3339 5006 2.

3642 5096 3665 5127 Ξ
3676 5093 3730 5128 Ευ
3785 5097 3864 5150 τε,

332 5163 669 5219 licissimum
703 5169 787 5218 est
810 5163 1208 5219 concambium
1236 5165 1287 5217 2.
1364 5160 1434 5197 9'“
1471 5160 1530 5216 et
1558 5160 1616 5232 p".
1647 5163 1893 5216 salutem
1927 5165 1980 5216 2.
2059 5163 2130 5196 ²⁸²
2159 5163 2411 5216 novisset
2445 5166 2500 5216 2.
2581 5161 2653 5198 ²⁸³
2697 5163 2827 5216 Ηεῑεο
2864 5160 2916 5216 2.

1980 5274 2203 5329 NOTAE.

403 5382 516 5446 (l7)
562 5381 883 5445 Olbertum,
929 5379 1031 5449 qui
1075 5382 1290 5449 postea,
1320 5378 1493 5432 abbas
1557 5378 1918 5432 comstitutus
1949 5385 2033 5432 est

333 5447 778 5520 (jemblacensis,
809 5447 1099 5520 praecipue
1135 5448 1459 5520 Burcharda
1482 5463 1650 5520 opem
1677 5450 2030 5520 prmstitisse,

333 5516 788 5654 gestéreferunt
811 5516 1246 5574 _abb._Gembl.
1305 5535 1396 5590 ap.
1431 5516 1695 5575 Dacherf
1726 5520 1818 5576 ed.
1849 5524 1906 5589 2,
1965 5521 2027 5583 Il,

2213 5380 2326 5447 (l8)
2356 5379 2438 5433 Cf.
2487 5379 2799 5433 Burchardi
2833 5378 2998 5449 epist.
3052 5379 3122 5434 ad
3177 5379 3605 5436 Brunichonem
3661 5383 3866 5440 decre-

2139 5452 2331 5502 torum
2360 5449 2679 5503 collectioni
2702 5451 3078 5520 praemissam.

2215 5519 2324 5588 (l9)
2353 5521 2440 5574 Cf.
2467 5519 2767 5590 Alpertu’m
2802 5537 2838 5584 l,
2858 5524 2910 5587 2,
2935 5537 3129 5591 supra.
