  <div class='ocr_page' id='page_1' title='image "/cluster/home/n/w/nwhite01/storage/ocr_20150623/140-141/uc1.31175018559917/268.png"; bbox 0 0 3968 6404; ppageno 0'>
   <div class='ocr_carea' id='block_1_1' title="bbox 14 294 85 380">
    <p class='ocr_par' dir='ltr' id='par_1_1' title="bbox 14 294 85 380">
     <span class='ocr_line' id='line_1_1' title="bbox 14 294 85 380; baseline -0.028 0"><span class='ocrx_word' id='word_1_1' title='bbox 14 294 85 380; x_wconf 59' lang='grc' dir='ltr'><strong>δὲ]</strong></span> 
     </span>
    </p>
   </div>
   <div class='ocr_carea' id='block_1_2' title="bbox 1183 318 2319 376">
    <p class='ocr_par' dir='ltr' id='par_1_2' title="bbox 1183 318 2319 376">
     <span class='ocr_line' id='line_1_2' title="bbox 1183 318 2319 376; baseline -0.001 -2"><span class='ocrx_word' id='word_1_2' title='bbox 1183 319 1550 376; x_wconf 75' lang='lat' dir='ltr'><strong>PROCEMIA.</strong></span> <span class='ocrx_word' id='word_1_3' title='bbox 1591 350 1659 359; x_wconf 91' lang='lat'><strong><em>——</em></strong></span> <span class='ocrx_word' id='word_1_4' title='bbox 1700 321 1857 375; x_wconf 82' lang='lat' dir='ltr'><strong>VITA</strong></span> <span class='ocrx_word' id='word_1_5' title='bbox 1896 318 2319 376; x_wconf 80' lang='lat' dir='ltr'><strong>BURCHARDI.</strong></span> 
     </span>
    </p>
   </div>
   <div class='ocr_carea' id='block_1_3' title="bbox 3401 324 3507 378">
    <p class='ocr_par' dir='ltr' id='par_1_3' title="bbox 3401 324 3507 378">
     <span class='ocr_line' id='line_1_3' title="bbox 3401 324 3507 378; baseline -0.019 0"><span class='ocrx_word' id='word_1_6' title='bbox 3401 324 3507 378; x_wconf 85' lang='lat'><strong>522</strong></span> 
     </span>
    </p>
   </div>
   <div class='ocr_carea' id='block_1_4' title="bbox 14 440 3505 522">
    <p class='ocr_par' dir='ltr' id='par_1_4' title="bbox 14 440 3505 522">
     <span class='ocr_line' id='line_1_4' title="bbox 14 440 3505 522; baseline -0 -20"><span class='ocrx_word' id='word_1_7' title='bbox 14 447 283 503; x_wconf 78' lang='lat' dir='ltr'><strong>venientes</strong></span> <span class='ocrx_word' id='word_1_8' title='bbox 369 460 497 501; x_wconf 90' lang='lat' dir='ltr'><strong>eam</strong></span> <span class='ocrx_word' id='word_1_9' title='bbox 557 443 773 498; x_wconf 81' lang='lat' dir='ltr'><strong>discere</strong></span> <span class='ocrx_word' id='word_1_10' title='bbox 852 441 1143 512; x_wconf 68' lang='lat' dir='ltr'><strong>praecepit.</strong></span> <span class='ocrx_word' id='word_1_11' title='bbox 1204 442 1343 506; x_wconf 75' lang='lat' dir='ltr'><strong>Quae</strong></span> <span class='ocrx_word' id='word_1_12' title='bbox 1419 443 1694 496; x_wconf 88' lang='lat' dir='ltr'><strong>continuo</strong></span> <span class='ocrx_word' id='word_1_13' title='bbox 1733 444 1780 496; x_wconf 84' lang='lat' dir='ltr'><strong>A</strong></span> <span class='ocrx_word' id='word_1_14' title='bbox 1811 440 1982 497; x_wconf 78' lang='lat' dir='ltr'><strong>ditis?</strong></span> <span class='ocrx_word' id='word_1_15' title='bbox 2027 443 2161 496; x_wconf 89' lang='lat' dir='ltr'><strong>Ecce</strong></span> <span class='ocrx_word' id='word_1_16' title='bbox 2211 441 2401 512; x_wconf 87' lang='lat' dir='ltr'><strong>puella</strong></span> <span class='ocrx_word' id='word_1_17' title='bbox 2453 440 2792 496; x_wconf 90' lang='lat' dir='ltr'><strong>tenuissima</strong></span> <span class='ocrx_word' id='word_1_18' title='bbox 2839 445 3025 522; x_wconf 64' lang='lat' dir='ltr'><strong>erecto</strong></span> <span class='ocrx_word' id='word_1_19' title='bbox 3072 443 3279 499; x_wconf 85' lang='lat' dir='ltr'><strong>vexillo</strong></span> <span class='ocrx_word' id='word_1_20' title='bbox 3327 444 3505 501; x_wconf 90' lang='lat' dir='ltr'><strong>intre-</strong></span> 
     </span>
    </p>
   </div>
   <div class='ocr_carea' id='block_1_5' title="bbox 14 531 1697 604">
    <p class='ocr_par' dir='ltr' id='par_1_5' title="bbox 14 531 1697 604">
     <span class='ocr_line' id='line_1_5' title="bbox 14 531 1697 604; baseline -0.004 -13"><span class='ocrx_word' id='word_1_21' title='bbox 14 538 184 592; x_wconf 82' lang='lat' dir='ltr'><strong>omnia</strong></span> <span class='ocrx_word' id='word_1_22' title='bbox 233 553 362 604; x_wconf 66' lang='lat' dir='ltr'><strong>quae</strong></span> <span class='ocrx_word' id='word_1_23' title='bbox 411 534 585 604; x_wconf 82' lang='lat' dir='ltr'><strong>jussit</strong></span> <span class='ocrx_word' id='word_1_24' title='bbox 637 531 978 586; x_wconf 89' lang='lat' dir='ltr'><strong>obedienter</strong></span> <span class='ocrx_word' id='word_1_25' title='bbox 1037 531 1255 586; x_wconf 83' lang='lat' dir='ltr'><strong>discere</strong></span> <span class='ocrx_word' id='word_1_26' title='bbox 1313 546 1379 585; x_wconf 90' lang='lat' dir='ltr'><strong>ac</strong></span> <span class='ocrx_word' id='word_1_27' title='bbox 1423 531 1697 601; x_wconf 83' lang='lat' dir='ltr'><strong>perﬁcere</strong></span> 
     </span>
    </p>
   </div>
   <div class='ocr_carea' id='block_1_6' title="bbox 14 620 1699 681">
    <p class='ocr_par' dir='ltr' id='par_1_6' title="bbox 14 620 1699 681">
     <span class='ocr_line' id='line_1_6' title="bbox 14 620 1699 681; baseline -0.005 0"><span class='ocrx_word' id='word_1_28' title='bbox 14 627 211 681; x_wconf 79' lang='lat' dir='ltr'><strong>studuit</strong></span> <span class='ocrx_word' id='word_1_29' title='bbox 239 624 331 679; x_wconf 76' lang='grc'><strong>²⁴⁸.</strong></span> <span class='ocrx_word' id='word_1_30' title='bbox 368 624 508 677; x_wconf 91' lang='lat' dir='ltr'><strong>Cum</strong></span> <span class='ocrx_word' id='word_1_31' title='bbox 542 629 735 676; x_wconf 89' lang='lat' dir='ltr'><strong>autem</strong></span> <span class='ocrx_word' id='word_1_32' title='bbox 765 621 852 674; x_wconf 91' lang='lat' dir='ltr'><strong>vir</strong></span> <span class='ocrx_word' id='word_1_33' title='bbox 887 620 985 674; x_wconf 91' lang='lat' dir='ltr'><strong>Dei</strong></span> <span class='ocrx_word' id='word_1_34' title='bbox 1003 624 1221 674; x_wconf 89' lang='lat' dir='ltr'><strong>tantam</strong></span> <span class='ocrx_word' id='word_1_35' title='bbox 1254 621 1610 673; x_wconf 78' lang='lat' dir='ltr'><strong>voluntatem</strong></span> <span class='ocrx_word' id='word_1_36' title='bbox 1644 627 1699 673; x_wconf 91' lang='lat' dir='ltr'><strong>et</strong></span> 
     </span>
    </p>
   </div>
   <div class='ocr_carea' id='block_1_7' title="bbox 14 708 1697 785">
    <p class='ocr_par' dir='ltr' id='par_1_7' title="bbox 14 708 1697 785">
     <span class='ocr_line' id='line_1_7' title="bbox 14 708 1697 785; baseline -0.004 -17"><span class='ocrx_word' id='word_1_37' title='bbox 14 723 108 768; x_wconf 79' lang='lat' dir='ltr'><strong>tam</strong></span> <span class='ocrx_word' id='word_1_38' title='bbox 142 714 305 785; x_wconf 90' lang='lat' dir='ltr'><strong>pium</strong></span> <span class='ocrx_word' id='word_1_39' title='bbox 338 712 593 766; x_wconf 84' lang='lat' dir='ltr'><strong>studium</strong></span> <span class='ocrx_word' id='word_1_40' title='bbox 632 711 693 764; x_wconf 92' lang='lat' dir='ltr'><strong>in</strong></span> <span class='ocrx_word' id='word_1_41' title='bbox 732 711 839 764; x_wconf 90' lang='lat' dir='ltr'><strong>hac</strong></span> <span class='ocrx_word' id='word_1_42' title='bbox 888 710 988 764; x_wconf 88' lang='lat' dir='ltr'><strong>Dei</strong></span> <span class='ocrx_word' id='word_1_43' title='bbox 1042 709 1258 763; x_wconf 85' lang='lat' dir='ltr'><strong>famula</strong></span> <span class='ocrx_word' id='word_1_44' title='bbox 1306 708 1697 772; x_wconf 71' lang='lat' dir='ltr'><strong>intellexisset,</strong></span> 
     </span>
    </p>
   </div>
   <div class='ocr_carea' id='block_1_8' title="bbox 14 797 1695 873">
    <p class='ocr_par' dir='ltr' id='par_1_8' title="bbox 14 797 1695 873">
     <span class='ocr_line' id='line_1_8' title="bbox 14 797 1695 873; baseline -0.004 -17"><span class='ocrx_word' id='word_1_45' title='bbox 14 803 266 873; x_wconf 86' lang='lat' dir='ltr'><strong>:mposito</strong></span> <span class='ocrx_word' id='word_1_46' title='bbox 312 801 621 865; x_wconf 78' lang='lat' dir='ltr'><strong>velamine,</strong></span> <span class='ocrx_word' id='word_1_47' title='bbox 652 799 722 853; x_wconf 92' lang='lat' dir='ltr'><strong>ad</strong></span> <span class='ocrx_word' id='word_1_48' title='bbox 765 798 866 853; x_wconf 90' lang='lat' dir='ltr'><strong>Dei</strong></span> <span class='ocrx_word' id='word_1_49' title='bbox 898 797 1152 851; x_wconf 83' lang='lat' dir='ltr'><strong>ofﬁcium</strong></span> <span class='ocrx_word' id='word_1_50' title='bbox 1178 813 1305 850; x_wconf 91' lang='lat' dir='ltr'><strong>eam</strong></span> <span class='ocrx_word' id='word_1_51' title='bbox 1325 797 1695 851; x_wconf 87' lang='lat' dir='ltr'><strong>consecravit.</strong></span> 
     </span>
    </p>
   </div>
   <div class='ocr_carea' id='block_1_9' title="bbox 14 886 1700 962">
    <p class='ocr_par' dir='ltr' id='par_1_9' title="bbox 14 886 1700 962">
     <span class='ocr_line' id='line_1_9' title="bbox 14 886 1700 962; baseline -0.005 -16"><span class='ocrx_word' id='word_1_52' title='bbox 14 892 365 962; x_wconf 66' lang='lat' dir='ltr'><strong>Congregatis</strong></span> <span class='ocrx_word' id='word_1_53' title='bbox 403 888 472 926; x_wconf 71' lang='lat'><strong>&quot;5</strong></span> <span class='ocrx_word' id='word_1_54' title='bbox 520 889 577 942; x_wconf 90' lang='lat' dir='ltr'><strong>in</strong></span> <span class='ocrx_word' id='word_1_55' title='bbox 628 904 810 941; x_wconf 89' lang='lat' dir='ltr'><strong>unum</strong></span> <span class='ocrx_word' id='word_1_56' title='bbox 848 886 1162 954; x_wconf 88' lang='lat' dir='ltr'><strong>sororibus,</strong></span> <span class='ocrx_word' id='word_1_57' title='bbox 1200 886 1493 939; x_wconf 88' lang='lat' dir='ltr'><strong>abbatiam</strong></span> <span class='ocrx_word' id='word_1_58' title='bbox 1533 901 1700 938; x_wconf 90' lang='lat' dir='ltr'><strong>soro-</strong></span> 
     </span>
    </p>
   </div>
   <div class='ocr_carea' id='block_1_10' title="bbox 14 973 1698 1050">
    <p class='ocr_par' dir='ltr' id='par_1_10' title="bbox 14 973 1698 1050">
     <span class='ocr_line' id='line_1_10' title="bbox 14 973 1698 1050; baseline -0.005 -17"><span class='ocrx_word' id='word_1_59' title='bbox 14 995 239 1050; x_wconf 72' lang='lat' dir='ltr'><strong>rumque</strong></span> <span class='ocrx_word' id='word_1_60' title='bbox 281 994 480 1032; x_wconf 90' lang='lat' dir='ltr'><strong>curam</strong></span> <span class='ocrx_word' id='word_1_61' title='bbox 527 975 612 1030; x_wconf 88' lang='lat' dir='ltr'><strong>illi</strong></span> <span class='ocrx_word' id='word_1_62' title='bbox 651 973 1093 1029; x_wconf 86' lang='lat' dir='ltr'><strong>commendavit.</strong></span> <span class='ocrx_word' id='word_1_63' title='bbox 1142 977 1388 1043; x_wconf 84' lang='lat' dir='ltr'><strong>Accepto</strong></span> <span class='ocrx_word' id='word_1_64' title='bbox 1431 988 1564 1026; x_wconf 87' lang='lat' dir='ltr'><strong>vero</strong></span> <span class='ocrx_word' id='word_1_65' title='bbox 1605 988 1698 1025; x_wconf 87' lang='lat' dir='ltr'><strong>ve-</strong></span> 
     </span>
    </p>
   </div>
   <div class='ocr_carea' id='block_1_11' title="bbox 14 1061 1702 1133">
    <p class='ocr_par' dir='ltr' id='par_1_11' title="bbox 14 1061 1702 1133">
     <span class='ocr_line' id='line_1_11' title="bbox 14 1061 1702 1133; baseline -0.004 -14"><span class='ocrx_word' id='word_1_66' title='bbox 14 1068 224 1133; x_wconf 56' lang='lat' dir='ltr'><strong>.amine,</strong></span> <span class='ocrx_word' id='word_1_67' title='bbox 279 1067 498 1120; x_wconf 87' lang='lat' dir='ltr'><strong>cunctis</strong></span> <span class='ocrx_word' id='word_1_68' title='bbox 536 1063 844 1118; x_wconf 74' lang='lat' dir='ltr'><strong>virtutibus</strong></span> <span class='ocrx_word' id='word_1_69' title='bbox 874 1061 1244 1132; x_wconf 86' lang='lat' dir='ltr'><strong>honestisque</strong></span> <span class='ocrx_word' id='word_1_70' title='bbox 1284 1061 1544 1115; x_wconf 88' lang='lat' dir='ltr'><strong>moribus</strong></span> <span class='ocrx_word' id='word_1_71' title='bbox 1595 1061 1702 1113; x_wconf 87' lang='lat' dir='ltr'><strong>cla-</strong></span> 
     </span>
    </p>
   </div>
   <div class='ocr_carea' id='block_1_12' title="bbox 14 1149 1700 1223">
    <p class='ocr_par' dir='ltr' id='par_1_12' title="bbox 14 1149 1700 1223">
     <span class='ocr_line' id='line_1_12' title="bbox 14 1149 1700 1223; baseline -0.004 -14"><span class='ocrx_word' id='word_1_72' title='bbox 14 1157 218 1209; x_wconf 78' lang='lat' dir='ltr'><strong>&#39;issima</strong></span> <span class='ocrx_word' id='word_1_73' title='bbox 274 1155 504 1222; x_wconf 89' lang='lat' dir='ltr'><strong>enituit,</strong></span> <span class='ocrx_word' id='word_1_74' title='bbox 538 1159 594 1208; x_wconf 91' lang='lat' dir='ltr'><strong>et</strong></span> <span class='ocrx_word' id='word_1_75' title='bbox 633 1152 797 1223; x_wconf 90' lang='lat' dir='ltr'><strong>quasi</strong></span> <span class='ocrx_word' id='word_1_76' title='bbox 845 1151 1006 1204; x_wconf 91' lang='lat' dir='ltr'><strong>omni</strong></span> <span class='ocrx_word' id='word_1_77' title='bbox 1053 1150 1169 1203; x_wconf 90' lang='lat' dir='ltr'><strong>vita</strong></span> <span class='ocrx_word' id='word_1_78' title='bbox 1224 1167 1326 1203; x_wconf 91' lang='lat' dir='ltr'><strong>sua</strong></span> <span class='ocrx_word' id='word_1_79' title='bbox 1382 1149 1700 1204; x_wconf 89' lang='lat' dir='ltr'><strong>secundum</strong></span> 
     </span>
    </p>
   </div>
   <div class='ocr_carea' id='block_1_13' title="bbox 14 1238 1701 1315">
    <p class='ocr_par' dir='ltr' id='par_1_13' title="bbox 14 1238 1701 1315">
     <span class='ocr_line' id='line_1_13' title="bbox 14 1238 1701 1315; baseline -0.005 -16"><span class='ocrx_word' id='word_1_80' title='bbox 14 1246 259 1315; x_wconf 73' lang='lat' dir='ltr'><strong>regulam</strong></span> <span class='ocrx_word' id='word_1_81' title='bbox 296 1244 500 1299; x_wconf 80' lang='lat' dir='ltr'><strong>fuisset</strong></span> <span class='ocrx_word' id='word_1_82' title='bbox 533 1243 786 1297; x_wconf 85' lang='lat' dir='ltr'><strong>enutrita</strong></span> <span class='ocrx_word' id='word_1_83' title='bbox 827 1238 922 1306; x_wconf 70' lang='lat'><strong>“5,</strong></span> <span class='ocrx_word' id='word_1_84' title='bbox 963 1239 1183 1293; x_wconf 89' lang='lat' dir='ltr'><strong>cunctis</strong></span> <span class='ocrx_word' id='word_1_85' title='bbox 1225 1239 1474 1310; x_wconf 66' lang='lat' dir='ltr'><strong>praebuit</strong></span> <span class='ocrx_word' id='word_1_86' title='bbox 1509 1255 1701 1293; x_wconf 87' lang='lat' dir='ltr'><strong>exem-</strong></span> 
     </span>
    </p>
   </div>
   <div class='ocr_carea' id='block_1_14' title="bbox 14 1326 1705 1387">
    <p class='ocr_par' dir='ltr' id='par_1_14' title="bbox 14 1326 1705 1387">
     <span class='ocr_line' id='line_1_14' title="bbox 14 1326 1705 1387; baseline -0.005 -1"><span class='ocrx_word' id='word_1_87' title='bbox 14 1337 90 1386; x_wconf 75' lang='lat' dir='ltr'><strong>Jla</strong></span> <span class='ocrx_word' id='word_1_88' title='bbox 132 1333 345 1387; x_wconf 87' lang='lat' dir='ltr'><strong>divina.</strong></span> <span class='ocrx_word' id='word_1_89' title='bbox 395 1334 520 1387; x_wconf 86' lang='lat' dir='ltr'><strong>Non</strong></span> <span class='ocrx_word' id='word_1_90' title='bbox 568 1331 723 1385; x_wconf 89' lang='lat' dir='ltr'><strong>enim</strong></span> <span class='ocrx_word' id='word_1_91' title='bbox 761 1328 941 1383; x_wconf 90' lang='lat' dir='ltr'><strong>voluit</strong></span> <span class='ocrx_word' id='word_1_92' title='bbox 984 1328 1304 1381; x_wconf 85' lang='lat' dir='ltr'><strong>ministrari</strong></span> <span class='ocrx_word' id='word_1_93' title='bbox 1352 1326 1424 1362; x_wconf 70' lang='grc'><strong>³⁵⁷</strong></span> <span class='ocrx_word' id='word_1_94' title='bbox 1467 1327 1564 1380; x_wconf 91' lang='lat' dir='ltr'><strong>sed</strong></span> <span class='ocrx_word' id='word_1_95' title='bbox 1605 1327 1705 1379; x_wconf 88' lang='lat' dir='ltr'><strong>mi-</strong></span> 
     </span>
    </p>
   </div>
   <div class='ocr_carea' id='block_1_15' title="bbox 14 1413 1702 1492">
    <p class='ocr_par' dir='ltr' id='par_1_15' title="bbox 14 1413 1702 1492">
     <span class='ocr_line' id='line_1_15' title="bbox 14 1413 1702 1492; baseline -0.005 -17"><span class='ocrx_word' id='word_1_96' title='bbox 14 1423 265 1490; x_wconf 75' lang='lat' dir='ltr'><strong>Jistrare,</strong></span> <span class='ocrx_word' id='word_1_97' title='bbox 321 1437 509 1492; x_wconf 90' lang='lat' dir='ltr'><strong>neque</strong></span> <span class='ocrx_word' id='word_1_98' title='bbox 557 1435 718 1473; x_wconf 86' lang='lat' dir='ltr'><strong>more</strong></span> <span class='ocrx_word' id='word_1_99' title='bbox 758 1416 1135 1486; x_wconf 88' lang='lat' dir='ltr'><strong>magisteriali</strong></span> <span class='ocrx_word' id='word_1_100' title='bbox 1172 1413 1244 1451; x_wconf 79' lang='grc'><strong>²⁴⁸</strong></span> <span class='ocrx_word' id='word_1_101' title='bbox 1274 1431 1449 1486; x_wconf 85' lang='lat' dir='ltr'><strong>super</strong></span> <span class='ocrx_word' id='word_1_102' title='bbox 1491 1413 1566 1448; x_wconf 69' lang='lat'><strong>&quot;9</strong></span> <span class='ocrx_word' id='word_1_103' title='bbox 1596 1431 1702 1468; x_wconf 69' lang='lat' dir='ltr'><strong>CIP-</strong></span> 
     </span>
    </p>
   </div>
   <div class='ocr_carea' id='block_1_16' title="bbox 14 1504 1709 1577">
    <p class='ocr_par' dir='ltr' id='par_1_16' title="bbox 14 1504 1709 1577">
     <span class='ocr_line' id='line_1_16' title="bbox 14 1504 1709 1577; baseline -0.005 -12"><span class='ocrx_word' id='word_1_104' title='bbox 14 1521 148 1565; x_wconf 79' lang='lat' dir='ltr'><strong>‘Leras</strong></span> <span class='ocrx_word' id='word_1_105' title='bbox 207 1527 267 1564; x_wconf 88' lang='lat' dir='ltr'><strong>se</strong></span> <span class='ocrx_word' id='word_1_106' title='bbox 318 1509 606 1575; x_wconf 87' lang='lat' dir='ltr'><strong>exaltavit,</strong></span> <span class='ocrx_word' id='word_1_107' title='bbox 652 1508 751 1561; x_wconf 90' lang='lat' dir='ltr'><strong>sed</strong></span> <span class='ocrx_word' id='word_1_108' title='bbox 795 1506 959 1577; x_wconf 90' lang='lat' dir='ltr'><strong>quasi</strong></span> <span class='ocrx_word' id='word_1_109' title='bbox 1000 1510 1185 1559; x_wconf 86' lang='lat' dir='ltr'><strong>mater</strong></span> <span class='ocrx_word' id='word_1_110' title='bbox 1242 1510 1476 1558; x_wconf 89' lang='lat' dir='ltr'><strong>cunctas</strong></span> <span class='ocrx_word' id='word_1_111' title='bbox 1511 1504 1709 1558; x_wconf 81' lang='lat' dir='ltr'><strong>dilexit</strong></span> 
     </span>
    </p>
   </div>
   <div class='ocr_carea' id='block_1_17' title="bbox 14 1593 1705 1663">
    <p class='ocr_par' dir='ltr' id='par_1_17' title="bbox 14 1593 1705 1663">
     <span class='ocr_line' id='line_1_17' title="bbox 14 1593 1705 1663; baseline -0.005 -10"><span class='ocrx_word' id='word_1_112' title='bbox 14 1617 65 1653; x_wconf 84' lang='lat' dir='ltr'><strong>ac</strong></span> <span class='ocrx_word' id='word_1_113' title='bbox 86 1600 300 1654; x_wconf 87' lang='lat' dir='ltr'><strong>docuit.</strong></span> <span class='ocrx_word' id='word_1_114' title='bbox 337 1599 476 1653; x_wconf 75' lang='lat' dir='ltr'><strong>Mira</strong></span> <span class='ocrx_word' id='word_1_115' title='bbox 521 1615 631 1663; x_wconf 88' lang='lat' dir='ltr'><strong>res,</strong></span> <span class='ocrx_word' id='word_1_116' title='bbox 687 1602 748 1650; x_wconf 92' lang='lat' dir='ltr'><strong>ut</strong></span> <span class='ocrx_word' id='word_1_117' title='bbox 802 1595 1017 1648; x_wconf 87' lang='lat' dir='ltr'><strong>femina</strong></span> <span class='ocrx_word' id='word_1_118' title='bbox 1048 1594 1318 1647; x_wconf 87' lang='lat' dir='ltr'><strong>secularis</strong></span> <span class='ocrx_word' id='word_1_119' title='bbox 1349 1595 1408 1646; x_wconf 92' lang='lat' dir='ltr'><strong>in</strong></span> <span class='ocrx_word' id='word_1_120' title='bbox 1440 1593 1547 1646; x_wconf 93' lang='lat' dir='ltr'><strong>hoc</strong></span> <span class='ocrx_word' id='word_1_121' title='bbox 1605 1609 1705 1645; x_wconf 89' lang='lat' dir='ltr'><strong>ne-</strong></span> 
     </span>
    </p>
   </div>
   <div class='ocr_carea' id='block_1_18' title="bbox 14 1681 1779 1776">
    <p class='ocr_par' dir='ltr' id='par_1_18' title="bbox 14 1681 1779 1776">
     <span class='ocr_line' id='line_1_18' title="bbox 14 1681 1779 1776; baseline -0.005 -37"><span class='ocrx_word' id='word_1_122' title='bbox 14 1687 163 1755; x_wconf 71' lang='lat' dir='ltr'><strong>;ocio</strong></span> <span class='ocrx_word' id='word_1_123' title='bbox 191 1702 266 1740; x_wconf 91' lang='lat' dir='ltr'><strong>ne</strong></span> <span class='ocrx_word' id='word_1_124' title='bbox 308 1686 541 1756; x_wconf 87' lang='lat' dir='ltr'><strong>quidem</strong></span> <span class='ocrx_word' id='word_1_125' title='bbox 577 1685 649 1738; x_wconf 88' lang='lat' dir='ltr'><strong>ad</strong></span> <span class='ocrx_word' id='word_1_126' title='bbox 700 1684 900 1736; x_wconf 91' lang='lat' dir='ltr'><strong>horam</strong></span> <span class='ocrx_word' id='word_1_127' title='bbox 960 1687 1313 1751; x_wconf 82' lang='lat' dir='ltr'><strong>gravaretur,</strong></span> <span class='ocrx_word' id='word_1_128' title='bbox 1365 1681 1465 1734; x_wconf 87' lang='lat' dir='ltr'><strong>sed</strong></span> <span class='ocrx_word' id='word_1_129' title='bbox 1515 1681 1707 1749; x_wconf 87' lang='lat' dir='ltr'><strong>potius</strong></span> <span class='ocrx_word' id='word_1_130' title='bbox 1740 1723 1779 1776; x_wconf 73' lang='grc' dir='ltr'><strong>Β</strong></span> 
     </span>
    </p>
   </div>
   <div class='ocr_carea' id='block_1_19' title="bbox 14 1769 1705 1842">
    <p class='ocr_par' dir='ltr' id='par_1_19' title="bbox 14 1769 1705 1842">
     <span class='ocr_line' id='line_1_19' title="bbox 14 1769 1705 1842; baseline -0.004 -15"><span class='ocrx_word' id='word_1_131' title='bbox 14 1775 402 1828; x_wconf 78' lang='lat' dir='ltr'><strong>ielectaretur.</strong></span> <span class='ocrx_word' id='word_1_132' title='bbox 438 1774 620 1828; x_wconf 91' lang='lat' dir='ltr'><strong>Omne</strong></span> <span class='ocrx_word' id='word_1_133' title='bbox 673 1787 904 1842; x_wconf 91' lang='lat' dir='ltr'><strong>quoque</strong></span> <span class='ocrx_word' id='word_1_134' title='bbox 952 1769 1239 1839; x_wconf 73' lang='lat' dir='ltr'><strong>praedium</strong></span> <span class='ocrx_word' id='word_1_135' title='bbox 1294 1770 1449 1839; x_wconf 90' lang='lat' dir='ltr'><strong>quod</strong></span> <span class='ocrx_word' id='word_1_136' title='bbox 1508 1769 1705 1839; x_wconf 89' lang='lat' dir='ltr'><strong>acqui-</strong></span> 
     </span>
    </p>
   </div>
   <div class='ocr_carea' id='block_1_20' title="bbox 14 1857 1706 1931">
    <p class='ocr_par' dir='ltr' id='par_1_20' title="bbox 14 1857 1706 1931">
     <span class='ocr_line' id='line_1_20' title="bbox 14 1857 1706 1931; baseline -0.005 -14"><span class='ocrx_word' id='word_1_137' title='bbox 14 1864 168 1917; x_wconf 73' lang='lat' dir='ltr'><strong>sierat</strong></span> <span class='ocrx_word' id='word_1_138' title='bbox 218 1863 474 1916; x_wconf 71' lang='lat' dir='ltr'><strong>ecclesiae</strong></span> <span class='ocrx_word' id='word_1_139' title='bbox 532 1861 625 1915; x_wconf 89' lang='lat' dir='ltr'><strong>cui</strong></span> <span class='ocrx_word' id='word_1_140' title='bbox 669 1864 917 1931; x_wconf 73' lang='lat' dir='ltr'><strong>prmerat</strong></span> <span class='ocrx_word' id='word_1_141' title='bbox 968 1874 1098 1912; x_wconf 91' lang='lat' dir='ltr'><strong>cum</strong></span> <span class='ocrx_word' id='word_1_142' title='bbox 1141 1858 1360 1911; x_wconf 81' lang='lat' dir='ltr'><strong>auxilio</strong></span> <span class='ocrx_word' id='word_1_143' title='bbox 1405 1857 1597 1910; x_wconf 88' lang='lat' dir='ltr'><strong>fratris</strong></span> <span class='ocrx_word' id='word_1_144' title='bbox 1647 1857 1706 1910; x_wconf 93' lang='lat' dir='ltr'><strong>in</strong></span> 
     </span>
    </p>
   </div>
   <div class='ocr_carea' id='block_1_21' title="bbox 14 1946 1710 2022">
    <p class='ocr_par' dir='ltr' id='par_1_21' title="bbox 14 1946 1710 2022">
     <span class='ocr_line' id='line_1_21' title="bbox 14 1946 1710 2022; baseline -0.003 -18"><span class='ocrx_word' id='word_1_145' title='bbox 14 1952 306 2022; x_wconf 89' lang='lat' dir='ltr'><strong>proprium</strong></span> <span class='ocrx_word' id='word_1_146' title='bbox 342 1952 684 2005; x_wconf 89' lang='lat' dir='ltr'><strong>contulerat.</strong></span> <span class='ocrx_word' id='word_1_147' title='bbox 731 1951 1031 2007; x_wconf 74' lang='lat' dir='ltr'><strong>Praeterea,</strong></span> <span class='ocrx_word' id='word_1_148' title='bbox 1070 1947 1240 2000; x_wconf 87' lang='lat' dir='ltr'><strong>fratre</strong></span> <span class='ocrx_word' id='word_1_149' title='bbox 1277 1946 1614 2000; x_wconf 89' lang='lat' dir='ltr'><strong>exhortante</strong></span> <span class='ocrx_word' id='word_1_150' title='bbox 1652 1949 1710 1999; x_wconf 87' lang='lat' dir='ltr'><strong>et</strong></span> 
     </span>
    </p>
   </div>
   <div class='ocr_carea' id='block_1_22' title="bbox 14 2033 1710 2110">
    <p class='ocr_par' dir='ltr' id='par_1_22' title="bbox 14 2033 1710 2110">
     <span class='ocr_line' id='line_1_22' title="bbox 14 2033 1710 2110; baseline -0.002 -18"><span class='ocrx_word' id='word_1_151' title='bbox 14 2041 331 2110; x_wconf 75' lang='lat' dir='ltr'><strong>adjuvante,</strong></span> <span class='ocrx_word' id='word_1_152' title='bbox 375 2040 687 2093; x_wconf 87' lang='lat' dir='ltr'><strong>claustrum</strong></span> <span class='ocrx_word' id='word_1_153' title='bbox 722 2037 892 2090; x_wconf 90' lang='lat' dir='ltr'><strong>simul</strong></span> <span class='ocrx_word' id='word_1_154' title='bbox 934 2033 1006 2072; x_wconf 73' lang='grc' dir='ltr'><strong>²δ⁰</strong></span> <span class='ocrx_word' id='word_1_155' title='bbox 1036 2040 1091 2088; x_wconf 91' lang='lat' dir='ltr'><strong>et</strong></span> <span class='ocrx_word' id='word_1_156' title='bbox 1118 2035 1530 2089; x_wconf 89' lang='lat' dir='ltr'><strong>monasterium</strong></span> <span class='ocrx_word' id='word_1_157' title='bbox 1565 2050 1710 2104; x_wconf 86' lang='lat' dir='ltr'><strong>pene</strong></span> 
     </span>
    </p>
   </div>
   <div class='ocr_carea' id='block_1_23' title="bbox 14 2122 1707 2190">
    <p class='ocr_par' dir='ltr' id='par_1_23' title="bbox 14 2122 1707 2190">
     <span class='ocr_line' id='line_1_23' title="bbox 14 2122 1707 2190; baseline -0.005 -8"><span class='ocrx_word' id='word_1_158' title='bbox 14 2131 332 2183; x_wconf 85' lang='lat' dir='ltr'><strong>desolatum</strong></span> <span class='ocrx_word' id='word_1_159' title='bbox 371 2144 487 2181; x_wconf 90' lang='lat' dir='ltr'><strong>non</strong></span> <span class='ocrx_word' id='word_1_160' title='bbox 526 2128 711 2180; x_wconf 91' lang='lat' dir='ltr'><strong>solum</strong></span> <span class='ocrx_word' id='word_1_161' title='bbox 761 2124 1078 2190; x_wconf 84' lang='lat' dir='ltr'><strong>renovavit,</strong></span> <span class='ocrx_word' id='word_1_162' title='bbox 1113 2124 1208 2178; x_wconf 91' lang='lat' dir='ltr'><strong>sed</strong></span> <span class='ocrx_word' id='word_1_163' title='bbox 1251 2123 1425 2176; x_wconf 91' lang='lat' dir='ltr'><strong>etiam</strong></span> <span class='ocrx_word' id='word_1_164' title='bbox 1465 2122 1707 2176; x_wconf 69' lang='lat' dir='ltr'><strong>reaediti-</strong></span> 
     </span>
    </p>
   </div>
   <div class='ocr_carea' id='block_1_24' title="bbox 14 2208 1712 2273">
    <p class='ocr_par' dir='ltr' id='par_1_24' title="bbox 14 2208 1712 2273">
     <span class='ocr_line' id='line_1_24' title="bbox 14 2208 1712 2273; baseline -0.004 -4"><span class='ocrx_word' id='word_1_165' title='bbox 14 2219 144 2271; x_wconf 79' lang='lat' dir='ltr'><strong>cavit</strong></span> <span class='ocrx_word' id='word_1_166' title='bbox 180 2223 241 2272; x_wconf 89' lang='lat' dir='ltr'><strong>et</strong></span> <span class='ocrx_word' id='word_1_167' title='bbox 291 2214 362 2250; x_wconf 80' lang='grc'><strong>²⁵¹</strong></span> <span class='ocrx_word' id='word_1_168' title='bbox 429 2214 680 2270; x_wconf 87' lang='lat' dir='ltr'><strong>dedicari</strong></span> <span class='ocrx_word' id='word_1_169' title='bbox 724 2214 869 2273; x_wconf 85' lang='lat' dir='ltr'><strong>fecit,</strong></span> <span class='ocrx_word' id='word_1_170' title='bbox 929 2218 987 2266; x_wconf 92' lang='lat' dir='ltr'><strong>et</strong></span> <span class='ocrx_word' id='word_1_171' title='bbox 1041 2212 1100 2265; x_wconf 91' lang='lat' dir='ltr'><strong>in</strong></span> <span class='ocrx_word' id='word_1_172' title='bbox 1142 2211 1350 2265; x_wconf 88' lang='lat' dir='ltr'><strong>servito</strong></span> <span class='ocrx_word' id='word_1_173' title='bbox 1401 2210 1594 2265; x_wconf 89' lang='lat' dir='ltr'><strong>divino</strong></span> <span class='ocrx_word' id='word_1_174' title='bbox 1642 2208 1712 2245; x_wconf 65' lang='grc'><strong>³⁵³</strong></span> 
     </span>
    </p>
   </div>
   <div class='ocr_carea' id='block_1_25' title="bbox 14 2297 1712 2369">
    <p class='ocr_par' dir='ltr' id='par_1_25' title="bbox 14 2297 1712 2369">
     <span class='ocr_line' id='line_1_25' title="bbox 14 2297 1712 2369; baseline -0.005 -9"><span class='ocrx_word' id='word_1_175' title='bbox 14 2323 131 2360; x_wconf 82' lang='lat' dir='ltr'><strong>cum</strong></span> <span class='ocrx_word' id='word_1_176' title='bbox 181 2306 480 2360; x_wconf 87' lang='lat' dir='ltr'><strong>sororibus</strong></span> <span class='ocrx_word' id='word_1_177' title='bbox 534 2304 642 2357; x_wconf 89' lang='lat' dir='ltr'><strong>sibi</strong></span> <span class='ocrx_word' id='word_1_178' title='bbox 687 2302 1009 2356; x_wconf 90' lang='lat' dir='ltr'><strong>commissis</strong></span> <span class='ocrx_word' id='word_1_179' title='bbox 1077 2300 1166 2354; x_wconf 91' lang='lat' dir='ltr'><strong>die</strong></span> <span class='ocrx_word' id='word_1_180' title='bbox 1212 2304 1502 2369; x_wconf 89' lang='lat' dir='ltr'><strong>noctuque</strong></span> <span class='ocrx_word' id='word_1_181' title='bbox 1542 2297 1712 2352; x_wconf 89' lang='lat' dir='ltr'><strong>corde</strong></span> 
     </span>
    </p>
   </div>
   <div class='ocr_carea' id='block_1_26' title="bbox 14 2388 1714 2460">
    <p class='ocr_par' dir='ltr' id='par_1_26' title="bbox 14 2388 1714 2460">
     <span class='ocr_line' id='line_1_26' title="bbox 14 2388 1714 2460; baseline -0.005 -12"><span class='ocrx_word' id='word_1_182' title='bbox 14 2400 63 2447; x_wconf 90' lang='lat' dir='ltr'><strong>et</strong></span> <span class='ocrx_word' id='word_1_183' title='bbox 93 2395 293 2448; x_wconf 87' lang='lat' dir='ltr'><strong>animo</strong></span> <span class='ocrx_word' id='word_1_184' title='bbox 326 2392 694 2446; x_wconf 85' lang='lat' dir='ltr'><strong>stabilissimo</strong></span> <span class='ocrx_word' id='word_1_185' title='bbox 728 2389 798 2426; x_wconf 72' lang='grc'><strong>³⁵³</strong></span> <span class='ocrx_word' id='word_1_186' title='bbox 838 2388 1177 2460; x_wconf 87' lang='lat' dir='ltr'><strong>permansit,</strong></span> <span class='ocrx_word' id='word_1_187' title='bbox 1225 2403 1541 2458; x_wconf 89' lang='lat' dir='ltr'><strong>earumque</strong></span> <span class='ocrx_word' id='word_1_188' title='bbox 1572 2403 1714 2440; x_wconf 91' lang='lat' dir='ltr'><strong>con—</strong></span> 
     </span>
    </p>
   </div>
   <div class='ocr_carea' id='block_1_27' title="bbox 14 2476 1716 2549">
    <p class='ocr_par' dir='ltr' id='par_1_27' title="bbox 14 2476 1716 2549">
     <span class='ocr_line' id='line_1_27' title="bbox 14 2476 1716 2549; baseline -0.004 -15"><span class='ocrx_word' id='word_1_189' title='bbox 14 2485 398 2536; x_wconf 87' lang='lat' dir='ltr'><strong>versationem</strong></span> <span class='ocrx_word' id='word_1_190' title='bbox 442 2480 633 2534; x_wconf 87' lang='lat' dir='ltr'><strong>fratris</strong></span> <span class='ocrx_word' id='word_1_191' title='bbox 673 2478 962 2549; x_wconf 89' lang='lat' dir='ltr'><strong>adjutorio</strong></span> <span class='ocrx_word' id='word_1_192' title='bbox 993 2478 1062 2513; x_wconf 76' lang='grc'><strong>²⁸⁴</strong></span> <span class='ocrx_word' id='word_1_193' title='bbox 1095 2476 1536 2542; x_wconf 87' lang='lat' dir='ltr'><strong>rationabiliter,</strong></span> <span class='ocrx_word' id='word_1_194' title='bbox 1570 2476 1716 2529; x_wconf 90' lang='lat' dir='ltr'><strong>sicut</strong></span> 
     </span>
    </p>
   </div>
   <div class='ocr_carea' id='block_1_28' title="bbox 14 2563 1606 2640">
    <p class='ocr_par' dir='ltr' id='par_1_28' title="bbox 14 2563 1606 2640">
     <span class='ocr_line' id='line_1_28' title="bbox 14 2563 1606 2640; baseline -0.005 -17"><span class='ocrx_word' id='word_1_195' title='bbox 14 2572 326 2625; x_wconf 87' lang='lat' dir='ltr'><strong>canonicus</strong></span> <span class='ocrx_word' id='word_1_196' title='bbox 361 2568 622 2640; x_wconf 88' lang='lat' dir='ltr'><strong>deposcit</strong></span> <span class='ocrx_word' id='word_1_197' title='bbox 650 2566 719 2603; x_wconf 70' lang='grc'><strong>³⁵⁵</strong></span> <span class='ocrx_word' id='word_1_198' title='bbox 751 2567 910 2632; x_wconf 91' lang='lat' dir='ltr'><strong>ordo,</strong></span> <span class='ocrx_word' id='word_1_199' title='bbox 947 2582 1048 2636; x_wconf 90' lang='lat' dir='ltr'><strong>per</strong></span> <span class='ocrx_word' id='word_1_200' title='bbox 1079 2565 1275 2619; x_wconf 87' lang='lat' dir='ltr'><strong>omnia</strong></span> <span class='ocrx_word' id='word_1_201' title='bbox 1304 2563 1606 2634; x_wconf 87' lang='lat' dir='ltr'><strong>disposuit.</strong></span> 
     </span>
    </p>
   </div>
   <div class='ocr_carea' id='block_1_29' title="bbox 84 2651 1718 2728">
    <p class='ocr_par' dir='ltr' id='par_1_29' title="bbox 84 2651 1718 2728">
     <span class='ocr_line' id='line_1_29' title="bbox 84 2651 1718 2728; baseline -0.006 -14"><span class='ocrx_word' id='word_1_202' title='bbox 84 2664 165 2715; x_wconf 83' lang='lat' dir='ltr'><strong>l3.</strong></span> <span class='ocrx_word' id='word_1_203' title='bbox 218 2659 383 2714; x_wconf 90' lang='lat' dir='ltr'><strong>Illius</strong></span> <span class='ocrx_word' id='word_1_204' title='bbox 433 2674 665 2728; x_wconf 89' lang='lat' dir='ltr'><strong>quoque</strong></span> <span class='ocrx_word' id='word_1_205' title='bbox 710 2655 780 2691; x_wconf 75' lang='grc'><strong>³⁵⁸</strong></span> <span class='ocrx_word' id='word_1_206' title='bbox 829 2654 1104 2725; x_wconf 80' lang='lat' dir='ltr'><strong>exemplis</strong></span> <span class='ocrx_word' id='word_1_207' title='bbox 1135 2670 1198 2707; x_wconf 89' lang='lat' dir='ltr'><strong>ac</strong></span> <span class='ocrx_word' id='word_1_208' title='bbox 1254 2651 1325 2688; x_wconf 80' lang='grc'><strong>³⁵⁷</strong></span> <span class='ocrx_word' id='word_1_209' title='bbox 1358 2651 1718 2706; x_wconf 87' lang='lat' dir='ltr'><strong>documentis</strong></span> 
     </span>
    </p>
   </div>
   <div class='ocr_carea' id='block_1_30' title="bbox 14 2741 1718 2810">
    <p class='ocr_par' dir='ltr' id='par_1_30' title="bbox 14 2741 1718 2810">
     <span class='ocr_line' id='line_1_30' title="bbox 14 2741 1718 2810; baseline -0.005 -8"><span class='ocrx_word' id='word_1_210' title='bbox 14 2765 124 2801; x_wconf 89' lang='lat' dir='ltr'><strong>una</strong></span> <span class='ocrx_word' id='word_1_211' title='bbox 156 2765 230 2802; x_wconf 83' lang='lat' dir='ltr'><strong>ex</strong></span> <span class='ocrx_word' id='word_1_212' title='bbox 265 2747 482 2801; x_wconf 90' lang='lat' dir='ltr'><strong>eisdem</strong></span> <span class='ocrx_word' id='word_1_213' title='bbox 515 2744 830 2810; x_wconf 87' lang='lat' dir='ltr'><strong>sororibus,</strong></span> <span class='ocrx_word' id='word_1_214' title='bbox 865 2743 1081 2798; x_wconf 89' lang='lat' dir='ltr'><strong>Caritas</strong></span> <span class='ocrx_word' id='word_1_215' title='bbox 1119 2742 1438 2806; x_wconf 91' lang='lat' dir='ltr'><strong>nominata,</strong></span> <span class='ocrx_word' id='word_1_216' title='bbox 1475 2742 1587 2794; x_wconf 92' lang='lat' dir='ltr'><strong>Deo</strong></span> <span class='ocrx_word' id='word_1_217' title='bbox 1620 2741 1718 2794; x_wconf 88' lang='lat' dir='ltr'><strong>de-</strong></span> 
     </span>
    </p>
   </div>
   <div class='ocr_carea' id='block_1_31' title="bbox 14 2828 1716 2904">
    <p class='ocr_par' dir='ltr' id='par_1_31' title="bbox 14 2828 1716 2904">
     <span class='ocr_line' id='line_1_31' title="bbox 14 2828 1716 2904; baseline -0.004 -16"><span class='ocrx_word' id='word_1_218' title='bbox 14 2845 160 2902; x_wconf 87' lang='lat' dir='ltr'><strong>vota,</strong></span> <span class='ocrx_word' id='word_1_219' title='bbox 217 2836 442 2890; x_wconf 89' lang='lat' dir='ltr'><strong>altioris</strong></span> <span class='ocrx_word' id='word_1_220' title='bbox 487 2833 837 2904; x_wconf 89' lang='lat' dir='ltr'><strong>majorisque</strong></span> <span class='ocrx_word' id='word_1_221' title='bbox 867 2831 997 2885; x_wconf 67' lang='lat' dir='ltr'><strong>vitae</strong></span> <span class='ocrx_word' id='word_1_222' title='bbox 1028 2830 1445 2885; x_wconf 89' lang='lat' dir='ltr'><strong>districtionem</strong></span> <span class='ocrx_word' id='word_1_223' title='bbox 1495 2831 1564 2883; x_wconf 93' lang='lat' dir='ltr'><strong>ab</strong></span> <span class='ocrx_word' id='word_1_224' title='bbox 1597 2828 1716 2899; x_wconf 90' lang='lat' dir='ltr'><strong>epi-</strong></span> 
     </span>
    </p>
   </div>
   <div class='ocr_carea' id='block_1_32' title="bbox 14 2917 1718 2996">
    <p class='ocr_par' dir='ltr' id='par_1_32' title="bbox 14 2917 1718 2996">
     <span class='ocr_line' id='line_1_32' title="bbox 14 2917 1718 2996; baseline -0.005 -17"><span class='ocrx_word' id='word_1_225' title='bbox 14 2942 178 2996; x_wconf 90' lang='lat' dir='ltr'><strong>scopo</strong></span> <span class='ocrx_word' id='word_1_226' title='bbox 252 2923 600 2994; x_wconf 89' lang='lat' dir='ltr'><strong>postulabat.</strong></span> <span class='ocrx_word' id='word_1_227' title='bbox 659 2922 921 2992; x_wconf 85' lang='lat' dir='ltr'><strong>Cumque</strong></span> <span class='ocrx_word' id='word_1_228' title='bbox 968 2921 1065 2974; x_wconf 90' lang='lat' dir='ltr'><strong>ille</strong></span> <span class='ocrx_word' id='word_1_229' title='bbox 1116 2919 1216 2973; x_wconf 92' lang='lat' dir='ltr'><strong>Dei</strong></span> <span class='ocrx_word' id='word_1_230' title='bbox 1263 2920 1613 2972; x_wconf 86' lang='lat' dir='ltr'><strong>voluntatem</strong></span> <span class='ocrx_word' id='word_1_231' title='bbox 1660 2917 1718 2970; x_wconf 92' lang='lat' dir='ltr'><strong>in</strong></span> 
     </span>
    </p>
   </div>
   <div class='ocr_carea' id='block_1_33' title="bbox 1809 528 3509 604">
    <p class='ocr_par' dir='ltr' id='par_1_33' title="bbox 1809 528 3509 604">
     <span class='ocr_line' id='line_1_33' title="bbox 1809 528 3509 604; baseline 0.003 -22"><span class='ocrx_word' id='word_1_232' title='bbox 1809 531 1946 601; x_wconf 89' lang='lat' dir='ltr'><strong>pida</strong></span> <span class='ocrx_word' id='word_1_233' title='bbox 1974 547 2072 584; x_wconf 90' lang='lat' dir='ltr'><strong>vos</strong></span> <span class='ocrx_word' id='word_1_234' title='bbox 2110 531 2403 601; x_wconf 65' lang='lat' dir='ltr'><strong>praecedit,</strong></span> <span class='ocrx_word' id='word_1_235' title='bbox 2437 537 2495 585; x_wconf 90' lang='lat' dir='ltr'><strong>et</strong></span> <span class='ocrx_word' id='word_1_236' title='bbox 2532 535 2727 585; x_wconf 89' lang='lat' dir='ltr'><strong>contra</strong></span> <span class='ocrx_word' id='word_1_237' title='bbox 2758 528 3042 601; x_wconf 86' lang='lat' dir='ltr'><strong>spiritales</strong></span> <span class='ocrx_word' id='word_1_238' title='bbox 3072 533 3357 602; x_wconf 87' lang='lat' dir='ltr'><strong>nequitias</strong></span> <span class='ocrx_word' id='word_1_239' title='bbox 3403 550 3509 604; x_wconf 88' lang='lat' dir='ltr'><strong>pu-</strong></span> 
     </span>
    </p>
   </div>
   <div class='ocr_carea' id='block_1_34' title="bbox 1811 619 3510 694">
    <p class='ocr_par' dir='ltr' id='par_1_34' title="bbox 1811 619 3510 694">
     <span class='ocr_line' id='line_1_34' title="bbox 1811 619 3510 694; baseline 0.003 -22"><span class='ocrx_word' id='word_1_240' title='bbox 1811 635 1987 690; x_wconf 91' lang='lat' dir='ltr'><strong>gnare</strong></span> <span class='ocrx_word' id='word_1_241' title='bbox 2033 635 2151 672; x_wconf 93' lang='lat' dir='ltr'><strong>non</strong></span> <span class='ocrx_word' id='word_1_242' title='bbox 2203 620 2426 674; x_wconf 86' lang='lat' dir='ltr'><strong>metuit.</strong></span> <span class='ocrx_word' id='word_1_243' title='bbox 2487 620 2626 673; x_wconf 89' lang='lat' dir='ltr'><strong>Ecce</strong></span> <span class='ocrx_word' id='word_1_244' title='bbox 2687 621 2864 673; x_wconf 88' lang='lat' dir='ltr'><strong>lorica</strong></span> <span class='ocrx_word' id='word_1_245' title='bbox 2913 619 2988 654; x_wconf 81' lang='grc'><strong>²⁶⁸</strong></span> <span class='ocrx_word' id='word_1_246' title='bbox 3046 621 3184 675; x_wconf 82' lang='lat' dir='ltr'><strong>fidei</strong></span> <span class='ocrx_word' id='word_1_247' title='bbox 3231 623 3510 694; x_wconf 81' lang='lat' dir='ltr'><strong>galeaque</strong></span> 
     </span>
    </p>
   </div>
   <div class='ocr_carea' id='block_1_35' title="bbox 1811 707 3510 778">
    <p class='ocr_par' dir='ltr' id='par_1_35' title="bbox 1811 707 3510 778">
     <span class='ocr_line' id='line_1_35' title="bbox 1811 707 3510 778; baseline 0.003 -18"><span class='ocrx_word' id='word_1_248' title='bbox 1811 707 2010 760; x_wconf 89' lang='lat' dir='ltr'><strong>salutis</strong></span> <span class='ocrx_word' id='word_1_249' title='bbox 2041 707 2261 774; x_wconf 91' lang='lat' dir='ltr'><strong>induta,</strong></span> <span class='ocrx_word' id='word_1_250' title='bbox 2295 708 2490 761; x_wconf 90' lang='lat' dir='ltr'><strong>animo</strong></span> <span class='ocrx_word' id='word_1_251' title='bbox 2525 708 2918 778; x_wconf 82' lang='lat' dir='ltr'><strong>imperterrita</strong></span> <span class='ocrx_word' id='word_1_252' title='bbox 2958 714 3159 764; x_wconf 91' lang='lat' dir='ltr'><strong>contra</strong></span> <span class='ocrx_word' id='word_1_253' title='bbox 3211 711 3510 765; x_wconf 90' lang='lat' dir='ltr'><strong>inimicum</strong></span> 
     </span>
    </p>
   </div>
   <div class='ocr_carea' id='block_1_36' title="bbox 1813 794 3514 870">
    <p class='ocr_par' dir='ltr' id='par_1_36' title="bbox 1813 794 3514 870">
     <span class='ocr_line' id='line_1_36' title="bbox 1813 794 3514 870; baseline 0.002 -19"><span class='ocrx_word' id='word_1_254' title='bbox 1813 796 2086 851; x_wconf 89' lang='lat' dir='ltr'><strong>dimicare</strong></span> <span class='ocrx_word' id='word_1_255' title='bbox 2140 801 2224 849; x_wconf 91' lang='lat' dir='ltr'><strong>est</strong></span> <span class='ocrx_word' id='word_1_256' title='bbox 2262 794 2336 830; x_wconf 83' lang='grc'><strong>²⁶⁹</strong></span> <span class='ocrx_word' id='word_1_257' title='bbox 2375 801 2593 865; x_wconf 90' lang='lat' dir='ltr'><strong>parata.</strong></span> <span class='ocrx_word' id='word_1_258' title='bbox 2658 798 2804 867; x_wconf 87' lang='lat' dir='ltr'><strong>Ergo</strong></span> <span class='ocrx_word' id='word_1_259' title='bbox 2856 798 2904 851; x_wconf 89' lang='lat' dir='ltr'><strong>si</strong></span> <span class='ocrx_word' id='word_1_260' title='bbox 2951 814 3142 870; x_wconf 89' lang='lat' dir='ltr'><strong>neque</strong></span> <span class='ocrx_word' id='word_1_261' title='bbox 3187 801 3514 870; x_wconf 71' lang='lat' dir='ltr'><strong>praecedere</strong></span> 
     </span>
    </p>
   </div>
   <div class='ocr_carea' id='block_1_37' title="bbox 1812 883 3512 956">
    <p class='ocr_par' dir='ltr' id='par_1_37' title="bbox 1812 883 3512 956">
     <span class='ocr_line' id='line_1_37' title="bbox 1812 883 3512 956; baseline 0.002 -17"><span class='ocrx_word' id='word_1_262' title='bbox 1812 900 2001 955; x_wconf 91' lang='lat' dir='ltr'><strong>neque</strong></span> <span class='ocrx_word' id='word_1_263' title='bbox 2048 884 2182 939; x_wconf 91' lang='lat' dir='ltr'><strong>huic</strong></span> <span class='ocrx_word' id='word_1_264' title='bbox 2221 883 2296 918; x_wconf 83' lang='grc'>²⁷⁰</span> <span class='ocrx_word' id='word_1_265' title='bbox 2323 901 2663 939; x_wconf 86' lang='lat' dir='ltr'><strong>concurrere</strong></span> <span class='ocrx_word' id='word_1_266' title='bbox 2703 887 2936 956; x_wconf 90' lang='lat' dir='ltr'><strong>possitis</strong></span> <span class='ocrx_word' id='word_1_267' title='bbox 2983 885 3080 955; x_wconf 84' lang='grc'>²⁷¹,</span> <span class='ocrx_word' id='word_1_268' title='bbox 3137 889 3338 942; x_wconf 91' lang='lat' dir='ltr'><strong>saltem</strong></span> <span class='ocrx_word' id='word_1_269' title='bbox 3387 905 3512 943; x_wconf 89' lang='lat' dir='ltr'><strong>eam</strong></span> 
     </span>
    </p>
   </div>
   <div class='ocr_carea' id='block_1_38' title="bbox 1813 973 3509 1046">
    <p class='ocr_par' dir='ltr' id='par_1_38' title="bbox 1813 973 3509 1046">
     <span class='ocr_line' id='line_1_38' title="bbox 1813 973 3509 1046; baseline -0.001 -19"><span class='ocrx_word' id='word_1_270' title='bbox 1813 973 2097 1028; x_wconf 88' lang='lat' dir='ltr'><strong>similibus</strong></span> <span class='ocrx_word' id='word_1_271' title='bbox 2163 974 2390 1044; x_wconf 85' lang='lat' dir='ltr'><strong>pietatis</strong></span> <span class='ocrx_word' id='word_1_272' title='bbox 2450 975 2726 1044; x_wconf 85' lang='lat' dir='ltr'><strong>exemplis</strong></span> <span class='ocrx_word' id='word_1_273' title='bbox 2781 976 3059 1046; x_wconf 91' lang='lat' dir='ltr'><strong>consequi</strong></span> <span class='ocrx_word' id='word_1_274' title='bbox 3135 977 3432 1031; x_wconf 91' lang='lat' dir='ltr'><strong>studeatis.</strong></span> <span class='ocrx_word' id='word_1_275' title='bbox 3488 999 3509 1026; x_wconf 75' lang='grc' dir='ltr'><strong><em>ι</em></strong></span> 
     </span>
    </p>
   </div>
   <div class='ocr_carea' id='block_1_39' title="bbox 1813 1063 3516 1136">
    <p class='ocr_par' dir='ltr' id='par_1_39' title="bbox 1813 1063 3516 1136">
     <span class='ocr_line' id='line_1_39' title="bbox 1813 1063 3516 1136; baseline 0.002 -18"><span class='ocrx_word' id='word_1_276' title='bbox 1813 1065 1947 1118; x_wconf 90' lang='lat' dir='ltr'><strong>Post</strong></span> <span class='ocrx_word' id='word_1_277' title='bbox 1999 1064 2120 1118; x_wconf 77' lang='lat' dir='ltr'><strong>haec</strong></span> <span class='ocrx_word' id='word_1_278' title='bbox 2151 1064 2374 1133; x_wconf 89' lang='lat' dir='ltr'><strong>aliaque</strong></span> <span class='ocrx_word' id='word_1_279' title='bbox 2413 1063 2586 1117; x_wconf 88' lang='lat' dir='ltr'><strong>verba</strong></span> <span class='ocrx_word' id='word_1_280' title='bbox 2633 1063 2849 1130; x_wconf 89' lang='lat' dir='ltr'><strong>divina,</strong></span> <span class='ocrx_word' id='word_1_281' title='bbox 2881 1066 3179 1136; x_wconf 86' lang='lat' dir='ltr'><strong>completis</strong></span> <span class='ocrx_word' id='word_1_282' title='bbox 3211 1067 3516 1121; x_wconf 89' lang='lat' dir='ltr'><strong>missarum</strong></span> 
     </span>
    </p>
   </div>
   <div class='ocr_carea' id='block_1_40' title="bbox 1814 1149 3514 1224">
    <p class='ocr_par' dir='ltr' id='par_1_40' title="bbox 1814 1149 3514 1224">
     <span class='ocr_line' id='line_1_40' title="bbox 1814 1149 3514 1224; baseline 0.003 -19"><span class='ocrx_word' id='word_1_283' title='bbox 1814 1151 2018 1205; x_wconf 80' lang='lat' dir='ltr'><strong>officiis</strong></span> <span class='ocrx_word' id='word_1_284' title='bbox 2061 1149 2159 1219; x_wconf 68' lang='lat'><strong>’7’,</strong></span> <span class='ocrx_word' id='word_1_285' title='bbox 2195 1152 2416 1204; x_wconf 80' lang='lat' dir='ltr'><strong>cellulae</strong></span> <span class='ocrx_word' id='word_1_286' title='bbox 2485 1168 2610 1205; x_wconf 88' lang='lat' dir='ltr'><strong>eam</strong></span> <span class='ocrx_word' id='word_1_287' title='bbox 2651 1152 2916 1219; x_wconf 90' lang='lat' dir='ltr'><strong>inclusit;</strong></span> <span class='ocrx_word' id='word_1_288' title='bbox 2968 1159 3026 1207; x_wconf 91' lang='lat' dir='ltr'><strong>et</strong></span> <span class='ocrx_word' id='word_1_289' title='bbox 3061 1171 3189 1224; x_wconf 78' lang='lat' dir='ltr'><strong>quae</strong></span> <span class='ocrx_word' id='word_1_290' title='bbox 3239 1153 3314 1191; x_wconf 67' lang='grc'><strong>’⁷⁵</strong></span> <span class='ocrx_word' id='word_1_291' title='bbox 3358 1172 3514 1210; x_wconf 88' lang='lat' dir='ltr'><strong>com-</strong></span> 
     </span>
    </p>
   </div>
   <div class='ocr_carea' id='block_1_41' title="bbox 1815 1238 3516 1311">
    <p class='ocr_par' dir='ltr' id='par_1_41' title="bbox 1815 1238 3516 1311">
     <span class='ocr_line' id='line_1_41' title="bbox 1815 1238 3516 1311; baseline 0.002 -18"><span class='ocrx_word' id='word_1_292' title='bbox 1815 1238 2129 1310; x_wconf 90' lang='lat' dir='ltr'><strong>punctioue</strong></span> <span class='ocrx_word' id='word_1_293' title='bbox 2196 1239 2388 1292; x_wconf 90' lang='lat' dir='ltr'><strong>divina</strong></span> <span class='ocrx_word' id='word_1_294' title='bbox 2443 1240 2799 1293; x_wconf 87' lang='lat' dir='ltr'><strong>secularibus</strong></span> <span class='ocrx_word' id='word_1_295' title='bbox 2858 1238 2932 1274; x_wconf 73' lang='grc'><strong>’⁷⁸</strong></span> <span class='ocrx_word' id='word_1_296' title='bbox 2963 1247 3194 1294; x_wconf 88' lang='lat' dir='ltr'><strong>mortua</strong></span> <span class='ocrx_word' id='word_1_297' title='bbox 3254 1241 3366 1297; x_wconf 86' lang='lat' dir='ltr'><strong>fuit</strong></span> <span class='ocrx_word' id='word_1_298' title='bbox 3422 1240 3516 1311; x_wconf 74' lang='grc'><strong>³⁷⁸,</strong></span> 
     </span>
    </p>
   </div>
   <div class='ocr_carea' id='block_1_42' title="bbox 1816 1328 3518 1385">
    <p class='ocr_par' dir='ltr' id='par_1_42' title="bbox 1816 1328 3518 1385">
     <span class='ocr_line' id='line_1_42' title="bbox 1816 1328 3518 1385; baseline 0.001 -2"><span class='ocrx_word' id='word_1_299' title='bbox 1816 1328 2017 1383; x_wconf 89' lang='lat' dir='ltr'><strong>ordine</strong></span> <span class='ocrx_word' id='word_1_300' title='bbox 2064 1333 2426 1382; x_wconf 88' lang='lat' dir='ltr'><strong>mortuorum</strong></span> <span class='ocrx_word' id='word_1_301' title='bbox 2467 1330 2582 1382; x_wconf 92' lang='lat' dir='ltr'><strong>Deo</strong></span> <span class='ocrx_word' id='word_1_302' title='bbox 2631 1329 2788 1382; x_wconf 90' lang='lat' dir='ltr'><strong>illam</strong></span> <span class='ocrx_word' id='word_1_303' title='bbox 2832 1330 3354 1384; x_wconf 84' lang='lat' dir='ltr'><strong>commendaverat.</strong></span> <span class='ocrx_word' id='word_1_304' title='bbox 3397 1332 3518 1385; x_wconf 89' lang='lat' dir='ltr'><strong>lbi-</strong></span> 
     </span>
    </p>
   </div>
   <div class='ocr_carea' id='block_1_43' title="bbox 1817 1415 3518 1488">
    <p class='ocr_par' dir='ltr' id='par_1_43' title="bbox 1817 1415 3518 1488">
     <span class='ocr_line' id='line_1_43' title="bbox 1817 1415 3518 1488; baseline 0.001 -18"><span class='ocrx_word' id='word_1_305' title='bbox 1817 1432 1928 1488; x_wconf 89' lang='lat' dir='ltr'><strong>que</strong></span> <span class='ocrx_word' id='word_1_306' title='bbox 1961 1415 2034 1450; x_wconf 79' lang='grc'>²⁷⁶</span> <span class='ocrx_word' id='word_1_307' title='bbox 2081 1418 2194 1470; x_wconf 92' lang='lat' dir='ltr'><strong>Deo</strong></span> <span class='ocrx_word' id='word_1_308' title='bbox 2240 1417 2538 1470; x_wconf 87' lang='lat' dir='ltr'><strong>serviendo</strong></span> <span class='ocrx_word' id='word_1_309' title='bbox 2588 1421 2702 1470; x_wconf 91' lang='lat' dir='ltr'><strong>tres</strong></span> <span class='ocrx_word' id='word_1_310' title='bbox 2739 1433 2918 1470; x_wconf 90' lang='lat' dir='ltr'><strong>annos</strong></span> <span class='ocrx_word' id='word_1_311' title='bbox 2963 1418 3081 1471; x_wconf 90' lang='lat' dir='ltr'><strong>vita</strong></span> <span class='ocrx_word' id='word_1_312' title='bbox 3125 1420 3381 1488; x_wconf 89' lang='lat' dir='ltr'><strong>angelica</strong></span> <span class='ocrx_word' id='word_1_313' title='bbox 3429 1420 3518 1472; x_wconf 85' lang='lat' dir='ltr'><strong>vi-</strong></span> 
     </span>
    </p>
   </div>
   <div class='ocr_carea' id='block_1_44' title="bbox 1819 1506 3520 1577">
    <p class='ocr_par' dir='ltr' id='par_1_44' title="bbox 1819 1506 3520 1577">
     <span class='ocr_line' id='line_1_44' title="bbox 1819 1506 3520 1577; baseline 0.002 -19"><span class='ocrx_word' id='word_1_314' title='bbox 1819 1506 2006 1571; x_wconf 88' lang='lat' dir='ltr'><strong>vebat,</strong></span> <span class='ocrx_word' id='word_1_315' title='bbox 2047 1512 2104 1559; x_wconf 91' lang='lat' dir='ltr'><strong>et</strong></span> <span class='ocrx_word' id='word_1_316' title='bbox 2151 1507 2388 1560; x_wconf 89' lang='lat' dir='ltr'><strong>diversis</strong></span> <span class='ocrx_word' id='word_1_317' title='bbox 2417 1506 2782 1576; x_wconf 88' lang='lat' dir='ltr'><strong>passionibus</strong></span> <span class='ocrx_word' id='word_1_318' title='bbox 2810 1512 3089 1577; x_wconf 89' lang='lat' dir='ltr'><strong>temptata</strong></span> <span class='ocrx_word' id='word_1_319' title='bbox 3129 1506 3225 1574; x_wconf 67' lang='lat'><strong>’77,</strong></span> <span class='ocrx_word' id='word_1_320' title='bbox 3287 1510 3356 1562; x_wconf 93' lang='lat' dir='ltr'><strong>ad</strong></span> <span class='ocrx_word' id='word_1_321' title='bbox 3385 1509 3520 1562; x_wconf 90' lang='lat' dir='ltr'><strong>ulti-</strong></span> 
     </span>
    </p>
   </div>
   <div class='ocr_carea' id='block_1_45' title="bbox 1820 1594 3523 1665">
    <p class='ocr_par' dir='ltr' id='par_1_45' title="bbox 1820 1594 3523 1665">
     <span class='ocr_line' id='line_1_45' title="bbox 1820 1594 3523 1665; baseline 0.002 -18"><span class='ocrx_word' id='word_1_322' title='bbox 1820 1610 1980 1647; x_wconf 90' lang='lat' dir='ltr'><strong>mum</strong></span> <span class='ocrx_word' id='word_1_323' title='bbox 2014 1595 2266 1648; x_wconf 90' lang='lat' dir='ltr'><strong>animam</strong></span> <span class='ocrx_word' id='word_1_324' title='bbox 2309 1595 2558 1664; x_wconf 90' lang='lat' dir='ltr'><strong>pleniter</strong></span> <span class='ocrx_word' id='word_1_325' title='bbox 2603 1599 2976 1665; x_wconf 84' lang='lat' dir='ltr'><strong>expurgatam</strong></span> <span class='ocrx_word' id='word_1_326' title='bbox 3014 1594 3089 1631; x_wconf 73' lang='lat'><strong>’73</strong></span> <span class='ocrx_word' id='word_1_327' title='bbox 3119 1613 3224 1650; x_wconf 90' lang='lat' dir='ltr'><strong>suo</strong></span> <span class='ocrx_word' id='word_1_328' title='bbox 3273 1597 3523 1651; x_wconf 88' lang='lat' dir='ltr'><strong>reddidit</strong></span> 
     </span>
    </p>
   </div>
   <div class='ocr_carea' id='block_1_46' title="bbox 1821 1683 3521 1755">
    <p class='ocr_par' dir='ltr' id='par_1_46' title="bbox 1821 1683 3521 1755">
     <span class='ocr_line' id='line_1_46' title="bbox 1821 1683 3521 1755; baseline 0.001 -18"><span class='ocrx_word' id='word_1_329' title='bbox 1821 1683 2093 1750; x_wconf 89' lang='lat' dir='ltr'><strong>Creatori,</strong></span> <span class='ocrx_word' id='word_1_330' title='bbox 2137 1689 2199 1736; x_wconf 93' lang='lat' dir='ltr'><strong>ut</strong></span> <span class='ocrx_word' id='word_1_331' title='bbox 2244 1683 2301 1736; x_wconf 93' lang='lat' dir='ltr'><strong>in</strong></span> <span class='ocrx_word' id='word_1_332' title='bbox 2335 1683 2606 1737; x_wconf 88' lang='lat' dir='ltr'><strong>omnibus</strong></span> <span class='ocrx_word' id='word_1_333' title='bbox 2653 1683 3068 1738; x_wconf 82' lang='lat' dir='ltr'><strong>honorificetur</strong></span> <span class='ocrx_word' id='word_1_334' title='bbox 3110 1685 3278 1751; x_wconf 93' lang='lat' dir='ltr'><strong>Deus,</strong></span> <span class='ocrx_word' id='word_1_335' title='bbox 3332 1686 3432 1755; x_wconf 90' lang='lat' dir='ltr'><strong>qui</strong></span> <span class='ocrx_word' id='word_1_336' title='bbox 3461 1686 3521 1739; x_wconf 91' lang='lat' dir='ltr'><strong>in</strong></span> 
     </span>
    </p>
   </div>
   <div class='ocr_carea' id='block_1_47' title="bbox 1819 1770 2985 1842">
    <p class='ocr_par' dir='ltr' id='par_1_47' title="bbox 1819 1770 2985 1842">
     <span class='ocr_line' id='line_1_47' title="bbox 1819 1770 2985 1842; baseline 0.001 -17"><span class='ocrx_word' id='word_1_337' title='bbox 1819 1772 2025 1826; x_wconf 89' lang='lat' dir='ltr'><strong>sanctis</strong></span> <span class='ocrx_word' id='word_1_338' title='bbox 2048 1773 2165 1825; x_wconf 90' lang='lat' dir='ltr'><strong>suis</strong></span> <span class='ocrx_word' id='word_1_339' title='bbox 2201 1787 2428 1842; x_wconf 88' lang='lat' dir='ltr'><strong>semper</strong></span> <span class='ocrx_word' id='word_1_340' title='bbox 2459 1777 2542 1826; x_wconf 89' lang='lat' dir='ltr'><strong>est</strong></span> <span class='ocrx_word' id='word_1_341' title='bbox 2583 1772 2864 1826; x_wconf 90' lang='lat' dir='ltr'><strong>mirabilis</strong></span> <span class='ocrx_word' id='word_1_342' title='bbox 2895 1770 2985 1826; x_wconf 74' lang='grc'><strong>³⁷9.</strong></span> 
     </span>
    </p>
   </div>
   <div class='ocr_carea' id='block_1_48' title="bbox 1894 1861 3520 1932">
    <p class='ocr_par' dir='ltr' id='par_1_48' title="bbox 1894 1861 3520 1932">
     <span class='ocr_line' id='line_1_48' title="bbox 1894 1861 3520 1932; baseline 0.002 -18"><span class='ocrx_word' id='word_1_343' title='bbox 1894 1861 1976 1914; x_wconf 76' lang='grc'><strong>14.</strong></span> <span class='ocrx_word' id='word_1_344' title='bbox 2032 1861 2241 1913; x_wconf 88' lang='lat' dir='ltr'><strong>Eodem</strong></span> <span class='ocrx_word' id='word_1_345' title='bbox 2283 1865 2541 1930; x_wconf 89' lang='lat' dir='ltr'><strong>tempore</strong></span> <span class='ocrx_word' id='word_1_346' title='bbox 2566 1861 2681 1928; x_wconf 88' lang='lat' dir='ltr'><strong>(an.</strong></span> <span class='ocrx_word' id='word_1_347' title='bbox 2727 1863 2861 1915; x_wconf 80' lang='grc'><strong>1009</strong></span> <span class='ocrx_word' id='word_1_348' title='bbox 2881 1862 2931 1931; x_wconf 75' lang='grc' dir='ltr'><strong>Ῡ)</strong></span> <span class='ocrx_word' id='word_1_349' title='bbox 2983 1861 3196 1932; x_wconf 89' lang='lat' dir='ltr'><strong>quippe</strong></span> <span class='ocrx_word' id='word_1_350' title='bbox 3231 1861 3308 1896; x_wconf 79' lang='grc'><strong>²⁸⁰</strong></span> <span class='ocrx_word' id='word_1_351' title='bbox 3349 1863 3520 1917; x_wconf 85' lang='lat' dir='ltr'><strong>Hein-</strong></span> 
     </span>
    </p>
   </div>
   <div class='ocr_carea' id='block_1_49' title="bbox 1819 1948 3522 2020">
    <p class='ocr_par' dir='ltr' id='par_1_49' title="bbox 1819 1948 3522 2020">
     <span class='ocr_line' id='line_1_49' title="bbox 1819 1948 3522 2020; baseline 0.003 -20"><span class='ocrx_word' id='word_1_352' title='bbox 1819 1949 1968 2001; x_wconf 91' lang='lat' dir='ltr'><strong>ricus</strong></span> <span class='ocrx_word' id='word_1_353' title='bbox 2022 1948 2340 2018; x_wconf 90' lang='lat' dir='ltr'><strong>imperator</strong></span> <span class='ocrx_word' id='word_1_354' title='bbox 2386 1965 2513 2002; x_wconf 92' lang='lat' dir='ltr'><strong>cum</strong></span> <span class='ocrx_word' id='word_1_355' title='bbox 2585 1949 2840 2003; x_wconf 85' lang='lat' dir='ltr'><strong>exercitu</strong></span> <span class='ocrx_word' id='word_1_356' title='bbox 2884 1950 2941 2002; x_wconf 90' lang='lat' dir='ltr'><strong>in</strong></span> <span class='ocrx_word' id='word_1_357' title='bbox 3001 1950 3392 2020; x_wconf 89' lang='lat' dir='ltr'><strong>Burgundiam</strong></span> <span class='ocrx_word' id='word_1_358' title='bbox 3440 1952 3522 2005; x_wconf 89' lang='lat' dir='ltr'><strong>ire</strong></span> 
     </span>
    </p>
   </div>
   <div class='ocr_carea' id='block_1_50' title="bbox 1819 2035 3523 2106">
    <p class='ocr_par' dir='ltr' id='par_1_50' title="bbox 1819 2035 3523 2106">
     <span class='ocr_line' id='line_1_50' title="bbox 1819 2035 3523 2106; baseline 0.002 -16"><span class='ocrx_word' id='word_1_359' title='bbox 1819 2036 2122 2106; x_wconf 89' lang='lat' dir='ltr'><strong>disposuit,</strong></span> <span class='ocrx_word' id='word_1_360' title='bbox 2172 2041 2229 2090; x_wconf 91' lang='lat' dir='ltr'><strong>et</strong></span> <span class='ocrx_word' id='word_1_361' title='bbox 2270 2053 2338 2090; x_wconf 92' lang='lat' dir='ltr'><strong>eo</strong></span> <span class='ocrx_word' id='word_1_362' title='bbox 2387 2037 2593 2091; x_wconf 88' lang='lat' dir='ltr'><strong>itinere</strong></span> <span class='ocrx_word' id='word_1_363' title='bbox 2639 2038 3011 2092; x_wconf 84' lang='lat' dir='ltr'><strong>Wormatiam</strong></span> <span class='ocrx_word' id='word_1_364' title='bbox 3052 2035 3123 2072; x_wconf 76' lang='grc'><strong>²⁸¹</strong></span> <span class='ocrx_word' id='word_1_365' title='bbox 3159 2039 3332 2094; x_wconf 87' lang='lat' dir='ltr'><strong>venit.</strong></span> <span class='ocrx_word' id='word_1_366' title='bbox 3381 2040 3523 2094; x_wconf 87' lang='lat' dir='ltr'><strong>Cum</strong></span> 
     </span>
    </p>
   </div>
   <div class='ocr_carea' id='block_1_51' title="bbox 1821 2125 3524 2198">
    <p class='ocr_par' dir='ltr' id='par_1_51' title="bbox 1821 2125 3524 2198">
     <span class='ocr_line' id='line_1_51' title="bbox 1821 2125 3524 2198; baseline 0.003 -20"><span class='ocrx_word' id='word_1_367' title='bbox 1821 2131 2013 2178; x_wconf 91' lang='lat' dir='ltr'><strong>autem</strong></span> <span class='ocrx_word' id='word_1_368' title='bbox 2055 2125 2353 2195; x_wconf 87' lang='lat' dir='ltr'><strong>egregium</strong></span> <span class='ocrx_word' id='word_1_369' title='bbox 2392 2125 2534 2180; x_wconf 90' lang='lat' dir='ltr'><strong>illud</strong></span> <span class='ocrx_word' id='word_1_370' title='bbox 2581 2127 2996 2180; x_wconf 89' lang='lat' dir='ltr'><strong>monasterium</strong></span> <span class='ocrx_word' id='word_1_371' title='bbox 3037 2143 3180 2197; x_wconf 66' lang='lat' dir='ltr'><strong>pen&#39;:</strong></span> <span class='ocrx_word' id='word_1_372' title='bbox 3227 2134 3524 2198; x_wconf 89' lang='lat' dir='ltr'><strong>peractum</strong></span> 
     </span>
    </p>
   </div>
   <div class='ocr_carea' id='block_1_52' title="bbox 1819 2213 3521 2285">
    <p class='ocr_par' dir='ltr' id='par_1_52' title="bbox 1819 2213 3521 2285">
     <span class='ocr_line' id='line_1_52' title="bbox 1819 2213 3521 2285; baseline 0.002 -19"><span class='ocrx_word' id='word_1_373' title='bbox 1819 2214 2071 2279; x_wconf 85' lang='lat' dir='ltr'><strong>vidisset,</strong></span> <span class='ocrx_word' id='word_1_374' title='bbox 2124 2213 2478 2284; x_wconf 89' lang='lat' dir='ltr'><strong>episcopum,</strong></span> <span class='ocrx_word' id='word_1_375' title='bbox 2528 2220 2592 2268; x_wconf 88' lang='lat' dir='ltr'><strong>ut</strong></span> <span class='ocrx_word' id='word_1_376' title='bbox 2632 2231 2689 2268; x_wconf 90' lang='lat' dir='ltr'><strong>se</strong></span> <span class='ocrx_word' id='word_1_377' title='bbox 2735 2221 3019 2285; x_wconf 76' lang='lat' dir='ltr'><strong>praesente</strong></span> <span class='ocrx_word' id='word_1_378' title='bbox 3068 2223 3521 2284; x_wconf 88' lang='lat' dir='ltr'><strong>consecraretur,</strong></span> 
     </span>
    </p>
   </div>
   <div class='ocr_carea' id='block_1_53' title="bbox 1820 2301 3528 2375">
    <p class='ocr_par' dir='ltr' id='par_1_53' title="bbox 1820 2301 3528 2375">
     <span class='ocr_line' id='line_1_53' title="bbox 1820 2301 3528 2375; baseline 0.001 -18"><span class='ocrx_word' id='word_1_379' title='bbox 1820 2303 2061 2357; x_wconf 91' lang='lat' dir='ltr'><strong>assiduis</strong></span> <span class='ocrx_word' id='word_1_380' title='bbox 2126 2303 2524 2372; x_wconf 82' lang='lat' dir='ltr'><strong>rogationibus</strong></span> <span class='ocrx_word' id='word_1_381' title='bbox 2571 2301 2647 2336; x_wconf 72' lang='grc'><strong>²⁸²</strong></span> <span class='ocrx_word' id='word_1_382' title='bbox 2690 2303 2908 2373; x_wconf 89' lang='lat' dir='ltr'><strong>petivit.</strong></span> <span class='ocrx_word' id='word_1_383' title='bbox 2965 2304 3222 2375; x_wconf 90' lang='lat' dir='ltr'><strong>Cumque</strong></span> <span class='ocrx_word' id='word_1_384' title='bbox 3277 2305 3366 2358; x_wconf 89' lang='lat' dir='ltr'><strong>vir</strong></span> <span class='ocrx_word' id='word_1_385' title='bbox 3426 2305 3528 2358; x_wconf 93' lang='lat' dir='ltr'><strong>Dei</strong></span> 
     </span>
    </p>
   </div>
   <div class='ocr_carea' id='block_1_54' title="bbox 1821 2392 3529 2462">
    <p class='ocr_par' dir='ltr' id='par_1_54' title="bbox 1821 2392 3529 2462">
     <span class='ocr_line' id='line_1_54' title="bbox 1821 2392 3529 2462; baseline 0 -16"><span class='ocrx_word' id='word_1_386' title='bbox 1821 2392 2067 2446; x_wconf 91' lang='lat' dir='ltr'><strong>multum</strong></span> <span class='ocrx_word' id='word_1_387' title='bbox 2115 2393 2480 2459; x_wconf 89' lang='lat' dir='ltr'><strong>reniteretur,</strong></span> <span class='ocrx_word' id='word_1_388' title='bbox 2544 2392 2779 2446; x_wconf 89' lang='lat' dir='ltr'><strong>tandem</strong></span> <span class='ocrx_word' id='word_1_389' title='bbox 2831 2392 3194 2462; x_wconf 89' lang='lat' dir='ltr'><strong>imperatoris</strong></span> <span class='ocrx_word' id='word_1_390' title='bbox 3246 2393 3529 2448; x_wconf 89' lang='lat' dir='ltr'><strong>voluntati</strong></span> 
     </span>
    </p>
   </div>
   <div class='ocr_carea' id='block_1_55' title="bbox 1824 2481 3531 2552">
    <p class='ocr_par' dir='ltr' id='par_1_55' title="bbox 1824 2481 3531 2552">
     <span class='ocr_line' id='line_1_55' title="bbox 1824 2481 3531 2552; baseline 0.001 -18"><span class='ocrx_word' id='word_1_391' title='bbox 1824 2481 1987 2552; x_wconf 91' lang='lat' dir='ltr'><strong>quasi</strong></span> <span class='ocrx_word' id='word_1_392' title='bbox 2037 2485 2264 2534; x_wconf 89' lang='lat' dir='ltr'><strong>coactus</strong></span> <span class='ocrx_word' id='word_1_393' title='bbox 2314 2481 2624 2534; x_wconf 91' lang='lat' dir='ltr'><strong>consensit.</strong></span> <span class='ocrx_word' id='word_1_394' title='bbox 2675 2482 2824 2550; x_wconf 82' lang='lat' dir='ltr'><strong>Ergo</strong></span> <span class='ocrx_word' id='word_1_395' title='bbox 2857 2481 3018 2535; x_wconf 91' lang='lat' dir='ltr'><strong>omni</strong></span> <span class='ocrx_word' id='word_1_396' title='bbox 3066 2482 3341 2552; x_wconf 87' lang='lat' dir='ltr'><strong>spurcitia</strong></span> <span class='ocrx_word' id='word_1_397' title='bbox 3393 2482 3531 2536; x_wconf 87' lang='lat' dir='ltr'><strong>foris</strong></span> 
     </span>
    </p>
   </div>
   <div class='ocr_carea' id='block_1_56' title="bbox 1825 2568 3529 2642">
    <p class='ocr_par' dir='ltr' id='par_1_56' title="bbox 1825 2568 3529 2642">
     <span class='ocr_line' id='line_1_56' title="bbox 1825 2568 3529 2642; baseline 0.002 -21"><span class='ocrx_word' id='word_1_398' title='bbox 1825 2570 2079 2640; x_wconf 89' lang='lat' dir='ltr'><strong>projecta</strong></span> <span class='ocrx_word' id='word_1_399' title='bbox 2113 2568 2388 2639; x_wconf 88' lang='lat' dir='ltr'><strong>omnique</strong></span> <span class='ocrx_word' id='word_1_400' title='bbox 2437 2569 2678 2639; x_wconf 81' lang='lat' dir='ltr'><strong>fuligine</strong></span> <span class='ocrx_word' id='word_1_401' title='bbox 2709 2569 2934 2624; x_wconf 90' lang='lat' dir='ltr'><strong>detersa</strong></span> <span class='ocrx_word' id='word_1_402' title='bbox 2970 2568 3063 2636; x_wconf 61' lang='grc' dir='ltr'><strong>ηδ,</strong></span> <span class='ocrx_word' id='word_1_403' title='bbox 3111 2571 3203 2624; x_wconf 89' lang='lat' dir='ltr'><strong>die</strong></span> <span class='ocrx_word' id='word_1_404' title='bbox 3244 2571 3529 2642; x_wconf 90' lang='lat' dir='ltr'><strong>sequenti,</strong></span> 
     </span>
    </p>
   </div>
   <div class='ocr_carea' id='block_1_57' title="bbox 1826 2658 3528 2729">
    <p class='ocr_par' dir='ltr' id='par_1_57' title="bbox 1826 2658 3528 2729">
     <span class='ocr_line' id='line_1_57' title="bbox 1826 2658 3528 2729; baseline 0.001 -18"><span class='ocrx_word' id='word_1_405' title='bbox 1826 2660 2174 2727; x_wconf 88' lang='lat' dir='ltr'><strong>imperatore</strong></span> <span class='ocrx_word' id='word_1_406' title='bbox 2214 2662 2496 2728; x_wconf 80' lang='lat' dir='ltr'><strong>praesente</strong></span> <span class='ocrx_word' id='word_1_407' title='bbox 2537 2663 2593 2712; x_wconf 90' lang='lat' dir='ltr'><strong>et</strong></span> <span class='ocrx_word' id='word_1_408' title='bbox 2617 2658 2879 2728; x_wconf 90' lang='lat' dir='ltr'><strong>jubente,</strong></span> <span class='ocrx_word' id='word_1_409' title='bbox 2911 2675 3040 2713; x_wconf 92' lang='lat' dir='ltr'><strong>cum</strong></span> <span class='ocrx_word' id='word_1_410' title='bbox 3091 2659 3316 2729; x_wconf 88' lang='lat' dir='ltr'><strong>magnis</strong></span> <span class='ocrx_word' id='word_1_411' title='bbox 3347 2659 3528 2714; x_wconf 88' lang='lat' dir='ltr'><strong>laudi-</strong></span> 
     </span>
    </p>
   </div>
   <div class='ocr_carea' id='block_1_58' title="bbox 1828 2746 3533 2819">
    <p class='ocr_par' dir='ltr' id='par_1_58' title="bbox 1828 2746 3533 2819">
     <span class='ocr_line' id='line_1_58' title="bbox 1828 2746 3533 2819; baseline 0 -19"><span class='ocrx_word' id='word_1_412' title='bbox 1828 2749 1934 2801; x_wconf 90' lang='lat' dir='ltr'><strong>bus</strong></span> <span class='ocrx_word' id='word_1_413' title='bbox 1965 2751 2023 2800; x_wconf 90' lang='lat' dir='ltr'><strong>et</strong></span> <span class='ocrx_word' id='word_1_414' title='bbox 2052 2746 2302 2800; x_wconf 85' lang='lat' dir='ltr'><strong>maximo</strong></span> <span class='ocrx_word' id='word_1_415' title='bbox 2334 2746 2472 2800; x_wconf 91' lang='lat' dir='ltr'><strong>cleri</strong></span> <span class='ocrx_word' id='word_1_416' title='bbox 2523 2747 2824 2817; x_wconf 88' lang='lat' dir='ltr'><strong>plebisque</strong></span> <span class='ocrx_word' id='word_1_417' title='bbox 2852 2748 3130 2817; x_wconf 89' lang='lat' dir='ltr'><strong>tripudio,</strong></span> <span class='ocrx_word' id='word_1_418' title='bbox 3184 2749 3378 2801; x_wconf 89' lang='lat' dir='ltr'><strong>multis</strong></span> <span class='ocrx_word' id='word_1_419' title='bbox 3418 2748 3533 2819; x_wconf 81' lang='lat' dir='ltr'><strong>epi-</strong></span> 
     </span>
    </p>
   </div>
   <div class='ocr_carea' id='block_1_59' title="bbox 1830 2835 3423 2905">
    <p class='ocr_par' dir='ltr' id='par_1_59' title="bbox 1830 2835 3423 2905">
     <span class='ocr_line' id='line_1_59' title="bbox 1830 2835 3423 2905; baseline 0.001 -16"><span class='ocrx_word' id='word_1_420' title='bbox 1830 2835 2011 2905; x_wconf 89' lang='lat' dir='ltr'><strong>scopis</strong></span> <span class='ocrx_word' id='word_1_421' title='bbox 2041 2835 2438 2905; x_wconf 68' lang='lat' dir='ltr'><strong>praasentibus,</strong></span> <span class='ocrx_word' id='word_1_422' title='bbox 2467 2837 2583 2889; x_wconf 91' lang='lat' dir='ltr'><strong>Deo</strong></span> <span class='ocrx_word' id='word_1_423' title='bbox 2613 2835 2798 2889; x_wconf 90' lang='lat' dir='ltr'><strong>dicata</strong></span> <span class='ocrx_word' id='word_1_424' title='bbox 2827 2841 2912 2889; x_wconf 89' lang='lat' dir='ltr'><strong>est</strong></span> <span class='ocrx_word' id='word_1_425' title='bbox 2941 2837 3063 2890; x_wconf 60' lang='lat' dir='ltr'><strong>hinc</strong></span> <span class='ocrx_word' id='word_1_426' title='bbox 3094 2837 3302 2890; x_wconf 92' lang='lat' dir='ltr'><strong>domus</strong></span> <span class='ocrx_word' id='word_1_427' title='bbox 3334 2835 3423 2890; x_wconf 61' lang='grc' dir='ltr'><strong>πί,</strong></span> 
     </span>
    </p>
   </div>
   <div class='ocr_carea' id='block_1_60' title="bbox 1905 2924 3530 2994">
    <p class='ocr_par' dir='ltr' id='par_1_60' title="bbox 1905 2924 3530 2994">
     <span class='ocr_line' id='line_1_60' title="bbox 1905 2924 3530 2994; baseline 0 -16"><span class='ocrx_word' id='word_1_428' title='bbox 1905 2928 1986 2979; x_wconf 79' lang='grc'><strong>15.</strong></span> <span class='ocrx_word' id='word_1_429' title='bbox 2021 2926 2151 2978; x_wconf 88' lang='lat' dir='ltr'><strong>Post</strong></span> <span class='ocrx_word' id='word_1_430' title='bbox 2191 2924 2495 2978; x_wconf 89' lang='lat' dir='ltr'><strong>biennium</strong></span> <span class='ocrx_word' id='word_1_431' title='bbox 2528 2929 2724 2978; x_wconf 89' lang='lat' dir='ltr'><strong>autem</strong></span> <span class='ocrx_word' id='word_1_432' title='bbox 2759 2925 2875 2994; x_wconf 86' lang='lat' dir='ltr'><strong>(an.</strong></span> <span class='ocrx_word' id='word_1_433' title='bbox 2915 2925 3113 2992; x_wconf 73' lang='lat' dir='ltr'><strong>10H?)</strong></span> <span class='ocrx_word' id='word_1_434' title='bbox 3147 2941 3237 2977; x_wconf 90' lang='lat' dir='ltr'><strong>res</strong></span> <span class='ocrx_word' id='word_1_435' title='bbox 3294 2926 3530 2978; x_wconf 88' lang='lat' dir='ltr'><strong>misera-</strong></span> 
     </span>
    </p>
   </div>
   <div class='ocr_carea' id='block_1_61' title="bbox 14 3003 3533 3082">
    <p class='ocr_par' dir='ltr' id='par_1_61' title="bbox 14 3003 3533 3082">
     <span class='ocr_line' id='line_1_61' title="bbox 14 3003 3533 3082; baseline 0.001 -20"><span class='ocrx_word' id='word_1_436' title='bbox 14 3015 105 3067; x_wconf 84' lang='lat' dir='ltr'><strong>tali</strong></span> <span class='ocrx_word' id='word_1_437' title='bbox 134 3015 258 3067; x_wconf 79' lang='lat' dir='ltr'><strong>vita</strong></span> <span class='ocrx_word' id='word_1_438' title='bbox 294 3011 467 3081; x_wconf 86' lang='lat' dir='ltr'><strong>justis</strong></span> <span class='ocrx_word' id='word_1_439' title='bbox 499 3011 660 3064; x_wconf 83' lang='lat' dir='ltr'><strong>factis</strong></span> <span class='ocrx_word' id='word_1_440' title='bbox 691 3008 764 3042; x_wconf 85' lang='grc'><strong>²⁵⁸</strong></span> <span class='ocrx_word' id='word_1_441' title='bbox 796 3010 941 3062; x_wconf 88' lang='lat' dir='ltr'><strong>bene</strong></span> <span class='ocrx_word' id='word_1_442' title='bbox 982 3006 1286 3077; x_wconf 90' lang='lat' dir='ltr'><strong>adimpleri</strong></span> <span class='ocrx_word' id='word_1_443' title='bbox 1316 3003 1387 3042; x_wconf 68' lang='lat'><strong>&quot;9</strong></span> <span class='ocrx_word' id='word_1_444' title='bbox 1419 3022 1581 3076; x_wconf 85' lang='lat' dir='ltr'><strong>posse</strong></span> <span class='ocrx_word' id='word_1_445' title='bbox 1613 3005 1710 3058; x_wconf 87' lang='lat' dir='ltr'><strong>ﬁr-</strong></span> <span class='ocrx_word' id='word_1_446' title='bbox 1753 3006 1792 3060; x_wconf 92' lang='lat' dir='ltr'><strong>C</strong></span> <span class='ocrx_word' id='word_1_447' title='bbox 1832 3013 1960 3066; x_wconf 89' lang='lat' dir='ltr'><strong>bilis</strong></span> <span class='ocrx_word' id='word_1_448' title='bbox 2005 3012 2064 3065; x_wconf 91' lang='lat' dir='ltr'><strong>in</strong></span> <span class='ocrx_word' id='word_1_449' title='bbox 2095 3013 2445 3066; x_wconf 89' lang='lat' dir='ltr'><strong>monasterio</strong></span> <span class='ocrx_word' id='word_1_450' title='bbox 2495 3013 2698 3066; x_wconf 90' lang='lat' dir='ltr'><strong>eodem</strong></span> <span class='ocrx_word' id='word_1_451' title='bbox 2753 3012 3034 3066; x_wconf 89' lang='lat' dir='ltr'><strong>acciderat</strong></span> <span class='ocrx_word' id='word_1_452' title='bbox 3073 3011 3165 3065; x_wconf 68' lang='lat'><strong>’35.</strong></span> <span class='ocrx_word' id='word_1_453' title='bbox 3232 3014 3372 3067; x_wconf 88' lang='lat' dir='ltr'><strong>Nam</strong></span> <span class='ocrx_word' id='word_1_454' title='bbox 3402 3029 3533 3082; x_wconf 89' lang='lat' dir='ltr'><strong>pars</strong></span> 
     </span>
    </p>
   </div>
   <div class='ocr_carea' id='block_1_62' title="bbox 14 3096 1720 3173">
    <p class='ocr_par' dir='ltr' id='par_1_62' title="bbox 14 3096 1720 3173">
     <span class='ocr_line' id='line_1_62' title="bbox 14 3096 1720 3173; baseline -0.006 -13"><span class='ocrx_word' id='word_1_455' title='bbox 14 3112 218 3173; x_wconf 88' lang='lat' dir='ltr'><strong>maret,</strong></span> <span class='ocrx_word' id='word_1_456' title='bbox 265 3109 462 3157; x_wconf 88' lang='lat' dir='ltr'><strong>tamen</strong></span> <span class='ocrx_word' id='word_1_457' title='bbox 490 3102 652 3170; x_wconf 88' lang='lat' dir='ltr'><strong>virgo</strong></span> <span class='ocrx_word' id='word_1_458' title='bbox 687 3101 786 3154; x_wconf 91' lang='lat' dir='ltr'><strong>Dei</strong></span> <span class='ocrx_word' id='word_1_459' title='bbox 827 3100 1107 3170; x_wconf 90' lang='lat' dir='ltr'><strong>petitione</strong></span> <span class='ocrx_word' id='word_1_460' title='bbox 1140 3096 1466 3152; x_wconf 90' lang='lat' dir='ltr'><strong>incessabili</strong></span> <span class='ocrx_word' id='word_1_461' title='bbox 1496 3096 1720 3150; x_wconf 89' lang='lat' dir='ltr'><strong>assidue</strong></span> 
     </span>
    </p>
   </div>
   <div class='ocr_carea' id='block_1_63' title="bbox 14 3186 1723 3265">
    <p class='ocr_par' dir='ltr' id='par_1_63' title="bbox 14 3186 1723 3265">
     <span class='ocr_line' id='line_1_63' title="bbox 14 3186 1723 3265; baseline -0.006 -17"><span class='ocrx_word' id='word_1_462' title='bbox 14 3195 278 3265; x_wconf 85' lang='lat' dir='ltr'><strong>rogabat,</strong></span> <span class='ocrx_word' id='word_1_463' title='bbox 314 3197 394 3257; x_wconf 90' lang='lat' dir='ltr'><strong>ut,</strong></span> <span class='ocrx_word' id='word_1_464' title='bbox 437 3190 576 3261; x_wconf 87' lang='lat' dir='ltr'><strong>quia</strong></span> <span class='ocrx_word' id='word_1_465' title='bbox 607 3190 824 3259; x_wconf 86' lang='lat' dir='ltr'><strong>majora</strong></span> <span class='ocrx_word' id='word_1_466' title='bbox 862 3190 1046 3242; x_wconf 89' lang='lat' dir='ltr'><strong>facere</strong></span> <span class='ocrx_word' id='word_1_467' title='bbox 1096 3187 1282 3253; x_wconf 89' lang='lat' dir='ltr'><strong>vellet,</strong></span> <span class='ocrx_word' id='word_1_468' title='bbox 1328 3186 1607 3239; x_wconf 88' lang='lat' dir='ltr'><strong>inclusam</strong></span> <span class='ocrx_word' id='word_1_469' title='bbox 1664 3202 1723 3239; x_wconf 86' lang='lat' dir='ltr'><strong>se</strong></span> 
     </span>
    </p>
   </div>
   <div class='ocr_carea' id='block_1_64' title="bbox 14 3274 1724 3344">
    <p class='ocr_par' dir='ltr' id='par_1_64' title="bbox 14 3274 1724 3344">
     <span class='ocr_line' id='line_1_64' title="bbox 14 3274 1724 3344; baseline -0.005 -8"><span class='ocrx_word' id='word_1_470' title='bbox 14 3301 42 3336; x_wconf 88' lang='lat' dir='ltr'><strong>a</strong></span> <span class='ocrx_word' id='word_1_471' title='bbox 90 3281 452 3335; x_wconf 89' lang='lat' dir='ltr'><strong>secularibus</strong></span> <span class='ocrx_word' id='word_1_472' title='bbox 489 3283 810 3332; x_wconf 87' lang='lat' dir='ltr'><strong>removeret</strong></span> <span class='ocrx_word' id='word_1_473' title='bbox 863 3276 956 3331; x_wconf 84' lang='grc'>²⁶⁰.</span> <span class='ocrx_word' id='word_1_474' title='bbox 1007 3276 1261 3330; x_wconf 89' lang='lat' dir='ltr'><strong>Tandem</strong></span> <span class='ocrx_word' id='word_1_475' title='bbox 1319 3275 1405 3328; x_wconf 90' lang='lat' dir='ltr'><strong>vir</strong></span> <span class='ocrx_word' id='word_1_476' title='bbox 1453 3275 1552 3328; x_wconf 91' lang='lat' dir='ltr'><strong>Dei</strong></span> <span class='ocrx_word' id='word_1_477' title='bbox 1582 3274 1724 3344; x_wconf 88' lang='lat' dir='ltr'><strong>peti-</strong></span> 
     </span>
    </p>
   </div>
   <div class='ocr_carea' id='block_1_65' title="bbox 14 3362 1725 3439">
    <p class='ocr_par' dir='ltr' id='par_1_65' title="bbox 14 3362 1725 3439">
     <span class='ocr_line' id='line_1_65' title="bbox 14 3362 1725 3439; baseline -0.005 -15"><span class='ocrx_word' id='word_1_478' title='bbox 14 3372 155 3424; x_wconf 90' lang='lat' dir='ltr'><strong>tioni</strong></span> <span class='ocrx_word' id='word_1_479' title='bbox 193 3372 325 3439; x_wconf 86' lang='lat' dir='ltr'><strong>ejus</strong></span> <span class='ocrx_word' id='word_1_480' title='bbox 374 3367 759 3429; x_wconf 87' lang='lat' dir='ltr'><strong>consentiens,</strong></span> <span class='ocrx_word' id='word_1_481' title='bbox 815 3366 1029 3419; x_wconf 84' lang='lat' dir='ltr'><strong>elusam</strong></span> <span class='ocrx_word' id='word_1_482' title='bbox 1070 3362 1139 3397; x_wconf 77' lang='grc'><strong>²⁶¹</strong></span> <span class='ocrx_word' id='word_1_483' title='bbox 1186 3363 1310 3416; x_wconf 84' lang='lat' dir='ltr'><strong>ﬁeri</strong></span> <span class='ocrx_word' id='word_1_484' title='bbox 1347 3363 1538 3433; x_wconf 85' lang='lat' dir='ltr'><strong>jussit,</strong></span> <span class='ocrx_word' id='word_1_485' title='bbox 1571 3363 1725 3416; x_wconf 89' lang='lat' dir='ltr'><strong>diem</strong></span> 
     </span>
    </p>
   </div>
   <div class='ocr_carea' id='block_1_66' title="bbox 15 3452 1722 3524">
    <p class='ocr_par' dir='ltr' id='par_1_66' title="bbox 15 3452 1722 3524">
     <span class='ocr_line' id='line_1_66' title="bbox 15 3452 1722 3524; baseline -0.006 -9"><span class='ocrx_word' id='word_1_486' title='bbox 15 3469 240 3514; x_wconf 84' lang='lat' dir='ltr'><strong>certum</strong></span> <span class='ocrx_word' id='word_1_487' title='bbox 274 3457 572 3512; x_wconf 85' lang='lat' dir='ltr'><strong>constituit</strong></span> <span class='ocrx_word' id='word_1_488' title='bbox 602 3455 672 3490; x_wconf 78' lang='grc'><strong>²⁶²</strong></span> <span class='ocrx_word' id='word_1_489' title='bbox 697 3496 714 3524; x_wconf 86' lang='grc'><em>,</em></span> <span class='ocrx_word' id='word_1_490' title='bbox 748 3461 803 3508; x_wconf 92' lang='lat' dir='ltr'><strong>et</strong></span> <span class='ocrx_word' id='word_1_491' title='bbox 832 3455 900 3508; x_wconf 90' lang='lat' dir='ltr'><strong>ad</strong></span> <span class='ocrx_word' id='word_1_492' title='bbox 941 3453 1014 3486; x_wconf 73' lang='lat'><strong>&quot;3</strong></span> <span class='ocrx_word' id='word_1_493' title='bbox 1073 3453 1460 3524; x_wconf 87' lang='lat' dir='ltr'><strong>peragendam</strong></span> <span class='ocrx_word' id='word_1_494' title='bbox 1491 3452 1590 3506; x_wconf 91' lang='lat' dir='ltr'><strong>Dei</strong></span> <span class='ocrx_word' id='word_1_495' title='bbox 1641 3452 1722 3505; x_wconf 89' lang='lat' dir='ltr'><strong>fa-</strong></span> 
     </span>
    </p>
   </div>
   <div class='ocr_carea' id='block_1_67' title="bbox 20 3540 1723 3603">
    <p class='ocr_par' dir='ltr' id='par_1_67' title="bbox 20 3540 1723 3603">
     <span class='ocr_line' id='line_1_67' title="bbox 20 3540 1723 3603; baseline -0.005 0"><span class='ocrx_word' id='word_1_496' title='bbox 20 3551 191 3603; x_wconf 69' lang='lat' dir='ltr'><strong>mula:</strong></span> <span class='ocrx_word' id='word_1_497' title='bbox 223 3549 583 3601; x_wconf 87' lang='lat' dir='ltr'><strong>voluntatem</strong></span> <span class='ocrx_word' id='word_1_498' title='bbox 616 3545 685 3598; x_wconf 90' lang='lat' dir='ltr'><strong>ad</strong></span> <span class='ocrx_word' id='word_1_499' title='bbox 743 3544 1158 3598; x_wconf 87' lang='lat' dir='ltr'><strong>monasterium</strong></span> <span class='ocrx_word' id='word_1_500' title='bbox 1202 3540 1723 3595; x_wconf 90' lang='lat' dir='ltr'><strong>sanctimonialium</strong></span> 
     </span>
    </p>
   </div>
   <div class='ocr_carea' id='block_1_68' title="bbox 20 3629 1726 3700">
    <p class='ocr_par' dir='ltr' id='par_1_68' title="bbox 20 3629 1726 3700">
     <span class='ocr_line' id='line_1_68' title="bbox 20 3629 1726 3700; baseline -0.006 -9"><span class='ocrx_word' id='word_1_501' title='bbox 20 3656 144 3692; x_wconf 90' lang='lat' dir='ltr'><strong>cum</strong></span> <span class='ocrx_word' id='word_1_502' title='bbox 189 3635 480 3690; x_wconf 88' lang='lat' dir='ltr'><strong>universis</strong></span> <span class='ocrx_word' id='word_1_503' title='bbox 544 3633 817 3687; x_wconf 87' lang='lat' dir='ltr'><strong>fratribus</strong></span> <span class='ocrx_word' id='word_1_504' title='bbox 868 3631 1042 3684; x_wconf 87' lang='lat' dir='ltr'><strong>venit.</strong></span> <span class='ocrx_word' id='word_1_505' title='bbox 1095 3631 1354 3700; x_wconf 88' lang='lat' dir='ltr'><strong>Cumque</strong></span> <span class='ocrx_word' id='word_1_506' title='bbox 1405 3629 1542 3682; x_wconf 90' lang='lat' dir='ltr'><strong>illuc</strong></span> <span class='ocrx_word' id='word_1_507' title='bbox 1589 3645 1726 3682; x_wconf 90' lang='lat' dir='ltr'><strong>ven-</strong></span> 
     </span>
    </p>
   </div>
   <div class='ocr_carea' id='block_1_69' title="bbox 19 3717 1730 3788">
    <p class='ocr_par' dir='ltr' id='par_1_69' title="bbox 19 3717 1730 3788">
     <span class='ocr_line' id='line_1_69' title="bbox 19 3717 1730 3788; baseline -0.006 -8"><span class='ocrx_word' id='word_1_508' title='bbox 19 3733 138 3780; x_wconf 82' lang='lat' dir='ltr'><strong>tum</strong></span> <span class='ocrx_word' id='word_1_509' title='bbox 176 3727 407 3788; x_wconf 86' lang='lat' dir='ltr'><strong>fuisset,</strong></span> <span class='ocrx_word' id='word_1_510' title='bbox 447 3722 719 3776; x_wconf 79' lang='lat' dir='ltr'><strong>fratribus</strong></span> <span class='ocrx_word' id='word_1_511' title='bbox 750 3722 812 3773; x_wconf 88' lang='lat' dir='ltr'><strong>in</strong></span> <span class='ocrx_word' id='word_1_512' title='bbox 856 3735 1037 3772; x_wconf 91' lang='lat' dir='ltr'><strong>unum</strong></span> <span class='ocrx_word' id='word_1_513' title='bbox 1073 3718 1418 3783; x_wconf 89' lang='lat' dir='ltr'><strong>convocatis,</strong></span> <span class='ocrx_word' id='word_1_514' title='bbox 1444 3717 1730 3788; x_wconf 88' lang='lat' dir='ltr'><strong>virginem</strong></span> 
     </span>
    </p>
   </div>
   <div class='ocr_carea' id='block_1_70' title="bbox 19 3806 1731 3869">
    <p class='ocr_par' dir='ltr' id='par_1_70' title="bbox 19 3806 1731 3869">
     <span class='ocr_line' id='line_1_70' title="bbox 19 3806 1731 3869; baseline -0.008 1"><span class='ocrx_word' id='word_1_515' title='bbox 19 3818 73 3869; x_wconf 87' lang='lat' dir='ltr'><strong>in</strong></span> <span class='ocrx_word' id='word_1_516' title='bbox 127 3815 328 3869; x_wconf 89' lang='lat' dir='ltr'><strong>medio</strong></span> <span class='ocrx_word' id='word_1_517' title='bbox 358 3812 558 3866; x_wconf 89' lang='lat' dir='ltr'><strong>statuit</strong></span> <span class='ocrx_word' id='word_1_518' title='bbox 598 3816 656 3864; x_wconf 92' lang='lat' dir='ltr'><strong>et</strong></span> <span class='ocrx_word' id='word_1_519' title='bbox 697 3809 840 3862; x_wconf 67' lang='lat' dir='ltr'><strong>dixrt</strong></span> <span class='ocrx_word' id='word_1_520' title='bbox 870 3807 942 3844; x_wconf 80' lang='grc'><strong>²⁶⁴</strong></span> <span class='ocrx_word' id='word_1_521' title='bbox 975 3825 988 3861; x_wconf 88' lang='lat'><strong>:</strong></span> <span class='ocrx_word' id='word_1_522' title='bbox 1025 3827 1051 3858; x_wconf 85' lang='grc'><strong>‹‹</strong></span> <span class='ocrx_word' id='word_1_523' title='bbox 1098 3807 1321 3860; x_wconf 90' lang='lat' dir='ltr'><strong>Fratres</strong></span> <span class='ocrx_word' id='word_1_524' title='bbox 1363 3807 1477 3860; x_wconf 90' lang='lat' dir='ltr'><strong>mei</strong></span> <span class='ocrx_word' id='word_1_525' title='bbox 1506 3806 1731 3859; x_wconf 89' lang='lat' dir='ltr'><strong>carissi-</strong></span> 
     </span>
    </p>
   </div>
   <div class='ocr_carea' id='block_1_71' title="bbox 20 3896 1731 3969">
    <p class='ocr_par' dir='ltr' id='par_1_71' title="bbox 20 3896 1731 3969">
     <span class='ocr_line' id='line_1_71' title="bbox 20 3896 1731 3969; baseline -0.006 -12"><span class='ocrx_word' id='word_1_526' title='bbox 20 3905 118 3969; x_wconf 91' lang='lat' dir='ltr'><strong>mi,</strong></span> <span class='ocrx_word' id='word_1_527' title='bbox 154 3901 369 3957; x_wconf 88' lang='lat' dir='ltr'><strong>videtis</strong></span> <span class='ocrx_word' id='word_1_528' title='bbox 409 3901 556 3954; x_wconf 91' lang='lat' dir='ltr'><strong>hanc</strong></span> <span class='ocrx_word' id='word_1_529' title='bbox 598 3898 902 3968; x_wconf 87' lang='lat' dir='ltr'><strong>virginem,</strong></span> <span class='ocrx_word' id='word_1_530' title='bbox 948 3897 1048 3950; x_wconf 90' lang='lat' dir='ltr'><strong>Dei</strong></span> <span class='ocrx_word' id='word_1_531' title='bbox 1082 3912 1275 3950; x_wconf 91' lang='lat' dir='ltr'><strong>amore</strong></span> <span class='ocrx_word' id='word_1_532' title='bbox 1311 3896 1527 3966; x_wconf 88' lang='lat' dir='ltr'><strong>pariter</strong></span> <span class='ocrx_word' id='word_1_533' title='bbox 1566 3900 1620 3948; x_wconf 92' lang='lat' dir='ltr'><strong>et</strong></span> <span class='ocrx_word' id='word_1_534' title='bbox 1661 3896 1731 3948; x_wconf 91' lang='lat' dir='ltr'><strong>ti-</strong></span> 
     </span>
    </p>
   </div>
   <div class='ocr_carea' id='block_1_72' title="bbox 18 3984 1736 4054">
    <p class='ocr_par' dir='ltr' id='par_1_72' title="bbox 18 3984 1736 4054">
     <span class='ocr_line' id='line_1_72' title="bbox 18 3984 1736 4054; baseline -0.007 -7"><span class='ocrx_word' id='word_1_535' title='bbox 18 4011 178 4046; x_wconf 86' lang='lat' dir='ltr'><strong>more</strong></span> <span class='ocrx_word' id='word_1_536' title='bbox 232 4005 552 4053; x_wconf 89' lang='lat' dir='ltr'><strong>accensam,</strong></span> <span class='ocrx_word' id='word_1_537' title='bbox 603 3987 851 4040; x_wconf 88' lang='lat' dir='ltr'><strong>lubricas</strong></span> <span class='ocrx_word' id='word_1_538' title='bbox 891 3986 1061 4054; x_wconf 84' lang='lat' dir='ltr'><strong>hujus</strong></span> <span class='ocrx_word' id='word_1_539' title='bbox 1094 3984 1294 4038; x_wconf 91' lang='lat' dir='ltr'><strong>mundi</strong></span> <span class='ocrx_word' id='word_1_540' title='bbox 1355 3984 1587 4038; x_wconf 89' lang='lat' dir='ltr'><strong>delicias</strong></span> <span class='ocrx_word' id='word_1_541' title='bbox 1648 3997 1736 4037; x_wconf 88' lang='lat' dir='ltr'><strong>re-</strong></span> 
     </span>
    </p>
   </div>
   <div class='ocr_carea' id='block_1_73' title="bbox 20 4068 1735 4150">
    <p class='ocr_par' dir='ltr' id='par_1_73' title="bbox 20 4068 1735 4150">
     <span class='ocr_line' id='line_1_73' title="bbox 20 4068 1735 4150; baseline -0.006 -17"><span class='ocrx_word' id='word_1_542' title='bbox 20 4085 337 4150; x_wconf 84' lang='lat' dir='ltr'><strong>spuentem</strong></span> <span class='ocrx_word' id='word_1_543' title='bbox 387 4083 443 4131; x_wconf 90' lang='lat' dir='ltr'><strong>et</strong></span> <span class='ocrx_word' id='word_1_544' title='bbox 489 4079 601 4130; x_wconf 91' lang='lat' dir='ltr'><strong>Deo</strong></span> <span class='ocrx_word' id='word_1_545' title='bbox 650 4075 876 4145; x_wconf 88' lang='lat' dir='ltr'><strong>placere</strong></span> <span class='ocrx_word' id='word_1_546' title='bbox 926 4073 1443 4142; x_wconf 90' lang='lat' dir='ltr'><strong>concupiscentem.</strong></span> <span class='ocrx_word' id='word_1_547' title='bbox 1498 4074 1624 4126; x_wconf 62' lang='lat' dir='ltr'><strong>l-lwc</strong></span> <span class='ocrx_word' id='word_1_548' title='bbox 1663 4068 1735 4106; x_wconf 82' lang='grc'><strong>²⁶⁵</strong></span> 
     </span>
    </p>
   </div>
   <div class='ocr_carea' id='block_1_74' title="bbox 20 4159 1733 4234">
    <p class='ocr_par' dir='ltr' id='par_1_74' title="bbox 20 4159 1733 4234">
     <span class='ocr_line' id='line_1_74' title="bbox 20 4159 1733 4234; baseline -0.007 -11"><span class='ocrx_word' id='word_1_549' title='bbox 20 4183 359 4223; x_wconf 79' lang='lat' dir='ltr'><strong>sermonem</strong></span> <span class='ocrx_word' id='word_1_550' title='bbox 386 4163 779 4234; x_wconf 86' lang='lat' dir='ltr'><strong>evangelicum</strong></span> <span class='ocrx_word' id='word_1_551' title='bbox 807 4178 922 4215; x_wconf 84' lang='lat' dir='ltr'><strong>non</strong></span> <span class='ocrx_word' id='word_1_552' title='bbox 953 4159 1026 4195; x_wconf 81' lang='grc'><strong>²⁶⁶</strong></span> <span class='ocrx_word' id='word_1_553' title='bbox 1061 4161 1234 4214; x_wconf 91' lang='lat' dir='ltr'><strong>surda</strong></span> <span class='ocrx_word' id='word_1_554' title='bbox 1258 4177 1394 4214; x_wconf 88' lang='lat' dir='ltr'><strong>aure</strong></span> <span class='ocrx_word' id='word_1_555' title='bbox 1427 4160 1733 4230; x_wconf 88' lang='lat' dir='ltr'><strong>recipiens,</strong></span> 
     </span>
    </p>
   </div>
   <div class='ocr_carea' id='block_1_75' title="bbox 15 4248 1737 4328">
    <p class='ocr_par' dir='ltr' id='par_1_75' title="bbox 15 4248 1737 4328">
     <span class='ocr_line' id='line_1_75' title="bbox 15 4248 1737 4328; baseline -0.006 -16"><span class='ocrx_word' id='word_1_556' title='bbox 15 4266 244 4328; x_wconf 85' lang='lat' dir='ltr'><strong>patrem</strong></span> <span class='ocrx_word' id='word_1_557' title='bbox 304 4261 363 4310; x_wconf 89' lang='lat' dir='ltr'><strong>et</strong></span> <span class='ocrx_word' id='word_1_558' title='bbox 403 4260 666 4319; x_wconf 88' lang='lat' dir='ltr'><strong>matrem,</strong></span> <span class='ocrx_word' id='word_1_559' title='bbox 722 4257 997 4320; x_wconf 72' lang='lat' dir='ltr'><strong>cognatos</strong></span> <span class='ocrx_word' id='word_1_560' title='bbox 1039 4254 1095 4304; x_wconf 90' lang='lat' dir='ltr'><strong>et</strong></span> <span class='ocrx_word' id='word_1_561' title='bbox 1146 4250 1377 4316; x_wconf 92' lang='lat' dir='ltr'><strong>amicos,</strong></span> <span class='ocrx_word' id='word_1_562' title='bbox 1434 4248 1636 4302; x_wconf 89' lang='lat' dir='ltr'><strong>domos</strong></span> <span class='ocrx_word' id='word_1_563' title='bbox 1679 4253 1737 4302; x_wconf 93' lang='lat' dir='ltr'><strong>et</strong></span> 
     </span>
    </p>
   </div>
   <div class='ocr_carea' id='block_1_76' title="bbox 14 4336 1734 4416">
    <p class='ocr_par' dir='ltr' id='par_1_76' title="bbox 14 4336 1734 4416">
     <span class='ocr_line' id='line_1_76' title="bbox 14 4336 1734 4416; baseline -0.005 -18"><span class='ocrx_word' id='word_1_564' title='bbox 14 4361 187 4416; x_wconf 83' lang='lat' dir='ltr'><strong>agros</strong></span> <span class='ocrx_word' id='word_1_565' title='bbox 228 4343 473 4414; x_wconf 88' lang='lat' dir='ltr'><strong>respuit,</strong></span> <span class='ocrx_word' id='word_1_566' title='bbox 510 4345 566 4396; x_wconf 92' lang='lat' dir='ltr'><strong>et</strong></span> <span class='ocrx_word' id='word_1_567' title='bbox 596 4339 700 4394; x_wconf 91' lang='lat' dir='ltr'><strong>soli</strong></span> <span class='ocrx_word' id='word_1_568' title='bbox 736 4337 805 4374; x_wconf 81' lang='grc'><strong>²⁶⁷</strong></span> <span class='ocrx_word' id='word_1_569' title='bbox 836 4339 951 4392; x_wconf 88' lang='lat' dir='ltr'><strong>Deo</strong></span> <span class='ocrx_word' id='word_1_570' title='bbox 984 4354 1044 4392; x_wconf 90' lang='lat' dir='ltr'><strong>se</strong></span> <span class='ocrx_word' id='word_1_571' title='bbox 1087 4338 1399 4408; x_wconf 91' lang='lat' dir='ltr'><strong>adjungere</strong></span> <span class='ocrx_word' id='word_1_572' title='bbox 1433 4336 1734 4407; x_wconf 90' lang='lat' dir='ltr'><strong>disposuit.</strong></span> 
     </span>
    </p>
   </div>
   <div class='ocr_carea' id='block_1_77' title="bbox 19 4425 1741 4496">
    <p class='ocr_par' dir='ltr' id='par_1_77' title="bbox 19 4425 1741 4496">
     <span class='ocr_line' id='line_1_77' title="bbox 19 4425 1741 4496; baseline -0.006 -8"><span class='ocrx_word' id='word_1_573' title='bbox 19 4433 381 4496; x_wconf 77' lang='lat' dir='ltr'><strong>Erubescite,</strong></span> <span class='ocrx_word' id='word_1_574' title='bbox 410 4447 592 4496; x_wconf 90' lang='lat' dir='ltr'><strong>senes,</strong></span> <span class='ocrx_word' id='word_1_575' title='bbox 636 4444 862 4482; x_wconf 89' lang='lat' dir='ltr'><strong>necnon</strong></span> <span class='ocrx_word' id='word_1_576' title='bbox 893 4431 949 4480; x_wconf 90' lang='lat' dir='ltr'><strong>et</strong></span> <span class='ocrx_word' id='word_1_577' title='bbox 979 4443 1098 4492; x_wconf 84' lang='lat' dir='ltr'><strong>vos,</strong></span> <span class='ocrx_word' id='word_1_578' title='bbox 1126 4427 1388 4495; x_wconf 87' lang='lat' dir='ltr'><strong>juvenes,</strong></span> <span class='ocrx_word' id='word_1_579' title='bbox 1436 4426 1580 4479; x_wconf 87' lang='lat' dir='ltr'><strong>nihil</strong></span> <span class='ocrx_word' id='word_1_580' title='bbox 1607 4425 1741 4479; x_wconf 88' lang='lat' dir='ltr'><strong>huic</strong></span> 
     </span>
    </p>
   </div>
   <div class='ocr_carea' id='block_1_78' title="bbox 14 4515 1742 4581">
    <p class='ocr_par' dir='ltr' id='par_1_78' title="bbox 14 4515 1742 4581">
     <span class='ocr_line' id='line_1_78' title="bbox 14 4515 1742 4581; baseline -0.007 -3"><span class='ocrx_word' id='word_1_581' title='bbox 14 4525 212 4578; x_wconf 88' lang='lat' dir='ltr'><strong>simile</strong></span> <span class='ocrx_word' id='word_1_582' title='bbox 245 4520 552 4576; x_wconf 85' lang='lat' dir='ltr'><strong>facientes!</strong></span> <span class='ocrx_word' id='word_1_583' title='bbox 602 4517 747 4581; x_wconf 86' lang='lat' dir='ltr'><strong>Quid</strong></span> <span class='ocrx_word' id='word_1_584' title='bbox 780 4516 1020 4570; x_wconf 85' lang='lat' dir='ltr'><strong>tacetis?</strong></span> <span class='ocrx_word' id='word_1_585' title='bbox 1062 4515 1208 4579; x_wconf 88' lang='lat' dir='ltr'><strong>Quid</strong></span> <span class='ocrx_word' id='word_1_586' title='bbox 1245 4515 1454 4568; x_wconf 91' lang='lat' dir='ltr'><strong>rubore</strong></span> <span class='ocrx_word' id='word_1_587' title='bbox 1503 4519 1742 4567; x_wconf 90' lang='lat' dir='ltr'><strong>conten-</strong></span> 
     </span>
    </p>
   </div>
   <div class='ocr_carea' id='block_1_79' title="bbox 1833 3100 3532 3172">
    <p class='ocr_par' dir='ltr' id='par_1_79' title="bbox 1833 3100 3532 3172">
     <span class='ocr_line' id='line_1_79' title="bbox 1833 3100 3532 3172; baseline 0 -17"><span class='ocrx_word' id='word_1_588' title='bbox 1833 3101 2198 3156; x_wconf 88' lang='lat' dir='ltr'><strong>occidentalis</strong></span> <span class='ocrx_word' id='word_1_589' title='bbox 2240 3100 2429 3155; x_wconf 88' lang='lat' dir='ltr'><strong>subita</strong></span> <span class='ocrx_word' id='word_1_590' title='bbox 2469 3101 2639 3154; x_wconf 91' lang='lat' dir='ltr'><strong>ruina</strong></span> <span class='ocrx_word' id='word_1_591' title='bbox 2672 3106 2838 3155; x_wconf 90' lang='lat' dir='ltr'><strong>nocte</strong></span> <span class='ocrx_word' id='word_1_592' title='bbox 2873 3102 3123 3172; x_wconf 91' lang='lat' dir='ltr'><strong>quadam</strong></span> <span class='ocrx_word' id='word_1_593' title='bbox 3154 3100 3410 3155; x_wconf 88' lang='lat' dir='ltr'><strong>funditus</strong></span> <span class='ocrx_word' id='word_1_594' title='bbox 3441 3117 3532 3155; x_wconf 85' lang='lat' dir='ltr'><strong>ce-</strong></span> 
     </span>
    </p>
   </div>
   <div class='ocr_carea' id='block_1_80' title="bbox 1833 3187 3535 3259">
    <p class='ocr_par' dir='ltr' id='par_1_80' title="bbox 1833 3187 3535 3259">
     <span class='ocr_line' id='line_1_80' title="bbox 1833 3187 3535 3259; baseline 0.001 -17"><span class='ocrx_word' id='word_1_595' title='bbox 1833 3189 1987 3242; x_wconf 88' lang='lat' dir='ltr'><strong>cidit.</strong></span> <span class='ocrx_word' id='word_1_596' title='bbox 2022 3189 2129 3243; x_wconf 91' lang='lat' dir='ltr'><strong>Sed</strong></span> <span class='ocrx_word' id='word_1_597' title='bbox 2171 3188 2280 3241; x_wconf 90' lang='lat' dir='ltr'><strong>hoc</strong></span> <span class='ocrx_word' id='word_1_598' title='bbox 2311 3188 2574 3242; x_wconf 89' lang='lat' dir='ltr'><strong>mirabile</strong></span> <span class='ocrx_word' id='word_1_599' title='bbox 2597 3187 2726 3255; x_wconf 88' lang='lat' dir='ltr'><strong>fuit,</strong></span> <span class='ocrx_word' id='word_1_600' title='bbox 2750 3189 2902 3259; x_wconf 90' lang='lat' dir='ltr'><strong>quod</strong></span> <span class='ocrx_word' id='word_1_601' title='bbox 2935 3189 3093 3242; x_wconf 92' lang='lat' dir='ltr'><strong>nulla</strong></span> <span class='ocrx_word' id='word_1_602' title='bbox 3124 3205 3404 3258; x_wconf 88' lang='lat' dir='ltr'><strong>campana</strong></span> <span class='ocrx_word' id='word_1_603' title='bbox 3429 3189 3535 3243; x_wconf 90' lang='lat' dir='ltr'><strong>sub</strong></span> 
     </span>
    </p>
   </div>
   <div class='ocr_carea' id='block_1_81' title="bbox 1834 3276 3537 3347">
    <p class='ocr_par' dir='ltr' id='par_1_81' title="bbox 1834 3276 3537 3347">
     <span class='ocr_line' id='line_1_81' title="bbox 1834 3276 3537 3347; baseline 0.001 -17"><span class='ocrx_word' id='word_1_604' title='bbox 1834 3284 1949 3331; x_wconf 90' lang='lat' dir='ltr'><strong>tam</strong></span> <span class='ocrx_word' id='word_1_605' title='bbox 1977 3293 2190 3347; x_wconf 89' lang='lat' dir='ltr'><strong>magna</strong></span> <span class='ocrx_word' id='word_1_606' title='bbox 2220 3278 2393 3343; x_wconf 89' lang='lat' dir='ltr'><strong>mole,</strong></span> <span class='ocrx_word' id='word_1_607' title='bbox 2429 3277 2540 3330; x_wconf 90' lang='lat' dir='ltr'><strong>nisi</strong></span> <span class='ocrx_word' id='word_1_608' title='bbox 2580 3281 2804 3330; x_wconf 89' lang='lat' dir='ltr'><strong>tantum</strong></span> <span class='ocrx_word' id='word_1_609' title='bbox 2837 3293 2952 3330; x_wconf 91' lang='lat' dir='ltr'><strong>una</strong></span> <span class='ocrx_word' id='word_1_610' title='bbox 2983 3276 3211 3346; x_wconf 88' lang='lat' dir='ltr'><strong>exigua,</strong></span> <span class='ocrx_word' id='word_1_611' title='bbox 3248 3278 3537 3331; x_wconf 88' lang='lat' dir='ltr'><strong>confracta</strong></span> 
     </span>
    </p>
   </div>
   <div class='ocr_carea' id='block_1_82' title="bbox 1836 3366 3534 3427">
    <p class='ocr_par' dir='ltr' id='par_1_82' title="bbox 1836 3366 3534 3427">
     <span class='ocr_line' id='line_1_82' title="bbox 1836 3366 3534 3427; baseline 0.001 -9"><span class='ocrx_word' id='word_1_612' title='bbox 1836 3371 1937 3419; x_wconf 92' lang='lat' dir='ltr'><strong>est.</strong></span> <span class='ocrx_word' id='word_1_613' title='bbox 1977 3367 2050 3419; x_wconf 92' lang='lat' dir='ltr'><strong>De</strong></span> <span class='ocrx_word' id='word_1_614' title='bbox 2075 3367 2179 3419; x_wconf 84' lang='lat' dir='ltr'><strong>hac</strong></span> <span class='ocrx_word' id='word_1_615' title='bbox 2213 3381 2275 3418; x_wconf 88' lang='lat' dir='ltr'><strong>re</strong></span> <span class='ocrx_word' id='word_1_616' title='bbox 2308 3366 2406 3418; x_wconf 91' lang='lat' dir='ltr'><strong>Dei</strong></span> <span class='ocrx_word' id='word_1_617' title='bbox 2437 3381 2650 3427; x_wconf 90' lang='lat' dir='ltr'><strong>servus,</strong></span> <span class='ocrx_word' id='word_1_618' title='bbox 2706 3370 2770 3418; x_wconf 90' lang='lat' dir='ltr'><strong>ut</strong></span> <span class='ocrx_word' id='word_1_619' title='bbox 2829 3369 2950 3418; x_wconf 87' lang='lat' dir='ltr'><strong>erat</strong></span> <span class='ocrx_word' id='word_1_620' title='bbox 2998 3382 3248 3426; x_wconf 90' lang='lat' dir='ltr'><strong>necesse.</strong></span> <span class='ocrx_word' id='word_1_621' title='bbox 3299 3372 3534 3420; x_wconf 82' lang='lat' dir='ltr'><strong>contur-</strong></span> 
     </span>
    </p>
   </div>
   <div class='ocr_carea' id='block_1_83' title="bbox 1835 3452 3541 3524">
    <p class='ocr_par' dir='ltr' id='par_1_83' title="bbox 1835 3452 3541 3524">
     <span class='ocr_line' id='line_1_83' title="bbox 1835 3452 3541 3524; baseline 0 -15"><span class='ocrx_word' id='word_1_622' title='bbox 1835 3456 2002 3509; x_wconf 89' lang='lat' dir='ltr'><strong>batus</strong></span> <span class='ocrx_word' id='word_1_623' title='bbox 2029 3452 2122 3519; x_wconf 70' lang='lat'><strong>’35,</strong></span> <span class='ocrx_word' id='word_1_624' title='bbox 2148 3455 2438 3524; x_wconf 87' lang='lat' dir='ltr'><strong>quandam</strong></span> <span class='ocrx_word' id='word_1_625' title='bbox 2467 3454 2630 3524; x_wconf 90' lang='lat' dir='ltr'><strong>quasi</strong></span> <span class='ocrx_word' id='word_1_626' title='bbox 2662 3453 2992 3508; x_wconf 68' lang='lat' dir='ltr'><strong>mmstitiam</strong></span> <span class='ocrx_word' id='word_1_627' title='bbox 3026 3454 3086 3508; x_wconf 87' lang='lat' dir='ltr'><strong>in</strong></span> <span class='ocrx_word' id='word_1_628' title='bbox 3126 3456 3289 3508; x_wconf 91' lang='lat' dir='ltr'><strong>vultu</strong></span> <span class='ocrx_word' id='word_1_629' title='bbox 3336 3455 3541 3524; x_wconf 67' lang='lat' dir='ltr'><strong>praefe-</strong></span> 
     </span>
    </p>
   </div>
   <div class='ocr_carea' id='block_1_84' title="bbox 1836 3540 3536 3614">
    <p class='ocr_par' dir='ltr' id='par_1_84' title="bbox 1836 3540 3536 3614">
     <span class='ocr_line' id='line_1_84' title="bbox 1836 3540 3536 3614; baseline 0.001 -17"><span class='ocrx_word' id='word_1_630' title='bbox 1836 3544 2016 3598; x_wconf 85' lang='lat' dir='ltr'><strong>rebat.</strong></span> <span class='ocrx_word' id='word_1_631' title='bbox 2062 3543 2409 3596; x_wconf 80' lang='lat' dir='ltr'><strong>Accedentes</strong></span> <span class='ocrx_word' id='word_1_632' title='bbox 2451 3547 2643 3596; x_wconf 90' lang='lat' dir='ltr'><strong>autem</strong></span> <span class='ocrx_word' id='word_1_633' title='bbox 2676 3542 2944 3613; x_wconf 91' lang='lat' dir='ltr'><strong>discipuli</strong></span> <span class='ocrx_word' id='word_1_634' title='bbox 2975 3540 3049 3575; x_wconf 78' lang='grc'><strong>²⁸⁷</strong></span> <span class='ocrx_word' id='word_1_635' title='bbox 3107 3543 3251 3613; x_wconf 86' lang='lat' dir='ltr'><strong>ejus,</strong></span> <span class='ocrx_word' id='word_1_636' title='bbox 3290 3560 3536 3614; x_wconf 90' lang='lat' dir='ltr'><strong>quorum</strong></span> 
     </span>
    </p>
   </div>
   <div class='ocr_carea' id='block_1_85' title="bbox 1838 3627 3535 3701">
    <p class='ocr_par' dir='ltr' id='par_1_85' title="bbox 1838 3627 3535 3701">
     <span class='ocr_line' id='line_1_85' title="bbox 1838 3627 3535 3701; baseline 0 -16"><span class='ocrx_word' id='word_1_637' title='bbox 1838 3648 1950 3685; x_wconf 90' lang='lat' dir='ltr'><strong>non</strong></span> <span class='ocrx_word' id='word_1_638' title='bbox 1984 3647 2164 3701; x_wconf 88' lang='lat' dir='ltr'><strong>pauca</strong></span> <span class='ocrx_word' id='word_1_639' title='bbox 2210 3629 2518 3684; x_wconf 87' lang='lat' dir='ltr'><strong>multitudo</strong></span> <span class='ocrx_word' id='word_1_640' title='bbox 2564 3630 2791 3683; x_wconf 87' lang='lat' dir='ltr'><strong>assidue</strong></span> <span class='ocrx_word' id='word_1_641' title='bbox 2840 3627 2916 3662; x_wconf 76' lang='grc'><strong>³⁸⁸</strong></span> <span class='ocrx_word' id='word_1_642' title='bbox 2953 3630 3117 3683; x_wconf 91' lang='lat' dir='ltr'><strong>illum</strong></span> <span class='ocrx_word' id='word_1_643' title='bbox 3167 3631 3535 3700; x_wconf 88' lang='lat' dir='ltr'><strong>sequebatur,</strong></span> 
     </span>
    </p>
   </div>
   <div class='ocr_carea' id='block_1_86' title="bbox 1840 3717 3538 3786">
    <p class='ocr_par' dir='ltr' id='par_1_86' title="bbox 1840 3717 3538 3786">
     <span class='ocr_line' id='line_1_86' title="bbox 1840 3717 3538 3786; baseline 0.001 -14"><span class='ocrx_word' id='word_1_644' title='bbox 1840 3719 2048 3772; x_wconf 81' lang='lat' dir='ltr'><strong>talibus</strong></span> <span class='ocrx_word' id='word_1_645' title='bbox 2091 3733 2225 3772; x_wconf 85' lang='lat' dir='ltr'><strong>eum</strong></span> <span class='ocrx_word' id='word_1_646' title='bbox 2274 3717 2438 3771; x_wconf 89' lang='lat' dir='ltr'><strong>dictis</strong></span> <span class='ocrx_word' id='word_1_647' title='bbox 2479 3718 2926 3771; x_wconf 88' lang='lat' dir='ltr'><strong>consolabantur</strong></span> <span class='ocrx_word' id='word_1_648' title='bbox 2967 3733 2979 3770; x_wconf 90' lang='lat'><strong>:</strong></span> <span class='ocrx_word' id='word_1_649' title='bbox 3035 3735 3063 3767; x_wconf 75' lang='grc' dir='ltr'><strong><em>α</em></strong></span> <span class='ocrx_word' id='word_1_650' title='bbox 3097 3717 3389 3786; x_wconf 85' lang='lat' dir='ltr'><strong>Miramur,</strong></span> <span class='ocrx_word' id='word_1_651' title='bbox 3450 3735 3538 3773; x_wconf 87' lang='lat' dir='ltr'><strong>se-</strong></span> 
     </span>
    </p>
   </div>
   <div class='ocr_carea' id='block_1_87' title="bbox 1843 3806 3541 3876">
    <p class='ocr_par' dir='ltr' id='par_1_87' title="bbox 1843 3806 3541 3876">
     <span class='ocr_line' id='line_1_87' title="bbox 1843 3806 3541 3876; baseline 0 -16"><span class='ocrx_word' id='word_1_652' title='bbox 1843 3808 1986 3873; x_wconf 94' lang='lat' dir='ltr'><strong>nior,</strong></span> <span class='ocrx_word' id='word_1_653' title='bbox 2026 3807 2203 3876; x_wconf 80' lang='lat' dir='ltr'><strong>justo,</strong></span> <span class='ocrx_word' id='word_1_654' title='bbox 2259 3806 2412 3876; x_wconf 91' lang='lat' dir='ltr'><strong>quod</strong></span> <span class='ocrx_word' id='word_1_655' title='bbox 2453 3823 2516 3860; x_wconf 83' lang='lat' dir='ltr'><strong>ex</strong></span> <span class='ocrx_word' id='word_1_656' title='bbox 2550 3806 2863 3860; x_wconf 86' lang='lat' dir='ltr'><strong>infortunio</strong></span> <span class='ocrx_word' id='word_1_657' title='bbox 2889 3806 3062 3876; x_wconf 89' lang='lat' dir='ltr'><strong>hujus</strong></span> <span class='ocrx_word' id='word_1_658' title='bbox 3103 3807 3294 3876; x_wconf 91' lang='lat' dir='ltr'><strong>operis</strong></span> <span class='ocrx_word' id='word_1_659' title='bbox 3328 3807 3387 3858; x_wconf 90' lang='lat' dir='ltr'><strong>in</strong></span> <span class='ocrx_word' id='word_1_660' title='bbox 3421 3811 3541 3860; x_wconf 91' lang='lat' dir='ltr'><strong>tan-</strong></span> 
     </span>
    </p>
   </div>
   <div class='ocr_carea' id='block_1_88' title="bbox 1844 3892 3542 3965">
    <p class='ocr_par' dir='ltr' id='par_1_88' title="bbox 1844 3892 3542 3965">
     <span class='ocr_line' id='line_1_88' title="bbox 1844 3892 3542 3965; baseline 0 -17"><span class='ocrx_word' id='word_1_661' title='bbox 1844 3901 1966 3949; x_wconf 92' lang='lat' dir='ltr'><strong>tum</strong></span> <span class='ocrx_word' id='word_1_662' title='bbox 2016 3894 2264 3948; x_wconf 90' lang='lat' dir='ltr'><strong>turbaris</strong></span> <span class='ocrx_word' id='word_1_663' title='bbox 2313 3910 2444 3947; x_wconf 90' lang='lat' dir='ltr'><strong>cum</strong></span> <span class='ocrx_word' id='word_1_664' title='bbox 2492 3894 2791 3948; x_wconf 86' lang='lat' dir='ltr'><strong>cotidianis</strong></span> <span class='ocrx_word' id='word_1_665' title='bbox 2834 3895 3087 3965; x_wconf 91' lang='lat' dir='ltr'><strong>postules</strong></span> <span class='ocrx_word' id='word_1_666' title='bbox 3126 3892 3199 3928; x_wconf 61' lang='lat'><strong>33&quot;</strong></span> <span class='ocrx_word' id='word_1_667' title='bbox 3229 3894 3542 3948; x_wconf 87' lang='lat' dir='ltr'><strong>oblationi-</strong></span> 
     </span>
    </p>
   </div>
   <div class='ocr_carea' id='block_1_89' title="bbox 1844 3981 3542 4053">
    <p class='ocr_par' dir='ltr' id='par_1_89' title="bbox 1844 3981 3542 4053">
     <span class='ocr_line' id='line_1_89' title="bbox 1844 3981 3542 4053; baseline 0.001 -17"><span class='ocrx_word' id='word_1_668' title='bbox 1844 3984 1950 4037; x_wconf 93' lang='lat' dir='ltr'><strong>bus</strong></span> <span class='ocrx_word' id='word_1_669' title='bbox 1976 3981 2070 4050; x_wconf 72' lang='lat'><strong>’9”,</strong></span> <span class='ocrx_word' id='word_1_670' title='bbox 2102 3989 2166 4036; x_wconf 93' lang='lat' dir='ltr'><strong>ut</strong></span> <span class='ocrx_word' id='word_1_671' title='bbox 2212 3983 2289 4036; x_wconf 89' lang='lat' dir='ltr'><strong>ita</strong></span> <span class='ocrx_word' id='word_1_672' title='bbox 2322 3983 2523 4053; x_wconf 89' lang='lat' dir='ltr'><strong>peragi</strong></span> <span class='ocrx_word' id='word_1_673' title='bbox 2565 3984 2733 4037; x_wconf 89' lang='lat' dir='ltr'><strong>liceat</strong></span> <span class='ocrx_word' id='word_1_674' title='bbox 2786 3983 2930 4037; x_wconf 90' lang='lat' dir='ltr'><strong>sicut</strong></span> <span class='ocrx_word' id='word_1_675' title='bbox 2981 3985 3095 4037; x_wconf 91' lang='lat' dir='ltr'><strong>Deo</strong></span> <span class='ocrx_word' id='word_1_676' title='bbox 3127 3984 3368 4053; x_wconf 90' lang='lat' dir='ltr'><strong>placeat.</strong></span> <span class='ocrx_word' id='word_1_677' title='bbox 3403 3984 3542 4038; x_wconf 90' lang='lat' dir='ltr'><strong>Ora-</strong></span> 
     </span>
    </p>
   </div>
   <div class='ocr_carea' id='block_1_90' title="bbox 1845 4072 3543 4142">
    <p class='ocr_par' dir='ltr' id='par_1_90' title="bbox 1845 4072 3543 4142">
     <span class='ocr_line' id='line_1_90' title="bbox 1845 4072 3543 4142; baseline -0.001 -15"><span class='ocrx_word' id='word_1_678' title='bbox 1845 4074 2032 4127; x_wconf 90' lang='lat' dir='ltr'><strong>tiones</strong></span> <span class='ocrx_word' id='word_1_679' title='bbox 2062 4088 2313 4142; x_wconf 88' lang='lat' dir='ltr'><strong>namque</strong></span> <span class='ocrx_word' id='word_1_680' title='bbox 2345 4077 2472 4125; x_wconf 92' lang='lat' dir='ltr'><strong>tuas</strong></span> <span class='ocrx_word' id='word_1_681' title='bbox 2503 4073 2651 4126; x_wconf 90' lang='lat' dir='ltr'><strong>Deus</strong></span> <span class='ocrx_word' id='word_1_682' title='bbox 2683 4072 2934 4138; x_wconf 85' lang='lat' dir='ltr'><strong>exaudit,</strong></span> <span class='ocrx_word' id='word_1_683' title='bbox 2995 4077 3152 4125; x_wconf 91' lang='lat' dir='ltr'><strong>tuam</strong></span> <span class='ocrx_word' id='word_1_684' title='bbox 3188 4073 3543 4126; x_wconf 90' lang='lat' dir='ltr'><strong>voluntatem</strong></span> 
     </span>
    </p>
   </div>
   <div class='ocr_carea' id='block_1_91' title="bbox 1847 4158 3541 4230">
    <p class='ocr_par' dir='ltr' id='par_1_91' title="bbox 1847 4158 3541 4230">
     <span class='ocr_line' id='line_1_91' title="bbox 1847 4158 3541 4230; baseline 0.002 -20"><span class='ocrx_word' id='word_1_685' title='bbox 1847 4159 2073 4230; x_wconf 85' lang='lat' dir='ltr'><strong>publice</strong></span> <span class='ocrx_word' id='word_1_686' title='bbox 2127 4159 2480 4228; x_wconf 88' lang='lat' dir='ltr'><strong>adimplevit.</strong></span> <span class='ocrx_word' id='word_1_687' title='bbox 2545 4161 2805 4230; x_wconf 86' lang='lat' dir='ltr'><strong>Namque</strong></span> <span class='ocrx_word' id='word_1_688' title='bbox 2845 4158 2918 4193; x_wconf 82' lang='grc'>²⁹¹</span> <span class='ocrx_word' id='word_1_689' title='bbox 2973 4160 3129 4230; x_wconf 89' lang='lat' dir='ltr'><strong>quod</strong></span> <span class='ocrx_word' id='word_1_690' title='bbox 3174 4161 3288 4214; x_wconf 91' lang='lat' dir='ltr'><strong>Deo</strong></span> <span class='ocrx_word' id='word_1_691' title='bbox 3336 4161 3541 4230; x_wconf 87' lang='lat' dir='ltr'><strong>placet,</strong></span> 
     </span>
    </p>
   </div>
   <div class='ocr_carea' id='block_1_92' title="bbox 1851 4247 3543 4319">
    <p class='ocr_par' dir='ltr' id='par_1_92' title="bbox 1851 4247 3543 4319">
     <span class='ocr_line' id='line_1_92' title="bbox 1851 4247 3543 4319; baseline 0.001 -19"><span class='ocrx_word' id='word_1_692' title='bbox 1851 4264 2000 4317; x_wconf 64' lang='lat' dir='ltr'><strong>saepe</strong></span> <span class='ocrx_word' id='word_1_693' title='bbox 2032 4247 2330 4316; x_wconf 86' lang='lat' dir='ltr'><strong>probatur,</strong></span> <span class='ocrx_word' id='word_1_694' title='bbox 2367 4248 2514 4302; x_wconf 87' lang='lat' dir='ltr'><strong>sicut</strong></span> <span class='ocrx_word' id='word_1_695' title='bbox 2544 4248 2757 4319; x_wconf 90' lang='lat' dir='ltr'><strong>legitur</strong></span> <span class='ocrx_word' id='word_1_696' title='bbox 2789 4265 2803 4303; x_wconf 90' lang='lat'>:</span> <span class='ocrx_word' id='word_1_697' title='bbox 2849 4270 2876 4299; x_wconf 80' lang='grc' dir='ltr'><strong>(ι</strong></span> <span class='ocrx_word' id='word_1_698' title='bbox 2927 4249 3107 4313; x_wconf 89' lang='lat' dir='ltr'><strong>Quem</strong></span> <span class='ocrx_word' id='word_1_699' title='bbox 3149 4250 3297 4303; x_wconf 91' lang='lat' dir='ltr'><strong>Deus</strong></span> <span class='ocrx_word' id='word_1_700' title='bbox 3336 4249 3543 4319; x_wconf 91' lang='lat' dir='ltr'><strong>diligit,</strong></span> 
     </span>
    </p>
   </div>
   <div class='ocr_carea' id='block_1_93' title="bbox 1855 4335 3548 4407">
    <p class='ocr_par' dir='ltr' id='par_1_93' title="bbox 1855 4335 3548 4407">
     <span class='ocr_line' id='line_1_93' title="bbox 1855 4335 3548 4407; baseline 0.002 -20"><span class='ocrx_word' id='word_1_701' title='bbox 1855 4357 1881 4387; x_wconf 84' lang='lat'>«</span> <span class='ocrx_word' id='word_1_702' title='bbox 1917 4336 2154 4406; x_wconf 90' lang='lat' dir='ltr'><strong>corripit</strong></span> <span class='ocrx_word' id='word_1_703' title='bbox 2193 4339 2369 4405; x_wconf 84' lang='lat' dir='ltr'><strong>(Prov.</strong></span> <span class='ocrx_word' id='word_1_704' title='bbox 2405 4354 2486 4403; x_wconf 82' lang='grc' dir='ltr'>ιιι,</span> <span class='ocrx_word' id='word_1_705' title='bbox 2523 4341 2610 4405; x_wconf 83' lang='lat' dir='ltr'><strong>t2)</strong></span> <span class='ocrx_word' id='word_1_706' title='bbox 2670 4355 2696 4390; x_wconf 71' lang='grc' dir='ltr'><strong><em>ι</em></strong></span> <span class='ocrx_word' id='word_1_707' title='bbox 2722 4337 2887 4401; x_wconf 92' lang='lat' dir='ltr'><strong>Quod</strong></span> <span class='ocrx_word' id='word_1_708' title='bbox 2919 4338 3072 4390; x_wconf 90' lang='lat' dir='ltr'><strong>enim</strong></span> <span class='ocrx_word' id='word_1_709' title='bbox 3108 4335 3183 4370; x_wconf 72' lang='lat'><strong>&#39;9’</strong></span> <span class='ocrx_word' id='word_1_710' title='bbox 3212 4338 3324 4391; x_wconf 91' lang='lat' dir='ltr'><strong>Deo</strong></span> <span class='ocrx_word' id='word_1_711' title='bbox 3355 4337 3548 4407; x_wconf 89' lang='lat' dir='ltr'><strong>displi-</strong></span> 
     </span>
    </p>
   </div>
   <div class='ocr_carea' id='block_1_94' title="bbox 1850 4425 3547 4496">
    <p class='ocr_par' dir='ltr' id='par_1_94' title="bbox 1850 4425 3547 4496">
     <span class='ocr_line' id='line_1_94' title="bbox 1850 4425 3547 4496; baseline -0.001 -16"><span class='ocrx_word' id='word_1_712' title='bbox 1850 4427 1989 4493; x_wconf 86' lang='lat' dir='ltr'><strong>cuit,</strong></span> <span class='ocrx_word' id='word_1_713' title='bbox 2021 4427 2168 4479; x_wconf 88' lang='lat' dir='ltr'><strong>sicut</strong></span> <span class='ocrx_word' id='word_1_714' title='bbox 2193 4427 2405 4495; x_wconf 89' lang='lat' dir='ltr'><strong>petisti,</strong></span> <span class='ocrx_word' id='word_1_715' title='bbox 2465 4425 2681 4496; x_wconf 88' lang='lat' dir='ltr'><strong>rejecit.</strong></span> <span class='ocrx_word' id='word_1_716' title='bbox 2727 4426 2939 4480; x_wconf 88' lang='lat' dir='ltr'><strong>Idcirco</strong></span> <span class='ocrx_word' id='word_1_717' title='bbox 2997 4425 3244 4496; x_wconf 90' lang='lat' dir='ltr'><strong>suspiria</strong></span> <span class='ocrx_word' id='word_1_718' title='bbox 3289 4425 3547 4495; x_wconf 88' lang='lat' dir='ltr'><strong>deponas</strong></span> 
     </span>
    </p>
   </div>
   <div class='ocr_carea' id='block_1_95' title="bbox 1853 4513 3547 4584">
    <p class='ocr_par' dir='ltr' id='par_1_95' title="bbox 1853 4513 3547 4584">
     <span class='ocr_line' id='line_1_95' title="bbox 1853 4513 3547 4584; baseline 0.001 -16"><span class='ocrx_word' id='word_1_719' title='bbox 1853 4519 1910 4568; x_wconf 93' lang='lat' dir='ltr'><strong>et</strong></span> <span class='ocrx_word' id='word_1_720' title='bbox 1941 4514 2232 4584; x_wconf 76' lang='lat' dir='ltr'><strong>patientiae</strong></span> <span class='ocrx_word' id='word_1_721' title='bbox 2259 4514 2654 4568; x_wconf 74' lang='lat' dir='ltr'><strong>fortitudinem</strong></span> <span class='ocrx_word' id='word_1_722' title='bbox 2688 4513 2949 4583; x_wconf 90' lang='lat' dir='ltr'><strong>recipias.</strong></span> <span class='ocrx_word' id='word_1_723' title='bbox 3001 4513 3115 4566; x_wconf 85' lang='lat' dir='ltr'><strong>Hoc</strong></span> <span class='ocrx_word' id='word_1_724' title='bbox 3147 4518 3232 4567; x_wconf 91' lang='lat' dir='ltr'><strong>est</strong></span> <span class='ocrx_word' id='word_1_725' title='bbox 3260 4513 3547 4569; x_wconf 86' lang='lat' dir='ltr'><strong>laudabile</strong></span> 
     </span>
    </p>
   </div>
   <div class='ocr_carea' id='block_1_96' title="bbox 1471 4636 2140 4691">
    <p class='ocr_par' dir='ltr' id='par_1_96' title="bbox 1471 4636 2140 4691">
     <span class='ocr_line' id='line_1_96' title="bbox 1471 4636 2140 4691; baseline -0.004 -2"><span class='ocrx_word' id='word_1_726' title='bbox 1471 4637 1707 4690; x_wconf 78' lang='lat' dir='ltr'><strong>VARle</strong></span> <span class='ocrx_word' id='word_1_727' title='bbox 1734 4636 2140 4691; x_wconf 84' lang='lat' dir='ltr'><strong>LECTIONES.</strong></span> 
     </span>
    </p>
   </div>
   <div class='ocr_carea' id='block_1_97' title="bbox 86 4724 1310 4796">
    <p class='ocr_par' dir='ltr' id='par_1_97' title="bbox 86 4724 1310 4796">
     <span class='ocr_line' id='line_1_97' title="bbox 86 4724 1310 4796; baseline -0.007 -11"><span class='ocrx_word' id='word_1_728' title='bbox 86 4732 164 4768; x_wconf 76' lang='grc'>²⁴⁸</span> <span class='ocrx_word' id='word_1_729' title='bbox 196 4728 429 4786; x_wconf 89' lang='lat' dir='ltr'><strong>curavit</strong></span> <span class='ocrx_word' id='word_1_730' title='bbox 479 4730 532 4781; x_wconf 97' lang='lat'><strong>2.</strong></span> <span class='ocrx_word' id='word_1_731' title='bbox 611 4725 686 4760; x_wconf 70' lang='lat'><strong>“5</strong></span> <span class='ocrx_word' id='word_1_732' title='bbox 731 4724 1310 4796; x_wconf 82' lang='lat' dir='ltr'><strong>congregatisque2.</strong></span> 
     </span>
    </p>
   </div>
   <div class='ocr_carea' id='block_1_98' title="bbox 15 4793 1745 4857">
    <p class='ocr_par' dir='ltr' id='par_1_98' title="bbox 15 4793 1745 4857">
     <span class='ocr_line' id='line_1_98' title="bbox 15 4793 1745 4857; baseline -0.006 0"><span class='ocrx_word' id='word_1_733' title='bbox 15 4805 124 4857; x_wconf 91' lang='lat' dir='ltr'><strong>luit</strong></span> <span class='ocrx_word' id='word_1_734' title='bbox 185 4820 238 4857; x_wconf 89' lang='lat' dir='ltr'><strong>s.</strong></span> <span class='ocrx_word' id='word_1_735' title='bbox 329 4800 468 4853; x_wconf 91' lang='lat' dir='ltr'><strong>alias</strong></span> <span class='ocrx_word' id='word_1_736' title='bbox 520 4799 756 4852; x_wconf 85' lang='lat' dir='ltr'><strong>exaltari</strong></span> <span class='ocrx_word' id='word_1_737' title='bbox 838 4793 890 4850; x_wconf 85' lang='lat'><strong>2.</strong></span> <span class='ocrx_word' id='word_1_738' title='bbox 959 4793 1042 4830; x_wconf 29' lang='grc' dir='ltr'><strong>ί²³⁰</strong></span> <span class='ocrx_word' id='word_1_739' title='bbox 1092 4793 1359 4848; x_wconf 83' lang='lat' dir='ltr'><strong>similiter</strong></span> <span class='ocrx_word' id='word_1_740' title='bbox 1409 4799 1459 4848; x_wconf 79' lang='grc'><strong>1.</strong></span> <span class='ocrx_word' id='word_1_741' title='bbox 1539 4793 1612 4829; x_wconf 83' lang='grc'><strong>²⁵¹</strong></span> <span class='ocrx_word' id='word_1_742' title='bbox 1681 4811 1745 4847; x_wconf 91' lang='lat' dir='ltr'><strong>ac</strong></span> 
     </span>
    </p>
   </div>
   <div class='ocr_carea' id='block_1_99' title="bbox 15 4864 1786 4945">
    <p class='ocr_par' dir='ltr' id='par_1_99' title="bbox 15 4864 1786 4945">
     <span class='ocr_line' id='line_1_99' title="bbox 15 4864 1786 4945; baseline -0.006 -17"><span class='ocrx_word' id='word_1_743' title='bbox 15 4877 340 4945; x_wconf 88' lang='lat' dir='ltr'><strong>adjuvante</strong></span> <span class='ocrx_word' id='word_1_744' title='bbox 388 4873 442 4924; x_wconf 92' lang='lat'><strong>2.</strong></span> <span class='ocrx_word' id='word_1_745' title='bbox 520 4868 605 4945; x_wconf 73' lang='lat'><strong>&quot;5_</strong></span> <span class='ocrx_word' id='word_1_746' title='bbox 652 4868 836 4945; x_wconf 78' lang='lat' dir='ltr'><strong>poscit</strong></span> <span class='ocrx_word' id='word_1_747' title='bbox 1014 4864 1310 4945; x_wconf 35' lang='lat' dir='ltr'><strong>“fistius</strong></span> <span class='ocrx_word' id='word_1_748' title='bbox 1369 4882 1505 4936; x_wconf 87' lang='lat' dir='ltr'><strong>ergo</strong></span> <span class='ocrx_word' id='word_1_749' title='bbox 1547 4871 1786 4945; x_wconf 42' lang='lat' dir='ltr'><strong>.sancta:</strong></span> 
     </span>
    </p>
   </div>
   <div class='ocr_carea' id='block_1_100' title="bbox 17 4935 2606 5011">
    <p class='ocr_par' dir='ltr' id='par_1_100' title="bbox 17 4935 2606 5011">
     <span class='ocr_line' id='line_1_100' title="bbox 17 4935 2606 5011; baseline -0.003 -14"><span class='ocrx_word' id='word_1_750' title='bbox 17 4935 248 5007; x_wconf 69' lang='lat' dir='ltr'><strong>sorore,</strong></span> <span class='ocrx_word' id='word_1_751' title='bbox 315 4958 446 5010; x_wconf 65' lang='lat' dir='ltr'><strong>quae</strong></span> <span class='ocrx_word' id='word_1_752' title='bbox 494 4935 1002 5011; x_wconf 53' lang='lat' dir='ltr'><strong>petit&#39;solitariam</strong></span> <span class='ocrx_word' id='word_1_753' title='bbox 1052 4938 1224 5011; x_wconf 85' lang='lat' dir='ltr'><strong>vitam</strong></span> <span class='ocrx_word' id='word_1_754' title='bbox 1285 4935 1454 5006; x_wconf 89' lang='lat' dir='ltr'><strong>agere</strong></span> <span class='ocrx_word' id='word_1_755' title='bbox 1511 4936 1582 4990; x_wconf 91' lang='lat' dir='ltr'><strong>ab</strong></span> <span class='ocrx_word' id='word_1_756' title='bbox 1638 4935 2145 5011; x_wconf 82' lang='lat' dir='ltr'><strong>episcopo,_quod</strong></span> <span class='ocrx_word' id='word_1_757' title='bbox 2194 4941 2251 4989; x_wconf 90' lang='lat' dir='ltr'><strong>et</strong></span> <span class='ocrx_word' id='word_1_758' title='bbox 2304 4936 2404 5011; x_wconf 78' lang='lat' dir='ltr'><strong>ille</strong></span> <span class='ocrx_word' id='word_1_759' title='bbox 2457 4937 2606 4990; x_wconf 90' lang='lat' dir='ltr'><strong>fecit.</strong></span> 
     </span>
    </p>
   </div>
   <div class='ocr_carea' id='block_1_101' title="bbox 1392 4725 1834 4778">
    <p class='ocr_par' dir='ltr' id='par_1_101' title="bbox 1392 4725 1834 4778">
     <span class='ocr_line' id='line_1_101' title="bbox 1392 4725 1834 4778; baseline 0 0"><span class='ocrx_word' id='word_1_760' title='bbox 1392 4726 1462 4760; x_wconf 67' lang='grc'><strong>’⁸⁸</strong></span> <span class='ocrx_word' id='word_1_761' title='bbox 1508 4725 1732 4778; x_wconf 89' lang='lat' dir='ltr'><strong>nutrita</strong></span> <span class='ocrx_word' id='word_1_762' title='bbox 1780 4727 1834 4778; x_wconf 91' lang='lat'><strong>2.</strong></span> 
     </span>
    </p>
   </div>
   <div class='ocr_carea' id='block_1_102' title="bbox 1919 4722 3552 4792">
    <p class='ocr_par' dir='ltr' id='par_1_102' title="bbox 1919 4722 3552 4792">
     <span class='ocr_line' id='line_1_102' title="bbox 1919 4722 3552 4792; baseline 0.003 -17"><span class='ocrx_word' id='word_1_763' title='bbox 1919 4725 1989 4760; x_wconf 71' lang='lat'><strong>&quot;7</strong></span> <span class='ocrx_word' id='word_1_764' title='bbox 2042 4740 2120 4778; x_wconf 94' lang='lat' dir='ltr'><strong>m.</strong></span> <span class='ocrx_word' id='word_1_765' title='bbox 2182 4725 2277 4778; x_wconf 88' lang='lat' dir='ltr'><strong>sed</strong></span> <span class='ocrx_word' id='word_1_766' title='bbox 2332 4724 2528 4778; x_wconf 82' lang='lat' dir='ltr'><strong>desunt</strong></span> <span class='ocrx_word' id='word_1_767' title='bbox 2583 4726 2635 4776; x_wconf 95' lang='lat'><strong>2.</strong></span> <span class='ocrx_word' id='word_1_768' title='bbox 2714 4722 2786 4760; x_wconf 69' lang='grc'><strong>³⁸⁸</strong></span> <span class='ocrx_word' id='word_1_769' title='bbox 2836 4723 3152 4792; x_wconf 89' lang='lat' dir='ltr'><strong>magistrali</strong></span> <span class='ocrx_word' id='word_1_770' title='bbox 3201 4728 3249 4778; x_wconf 79' lang='lat' dir='ltr'><strong>t.</strong></span> <span class='ocrx_word' id='word_1_771' title='bbox 3326 4724 3397 4760; x_wconf 70' lang='lat'><strong>“9</strong></span> <span class='ocrx_word' id='word_1_772' title='bbox 3451 4742 3552 4780; x_wconf 88' lang='lat' dir='ltr'><strong>vo-</strong></span> 
     </span>
    </p>
   </div>
   <div class='ocr_carea' id='block_1_103' title="bbox 1848 4793 3551 4851">
    <p class='ocr_par' dir='ltr' id='par_1_103' title="bbox 1848 4793 3551 4851">
     <span class='ocr_line' id='line_1_103' title="bbox 1848 4793 3551 4851; baseline 0.002 -5"><span class='ocrx_word' id='word_1_773' title='bbox 1848 4797 1900 4847; x_wconf 92' lang='lat'><strong>2.</strong></span> <span class='ocrx_word' id='word_1_774' title='bbox 1984 4796 2059 4829; x_wconf 74' lang='grc'>³⁸³</span> <span class='ocrx_word' id='word_1_775' title='bbox 2124 4795 2352 4848; x_wconf 90' lang='lat' dir='ltr'><strong>Domini</strong></span> <span class='ocrx_word' id='word_1_776' title='bbox 2427 4798 2481 4849; x_wconf 91' lang='lat'><strong>2.</strong></span> <span class='ocrx_word' id='word_1_777' title='bbox 2562 4793 2635 4828; x_wconf 73' lang='grc'><strong>⁸⁵³</strong></span> <span class='ocrx_word' id='word_1_778' title='bbox 2692 4794 3056 4848; x_wconf 85' lang='lat' dir='ltr'><strong>stabilissime</strong></span> <span class='ocrx_word' id='word_1_779' title='bbox 3114 4798 3166 4848; x_wconf 91' lang='grc'><strong>2.</strong></span> <span class='ocrx_word' id='word_1_780' title='bbox 3246 4793 3319 4832; x_wconf 70' lang='grc'><strong>³⁵⁸</strong></span> <span class='ocrx_word' id='word_1_781' title='bbox 3379 4797 3551 4851; x_wconf 89' lang='lat' dir='ltr'><strong>fratre</strong></span> 
     </span>
    </p>
   </div>
   <div class='ocr_carea' id='block_1_104' title="bbox 1845 4865 3554 4947">
    <p class='ocr_par' dir='ltr' id='par_1_104' title="bbox 1845 4865 3554 4947">
     <span class='ocr_line' id='line_1_104' title="bbox 1845 4865 3554 4947; baseline 0.002 -29"><span class='ocrx_word' id='word_1_782' title='bbox 1845 4865 2368 4947; x_wconf 24' lang='lat' dir='ltr'><strong>fmminatﬂdugi</strong></span> <span class='ocrx_word' id='word_1_783' title='bbox 2451 4865 2622 4947; x_wconf 61' lang='lat' dir='ltr'><strong>rubra</strong></span> <span class='ocrx_word' id='word_1_784' title='bbox 2685 4869 3109 4947; x_wconf 53' lang='lat' dir='ltr'><strong>Brzmt&#39;ttitur_£</strong></span> <span class='ocrx_word' id='word_1_785' title='bbox 3155 4868 3231 4920; x_wconf 90' lang='lat' dir='ltr'><strong>De</strong></span> <span class='ocrx_word' id='word_1_786' title='bbox 3302 4868 3554 4947; x_wconf 77' lang='lat' dir='ltr'><strong>quadam</strong></span> 
     </span>
    </p>
   </div>
   <div class='ocr_carea' id='block_1_105' title="bbox 2685 4935 3552 5007">
    <p class='ocr_par' dir='ltr' id='par_1_105' title="bbox 2685 4935 3552 5007">
     <span class='ocr_line' id='line_1_105' title="bbox 2685 4935 3552 5007; baseline 0.006 -21"><span class='ocrx_word' id='word_1_787' title='bbox 2685 4935 2754 4972; x_wconf 68' lang='grc'><strong>³⁵⁷</strong></span> <span class='ocrx_word' id='word_1_788' title='bbox 2802 4942 2856 4990; x_wconf 90' lang='lat' dir='ltr'><strong>et</strong></span> <span class='ocrx_word' id='word_1_789' title='bbox 2903 4938 2956 4989; x_wconf 90' lang='grc'><strong>2.</strong></span> <span class='ocrx_word' id='word_1_790' title='bbox 3035 4935 3107 4972; x_wconf 78' lang='grc'><strong>²⁸⁸</strong></span> <span class='ocrx_word' id='word_1_791' title='bbox 3179 4935 3450 5007; x_wconf 83' lang='lat' dir='ltr'><strong>operibus</strong></span> <span class='ocrx_word' id='word_1_792' title='bbox 3499 4943 3552 4993; x_wconf 90' lang='grc'><strong>2.</strong></span> 
     </span>
    </p>
   </div>
   <div class='ocr_carea' id='block_1_106' title="bbox 19 5007 3557 5084">
    <p class='ocr_par' dir='ltr' id='par_1_106' title="bbox 19 5007 3557 5084">
     <span class='ocr_line' id='line_1_106' title="bbox 19 5007 3557 5084; baseline -0.001 -16"><span class='ocrx_word' id='word_1_793' title='bbox 19 5016 88 5051; x_wconf 68' lang='grc'><strong>²³9</strong></span> <span class='ocrx_word' id='word_1_794' title='bbox 143 5007 585 5084; x_wconf 41' lang='lat' dir='ltr'><strong>adimplere-2.</strong></span> <span class='ocrx_word' id='word_1_795' title='bbox 664 5009 740 5044; x_wconf 80' lang='grc'><strong>²⁶⁰</strong></span> <span class='ocrx_word' id='word_1_796' title='bbox 783 5021 838 5062; x_wconf 90' lang='lat' dir='ltr'><strong>et</strong></span> <span class='ocrx_word' id='word_1_797' title='bbox 871 5016 1065 5084; x_wconf 84' lang='lat' dir='ltr'><strong>tamen</strong></span> <span class='ocrx_word' id='word_1_798' title='bbox 1123 5009 1283 5084; x_wconf 81' lang='lat' dir='ltr'><strong>virgo</strong></span> <span class='ocrx_word' id='word_1_799' title='bbox 1322 5024 1463 5084; x_wconf 63' lang='lat' dir='ltr'><strong>non</strong></span> <span class='ocrx_word' id='word_1_800' title='bbox 1503 5007 2051 5084; x_wconf 47' lang='lat' dir='ltr'><strong>cessabatuassidue</strong></span> <span class='ocrx_word' id='word_1_801' title='bbox 2100 5007 2360 5084; x_wconf 79' lang='lat' dir='ltr'><strong>rogando</strong></span> <span class='ocrx_word' id='word_1_802' title='bbox 2394 5023 2564 5084; x_wconf 63' lang='lat' dir='ltr'><strong>eum,</strong></span> <span class='ocrx_word' id='word_1_803' title='bbox 2599 5011 2663 5062; x_wconf 92' lang='lat' dir='ltr'><strong>ut</strong></span> <span class='ocrx_word' id='word_1_804' title='bbox 2700 5023 2850 5084; x_wconf 81' lang='lat' dir='ltr'><strong>eam</strong></span> <span class='ocrx_word' id='word_1_805' title='bbox 2891 5024 2925 5061; x_wconf 91' lang='lat' dir='ltr'><strong>a</strong></span> <span class='ocrx_word' id='word_1_806' title='bbox 2966 5009 3315 5084; x_wconf 64' lang='lat' dir='ltr'><strong>secularibus</strong></span> <span class='ocrx_word' id='word_1_807' title='bbox 3341 5080 3355 5084; x_wconf 90' lang='lat'>_</span> <span class='ocrx_word' id='word_1_808' title='bbox 3385 5011 3557 5063; x_wconf 89' lang='lat' dir='ltr'><strong>rebus</strong></span> 
     </span>
    </p>
   </div>
   <div class='ocr_carea' id='block_1_107' title="bbox 17 5076 3552 5157">
    <p class='ocr_par' dir='ltr' id='par_1_107' title="bbox 17 5076 3552 5157">
     <span class='ocr_line' id='line_1_107' title="bbox 17 5076 3552 5157; baseline -0.002 -16"><span class='ocrx_word' id='word_1_809' title='bbox 17 5088 210 5157; x_wconf 77' lang='lat' dir='ltr'><strong>magis</strong></span> <span class='ocrx_word' id='word_1_810' title='bbox 274 5076 1688 5157; x_wconf 32' lang='lat' dir='ltr'><strong>excluderetet‘eamhincluderet__solitariam._</strong></span> <span class='ocrx_word' id='word_1_811' title='bbox 1758 5076 2209 5157; x_wconf 49' lang='lat' dir='ltr'><strong>muclausuram</strong></span> <span class='ocrx_word' id='word_1_812' title='bbox 2261 5077 2573 5157; x_wconf 74' lang='lat' dir='ltr'><strong>2.__&quot;’_d.</strong></span> <span class='ocrx_word' id='word_1_813' title='bbox 2665 5079 2860 5157; x_wconf 82' lang='lat' dir='ltr'><strong>statuit</strong></span> <span class='ocrx_word' id='word_1_814' title='bbox 2933 5095 2994 5157; x_wconf 80' lang='lat' dir='ltr'><strong>_c.</strong></span> <span class='ocrx_word' id='word_1_815' title='bbox 3055 5083 3131 5157; x_wconf 34' lang='lat' dir='ltr'><strong>2n.“</strong></span> <span class='ocrx_word' id='word_1_816' title='bbox 3184 5078 3258 5116; x_wconf 80' lang='grc'><strong>²⁶³</strong></span> <span class='ocrx_word' id='word_1_817' title='bbox 3318 5080 3461 5134; x_wconf 83' lang='lat' dir='ltr'><strong>deest</strong></span> <span class='ocrx_word' id='word_1_818' title='bbox 3499 5085 3552 5134; x_wconf 90' lang='lat'><strong>2.</strong></span> 
     </span>
    </p>
   </div>
   <div class='ocr_carea' id='block_1_108' title="bbox 19 5146 3554 5221">
    <p class='ocr_par' dir='ltr' id='par_1_108' title="bbox 19 5146 3554 5221">
     <span class='ocr_line' id='line_1_108' title="bbox 19 5146 3554 5221; baseline -0.001 -12"><span class='ocrx_word' id='word_1_819' title='bbox 19 5160 93 5192; x_wconf 59' lang='grc' dir='ltr'><strong>εδδ</strong></span> <span class='ocrx_word' id='word_1_820' title='bbox 118 5146 241 5210; x_wconf 55' lang='grc' dir='ltr'><strong>νειίὶ</strong></span> <span class='ocrx_word' id='word_1_821' title='bbox 299 5159 361 5207; x_wconf 92' lang='lat'><strong>2.</strong></span> <span class='ocrx_word' id='word_1_822' title='bbox 449 5151 521 5188; x_wconf 80' lang='grc'><strong>²⁶⁵</strong></span> <span class='ocrx_word' id='word_1_823' title='bbox 585 5152 780 5221; x_wconf 14' lang='grc' dir='ltr'><strong>Ιιίεί2.</strong></span> <span class='ocrx_word' id='word_1_824' title='bbox 860 5150 933 5186; x_wconf 70' lang='grc'><strong>’⁸⁸</strong></span> <span class='ocrx_word' id='word_1_825' title='bbox 971 5166 1101 5203; x_wconf 90' lang='lat' dir='ltr'><strong>cum</strong></span> <span class='ocrx_word' id='word_1_826' title='bbox 1159 5153 1242 5221; x_wconf 87' lang='lat'><strong>2_</strong></span> <span class='ocrx_word' id='word_1_827' title='bbox 1293 5146 1884 5221; x_wconf 9' lang='lat' dir='ltr'><strong>&quot;7rrespuente_soli</strong></span> <span class='ocrx_word' id='word_1_828' title='bbox 1943 5151 1998 5202; x_wconf 87' lang='grc'><strong>2.</strong></span> <span class='ocrx_word' id='word_1_829' title='bbox 2076 5147 2404 5221; x_wconf 72' lang='lat' dir='ltr'><strong>m‘__puella</strong></span> <span class='ocrx_word' id='word_1_830' title='bbox 2460 5148 2497 5203; x_wconf 90' lang='lat' dir='ltr'><strong>f.</strong></span> <span class='ocrx_word' id='word_1_831' title='bbox 2561 5155 2739 5221; x_wconf 89' lang='lat' dir='ltr'><strong>_scuto</strong></span> <span class='ocrx_word' id='word_1_832' title='bbox 2817 5166 2872 5219; x_wconf 93' lang='lat' dir='ltr'><strong>g.</strong></span> <span class='ocrx_word' id='word_1_833' title='bbox 2930 5152 3007 5221; x_wconf 70' lang='lat'><strong>2._</strong></span> <span class='ocrx_word' id='word_1_834' title='bbox 3059 5149 3132 5184; x_wconf 69' lang='grc'><strong>’⁸9</strong></span> <span class='ocrx_word' id='word_1_835' title='bbox 3198 5167 3456 5221; x_wconf 85' lang='lat' dir='ltr'><strong>pugnare</strong></span> <span class='ocrx_word' id='word_1_836' title='bbox 3495 5167 3554 5221; x_wconf 92' lang='lat' dir='ltr'><strong>p.</strong></span> 
     </span>
    </p>
   </div>
   <div class='ocr_carea' id='block_1_109' title="bbox 15 5217 3553 5300">
    <p class='ocr_par' dir='ltr' id='par_1_109' title="bbox 15 5217 3553 5300">
     <span class='ocr_line' id='line_1_109' title="bbox 15 5217 3553 5300; baseline -0.002 -19"><span class='ocrx_word' id='word_1_837' title='bbox 15 5237 103 5281; x_wconf 75' lang='lat' dir='ltr'><strong>est</strong></span> <span class='ocrx_word' id='word_1_838' title='bbox 135 5232 190 5282; x_wconf 91' lang='lat'><strong>2.</strong></span> <span class='ocrx_word' id='word_1_839' title='bbox 279 5223 353 5258; x_wconf 75' lang='grc'><strong>²⁷⁰</strong></span> <span class='ocrx_word' id='word_1_840' title='bbox 390 5224 536 5300; x_wconf 77' lang='lat' dir='ltr'><strong>deest</strong></span> <span class='ocrx_word' id='word_1_841' title='bbox 560 5220 764 5300; x_wconf 29' lang='lat' dir='ltr'><strong>2.A__&quot;”</strong></span> <span class='ocrx_word' id='word_1_842' title='bbox 799 5222 1038 5292; x_wconf 90' lang='lat' dir='ltr'><strong>potestis</strong></span> <span class='ocrx_word' id='word_1_843' title='bbox 1197 5217 1290 5300; x_wconf 53' lang='lat'><strong>&#39;3:</strong></span> <span class='ocrx_word' id='word_1_844' title='bbox 1323 5217 1641 5300; x_wconf 68' lang='lat' dir='ltr'><strong>solemniis.</strong></span> <span class='ocrx_word' id='word_1_845' title='bbox 1719 5217 1792 5300; x_wconf 59' lang='grc' dir='ltr'><strong>²⁷ξ</strong></span> <span class='ocrx_word' id='word_1_846' title='bbox 1823 5221 1959 5300; x_wconf 74' lang='lat' dir='ltr'><strong>quia</strong></span> <span class='ocrx_word' id='word_1_847' title='bbox 2009 5222 2088 5300; x_wconf 43' lang='lat'><strong>2..</strong></span> <span class='ocrx_word' id='word_1_848' title='bbox 2139 5217 2275 5274; x_wconf 15' lang='lat' dir='ltr'><strong>mia</strong></span> <span class='ocrx_word' id='word_1_849' title='bbox 2301 5236 2371 5300; x_wconf 37' lang='lat' dir='ltr'><strong>s.“</strong></span> <span class='ocrx_word' id='word_1_850' title='bbox 2403 5223 2455 5272; x_wconf 92' lang='lat'><strong>2.</strong></span> <span class='ocrx_word' id='word_1_851' title='bbox 2487 5290 2501 5300; x_wconf 78' lang='lat'><strong><em>_</em></strong></span> <span class='ocrx_word' id='word_1_852' title='bbox 2659 5225 2782 5300; x_wconf 78' lang='lat' dir='ltr'><strong>erat</strong></span> <span class='ocrx_word' id='word_1_853' title='bbox 2824 5217 2885 5275; x_wconf 80' lang='lat'><strong>2.</strong></span> <span class='ocrx_word' id='word_1_854' title='bbox 2964 5218 3036 5300; x_wconf 55' lang='grc'><strong>’7⁸</strong></span> <span class='ocrx_word' id='word_1_855' title='bbox 3074 5221 3152 5300; x_wconf 79' lang='lat' dir='ltr'><strong>ibi</strong></span> <span class='ocrx_word' id='word_1_856' title='bbox 3199 5217 3444 5300; x_wconf 65' lang='lat' dir='ltr'><strong>quoque</strong></span> 
     </span>
    </p>
   </div>
   <div class='ocr_carea' id='block_1_110' title="bbox 16 5290 1136 5366">
    <p class='ocr_par' dir='ltr' id='par_1_110' title="bbox 16 5290 1136 5366">
     <span class='ocr_line' id='line_1_110' title="bbox 16 5290 1136 5366; baseline 0.009 -32"><span class='ocrx_word' id='word_1_857' title='bbox 16 5303 87 5336; x_wconf 71' lang='lat'><strong>:17</strong></span> <span class='ocrx_word' id='word_1_858' title='bbox 145 5302 437 5366; x_wconf 58' lang='lat' dir='ltr'><strong>vemptam</strong></span> <span class='ocrx_word' id='word_1_859' title='bbox 489 5299 562 5366; x_wconf 15' lang='lat'><strong>2.7</strong></span> <span class='ocrx_word' id='word_1_860' title='bbox 608 5290 705 5366; x_wconf 21' lang='grc' dir='ltr'><strong>μηδ</strong></span> <span class='ocrx_word' id='word_1_861' title='bbox 752 5290 1058 5366; x_wconf 81' lang='lat' dir='ltr'><strong>purgatam</strong></span> <span class='ocrx_word' id='word_1_862' title='bbox 1084 5295 1136 5345; x_wconf 91' lang='lat'><strong>2.</strong></span> 
     </span>
    </p>
   </div>
   <div class='ocr_carea' id='block_1_111' title="bbox 19 5440 472 5496">
    <p class='ocr_par' dir='ltr' id='par_1_111' title="bbox 19 5440 472 5496">
     <span class='ocr_line' id='line_1_111' title="bbox 19 5440 472 5496; baseline -0.015 0"><span class='ocrx_word' id='word_1_863' title='bbox 19 5441 98 5476; x_wconf 71' lang='grc'><strong>’⁸³</strong></span> <span class='ocrx_word' id='word_1_864' title='bbox 142 5443 389 5496; x_wconf 82' lang='lat' dir='ltr'><strong>detrusa</strong></span> <span class='ocrx_word' id='word_1_865' title='bbox 420 5440 472 5489; x_wconf 91' lang='lat'><strong>2.</strong></span> 
     </span>
    </p>
   </div>
   <div class='ocr_carea' id='block_1_112' title="bbox 17 5504 1286 5583">
    <p class='ocr_par' dir='ltr' id='par_1_112' title="bbox 17 5504 1286 5583">
     <span class='ocr_line' id='line_1_112' title="bbox 17 5504 1286 5583; baseline -0.009 -15"><span class='ocrx_word' id='word_1_866' title='bbox 17 5514 302 5583; x_wconf 60' lang='lat' dir='ltr'><strong>quendam</strong></span> <span class='ocrx_word' id='word_1_867' title='bbox 336 5507 742 5583; x_wconf 36' lang='lat' dir='ltr'><strong>parsnecclesiae</strong></span> <span class='ocrx_word' id='word_1_868' title='bbox 767 5505 921 5583; x_wconf 81' lang='lat' dir='ltr'><strong>illius</strong></span> <span class='ocrx_word' id='word_1_869' title='bbox 940 5504 1188 5583; x_wconf 31' lang='lat' dir='ltr'><strong>cecidit.</strong></span> <span class='ocrx_word' id='word_1_870' title='bbox 1254 5504 1286 5583; x_wconf 64' lang='grc' dir='ltr'><strong>²ξ</strong></span> 
     </span>
    </p>
   </div>
   <div class='ocr_carea' id='block_1_113' title="bbox 21 5573 1473 5647">
    <p class='ocr_par' dir='ltr' id='par_1_113' title="bbox 21 5573 1473 5647">
     <span class='ocr_line' id='line_1_113' title="bbox 21 5573 1473 5647; baseline -0.009 -8"><span class='ocrx_word' id='word_1_871' title='bbox 21 5573 97 5618; x_wconf 66' lang='lat'><strong>&quot;&quot;3</strong></span> <span class='ocrx_word' id='word_1_872' title='bbox 129 5584 288 5638; x_wconf 82' lang='lat' dir='ltr'><strong>deest</strong></span> <span class='ocrx_word' id='word_1_873' title='bbox 314 5573 367 5633; x_wconf 84' lang='lat'><strong>2.</strong></span> <span class='ocrx_word' id='word_1_874' title='bbox 449 5575 524 5610; x_wconf 68' lang='lat'><strong>’39</strong></span> <span class='ocrx_word' id='word_1_875' title='bbox 546 5581 794 5647; x_wconf 88' lang='lat' dir='ltr'><strong>postulas</strong></span> <span class='ocrx_word' id='word_1_876' title='bbox 826 5581 873 5629; x_wconf 84' lang='lat' dir='ltr'><strong>l.</strong></span> <span class='ocrx_word' id='word_1_877' title='bbox 952 5574 1026 5609; x_wconf 80' lang='grc'><strong>²⁹⁰</strong></span> <span class='ocrx_word' id='word_1_878' title='bbox 1047 5573 1400 5629; x_wconf 89' lang='lat' dir='ltr'><strong>orationibus</strong></span> <span class='ocrx_word' id='word_1_879' title='bbox 1424 5577 1473 5626; x_wconf 87' lang='lat'><strong>2.</strong></span> 
     </span>
    </p>
   </div>
   <div class='ocr_carea' id='block_1_114' title="bbox 402 5684 902 5751">
    <p class='ocr_par' dir='ltr' id='par_1_114' title="bbox 402 5684 902 5751">
     <span class='ocr_line' id='line_1_114' title="bbox 402 5684 902 5751; baseline -0.01 0"><span class='ocrx_word' id='word_1_880' title='bbox 402 5687 677 5751; x_wconf 77' lang='lat' dir='ltr'><strong>PATROL.</strong></span> <span class='ocrx_word' id='word_1_881' title='bbox 731 5684 902 5748; x_wconf 84' lang='lat' dir='ltr'><strong>CXL.</strong></span> 
     </span>
    </p>
   </div>
   <div class='ocr_carea' id='block_1_115' title="bbox 1217 5287 2274 5358">
    <p class='ocr_par' dir='ltr' id='par_1_115' title="bbox 1217 5287 2274 5358">
     <span class='ocr_line' id='line_1_115' title="bbox 1217 5287 2274 5358; baseline 0.001 -16"><span class='ocrx_word' id='word_1_882' title='bbox 1217 5287 1290 5324; x_wconf 80' lang='grc'><strong>²¹¹⁹</strong></span> <span class='ocrx_word' id='word_1_883' title='bbox 1315 5291 1520 5344; x_wconf 90' lang='lat' dir='ltr'><strong>admir.</strong></span> <span class='ocrx_word' id='word_1_884' title='bbox 1572 5293 1624 5343; x_wconf 94' lang='lat'><strong>2.</strong></span> <span class='ocrx_word' id='word_1_885' title='bbox 1685 5292 1781 5358; x_wconf 84' lang='lat' dir='ltr'><strong>qui</strong></span> <span class='ocrx_word' id='word_1_886' title='bbox 1809 5287 1939 5344; x_wconf 71' lang='lat' dir='ltr'><strong>add.</strong></span> <span class='ocrx_word' id='word_1_887' title='bbox 1997 5290 2222 5343; x_wconf 74' lang='lat' dir='ltr'><strong>rubrum</strong></span> <span class='ocrx_word' id='word_1_888' title='bbox 2259 5309 2274 5343; x_wconf 91' lang='lat'><strong><em>:</em></strong></span> 
     </span>
    </p>
   </div>
   <div class='ocr_carea' id='block_1_116' title="bbox 16 5361 3450 5444">
    <p class='ocr_par' dir='ltr' id='par_1_116' title="bbox 16 5361 3450 5444">
     <span class='ocr_line' id='line_1_116' title="bbox 16 5361 3450 5444; baseline -0.002 -22"><span class='ocrx_word' id='word_1_889' title='bbox 16 5361 343 5440; x_wconf 47' lang='lat' dir='ltr'><strong>present-ia</strong></span> <span class='ocrx_word' id='word_1_890' title='bbox 371 5364 622 5444; x_wconf 70' lang='lat' dir='ltr'><strong>Heinrici</strong></span> <span class='ocrx_word' id='word_1_891' title='bbox 653 5361 1391 5444; x_wconf 37' lang='lat' dir='ltr'><strong>imperatorisﬁetualiorum</strong></span> <span class='ocrx_word' id='word_1_892' title='bbox 1419 5362 1734 5444; x_wconf 71' lang='lat' dir='ltr'><strong>multorum</strong></span> <span class='ocrx_word' id='word_1_893' title='bbox 1763 5364 2155 5444; x_wconf 63' lang='lat' dir='ltr'><strong>praelatorum.</strong></span> <span class='ocrx_word' id='word_1_894' title='bbox 2233 5361 2308 5444; x_wconf 50' lang='lat'><strong>“‘3</strong></span> <span class='ocrx_word' id='word_1_895' title='bbox 2329 5361 2580 5444; x_wconf 41' lang='lat' dir='ltr'><strong>deest-2..</strong></span> <span class='ocrx_word' id='word_1_896' title='bbox 2650 5361 2719 5397; x_wconf 76' lang='grc'><strong>²³¹</strong></span> <span class='ocrx_word' id='word_1_897' title='bbox 2749 5361 2833 5444; x_wconf 42' lang='lat' dir='ltr'><strong>“in</strong></span> <span class='ocrx_word' id='word_1_898' title='bbox 2859 5378 2924 5413; x_wconf 86' lang='lat' dir='ltr'><strong>w.</strong></span> <span class='ocrx_word' id='word_1_899' title='bbox 3093 5361 3165 5394; x_wconf 82' lang='grc'>²⁸²</span> <span class='ocrx_word' id='word_1_900' title='bbox 3196 5361 3450 5444; x_wconf 64' lang='lat' dir='ltr'><strong>precibus</strong></span> 
     </span>
    </p>
   </div>
   <div class='ocr_carea' id='block_1_117' title="bbox 550 5429 3560 5556">
    <p class='ocr_par' dir='ltr' id='par_1_117' title="bbox 550 5429 3560 5556">
     <span class='ocr_line' id='line_1_117' title="bbox 550 5429 3560 5504; baseline -0.001 -16"><span class='ocrx_word' id='word_1_901' title='bbox 550 5433 623 5471; x_wconf 71' lang='grc'><strong>²⁸⁸</strong></span> <span class='ocrx_word' id='word_1_902' title='bbox 649 5429 828 5488; x_wconf 80' lang='lat' dir='ltr'><strong>altera</strong></span> <span class='ocrx_word' id='word_1_903' title='bbox 853 5435 944 5487; x_wconf 89' lang='lat' dir='ltr'><strong>die</strong></span> <span class='ocrx_word' id='word_1_904' title='bbox 996 5433 1242 5504; x_wconf 88' lang='lat' dir='ltr'><strong>Philippi</strong></span> <span class='ocrx_word' id='word_1_905' title='bbox 1274 5438 1331 5484; x_wconf 90' lang='lat' dir='ltr'><strong>et</strong></span> <span class='ocrx_word' id='word_1_906' title='bbox 1354 5431 1549 5486; x_wconf 84' lang='lat' dir='ltr'><strong>Jacobi</strong></span> <span class='ocrx_word' id='word_1_907' title='bbox 1601 5431 1734 5485; x_wconf 85' lang='lat' dir='ltr'><strong>add.</strong></span> <span class='ocrx_word' id='word_1_908' title='bbox 1765 5429 1819 5487; x_wconf 82' lang='lat'><strong>2.</strong></span> <span class='ocrx_word' id='word_1_909' title='bbox 1884 5434 1980 5500; x_wconf 80' lang='lat' dir='ltr'><strong>qui</strong></span> <span class='ocrx_word' id='word_1_910' title='bbox 2003 5434 2168 5484; x_wconf 80' lang='lat' dir='ltr'><strong>etiam</strong></span> <span class='ocrx_word' id='word_1_911' title='bbox 2210 5432 2434 5486; x_wconf 84' lang='lat' dir='ltr'><strong>rubrum</strong></span> <span class='ocrx_word' id='word_1_912' title='bbox 2486 5432 2690 5486; x_wconf 83' lang='lat' dir='ltr'><strong>habet:</strong></span> <span class='ocrx_word' id='word_1_913' title='bbox 2745 5429 3040 5495; x_wconf 89' lang='lat' dir='ltr'><strong>Quomodo</strong></span> <span class='ocrx_word' id='word_1_914' title='bbox 3079 5429 3212 5500; x_wconf 80' lang='lat' dir='ltr'><strong>post</strong></span> <span class='ocrx_word' id='word_1_915' title='bbox 3254 5431 3560 5485; x_wconf 88' lang='lat' dir='ltr'><strong>biennium</strong></span> 
     </span>
     <span class='ocr_line' id='line_1_118' title="bbox 550 5498 3560 5556; baseline 0 0"><span class='ocrx_word' id='word_1_916' title='bbox 550 5507 742 5556; x_wconf 70' lang='lat' dir='ltr'><strong>:clesim</strong></span> <span class='ocrx_word' id='word_1_917' title='bbox 767 5505 921 5556; x_wconf 84' lang='lat' dir='ltr'><strong>illius</strong></span> <span class='ocrx_word' id='word_1_918' title='bbox 940 5504 1170 5556; x_wconf 78' lang='lat' dir='ltr'><strong>cecidit.</strong></span> <span class='ocrx_word' id='word_1_919' title='bbox 1254 5499 1328 5536; x_wconf 82' lang='grc'><strong>²⁸⁵</strong></span> <span class='ocrx_word' id='word_1_920' title='bbox 1376 5501 1662 5555; x_wconf 91' lang='lat' dir='ltr'><strong>acciditin</strong></span> <span class='ocrx_word' id='word_1_921' title='bbox 1695 5519 1744 5555; x_wconf 89' lang='lat' dir='ltr'><strong>e.</strong></span> <span class='ocrx_word' id='word_1_922' title='bbox 1779 5506 1932 5556; x_wconf 90' lang='lat' dir='ltr'><strong>m.2.</strong></span> <span class='ocrx_word' id='word_1_923' title='bbox 2011 5499 2084 5534; x_wconf 76' lang='grc'><strong>³⁸⁵</strong></span> <span class='ocrx_word' id='word_1_924' title='bbox 2115 5503 2250 5556; x_wconf 81' lang='lat' dir='ltr'><strong>satis</strong></span> <span class='ocrx_word' id='word_1_925' title='bbox 2280 5519 2327 5556; x_wconf 94' lang='lat' dir='ltr'><strong>c.</strong></span> <span class='ocrx_word' id='word_1_926' title='bbox 2383 5505 2466 5556; x_wconf 90' lang='lat' dir='ltr'><strong>est</strong></span> <span class='ocrx_word' id='word_1_927' title='bbox 2541 5506 2598 5556; x_wconf 88' lang='lat' dir='ltr'><strong>et</strong></span> <span class='ocrx_word' id='word_1_928' title='bbox 2646 5520 2698 5556; x_wconf 86' lang='grc' dir='ltr'><strong>σ.</strong></span> <span class='ocrx_word' id='word_1_929' title='bbox 2748 5519 2824 5555; x_wconf 92' lang='lat' dir='ltr'><strong>m.</strong></span> <span class='ocrx_word' id='word_1_930' title='bbox 2882 5503 2932 5555; x_wconf 88' lang='lat'><strong>2.</strong></span> <span class='ocrx_word' id='word_1_931' title='bbox 3013 5498 3084 5536; x_wconf 78' lang='grc'><strong>³⁸⁷</strong></span> <span class='ocrx_word' id='word_1_932' title='bbox 3142 5502 3453 5556; x_wconf 89' lang='lat' dir='ltr'><strong>consiliarii</strong></span> <span class='ocrx_word' id='word_1_933' title='bbox 3505 5505 3560 5556; x_wconf 83' lang='lat'><strong>2.</strong></span> 
     </span>
    </p>
   </div>
   <div class='ocr_carea' id='block_1_118' title="bbox 1376 5518 2604 5644">
    <p class='ocr_par' dir='ltr' id='par_1_118' title="bbox 1376 5518 2604 5644">
     <span class='ocr_line' id='line_1_119' title="bbox 1376 5518 2598 5556; baseline 0.001 -1"><span class='ocrx_word' id='word_1_934' title='bbox 1376 5518 1662 5555; x_wconf 77' lang='lat' dir='ltr'><strong>accmitin</strong></span> <span class='ocrx_word' id='word_1_935' title='bbox 1695 5519 1744 5555; x_wconf 90' lang='lat' dir='ltr'><strong>e.</strong></span> <span class='ocrx_word' id='word_1_936' title='bbox 1779 5519 1855 5555; x_wconf 93' lang='lat' dir='ltr'><strong>m.</strong></span> <span class='ocrx_word' id='word_1_937' title='bbox 1879 5518 1932 5556; x_wconf 79' lang='lat'><strong>2.</strong></span> <span class='ocrx_word' id='word_1_938' title='bbox 2013 5518 2084 5534; x_wconf 72' lang='grc' dir='ltr'><strong>’σν</strong></span> <span class='ocrx_word' id='word_1_939' title='bbox 2115 5518 2250 5556; x_wconf 73' lang='lat' dir='ltr'><strong>satis</strong></span> <span class='ocrx_word' id='word_1_940' title='bbox 2280 5519 2327 5556; x_wconf 95' lang='lat' dir='ltr'><strong>c.</strong></span> <span class='ocrx_word' id='word_1_941' title='bbox 2383 5518 2466 5556; x_wconf 79' lang='lat' dir='ltr'><strong>est</strong></span> <span class='ocrx_word' id='word_1_942' title='bbox 2541 5518 2598 5556; x_wconf 86' lang='lat' dir='ltr'><strong>et</strong></span> 
     </span>
     <span class='ocr_line' id='line_1_120' title="bbox 1377 5572 2604 5644; baseline -0.001 -17"><span class='ocrx_word' id='word_1_943' title='bbox 1377 5591 1400 5626; x_wconf 91' lang='lat' dir='ltr'><strong>s</strong></span> <span class='ocrx_word' id='word_1_944' title='bbox 1424 5577 1473 5626; x_wconf 88' lang='lat'><strong>2.</strong></span> <span class='ocrx_word' id='word_1_945' title='bbox 1554 5572 1623 5607; x_wconf 83' lang='grc'>²⁹¹</span> <span class='ocrx_word' id='word_1_946' title='bbox 1655 5589 1903 5644; x_wconf 87' lang='lat' dir='ltr'><strong>namque</strong></span> <span class='ocrx_word' id='word_1_947' title='bbox 1938 5603 2004 5612; x_wconf 90' lang='lat'><strong>——</strong></span> <span class='ocrx_word' id='word_1_948' title='bbox 2031 5573 2268 5644; x_wconf 89' lang='lat' dir='ltr'><strong>corripit</strong></span> <span class='ocrx_word' id='word_1_949' title='bbox 2307 5573 2516 5627; x_wconf 76' lang='lat' dir='ltr'><strong>desunt.</strong></span> <span class='ocrx_word' id='word_1_950' title='bbox 2551 5576 2604 5627; x_wconf 88' lang='lat'><strong>2.</strong></span> 
     </span>
    </p>
   </div>
   <div class='ocr_carea' id='block_1_119' title="bbox 2337 5290 3558 5359">
    <p class='ocr_par' dir='ltr' id='par_1_119' title="bbox 2337 5290 3558 5359">
     <span class='ocr_line' id='line_1_121' title="bbox 2337 5290 3558 5359; baseline 0.001 -16"><span class='ocrx_word' id='word_1_951' title='bbox 2337 5291 2412 5343; x_wconf 92' lang='lat' dir='ltr'><strong>De</strong></span> <span class='ocrx_word' id='word_1_952' title='bbox 2471 5290 2827 5344; x_wconf 88' lang='lat' dir='ltr'><strong>dedicatione</strong></span> <span class='ocrx_word' id='word_1_953' title='bbox 2888 5292 3120 5359; x_wconf 59' lang='lat' dir='ltr'><strong>maioris</strong></span> <span class='ocrx_word' id='word_1_954' title='bbox 3193 5292 3444 5344; x_wconf 73' lang='lat' dir='ltr'><strong>ecclesiae</strong></span> <span class='ocrx_word' id='word_1_955' title='bbox 3497 5291 3558 5344; x_wconf 89' lang='lat' dir='ltr'><strong>in</strong></span> 
     </span>
    </p>
   </div>
   <div class='ocr_carea' id='block_1_120' title="bbox 2233 5359 3556 5430">
    <p class='ocr_par' dir='ltr' id='par_1_120' title="bbox 2233 5359 3556 5430">
     <span class='ocr_line' id='line_1_122' title="bbox 2233 5359 3556 5430; baseline 0.002 -17"><span class='ocrx_word' id='word_1_956' title='bbox 2233 5359 2308 5396; x_wconf 77' lang='grc'><strong>²⁹⁶⁰</strong></span> <span class='ocrx_word' id='word_1_957' title='bbox 2329 5361 2493 5415; x_wconf 84' lang='lat' dir='ltr'><strong>deest.</strong></span> <span class='ocrx_word' id='word_1_958' title='bbox 2518 5366 2573 5415; x_wconf 90' lang='lat'><strong>2.</strong></span> <span class='ocrx_word' id='word_1_959' title='bbox 2650 5360 2719 5397; x_wconf 77' lang='grc'>²³¹</span> <span class='ocrx_word' id='word_1_960' title='bbox 2773 5361 2833 5414; x_wconf 91' lang='lat' dir='ltr'><strong>in</strong></span> <span class='ocrx_word' id='word_1_961' title='bbox 2859 5378 2924 5413; x_wconf 86' lang='lat' dir='ltr'><strong>w.</strong></span> <span class='ocrx_word' id='word_1_962' title='bbox 2961 5365 3014 5430; x_wconf 85' lang='lat'><strong>2.</strong></span> <span class='ocrx_word' id='word_1_963' title='bbox 3093 5360 3165 5394; x_wconf 82' lang='grc'>²⁸²</span> <span class='ocrx_word' id='word_1_964' title='bbox 3196 5361 3460 5430; x_wconf 87' lang='lat' dir='ltr'><strong>precibus</strong></span> <span class='ocrx_word' id='word_1_965' title='bbox 3501 5365 3556 5416; x_wconf 90' lang='lat'><strong>2.</strong></span> 
     </span>
    </p>
   </div>
   <div class='ocr_carea' id='block_1_121' title="bbox 2646 5498 3561 5624">
    <p class='ocr_par' dir='ltr' id='par_1_121' title="bbox 2646 5498 3561 5624">
     <span class='ocr_line' id='line_1_123' title="bbox 2646 5498 3561 5624; baseline 0.002 -69"><span class='ocrx_word' id='word_1_966' title='bbox 2646 5519 2847 5624; x_wconf 44' lang='lat' dir='ltr'><strong>qhng</strong></span> <span class='ocrx_word' id='word_1_967' title='bbox 2882 5503 2955 5622; x_wconf 60' lang='lat' dir='ltr'><strong>2.t</strong></span> <span class='ocrx_word' id='word_1_968' title='bbox 3007 5498 3098 5624; x_wconf 40' lang='lat'><strong>:37-</strong></span> <span class='ocrx_word' id='word_1_969' title='bbox 3142 5502 3453 5556; x_wconf 89' lang='lat' dir='ltr'><strong>consiliarii</strong></span> <span class='ocrx_word' id='word_1_970' title='bbox 3505 5505 3561 5572; x_wconf 73' lang='lat'><strong>2,</strong></span> 
     </span>
     <span class='ocr_line' id='line_1_124' title="bbox 2849 5587 3060 5624; baseline 0 0"><span class='ocrx_word' id='word_1_971' title='bbox 2849 5587 2927 5624; x_wconf 76' lang='lat' dir='ltr'><strong>ees</strong></span> <span class='ocrx_word' id='word_1_972' title='bbox 2962 5611 2974 5624; x_wconf 93' lang='lat'><strong>.</strong></span> <span class='ocrx_word' id='word_1_973' title='bbox 3048 5611 3060 5624; x_wconf 93' lang='lat'><strong>.</strong></span> 
     </span>
    </p>
   </div>
   <div class='ocr_carea' id='block_1_122' title="bbox 2849 5587 3060 5625">
    <p class='ocr_par' dir='ltr' id='par_1_122' title="bbox 2849 5587 3060 5625">
     <span class='ocr_line' id='line_1_125' title="bbox 2849 5587 3060 5625; baseline 0.005 -1"><span class='ocrx_word' id='word_1_974' title='bbox 2849 5587 2974 5625; x_wconf 61' lang='grc' dir='ltr'><strong>εεδε.</strong></span> <span class='ocrx_word' id='word_1_975' title='bbox 3007 5587 3060 5625; x_wconf 78' lang='grc'><strong>2.</strong></span> 
     </span>
    </p>
   </div>
   <div class='ocr_carea' id='block_1_123' title="bbox 3177 5685 3252 5743">
    <p class='ocr_par' dir='ltr' id='par_1_123' title="bbox 3177 5685 3252 5743">
     <span class='ocr_line' id='line_1_126' title="bbox 3177 5685 3252 5743; baseline 0.013 -1"><span class='ocrx_word' id='word_1_976' title='bbox 3177 5685 3252 5743; x_wconf 84' lang='grc'><strong>17</strong></span> 
     </span>
    </p>
   </div>
  </div>
