  <div class='ocr_page' id='page_1' title='image "/cluster/home/n/w/nwhite01/storage/ocr_20150623/140-141/uc1.31175018559917/269.png"; bbox 0 0 3968 6412; ppageno 0'>
   <div class='ocr_carea' id='block_1_1' title="bbox 430 323 543 377">
    <p class='ocr_par' dir='ltr' id='par_1_1' title="bbox 430 323 543 377">
     <span class='ocr_line' id='line_1_1' title="bbox 430 323 543 377; baseline -0.044 0"><span class='ocrx_word' id='word_1_1' title='bbox 430 323 543 377; x_wconf 83' lang='lat'><strong>523.</strong></span> 
     </span>
    </p>
   </div>
   <div class='ocr_carea' id='block_1_2' title="bbox 1445 324 3934 385">
    <p class='ocr_par' dir='ltr' id='par_1_2' title="bbox 1445 324 3934 385">
     <span class='ocr_line' id='line_1_2' title="bbox 1445 324 3934 385; baseline 0.002 -7"><span class='ocrx_word' id='word_1_2' title='bbox 1445 324 1920 380; x_wconf 74' lang='lat' dir='ltr'><strong>BURCHARDUS</strong></span> <span class='ocrx_word' id='word_1_3' title='bbox 1957 324 2493 382; x_wconf 77' lang='lat' dir='ltr'><strong>WORMACIENSIS</strong></span> <span class='ocrx_word' id='word_1_4' title='bbox 2532 327 2927 384; x_wconf 80' lang='lat' dir='ltr'><strong>EPISCOPUS.</strong></span> <span class='ocrx_word' id='word_1_5' title='bbox 3865 335 3934 385; x_wconf 81' lang='lat'><strong>52</strong></span> 
     </span>
    </p>
   </div>
   <div class='ocr_carea' id='block_1_3' title="bbox 435 449 3942 520">
    <p class='ocr_par' dir='ltr' id='par_1_3' title="bbox 435 449 3942 520">
     <span class='ocr_line' id='line_1_3' title="bbox 435 449 3942 520; baseline 0.001 -16"><span class='ocrx_word' id='word_1_6' title='bbox 435 451 666 520; x_wconf 87' lang='lat' dir='ltr'><strong>Deoque</strong></span> <span class='ocrx_word' id='word_1_7' title='bbox 719 449 1086 518; x_wconf 89' lang='lat' dir='ltr'><strong>acceptabile.</strong></span> <span class='ocrx_word' id='word_1_8' title='bbox 1152 449 1300 503; x_wconf 87' lang='lat' dir='ltr'><strong>Deus</strong></span> <span class='ocrx_word' id='word_1_9' title='bbox 1357 449 1536 516; x_wconf 91' lang='lat' dir='ltr'><strong>enim,</strong></span> <span class='ocrx_word' id='word_1_10' title='bbox 1587 451 1732 504; x_wconf 90' lang='lat' dir='ltr'><strong>sicut</strong></span> <span class='ocrx_word' id='word_1_11' title='bbox 1780 453 1842 504; x_wconf 92' lang='lat' dir='ltr'><strong>tu</strong></span> <span class='ocrx_word' id='word_1_12' title='bbox 1912 450 2131 520; x_wconf 89' lang='lat' dir='ltr'><strong>optime</strong></span> <span class='ocrx_word' id='word_1_13' title='bbox 2169 451 2215 503; x_wconf 77' lang='grc' dir='ltr'><strong>Α</strong></span> <span class='ocrx_word' id='word_1_14' title='bbox 2246 450 2447 520; x_wconf 90' lang='lat' dir='ltr'><strong>quenti</strong></span> <span class='ocrx_word' id='word_1_15' title='bbox 2476 466 2611 504; x_wconf 91' lang='lat' dir='ltr'><strong>vero</strong></span> <span class='ocrx_word' id='word_1_16' title='bbox 2641 455 2806 504; x_wconf 90' lang='lat' dir='ltr'><strong>nocte</strong></span> <span class='ocrx_word' id='word_1_17' title='bbox 2837 450 2897 504; x_wconf 92' lang='lat' dir='ltr'><strong>in</strong></span> <span class='ocrx_word' id='word_1_18' title='bbox 2936 451 3077 504; x_wconf 88' lang='lat' dir='ltr'><strong>hora</strong></span> <span class='ocrx_word' id='word_1_19' title='bbox 3103 449 3178 485; x_wconf 79' lang='grc'>⁸¹²</span> <span class='ocrx_word' id='word_1_20' title='bbox 3218 451 3502 507; x_wconf 87' lang='lat' dir='ltr'><strong>matutina</strong></span> <span class='ocrx_word' id='word_1_21' title='bbox 3524 452 3674 507; x_wconf 86' lang='lat' dir='ltr'><strong>facta</strong></span> <span class='ocrx_word' id='word_1_22' title='bbox 3711 458 3812 508; x_wconf 88' lang='lat' dir='ltr'><strong>est</strong></span> <span class='ocrx_word' id='word_1_23' title='bbox 3846 453 3942 508; x_wconf 65' lang='lat' dir='ltr'><strong>he</strong></span> 
     </span>
    </p>
   </div>
   <div class='ocr_carea' id='block_1_4' title="bbox 435 537 2136 607">
    <p class='ocr_par' dir='ltr' id='par_1_4' title="bbox 435 537 2136 607">
     <span class='ocr_line' id='line_1_4' title="bbox 435 537 2136 607; baseline -0.001 -15"><span class='ocrx_word' id='word_1_24' title='bbox 435 539 616 592; x_wconf 92' lang='lat' dir='ltr'><strong>nostri</strong></span> <span class='ocrx_word' id='word_1_25' title='bbox 660 539 813 591; x_wconf 91' lang='lat' dir='ltr'><strong>inter</strong></span> <span class='ocrx_word' id='word_1_26' title='bbox 842 539 980 591; x_wconf 88' lang='lat' dir='ltr'><strong>alias</strong></span> <span class='ocrx_word' id='word_1_27' title='bbox 1019 538 1306 607; x_wconf 74' lang='lat' dir='ltr'><strong>dogmatis</strong></span> <span class='ocrx_word' id='word_1_28' title='bbox 1337 538 1425 592; x_wconf 92' lang='lat' dir='ltr'><strong>sui</strong></span> <span class='ocrx_word' id='word_1_29' title='bbox 1457 539 1772 592; x_wconf 79' lang='lat' dir='ltr'><strong>sententias</strong></span> <span class='ocrx_word' id='word_1_30' title='bbox 1808 537 2136 592; x_wconf 80' lang='lat' dir='ltr'><strong>istiusmodi</strong></span> 
     </span>
    </p>
   </div>
   <div class='ocr_carea' id='block_1_5' title="bbox 435 627 2138 698">
    <p class='ocr_par' dir='ltr' id='par_1_5' title="bbox 435 627 2138 698">
     <span class='ocr_line' id='line_1_5' title="bbox 435 627 2138 698; baseline -0.001 -17"><span class='ocrx_word' id='word_1_31' title='bbox 435 627 667 681; x_wconf 84' lang='lat' dir='ltr'><strong>dederat</strong></span> <span class='ocrx_word' id='word_1_32' title='bbox 719 627 869 680; x_wconf 90' lang='lat' dir='ltr'><strong>dicta</strong></span> <span class='ocrx_word' id='word_1_33' title='bbox 915 627 1372 680; x_wconf 74' lang='lat' dir='ltr'><strong>consolationis:</strong></span> <span class='ocrx_word' id='word_1_34' title='bbox 1423 646 1450 678; x_wconf 79' lang='grc' dir='ltr'><strong>α</strong></span> <span class='ocrx_word' id='word_1_35' title='bbox 1512 627 1573 680; x_wconf 92' lang='lat' dir='ltr'><strong>ln</strong></span> <span class='ocrx_word' id='word_1_36' title='bbox 1628 627 1904 698; x_wconf 79' lang='lat' dir='ltr'>patientia</span> <span class='ocrx_word' id='word_1_37' title='bbox 1951 631 2138 680; x_wconf 90' lang='lat' dir='ltr'><strong>vestra</strong></span> 
     </span>
    </p>
   </div>
   <div class='ocr_carea' id='block_1_6' title="bbox 439 713 2132 784">
    <p class='ocr_par' dir='ltr' id='par_1_6' title="bbox 439 713 2132 784">
     <span class='ocr_line' id='line_1_6' title="bbox 439 713 2132 784; baseline 0.001 -19"><span class='ocrx_word' id='word_1_38' title='bbox 439 735 467 765; x_wconf 77' lang='grc' dir='ltr'>ι</span> <span class='ocrx_word' id='word_1_39' title='bbox 494 713 862 784; x_wconf 89' lang='lat' dir='ltr'><strong>possidebitis</strong></span> <span class='ocrx_word' id='word_1_40' title='bbox 883 713 1104 767; x_wconf 90' lang='lat' dir='ltr'><strong>animas</strong></span> <span class='ocrx_word' id='word_1_41' title='bbox 1127 720 1341 766; x_wconf 88' lang='lat' dir='ltr'><strong>vestras</strong></span> <span class='ocrx_word' id='word_1_42' title='bbox 1362 715 1512 780; x_wconf 86' lang='lat' dir='ltr'><strong>(Luc.</strong></span> <span class='ocrx_word' id='word_1_43' title='bbox 1534 731 1649 780; x_wconf 86' lang='lat' dir='ltr'><strong>xxi,</strong></span> <span class='ocrx_word' id='word_1_44' title='bbox 1674 717 1785 783; x_wconf 88' lang='grc'>19).</span> <span class='ocrx_word' id='word_1_45' title='bbox 1821 735 1843 762; x_wconf 75' lang='grc' dir='ltr'><strong>ο</strong></span> <span class='ocrx_word' id='word_1_46' title='bbox 1867 714 2132 779; x_wconf 78' lang='lat' dir='ltr'><strong>Attende,</strong></span> 
     </span>
    </p>
   </div>
   <div class='ocr_carea' id='block_1_7' title="bbox 439 802 2132 872">
    <p class='ocr_par' dir='ltr' id='par_1_7' title="bbox 439 802 2132 872">
     <span class='ocr_line' id='line_1_7' title="bbox 439 802 2132 872; baseline -0.001 -15"><span class='ocrx_word' id='word_1_47' title='bbox 439 804 627 867; x_wconf 89' lang='lat' dir='ltr'><strong>Pater,</strong></span> <span class='ocrx_word' id='word_1_48' title='bbox 683 802 824 864; x_wconf 66' lang='lat' dir='ltr'><strong>haec,</strong></span> <span class='ocrx_word' id='word_1_49' title='bbox 886 802 1114 855; x_wconf 90' lang='lat' dir='ltr'><strong>attende</strong></span> <span class='ocrx_word' id='word_1_50' title='bbox 1164 808 1220 854; x_wconf 88' lang='lat' dir='ltr'><strong>et</strong></span> <span class='ocrx_word' id='word_1_51' title='bbox 1251 803 1462 855; x_wconf 91' lang='lat' dir='ltr'><strong>molem</strong></span> <span class='ocrx_word' id='word_1_52' title='bbox 1525 818 1795 856; x_wconf 90' lang='lat' dir='ltr'><strong>curarum</strong></span> <span class='ocrx_word' id='word_1_53' title='bbox 1826 807 2132 872; x_wconf 82' lang='lat' dir='ltr'><strong>postpone,</strong></span> 
     </span>
    </p>
   </div>
   <div class='ocr_carea' id='block_1_8' title="bbox 435 888 2133 960">
    <p class='ocr_par' dir='ltr' id='par_1_8' title="bbox 435 888 2133 960">
     <span class='ocr_line' id='line_1_8' title="bbox 435 888 2133 960; baseline 0 -18"><span class='ocrx_word' id='word_1_54' title='bbox 435 889 843 957; x_wconf 83' lang='lat' dir='ltr'><strong>tristitiamque</strong></span> <span class='ocrx_word' id='word_1_55' title='bbox 897 888 1250 956; x_wconf 83' lang='lat' dir='ltr'><strong>obliviscere,</strong></span> <span class='ocrx_word' id='word_1_56' title='bbox 1311 889 1448 959; x_wconf 86' lang='lat' dir='ltr'><strong>quia</strong></span> <span class='ocrx_word' id='word_1_57' title='bbox 1480 890 1646 958; x_wconf 81' lang='lat' dir='ltr'><strong>juxta</strong></span> <span class='ocrx_word' id='word_1_58' title='bbox 1713 888 1942 943; x_wconf 88' lang='lat' dir='ltr'>Domini</span> <span class='ocrx_word' id='word_1_59' title='bbox 2000 905 2133 960; x_wconf 91' lang='lat' dir='ltr'><strong>pro-</strong></span> 
     </span>
    </p>
   </div>
   <div class='ocr_carea' id='block_1_9' title="bbox 436 973 2130 1046">
    <p class='ocr_par' dir='ltr' id='par_1_9' title="bbox 436 973 2130 1046">
     <span class='ocr_line' id='line_1_9' title="bbox 436 973 2130 1046; baseline -0.004 -16"><span class='ocrx_word' id='word_1_60' title='bbox 436 976 678 1030; x_wconf 88' lang='lat' dir='ltr'><strong>missum</strong></span> <span class='ocrx_word' id='word_1_61' title='bbox 715 981 811 1029; x_wconf 91' lang='lat' dir='ltr'><strong>tua</strong></span> <span class='ocrx_word' id='word_1_62' title='bbox 852 976 1086 1030; x_wconf 83' lang='lat' dir='ltr'><strong>tristitia</strong></span> <span class='ocrx_word' id='word_1_63' title='bbox 1128 983 1496 1031; x_wconf 91' lang='lat' dir='ltr'><strong>convertetur</strong></span> <span class='ocrx_word' id='word_1_64' title='bbox 1533 973 1606 1010; x_wconf 73' lang='grc'><strong>³9³</strong></span> <span class='ocrx_word' id='word_1_65' title='bbox 1646 976 1708 1030; x_wconf 93' lang='lat' dir='ltr'><strong>in</strong></span> <span class='ocrx_word' id='word_1_66' title='bbox 1746 974 2044 1046; x_wconf 80' lang='lat' dir='ltr'><strong>gaudium.</strong></span> <span class='ocrx_word' id='word_1_67' title='bbox 2104 992 2130 1023; x_wconf 75' lang='grc' dir='ltr'><strong>ι)</strong></span> 
     </span>
    </p>
   </div>
   <div class='ocr_carea' id='block_1_10' title="bbox 433 1061 2134 1135">
    <p class='ocr_par' dir='ltr' id='par_1_10' title="bbox 433 1061 2134 1135">
     <span class='ocr_line' id='line_1_10' title="bbox 433 1061 2134 1135; baseline -0.001 -17"><span class='ocrx_word' id='word_1_68' title='bbox 433 1068 506 1118; x_wconf 80' lang='lat' dir='ltr'><strong>At</strong></span> <span class='ocrx_word' id='word_1_69' title='bbox 528 1062 601 1101; x_wconf 71' lang='lat'><strong>&#39;9‘</strong></span> <span class='ocrx_word' id='word_1_70' title='bbox 631 1065 716 1117; x_wconf 91' lang='lat' dir='ltr'><strong>vir</strong></span> <span class='ocrx_word' id='word_1_71' title='bbox 747 1065 867 1129; x_wconf 87' lang='lat' dir='ltr'>Dei,</span> <span class='ocrx_word' id='word_1_72' title='bbox 900 1065 1064 1135; x_wconf 88' lang='lat' dir='ltr'><strong>quasi</strong></span> <span class='ocrx_word' id='word_1_73' title='bbox 1089 1065 1158 1120; x_wconf 89' lang='lat' dir='ltr'><strong>de</strong></span> <span class='ocrx_word' id='word_1_74' title='bbox 1189 1064 1421 1118; x_wconf 86' lang='lat' dir='ltr'><strong>tristitia</strong></span> <span class='ocrx_word' id='word_1_75' title='bbox 1446 1067 1744 1130; x_wconf 89' lang='lat' dir='ltr'><strong>excitatus,</strong></span> <span class='ocrx_word' id='word_1_76' title='bbox 1778 1063 1947 1118; x_wconf 78' lang='lat' dir='ltr'><strong>hilari</strong></span> <span class='ocrx_word' id='word_1_77' title='bbox 1971 1061 2134 1116; x_wconf 86' lang='lat' dir='ltr'><strong>vultu</strong></span> 
     </span>
    </p>
   </div>
   <div class='ocr_carea' id='block_1_11' title="bbox 433 1150 2134 1222">
    <p class='ocr_par' dir='ltr' id='par_1_11' title="bbox 433 1150 2134 1222">
     <span class='ocr_line' id='line_1_11' title="bbox 433 1150 2134 1222; baseline -0.002 -17"><span class='ocrx_word' id='word_1_78' title='bbox 433 1154 731 1222; x_wconf 84' lang='lat' dir='ltr'><strong>respondit</strong></span> <span class='ocrx_word' id='word_1_79' title='bbox 782 1150 893 1206; x_wconf 70' lang='lat'><strong>&#39;95:</strong></span> <span class='ocrx_word' id='word_1_80' title='bbox 958 1175 978 1200; x_wconf 73' lang='grc' dir='ltr'><em>α</em></span> <span class='ocrx_word' id='word_1_81' title='bbox 1023 1154 1219 1207; x_wconf 87' lang='lat' dir='ltr'><strong>Grates</strong></span> <span class='ocrx_word' id='word_1_82' title='bbox 1277 1169 1515 1222; x_wconf 85' lang='lat' dir='ltr'><strong>magnas</strong></span> <span class='ocrx_word' id='word_1_83' title='bbox 1571 1157 1626 1206; x_wconf 92' lang='lat' dir='ltr'><strong>et</strong></span> <span class='ocrx_word' id='word_1_84' title='bbox 1683 1153 1894 1221; x_wconf 80' lang='lat' dir='ltr'><strong>gratias</strong></span> <span class='ocrx_word' id='word_1_85' title='bbox 1947 1150 2134 1204; x_wconf 82' lang='lat' dir='ltr'><strong>multi-</strong></span> 
     </span>
    </p>
   </div>
   <div class='ocr_carea' id='block_1_12' title="bbox 435 1235 2130 1307">
    <p class='ocr_par' dir='ltr' id='par_1_12' title="bbox 435 1235 2130 1307">
     <span class='ocr_line' id='line_1_12' title="bbox 435 1235 2130 1307; baseline -0.001 -17"><span class='ocrx_word' id='word_1_86' title='bbox 435 1237 634 1291; x_wconf 89' lang='lat' dir='ltr'><strong>modas</strong></span> <span class='ocrx_word' id='word_1_87' title='bbox 664 1236 826 1291; x_wconf 81' lang='lat' dir='ltr'><strong>vobis</strong></span> <span class='ocrx_word' id='word_1_88' title='bbox 872 1239 1128 1306; x_wconf 89' lang='lat' dir='ltr'><strong>rependo</strong></span> <span class='ocrx_word' id='word_1_89' title='bbox 1155 1253 1259 1307; x_wconf 94' lang='lat' dir='ltr'><strong>pro</strong></span> <span class='ocrx_word' id='word_1_90' title='bbox 1297 1242 1456 1290; x_wconf 90' lang='lat' dir='ltr'><strong>tanta</strong></span> <span class='ocrx_word' id='word_1_91' title='bbox 1485 1238 1872 1290; x_wconf 87' lang='lat' dir='ltr'><strong>consolatione</strong></span> <span class='ocrx_word' id='word_1_92' title='bbox 1913 1235 2130 1306; x_wconf 79' lang='lat' dir='ltr'><strong>talique</strong></span> 
     </span>
    </p>
   </div>
   <div class='ocr_carea' id='block_1_13' title="bbox 435 1323 2127 1394">
    <p class='ocr_par' dir='ltr' id='par_1_13' title="bbox 435 1323 2127 1394">
     <span class='ocr_line' id='line_1_13' title="bbox 435 1323 2127 1394; baseline -0.002 -15"><span class='ocrx_word' id='word_1_93' title='bbox 435 1325 855 1379; x_wconf 88' lang='lat' dir='ltr'><strong>admonitione.</strong></span> <span class='ocrx_word' id='word_1_94' title='bbox 907 1325 1064 1378; x_wconf 87' lang='lat' dir='ltr'><strong>Sicut</strong></span> <span class='ocrx_word' id='word_1_95' title='bbox 1094 1326 1248 1379; x_wconf 89' lang='lat' dir='ltr'><strong>enim</strong></span> <span class='ocrx_word' id='word_1_96' title='bbox 1295 1324 1541 1378; x_wconf 91' lang='lat' dir='ltr'><strong>Domino</strong></span> <span class='ocrx_word' id='word_1_97' title='bbox 1583 1324 1815 1394; x_wconf 83' lang='lat' dir='ltr'><strong>placuit,</strong></span> <span class='ocrx_word' id='word_1_98' title='bbox 1856 1324 1935 1377; x_wconf 90' lang='lat' dir='ltr'><strong>ita</strong></span> <span class='ocrx_word' id='word_1_99' title='bbox 1973 1323 2127 1376; x_wconf 89' lang='lat' dir='ltr'><strong>fecit.</strong></span> 
     </span>
    </p>
   </div>
   <div class='ocr_carea' id='block_1_14' title="bbox 433 1411 2124 1484">
    <p class='ocr_par' dir='ltr' id='par_1_14' title="bbox 433 1411 2124 1484">
     <span class='ocr_line' id='line_1_14' title="bbox 433 1411 2124 1484; baseline -0.002 -16"><span class='ocrx_word' id='word_1_100' title='bbox 433 1415 496 1468; x_wconf 87' lang='lat' dir='ltr'><strong>In</strong></span> <span class='ocrx_word' id='word_1_101' title='bbox 531 1415 641 1468; x_wconf 92' lang='lat' dir='ltr'><strong>hoc</strong></span> <span class='ocrx_word' id='word_1_102' title='bbox 671 1411 744 1448; x_wconf 80' lang='grc'>²⁹⁶</span> <span class='ocrx_word' id='word_1_103' title='bbox 774 1413 990 1484; x_wconf 86' lang='lat' dir='ltr'><strong>quippe</strong></span> <span class='ocrx_word' id='word_1_104' title='bbox 1023 1413 1266 1483; x_wconf 91' lang='lat' dir='ltr'><strong>gaudeo,</strong></span> <span class='ocrx_word' id='word_1_105' title='bbox 1309 1419 1373 1467; x_wconf 92' lang='lat' dir='ltr'><strong>ut</strong></span> <span class='ocrx_word' id='word_1_106' title='bbox 1408 1413 1563 1483; x_wconf 90' lang='lat' dir='ltr'><strong>quod</strong></span> <span class='ocrx_word' id='word_1_107' title='bbox 1607 1412 1715 1466; x_wconf 90' lang='lat' dir='ltr'><strong>sibi</strong></span> <span class='ocrx_word' id='word_1_108' title='bbox 1747 1428 1860 1466; x_wconf 90' lang='lat' dir='ltr'><strong>non</strong></span> <span class='ocrx_word' id='word_1_109' title='bbox 1888 1412 2124 1482; x_wconf 89' lang='lat' dir='ltr'><strong>placuit,</strong></span> 
     </span>
    </p>
   </div>
   <div class='ocr_carea' id='block_1_15' title="bbox 431 1500 2125 1573">
    <p class='ocr_par' dir='ltr' id='par_1_15' title="bbox 431 1500 2125 1573">
     <span class='ocr_line' id='line_1_15' title="bbox 431 1500 2125 1573; baseline -0.001 -18"><span class='ocrx_word' id='word_1_110' title='bbox 431 1503 576 1557; x_wconf 86' lang='lat' dir='ltr'><strong>sicut</strong></span> <span class='ocrx_word' id='word_1_111' title='bbox 616 1503 961 1573; x_wconf 84' lang='lat' dir='ltr'><strong>rogavimus,</strong></span> <span class='ocrx_word' id='word_1_112' title='bbox 996 1502 1174 1555; x_wconf 84' lang='lat' dir='ltr'><strong>voluit</strong></span> <span class='ocrx_word' id='word_1_113' title='bbox 1202 1503 1262 1554; x_wconf 89' lang='lat' dir='ltr'><strong>in</strong></span> <span class='ocrx_word' id='word_1_114' title='bbox 1299 1502 1504 1555; x_wconf 89' lang='lat' dir='ltr'><strong>melius</strong></span> <span class='ocrx_word' id='word_1_115' title='bbox 1529 1501 1760 1554; x_wconf 85' lang='lat' dir='ltr'><strong>mutari.</strong></span> <span class='ocrx_word' id='word_1_116' title='bbox 1793 1500 1901 1554; x_wconf 90' lang='lat' dir='ltr'><strong>Sed</strong></span> <span class='ocrx_word' id='word_1_117' title='bbox 1931 1501 2125 1554; x_wconf 89' lang='lat' dir='ltr'><strong>audite</strong></span> 
     </span>
    </p>
   </div>
   <div class='ocr_carea' id='block_1_16' title="bbox 431 1589 2125 1660">
    <p class='ocr_par' dir='ltr' id='par_1_16' title="bbox 431 1589 2125 1660">
     <span class='ocr_line' id='line_1_16' title="bbox 431 1589 2125 1660; baseline -0.001 -16"><span class='ocrx_word' id='word_1_118' title='bbox 431 1607 604 1656; x_wconf 91' lang='lat' dir='ltr'><strong>nunc,</strong></span> <span class='ocrx_word' id='word_1_119' title='bbox 665 1608 822 1660; x_wconf 83' lang='lat' dir='ltr'><strong>rogo,</strong></span> <span class='ocrx_word' id='word_1_120' title='bbox 885 1597 942 1644; x_wconf 89' lang='lat' dir='ltr'><strong>et</strong></span> <span class='ocrx_word' id='word_1_121' title='bbox 993 1591 1285 1660; x_wconf 84' lang='lat' dir='ltr'><strong>quomodo</strong></span> <span class='ocrx_word' id='word_1_122' title='bbox 1330 1589 1451 1643; x_wconf 74' lang='lat' dir='ltr'><strong>haec</strong></span> <span class='ocrx_word' id='word_1_123' title='bbox 1501 1589 1905 1659; x_wconf 66' lang='lat' dir='ltr'><strong>praidiscebam</strong></span> <span class='ocrx_word' id='word_1_124' title='bbox 1966 1589 2125 1643; x_wconf 83' lang='lat' dir='ltr'><strong>vobis</strong></span> 
     </span>
    </p>
   </div>
   <div class='ocr_carea' id='block_1_17' title="bbox 429 1677 2123 1747">
    <p class='ocr_par' dir='ltr' id='par_1_17' title="bbox 429 1677 2123 1747">
     <span class='ocr_line' id='line_1_17' title="bbox 429 1677 2123 1747; baseline -0.002 -14"><span class='ocrx_word' id='word_1_125' title='bbox 429 1679 553 1733; x_wconf 89' lang='lat' dir='ltr'><strong>dico</strong></span> <span class='ocrx_word' id='word_1_126' title='bbox 581 1677 674 1732; x_wconf 69' lang='lat'><strong>&quot;7.</strong></span> <span class='ocrx_word' id='word_1_127' title='bbox 710 1679 968 1743; x_wconf 88' lang='lat' dir='ltr'><strong>Quadam</strong></span> <span class='ocrx_word' id='word_1_128' title='bbox 1020 1679 1110 1732; x_wconf 93' lang='lat' dir='ltr'><strong>die</strong></span> <span class='ocrx_word' id='word_1_129' title='bbox 1142 1695 1272 1732; x_wconf 91' lang='lat' dir='ltr'><strong>cum</strong></span> <span class='ocrx_word' id='word_1_130' title='bbox 1322 1678 1547 1732; x_wconf 88' lang='lat' dir='ltr'><strong>duobus</strong></span> <span class='ocrx_word' id='word_1_131' title='bbox 1589 1677 1784 1747; x_wconf 90' lang='lat' dir='ltr'><strong>pueris</strong></span> <span class='ocrx_word' id='word_1_132' title='bbox 1814 1677 1946 1730; x_wconf 91' lang='lat' dir='ltr'><strong>solis</strong></span> <span class='ocrx_word' id='word_1_133' title='bbox 1992 1677 2123 1730; x_wconf 91' lang='lat' dir='ltr'><strong>hor-</strong></span> 
     </span>
    </p>
   </div>
   <div class='ocr_carea' id='block_1_18' title="bbox 426 1765 2120 1837">
    <p class='ocr_par' dir='ltr' id='par_1_18' title="bbox 426 1765 2120 1837">
     <span class='ocr_line' id='line_1_18' title="bbox 426 1765 2120 1837; baseline -0.001 -16"><span class='ocrx_word' id='word_1_134' title='bbox 426 1773 548 1821; x_wconf 86' lang='lat' dir='ltr'><strong>tum</strong></span> <span class='ocrx_word' id='word_1_135' title='bbox 575 1784 768 1821; x_wconf 79' lang='lat' dir='ltr'><strong>meum</strong></span> <span class='ocrx_word' id='word_1_136' title='bbox 799 1766 874 1800; x_wconf 75' lang='grc'><strong>³9⁸</strong></span> <span class='ocrx_word' id='word_1_137' title='bbox 933 1767 1211 1837; x_wconf 83' lang='lat' dir='ltr'><strong>majorem</strong></span> <span class='ocrx_word' id='word_1_138' title='bbox 1242 1767 1548 1836; x_wconf 78' lang='lat' dir='ltr'><strong>ingressus,</strong></span> <span class='ocrx_word' id='word_1_139' title='bbox 1594 1766 1653 1818; x_wconf 92' lang='lat' dir='ltr'><strong>in</strong></span> <span class='ocrx_word' id='word_1_140' title='bbox 1685 1765 1810 1834; x_wconf 90' lang='lat' dir='ltr'><strong>ipso</strong></span> <span class='ocrx_word' id='word_1_141' title='bbox 1839 1765 2120 1820; x_wconf 89' lang='lat' dir='ltr'><strong>vestibulo</strong></span> 
     </span>
    </p>
   </div>
   <div class='ocr_carea' id='block_1_19' title="bbox 425 1853 2123 1910">
    <p class='ocr_par' dir='ltr' id='par_1_19' title="bbox 425 1853 2123 1910">
     <span class='ocr_line' id='line_1_19' title="bbox 425 1853 2123 1910; baseline -0.001 -1"><span class='ocrx_word' id='word_1_142' title='bbox 425 1856 540 1910; x_wconf 92' lang='lat' dir='ltr'><strong>vidi</strong></span> <span class='ocrx_word' id='word_1_143' title='bbox 569 1856 868 1910; x_wconf 90' lang='lat' dir='ltr'><strong>diabolum</strong></span> <span class='ocrx_word' id='word_1_144' title='bbox 905 1855 964 1908; x_wconf 92' lang='lat' dir='ltr'><strong>in</strong></span> <span class='ocrx_word' id='word_1_145' title='bbox 1005 1855 1206 1908; x_wconf 90' lang='lat' dir='ltr'><strong>vestitu</strong></span> <span class='ocrx_word' id='word_1_146' title='bbox 1262 1861 1317 1907; x_wconf 89' lang='lat' dir='ltr'><strong>et</strong></span> <span class='ocrx_word' id='word_1_147' title='bbox 1348 1855 1548 1908; x_wconf 89' lang='lat' dir='ltr'><strong>liabitu</strong></span> <span class='ocrx_word' id='word_1_148' title='bbox 1596 1853 1871 1907; x_wconf 89' lang='lat' dir='ltr'><strong>humano.</strong></span> <span class='ocrx_word' id='word_1_149' title='bbox 1927 1853 2123 1908; x_wconf 85' lang='lat' dir='ltr'><strong>Stabat</strong></span> 
     </span>
    </p>
   </div>
   <div class='ocr_carea' id='block_1_20' title="bbox 423 1941 2140 2014">
    <p class='ocr_par' dir='ltr' id='par_1_20' title="bbox 423 1941 2140 2014">
     <span class='ocr_line' id='line_1_20' title="bbox 423 1941 2140 2014; baseline -0.001 -16"><span class='ocrx_word' id='word_1_150' title='bbox 423 1945 580 1998; x_wconf 88' lang='lat' dir='ltr'><strong>enim</strong></span> <span class='ocrx_word' id='word_1_151' title='bbox 611 1951 809 1998; x_wconf 90' lang='lat' dir='ltr'><strong>contra</strong></span> <span class='ocrx_word' id='word_1_152' title='bbox 837 1945 1192 2014; x_wconf 83' lang='lat' dir='ltr'><strong>aquilonem,</strong></span> <span class='ocrx_word' id='word_1_153' title='bbox 1237 1941 1447 1996; x_wconf 84' lang='lat' dir='ltr'><strong>herbas</strong></span> <span class='ocrx_word' id='word_1_154' title='bbox 1491 1943 1839 2012; x_wconf 87' lang='lat' dir='ltr'><strong>arboresque</strong></span> <span class='ocrx_word' id='word_1_155' title='bbox 1871 1941 2140 1996; x_wconf 86' lang='lat' dir='ltr'><strong>fructife--</strong></span> 
     </span>
    </p>
   </div>
   <div class='ocr_carea' id='block_1_21' title="bbox 424 2031 2118 2103">
    <p class='ocr_par' dir='ltr' id='par_1_21' title="bbox 424 2031 2118 2103">
     <span class='ocr_line' id='line_1_21' title="bbox 424 2031 2118 2103; baseline -0.002 -17"><span class='ocrx_word' id='word_1_156' title='bbox 424 2049 514 2086; x_wconf 90' lang='lat' dir='ltr'><strong>ras</strong></span> <span class='ocrx_word' id='word_1_157' title='bbox 570 2034 881 2103; x_wconf 87' lang='lat' dir='ltr'><strong>extirpans,</strong></span> <span class='ocrx_word' id='word_1_158' title='bbox 930 2039 987 2086; x_wconf 91' lang='lat' dir='ltr'><strong>et</strong></span> <span class='ocrx_word' id='word_1_159' title='bbox 1037 2031 1116 2085; x_wconf 91' lang='lat' dir='ltr'><strong>ita</strong></span> <span class='ocrx_word' id='word_1_160' title='bbox 1163 2032 1309 2084; x_wconf 89' lang='lat' dir='ltr'><strong>facta</strong></span> <span class='ocrx_word' id='word_1_161' title='bbox 1353 2034 1722 2101; x_wconf 87' lang='lat' dir='ltr'><strong>congestione</strong></span> <span class='ocrx_word' id='word_1_162' title='bbox 1753 2046 1883 2083; x_wconf 91' lang='lat' dir='ltr'><strong>cum</strong></span> <span class='ocrx_word' id='word_1_163' title='bbox 1936 2034 2118 2084; x_wconf 90' lang='lat' dir='ltr'><strong>multo</strong></span> 
     </span>
    </p>
   </div>
   <div class='ocr_carea' id='block_1_22' title="bbox 421 2118 2117 2188">
    <p class='ocr_par' dir='ltr' id='par_1_22' title="bbox 421 2118 2117 2188">
     <span class='ocr_line' id='line_1_22' title="bbox 421 2118 2117 2188; baseline -0.002 -13"><span class='ocrx_word' id='word_1_164' title='bbox 421 2138 718 2175; x_wconf 90' lang='lat' dir='ltr'><strong>murmure</strong></span> <span class='ocrx_word' id='word_1_165' title='bbox 751 2121 900 2174; x_wconf 87' lang='lat' dir='ltr'><strong>viain</strong></span> <span class='ocrx_word' id='word_1_166' title='bbox 927 2120 1219 2173; x_wconf 88' lang='lat' dir='ltr'><strong>conclusit.</strong></span> <span class='ocrx_word' id='word_1_167' title='bbox 1248 2119 1450 2186; x_wconf 90' lang='lat' dir='ltr'><strong>Quem,</strong></span> <span class='ocrx_word' id='word_1_168' title='bbox 1482 2118 1616 2188; x_wconf 88' lang='lat' dir='ltr'><strong>quia</strong></span> <span class='ocrx_word' id='word_1_169' title='bbox 1650 2119 1709 2171; x_wconf 90' lang='lat' dir='ltr'><strong>in</strong></span> <span class='ocrx_word' id='word_1_170' title='bbox 1739 2119 2117 2173; x_wconf 89' lang='lat' dir='ltr'><strong>similitudine</strong></span> 
     </span>
    </p>
   </div>
   <div class='ocr_carea' id='block_1_23' title="bbox 421 2209 2115 2280">
    <p class='ocr_par' dir='ltr' id='par_1_23' title="bbox 421 2209 2115 2280">
     <span class='ocr_line' id='line_1_23' title="bbox 421 2209 2115 2280; baseline -0.001 -18"><span class='ocrx_word' id='word_1_171' title='bbox 421 2215 479 2263; x_wconf 85' lang='lat' dir='ltr'><strong>et</strong></span> <span class='ocrx_word' id='word_1_172' title='bbox 508 2209 761 2279; x_wconf 86' lang='lat' dir='ltr'><strong>imagine</strong></span> <span class='ocrx_word' id='word_1_173' title='bbox 792 2209 1084 2263; x_wconf 89' lang='lat' dir='ltr'><strong>liortulani</strong></span> <span class='ocrx_word' id='word_1_174' title='bbox 1118 2211 1417 2263; x_wconf 87' lang='lat' dir='ltr'><strong>incedebat</strong></span> <span class='ocrx_word' id='word_1_175' title='bbox 1451 2209 1545 2275; x_wconf 65' lang='lat'><strong>’99,</strong></span> <span class='ocrx_word' id='word_1_176' title='bbox 1588 2225 1764 2280; x_wconf 89' lang='lat' dir='ltr'><strong>quare</strong></span> <span class='ocrx_word' id='word_1_177' title='bbox 1799 2209 1946 2261; x_wconf 87' lang='lat' dir='ltr'><strong>viam</strong></span> <span class='ocrx_word' id='word_1_178' title='bbox 1977 2224 2115 2261; x_wconf 91' lang='lat' dir='ltr'><strong>con-</strong></span> 
     </span>
    </p>
   </div>
   <div class='ocr_carea' id='block_1_24' title="bbox 419 2296 2111 2365">
    <p class='ocr_par' dir='ltr' id='par_1_24' title="bbox 419 2296 2111 2365">
     <span class='ocr_line' id='line_1_24' title="bbox 419 2296 2111 2365; baseline -0.001 -15"><span class='ocrx_word' id='word_1_179' title='bbox 419 2297 699 2362; x_wconf 86' lang='lat' dir='ltr'><strong>clusisset,</strong></span> <span class='ocrx_word' id='word_1_180' title='bbox 772 2313 903 2350; x_wconf 91' lang='lat' dir='ltr'><strong>cum</strong></span> <span class='ocrx_word' id='word_1_181' title='bbox 961 2297 1142 2350; x_wconf 79' lang='lat' dir='ltr'><strong>iratus</strong></span> <span class='ocrx_word' id='word_1_182' title='bbox 1198 2298 1670 2365; x_wconf 84' lang='lat' dir='ltr'><strong>interrogassem,</strong></span> <span class='ocrx_word' id='word_1_183' title='bbox 1755 2296 2052 2365; x_wconf 87' lang='lat' dir='ltr'><strong>respondit</strong></span> <span class='ocrx_word' id='word_1_184' title='bbox 2099 2313 2111 2349; x_wconf 91' lang='lat'>:</span> 
     </span>
    </p>
   </div>
   <div class='ocr_carea' id='block_1_25' title="bbox 423 2385 2112 2456">
    <p class='ocr_par' dir='ltr' id='par_1_25' title="bbox 423 2385 2112 2456">
     <span class='ocr_line' id='line_1_25' title="bbox 423 2385 2112 2456; baseline 0 -18"><span class='ocrx_word' id='word_1_185' title='bbox 423 2406 450 2432; x_wconf 74' lang='grc' dir='ltr'>α</span> <span class='ocrx_word' id='word_1_186' title='bbox 494 2385 718 2438; x_wconf 85' lang='lat' dir='ltr'><strong>Utinam</strong></span> <span class='ocrx_word' id='word_1_187' title='bbox 773 2385 903 2438; x_wconf 77' lang='lat' dir='ltr'><strong>vitae</strong></span> <span class='ocrx_word' id='word_1_188' title='bbox 977 2391 1208 2439; x_wconf 63' lang='lat' dir='ltr'><strong>(eterna:</strong></span> <span class='ocrx_word' id='word_1_189' title='bbox 1276 2385 1381 2440; x_wconf 90' lang='lat' dir='ltr'><strong>tibi</strong></span> <span class='ocrx_word' id='word_1_190' title='bbox 1464 2401 1690 2456; x_wconf 89' lang='lat' dir='ltr'><strong>possem</strong></span> <span class='ocrx_word' id='word_1_191' title='bbox 1751 2385 2112 2446; x_wconf 88' lang='lat' dir='ltr'><strong>concludere,</strong></span> 
     </span>
    </p>
   </div>
   <div class='ocr_carea' id='block_1_26' title="bbox 418 2472 2113 2543">
    <p class='ocr_par' dir='ltr' id='par_1_26' title="bbox 418 2472 2113 2543">
     <span class='ocr_line' id='line_1_26' title="bbox 418 2472 2113 2543; baseline 0.001 -20"><span class='ocrx_word' id='word_1_192' title='bbox 418 2492 444 2522; x_wconf 73' lang='grc' dir='ltr'>α</span> <span class='ocrx_word' id='word_1_193' title='bbox 489 2473 587 2543; x_wconf 91' lang='lat' dir='ltr'><strong>qui</strong></span> <span class='ocrx_word' id='word_1_194' title='bbox 615 2489 849 2542; x_wconf 89' lang='lat' dir='ltr'><strong>possum</strong></span> <span class='ocrx_word' id='word_1_195' title='bbox 883 2475 1067 2543; x_wconf 84' lang='lat' dir='ltr'><strong>majus</strong></span> <span class='ocrx_word' id='word_1_196' title='bbox 1087 2472 1160 2508; x_wconf 78' lang='grc' dir='ltr'><strong>³ου</strong></span> <span class='ocrx_word' id='word_1_197' title='bbox 1184 2475 1615 2528; x_wconf 83' lang='lat' dir='ltr'><strong>incommodum</strong></span> <span class='ocrx_word' id='word_1_198' title='bbox 1656 2473 1814 2528; x_wconf 86' lang='lat' dir='ltr'><strong>brevi</strong></span> <span class='ocrx_word' id='word_1_199' title='bbox 1857 2477 2113 2543; x_wconf 89' lang='lat' dir='ltr'><strong>tempore</strong></span> 
     </span>
    </p>
   </div>
   <div class='ocr_carea' id='block_1_27' title="bbox 417 2560 2115 2630">
    <p class='ocr_par' dir='ltr' id='par_1_27' title="bbox 417 2560 2115 2630">
     <span class='ocr_line' id='line_1_27' title="bbox 417 2560 2115 2630; baseline 0 -16"><span class='ocrx_word' id='word_1_200' title='bbox 417 2583 443 2609; x_wconf 79' lang='grc' dir='ltr'>α</span> <span class='ocrx_word' id='word_1_201' title='bbox 485 2561 589 2614; x_wconf 88' lang='lat' dir='ltr'><strong>tibi</strong></span> <span class='ocrx_word' id='word_1_202' title='bbox 642 2562 988 2630; x_wconf 84' lang='lat' dir='ltr'><strong>congerere!</strong></span> <span class='ocrx_word' id='word_1_203' title='bbox 1048 2584 1068 2609; x_wconf 77' lang='grc' dir='ltr'><strong><em>ι</em></strong></span> <span class='ocrx_word' id='word_1_204' title='bbox 1099 2563 1212 2629; x_wconf 87' lang='lat' dir='ltr'><strong>Ego</strong></span> <span class='ocrx_word' id='word_1_205' title='bbox 1243 2568 1435 2614; x_wconf 90' lang='lat' dir='ltr'><strong>autem</strong></span> <span class='ocrx_word' id='word_1_206' title='bbox 1488 2561 1778 2616; x_wconf 88' lang='lat' dir='ltr'><strong>admirans</strong></span> <span class='ocrx_word' id='word_1_207' title='bbox 1829 2560 1897 2594; x_wconf 86' lang='grc'><strong>⁸⁰¹</strong></span> <span class='ocrx_word' id='word_1_208' title='bbox 1951 2561 2115 2614; x_wconf 87' lang='lat' dir='ltr'><strong>auda-</strong></span> 
     </span>
    </p>
   </div>
   <div class='ocr_carea' id='block_1_28' title="bbox 415 2646 2106 2720">
    <p class='ocr_par' dir='ltr' id='par_1_28' title="bbox 415 2646 2106 2720">
     <span class='ocr_line' id='line_1_28' title="bbox 415 2646 2106 2720; baseline 0 -18"><span class='ocrx_word' id='word_1_209' title='bbox 415 2650 562 2703; x_wconf 89' lang='lat' dir='ltr'><strong>ciam</strong></span> <span class='ocrx_word' id='word_1_210' title='bbox 594 2651 739 2719; x_wconf 81' lang='lat' dir='ltr'><strong>ejus,</strong></span> <span class='ocrx_word' id='word_1_211' title='bbox 771 2649 907 2720; x_wconf 87' lang='lat' dir='ltr'><strong>quia</strong></span> <span class='ocrx_word' id='word_1_212' title='bbox 937 2648 1010 2684; x_wconf 84' lang='grc'><strong>³⁰²</strong></span> <span class='ocrx_word' id='word_1_213' title='bbox 1036 2651 1308 2720; x_wconf 87' lang='lat' dir='ltr'><strong>putabam</strong></span> <span class='ocrx_word' id='word_1_214' title='bbox 1327 2651 1618 2704; x_wconf 88' lang='lat' dir='ltr'><strong>custodem</strong></span> <span class='ocrx_word' id='word_1_215' title='bbox 1641 2649 1818 2715; x_wconf 88' lang='lat' dir='ltr'><strong>horti,</strong></span> <span class='ocrx_word' id='word_1_216' title='bbox 1841 2648 1960 2703; x_wconf 83' lang='lat' dir='ltr'><strong>dixi</strong></span> <span class='ocrx_word' id='word_1_217' title='bbox 1991 2646 2064 2684; x_wconf 74' lang='grc'><strong>⁵0³</strong></span> <span class='ocrx_word' id='word_1_218' title='bbox 2093 2666 2106 2702; x_wconf 91' lang='lat'><strong>:</strong></span> 
     </span>
    </p>
   </div>
   <div class='ocr_carea' id='block_1_29' title="bbox 414 2735 2111 2807">
    <p class='ocr_par' dir='ltr' id='par_1_29' title="bbox 414 2735 2111 2807">
     <span class='ocr_line' id='line_1_29' title="bbox 414 2735 2111 2807; baseline -0.001 -16"><span class='ocrx_word' id='word_1_219' title='bbox 414 2737 474 2791; x_wconf 89' lang='lat' dir='ltr'><strong>In</strong></span> <span class='ocrx_word' id='word_1_220' title='bbox 548 2737 655 2791; x_wconf 92' lang='lat' dir='ltr'><strong>hoc</strong></span> <span class='ocrx_word' id='word_1_221' title='bbox 719 2739 873 2807; x_wconf 87' lang='lat' dir='ltr'><strong>quod</strong></span> <span class='ocrx_word' id='word_1_222' title='bbox 942 2735 1012 2773; x_wconf 77' lang='grc'><strong>³⁰⁴</strong></span> <span class='ocrx_word' id='word_1_223' title='bbox 1087 2737 1371 2791; x_wconf 88' lang='lat' dir='ltr'><strong>minitaris</strong></span> <span class='ocrx_word' id='word_1_224' title='bbox 1425 2736 1520 2806; x_wconf 83' lang='grc'>³⁰⁵,</span> <span class='ocrx_word' id='word_1_225' title='bbox 1565 2737 1624 2791; x_wconf 91' lang='lat' dir='ltr'><strong>in</strong></span> <span class='ocrx_word' id='word_1_226' title='bbox 1681 2737 1918 2791; x_wconf 89' lang='lat' dir='ltr'><strong>nomine</strong></span> <span class='ocrx_word' id='word_1_227' title='bbox 2004 2737 2111 2790; x_wconf 86' lang='lat' dir='ltr'><strong>Do-</strong></span> 
     </span>
    </p>
   </div>
   <div class='ocr_carea' id='block_1_30' title="bbox 413 2824 2105 2897">
    <p class='ocr_par' dir='ltr' id='par_1_30' title="bbox 413 2824 2105 2897">
     <span class='ocr_line' id='line_1_30' title="bbox 413 2824 2105 2897; baseline 0 -20"><span class='ocrx_word' id='word_1_228' title='bbox 413 2824 556 2878; x_wconf 89' lang='lat' dir='ltr'><strong>mini</strong></span> <span class='ocrx_word' id='word_1_229' title='bbox 596 2825 737 2877; x_wconf 89' lang='lat' dir='ltr'><strong>mihi</strong></span> <span class='ocrx_word' id='word_1_230' title='bbox 772 2839 889 2879; x_wconf 90' lang='lat' dir='ltr'><strong>non</strong></span> <span class='ocrx_word' id='word_1_231' title='bbox 921 2825 1182 2891; x_wconf 90' lang='lat' dir='ltr'><strong>nocebis;</strong></span> <span class='ocrx_word' id='word_1_232' title='bbox 1225 2825 1333 2879; x_wconf 92' lang='lat' dir='ltr'><strong>nisi</strong></span> <span class='ocrx_word' id='word_1_233' title='bbox 1377 2841 1410 2878; x_wconf 91' lang='lat' dir='ltr'><strong>a</strong></span> <span class='ocrx_word' id='word_1_234' title='bbox 1465 2825 1725 2897; x_wconf 85' lang='lat' dir='ltr'><strong>nequitia</strong></span> <span class='ocrx_word' id='word_1_235' title='bbox 1777 2832 1878 2878; x_wconf 87' lang='lat' dir='ltr'><strong>tua</strong></span> <span class='ocrx_word' id='word_1_236' title='bbox 1922 2841 2105 2878; x_wconf 81' lang='lat' dir='ltr'><strong>cessa-</strong></span> 
     </span>
    </p>
   </div>
   <div class='ocr_carea' id='block_1_31' title="bbox 410 2911 2102 2984">
    <p class='ocr_par' dir='ltr' id='par_1_31' title="bbox 410 2911 2102 2984">
     <span class='ocr_line' id='line_1_31' title="bbox 410 2911 2102 2984; baseline 0.001 -19"><span class='ocrx_word' id='word_1_237' title='bbox 410 2913 578 2978; x_wconf 84' lang='lat' dir='ltr'><strong>veris,</strong></span> <span class='ocrx_word' id='word_1_238' title='bbox 655 2919 1000 2983; x_wconf 82' lang='lat' dir='ltr'><strong>perpetuum</strong></span> <span class='ocrx_word' id='word_1_239' title='bbox 1085 2914 1322 2968; x_wconf 84' lang='lat' dir='ltr'><strong>exitium</strong></span> <span class='ocrx_word' id='word_1_240' title='bbox 1379 2913 1452 2948; x_wconf 78' lang='grc'>⁸⁰⁶</span> <span class='ocrx_word' id='word_1_241' title='bbox 1516 2913 1621 2968; x_wconf 85' lang='lat' dir='ltr'><strong>tibi</strong></span> <span class='ocrx_word' id='word_1_242' title='bbox 1680 2929 1954 2984; x_wconf 77' lang='lat' dir='ltr'><strong>congeras</strong></span> <span class='ocrx_word' id='word_1_243' title='bbox 2012 2911 2102 2966; x_wconf 78' lang='grc'><strong>⁶⁰⁷.</strong></span> 
     </span>
    </p>
   </div>
   <div class='ocr_carea' id='block_1_32' title="bbox 409 3000 2181 3072">
    <p class='ocr_par' dir='ltr' id='par_1_32' title="bbox 409 3000 2181 3072">
     <span class='ocr_line' id='line_1_32' title="bbox 409 3000 2181 3072; baseline 0.001 -18"><span class='ocrx_word' id='word_1_244' title='bbox 409 3000 507 3054; x_wconf 82' lang='lat' dir='ltr'><strong>His</strong></span> <span class='ocrx_word' id='word_1_245' title='bbox 557 3000 742 3066; x_wconf 90' lang='lat' dir='ltr'><strong>dictis,</strong></span> <span class='ocrx_word' id='word_1_246' title='bbox 820 3017 1002 3071; x_wconf 90' lang='lat' dir='ltr'><strong>usque</strong></span> <span class='ocrx_word' id='word_1_247' title='bbox 1061 3002 1134 3055; x_wconf 91' lang='lat' dir='ltr'><strong>ad</strong></span> <span class='ocrx_word' id='word_1_248' title='bbox 1189 3003 1416 3067; x_wconf 85' lang='lat' dir='ltr'><strong>sedem,</strong></span> <span class='ocrx_word' id='word_1_249' title='bbox 1480 3018 1610 3072; x_wconf 70' lang='lat' dir='ltr'><strong>quas</strong></span> <span class='ocrx_word' id='word_1_250' title='bbox 1675 3002 1733 3054; x_wconf 92' lang='lat' dir='ltr'><strong>in</strong></span> <span class='ocrx_word' id='word_1_251' title='bbox 1794 3001 1960 3054; x_wconf 89' lang='lat' dir='ltr'><strong>horto</strong></span> <span class='ocrx_word' id='word_1_252' title='bbox 2002 3002 2181 3067; x_wconf 86' lang='lat' dir='ltr'><strong>est,C</strong></span> 
     </span>
    </p>
   </div>
   <div class='ocr_carea' id='block_1_33' title="bbox 407 3089 2103 3160">
    <p class='ocr_par' dir='ltr' id='par_1_33' title="bbox 407 3089 2103 3160">
     <span class='ocr_line' id='line_1_33' title="bbox 407 3089 2103 3160; baseline 0.001 -20"><span class='ocrx_word' id='word_1_253' title='bbox 407 3089 664 3157; x_wconf 84' lang='lat' dir='ltr'><strong>perveni,</strong></span> <span class='ocrx_word' id='word_1_254' title='bbox 743 3093 802 3142; x_wconf 88' lang='lat' dir='ltr'><strong>et</strong></span> <span class='ocrx_word' id='word_1_255' title='bbox 879 3089 1344 3160; x_wconf 90' lang='lat' dir='ltr'><strong>circumspiciens</strong></span> <span class='ocrx_word' id='word_1_256' title='bbox 1413 3091 1574 3143; x_wconf 91' lang='lat' dir='ltr'><strong>illum</strong></span> <span class='ocrx_word' id='word_1_257' title='bbox 1625 3106 1742 3143; x_wconf 91' lang='lat' dir='ltr'><strong>non</strong></span> <span class='ocrx_word' id='word_1_258' title='bbox 1797 3089 1933 3142; x_wconf 90' lang='lat' dir='ltr'><strong>vidi.</strong></span> <span class='ocrx_word' id='word_1_259' title='bbox 1990 3089 2103 3159; x_wconf 87' lang='lat' dir='ltr'><strong>Igi-</strong></span> 
     </span>
    </p>
   </div>
   <div class='ocr_carea' id='block_1_34' title="bbox 407 3176 2101 3248">
    <p class='ocr_par' dir='ltr' id='par_1_34' title="bbox 407 3176 2101 3248">
     <span class='ocr_line' id='line_1_34' title="bbox 407 3176 2101 3248; baseline 0.001 -19"><span class='ocrx_word' id='word_1_260' title='bbox 407 3183 522 3242; x_wconf 91' lang='lat' dir='ltr'><strong>tur,</strong></span> <span class='ocrx_word' id='word_1_261' title='bbox 557 3179 713 3247; x_wconf 91' lang='lat' dir='ltr'><strong>quod</strong></span> <span class='ocrx_word' id='word_1_262' title='bbox 764 3182 880 3230; x_wconf 83' lang='lat' dir='ltr'><strong>tam</strong></span> <span class='ocrx_word' id='word_1_263' title='bbox 910 3177 1100 3232; x_wconf 90' lang='lat' dir='ltr'><strong>subito</strong></span> <span class='ocrx_word' id='word_1_264' title='bbox 1141 3194 1427 3248; x_wconf 89' lang='lat' dir='ltr'><strong>nusquam</strong></span> <span class='ocrx_word' id='word_1_265' title='bbox 1455 3176 1530 3212; x_wconf 74' lang='grc'><strong>³0⁸</strong></span> <span class='ocrx_word' id='word_1_266' title='bbox 1575 3178 1920 3248; x_wconf 87' lang='lat' dir='ltr'><strong>comparuit,</strong></span> <span class='ocrx_word' id='word_1_267' title='bbox 1955 3179 2101 3231; x_wconf 82' lang='lat' dir='ltr'><strong>mul-</strong></span> 
     </span>
    </p>
   </div>
   <div class='ocr_carea' id='block_1_35' title="bbox 407 3265 2103 3335">
    <p class='ocr_par' dir='ltr' id='par_1_35' title="bbox 407 3265 2103 3335">
     <span class='ocr_line' id='line_1_35' title="bbox 407 3265 2103 3335; baseline 0.002 -18"><span class='ocrx_word' id='word_1_268' title='bbox 407 3271 531 3317; x_wconf 86' lang='lat' dir='ltr'><strong>tum</strong></span> <span class='ocrx_word' id='word_1_269' title='bbox 573 3265 831 3331; x_wconf 89' lang='lat' dir='ltr'><strong>miratus,</strong></span> <span class='ocrx_word' id='word_1_270' title='bbox 860 3282 1093 3335; x_wconf 89' lang='lat' dir='ltr'><strong>pueros,</strong></span> <span class='ocrx_word' id='word_1_271' title='bbox 1125 3266 1172 3318; x_wconf 90' lang='lat' dir='ltr'><strong>si</strong></span> <span class='ocrx_word' id='word_1_272' title='bbox 1203 3266 1368 3319; x_wconf 89' lang='lat' dir='ltr'><strong>illum</strong></span> <span class='ocrx_word' id='word_1_273' title='bbox 1417 3265 1715 3326; x_wconf 63' lang='lat' dir='ltr'><strong>vidissent,</strong></span> <span class='ocrx_word' id='word_1_274' title='bbox 1777 3266 2103 3335; x_wconf 89' lang='lat' dir='ltr'><strong>interroga-</strong></span> 
     </span>
    </p>
   </div>
   <div class='ocr_carea' id='block_1_36' title="bbox 406 3351 2102 3418">
    <p class='ocr_par' dir='ltr' id='par_1_36' title="bbox 406 3351 2102 3418">
     <span class='ocr_line' id='line_1_36' title="bbox 406 3351 2102 3418; baseline 0.001 -12"><span class='ocrx_word' id='word_1_275' title='bbox 406 3351 560 3406; x_wconf 87' lang='lat' dir='ltr'><strong>bam.</strong></span> <span class='ocrx_word' id='word_1_276' title='bbox 602 3352 710 3416; x_wconf 86' lang='lat' dir='ltr'><strong>Qui</strong></span> <span class='ocrx_word' id='word_1_277' title='bbox 737 3356 928 3418; x_wconf 91' lang='lat' dir='ltr'><strong>ambo,</strong></span> <span class='ocrx_word' id='word_1_278' title='bbox 959 3355 1249 3408; x_wconf 87' lang='lat' dir='ltr'><strong>neminem</strong></span> <span class='ocrx_word' id='word_1_279' title='bbox 1293 3353 1400 3406; x_wconf 89' lang='lat' dir='ltr'><strong>nisi</strong></span> <span class='ocrx_word' id='word_1_280' title='bbox 1441 3369 1532 3407; x_wconf 90' lang='lat' dir='ltr'><strong>me</strong></span> <span class='ocrx_word' id='word_1_281' title='bbox 1563 3354 1748 3407; x_wconf 91' lang='lat' dir='ltr'><strong>solum</strong></span> <span class='ocrx_word' id='word_1_282' title='bbox 1778 3354 1856 3407; x_wconf 89' lang='lat' dir='ltr'><strong>ibi</strong></span> <span class='ocrx_word' id='word_1_283' title='bbox 1895 3355 2102 3408; x_wconf 84' lang='lat' dir='ltr'><strong>vidisse</strong></span> 
     </span>
    </p>
   </div>
   <div class='ocr_carea' id='block_1_37' title="bbox 403 3440 2102 3512">
    <p class='ocr_par' dir='ltr' id='par_1_37' title="bbox 403 3440 2102 3512">
     <span class='ocr_line' id='line_1_37' title="bbox 403 3440 2102 3512; baseline 0.002 -19"><span class='ocrx_word' id='word_1_284' title='bbox 403 3440 696 3506; x_wconf 89' lang='lat' dir='ltr'><strong>dicebant;</strong></span> <span class='ocrx_word' id='word_1_285' title='bbox 731 3442 826 3495; x_wconf 91' lang='lat' dir='ltr'><strong>sed</strong></span> <span class='ocrx_word' id='word_1_286' title='bbox 867 3442 1156 3512; x_wconf 88' lang='lat' dir='ltr'><strong>quendam</strong></span> <span class='ocrx_word' id='word_1_287' title='bbox 1192 3457 1416 3496; x_wconf 91' lang='lat' dir='ltr'><strong>mecum</strong></span> <span class='ocrx_word' id='word_1_288' title='bbox 1448 3442 1888 3496; x_wconf 87' lang='lat' dir='ltr'><strong>contendentem</strong></span> <span class='ocrx_word' id='word_1_289' title='bbox 1922 3459 1980 3496; x_wconf 90' lang='lat' dir='ltr'><strong>se</strong></span> <span class='ocrx_word' id='word_1_290' title='bbox 2000 3459 2102 3496; x_wconf 91' lang='lat' dir='ltr'><strong>au-</strong></span> 
     </span>
    </p>
   </div>
   <div class='ocr_carea' id='block_1_38' title="bbox 405 3528 2101 3601">
    <p class='ocr_par' dir='ltr' id='par_1_38' title="bbox 405 3528 2101 3601">
     <span class='ocr_line' id='line_1_38' title="bbox 405 3528 2101 3601; baseline 0.001 -18"><span class='ocrx_word' id='word_1_291' title='bbox 405 3529 553 3583; x_wconf 91' lang='lat' dir='ltr'><strong>disse</strong></span> <span class='ocrx_word' id='word_1_292' title='bbox 602 3528 1042 3584; x_wconf 85' lang='lat' dir='ltr'><strong>conﬁrmabant.</strong></span> <span class='ocrx_word' id='word_1_293' title='bbox 1086 3531 1244 3584; x_wconf 88' lang='lat' dir='ltr'><strong>Tunc</strong></span> <span class='ocrx_word' id='word_1_294' title='bbox 1283 3547 1390 3601; x_wconf 90' lang='lat' dir='ltr'><strong>ego</strong></span> <span class='ocrx_word' id='word_1_295' title='bbox 1425 3547 1437 3585; x_wconf 91' lang='lat'>:</span> <span class='ocrx_word' id='word_1_296' title='bbox 1483 3553 1505 3579; x_wconf 77' lang='grc' dir='ltr'>ι</span> <span class='ocrx_word' id='word_1_297' title='bbox 1539 3531 1688 3598; x_wconf 90' lang='lat' dir='ltr'><strong>Scio,</strong></span> <span class='ocrx_word' id='word_1_298' title='bbox 1739 3531 1974 3601; x_wconf 90' lang='lat' dir='ltr'><strong>inquam</strong></span> <span class='ocrx_word' id='word_1_299' title='bbox 2006 3529 2101 3597; x_wconf 73' lang='grc'><strong>⁸09,</strong></span> 
     </span>
    </p>
   </div>
   <div class='ocr_carea' id='block_1_39' title="bbox 405 3618 2100 3690">
    <p class='ocr_par' dir='ltr' id='par_1_39' title="bbox 405 3618 2100 3690">
     <span class='ocr_line' id='line_1_39' title="bbox 405 3618 2100 3690; baseline 0.003 -20"><span class='ocrx_word' id='word_1_300' title='bbox 405 3637 432 3669; x_wconf 75' lang='grc' dir='ltr'><strong>α</strong></span> <span class='ocrx_word' id='word_1_301' title='bbox 470 3618 605 3684; x_wconf 78' lang='lat' dir='ltr'><strong>filii;</strong></span> <span class='ocrx_word' id='word_1_302' title='bbox 639 3619 768 3688; x_wconf 89' lang='lat' dir='ltr'><strong>quis</strong></span> <span class='ocrx_word' id='word_1_303' title='bbox 789 3625 894 3685; x_wconf 90' lang='lat' dir='ltr'><strong>est,</strong></span> <span class='ocrx_word' id='word_1_304' title='bbox 924 3620 1058 3673; x_wconf 87' lang='lat' dir='ltr'><strong>scio.</strong></span> <span class='ocrx_word' id='word_1_305' title='bbox 1091 3619 1200 3674; x_wconf 90' lang='lat' dir='ltr'><strong>Sed</strong></span> <span class='ocrx_word' id='word_1_306' title='bbox 1225 3621 1412 3674; x_wconf 90' lang='lat' dir='ltr'><strong>minas</strong></span> <span class='ocrx_word' id='word_1_307' title='bbox 1442 3621 1566 3690; x_wconf 87' lang='lat' dir='ltr'><strong>ejus</strong></span> <span class='ocrx_word' id='word_1_308' title='bbox 1594 3636 1710 3674; x_wconf 90' lang='lat' dir='ltr'><strong>non</strong></span> <span class='ocrx_word' id='word_1_309' title='bbox 1744 3620 1978 3685; x_wconf 86' lang='lat' dir='ltr'><strong>timebo,</strong></span> <span class='ocrx_word' id='word_1_310' title='bbox 2009 3636 2100 3675; x_wconf 86' lang='lat' dir='ltr'><strong>ne-</strong></span> 
     </span>
    </p>
   </div>
   <div class='ocr_carea' id='block_1_40' title="bbox 401 3707 2098 3779">
    <p class='ocr_par' dir='ltr' id='par_1_40' title="bbox 401 3707 2098 3779">
     <span class='ocr_line' id='line_1_40' title="bbox 401 3707 2098 3779; baseline 0.003 -23"><span class='ocrx_word' id='word_1_311' title='bbox 401 3724 428 3756; x_wconf 75' lang='grc' dir='ltr'><strong><em>α</em></strong></span> <span class='ocrx_word' id='word_1_312' title='bbox 471 3722 581 3776; x_wconf 91' lang='lat' dir='ltr'><strong>que</strong></span> <span class='ocrx_word' id='word_1_313' title='bbox 602 3707 660 3760; x_wconf 92' lang='lat' dir='ltr'><strong>in</strong></span> <span class='ocrx_word' id='word_1_314' title='bbox 693 3707 816 3776; x_wconf 90' lang='lat' dir='ltr'><strong>ejus</strong></span> <span class='ocrx_word' id='word_1_315' title='bbox 840 3707 1009 3761; x_wconf 88' lang='lat' dir='ltr'><strong>verba</strong></span> <span class='ocrx_word' id='word_1_316' title='bbox 1039 3709 1301 3777; x_wconf 86' lang='lat' dir='ltr'><strong>sperabo,</strong></span> <span class='ocrx_word' id='word_1_317' title='bbox 1335 3709 1470 3779; x_wconf 88' lang='lat' dir='ltr'><strong>quia</strong></span> <span class='ocrx_word' id='word_1_318' title='bbox 1486 3707 1556 3743; x_wconf 79' lang='grc'><strong>³¹⁰</strong></span> <span class='ocrx_word' id='word_1_319' title='bbox 1582 3709 1788 3763; x_wconf 85' lang='lat' dir='ltr'><strong>veritas</strong></span> <span class='ocrx_word' id='word_1_320' title='bbox 1814 3709 1870 3762; x_wconf 89' lang='lat' dir='ltr'><strong>in</strong></span> <span class='ocrx_word' id='word_1_321' title='bbox 1894 3724 1961 3762; x_wconf 92' lang='lat' dir='ltr'><strong>eo</strong></span> <span class='ocrx_word' id='word_1_322' title='bbox 1985 3725 2098 3762; x_wconf 90' lang='lat' dir='ltr'><strong>non</strong></span> 
     </span>
    </p>
   </div>
   <div class='ocr_carea' id='block_1_41' title="bbox 399 3794 2097 3862">
    <p class='ocr_par' dir='ltr' id='par_1_41' title="bbox 399 3794 2097 3862">
     <span class='ocr_line' id='line_1_41' title="bbox 399 3794 2097 3862; baseline 0.002 -15"><span class='ocrx_word' id='word_1_323' title='bbox 399 3799 504 3860; x_wconf 91' lang='lat' dir='ltr'><strong>est,</strong></span> <span class='ocrx_word' id='word_1_324' title='bbox 539 3799 604 3848; x_wconf 92' lang='lat' dir='ltr'><strong>ut</strong></span> <span class='ocrx_word' id='word_1_325' title='bbox 638 3795 914 3848; x_wconf 90' lang='lat' dir='ltr'><strong>Dominus</strong></span> <span class='ocrx_word' id='word_1_326' title='bbox 971 3796 1051 3849; x_wconf 91' lang='lat' dir='ltr'><strong>ait</strong></span> <span class='ocrx_word' id='word_1_327' title='bbox 1080 3794 1146 3829; x_wconf 65' lang='lat'><strong>5“</strong></span> <span class='ocrx_word' id='word_1_328' title='bbox 1189 3798 1377 3860; x_wconf 83' lang='lat' dir='ltr'><strong>(Joan.</strong></span> <span class='ocrx_word' id='word_1_329' title='bbox 1429 3813 1548 3862; x_wconf 89' lang='lat' dir='ltr'><strong>vni,</strong></span> <span class='ocrx_word' id='word_1_330' title='bbox 1576 3797 1692 3861; x_wconf 75' lang='grc'><strong>44).</strong></span> <span class='ocrx_word' id='word_1_331' title='bbox 1736 3816 1764 3846; x_wconf 72' lang='grc' dir='ltr'><strong>υ</strong></span> <span class='ocrx_word' id='word_1_332' title='bbox 1816 3798 1878 3850; x_wconf 87' lang='lat' dir='ltr'><strong>Et</strong></span> <span class='ocrx_word' id='word_1_333' title='bbox 1907 3797 2097 3850; x_wconf 87' lang='lat' dir='ltr'><strong>statim</strong></span> 
     </span>
    </p>
   </div>
   <div class='ocr_carea' id='block_1_42' title="bbox 397 3881 2097 3955">
    <p class='ocr_par' dir='ltr' id='par_1_42' title="bbox 397 3881 2097 3955">
     <span class='ocr_line' id='line_1_42' title="bbox 397 3881 2097 3955; baseline 0.003 -21"><span class='ocrx_word' id='word_1_334' title='bbox 397 3881 534 3935; x_wconf 93' lang='lat' dir='ltr'><strong>inde</strong></span> <span class='ocrx_word' id='word_1_335' title='bbox 561 3883 854 3946; x_wconf 87' lang='lat' dir='ltr'><strong>recedens,</strong></span> <span class='ocrx_word' id='word_1_336' title='bbox 885 3883 1035 3937; x_wconf 91' lang='lat' dir='ltr'><strong>hunc</strong></span> <span class='ocrx_word' id='word_1_337' title='bbox 1068 3900 1295 3937; x_wconf 84' lang='lat' dir='ltr'><strong>versum</strong></span> <span class='ocrx_word' id='word_1_338' title='bbox 1335 3887 1526 3938; x_wconf 90' lang='lat' dir='ltr'><strong>mente</strong></span> <span class='ocrx_word' id='word_1_339' title='bbox 1565 3884 1791 3955; x_wconf 90' lang='lat' dir='ltr'><strong>percepi</strong></span> <span class='ocrx_word' id='word_1_340' title='bbox 1827 3901 1840 3938; x_wconf 91' lang='lat'>:</span> <span class='ocrx_word' id='word_1_341' title='bbox 1876 3903 1904 3934; x_wconf 76' lang='grc' dir='ltr'><strong>α</strong></span> <span class='ocrx_word' id='word_1_342' title='bbox 1946 3885 2097 3948; x_wconf 88' lang='lat' dir='ltr'><strong>Quo-</strong></span> 
     </span>
    </p>
   </div>
   <div class='ocr_carea' id='block_1_43' title="bbox 398 3969 2099 4041">
    <p class='ocr_par' dir='ltr' id='par_1_43' title="bbox 398 3969 2099 4041">
     <span class='ocr_line' id='line_1_43' title="bbox 398 3969 2099 4041; baseline 0.003 -20"><span class='ocrx_word' id='word_1_343' title='bbox 398 3987 426 4018; x_wconf 75' lang='grc' dir='ltr'><strong>α</strong></span> <span class='ocrx_word' id='word_1_344' title='bbox 468 3969 624 4023; x_wconf 90' lang='lat' dir='ltr'><strong>niam</strong></span> <span class='ocrx_word' id='word_1_345' title='bbox 655 3986 761 4040; x_wconf 84' lang='lat' dir='ltr'><strong>ego</strong></span> <span class='ocrx_word' id='word_1_346' title='bbox 793 3970 855 4024; x_wconf 89' lang='lat' dir='ltr'><strong>in</strong></span> <span class='ocrx_word' id='word_1_347' title='bbox 883 3970 1111 4040; x_wconf 84' lang='lat' dir='ltr'><strong>ﬂagella</strong></span> <span class='ocrx_word' id='word_1_348' title='bbox 1144 3977 1376 4041; x_wconf 89' lang='lat' dir='ltr'><strong>paratus</strong></span> <span class='ocrx_word' id='word_1_349' title='bbox 1400 3988 1546 4038; x_wconf 89' lang='lat' dir='ltr'><strong>sum,</strong></span> <span class='ocrx_word' id='word_1_350' title='bbox 1579 3979 1636 4026; x_wconf 91' lang='lat' dir='ltr'><strong>et</strong></span> <span class='ocrx_word' id='word_1_351' title='bbox 1655 3973 1817 4027; x_wconf 94' lang='lat' dir='ltr'><strong>dolor</strong></span> <span class='ocrx_word' id='word_1_352' title='bbox 1849 3989 2010 4026; x_wconf 92' lang='lat' dir='ltr'><strong>meus</strong></span> <span class='ocrx_word' id='word_1_353' title='bbox 2040 3973 2099 4026; x_wconf 93' lang='lat' dir='ltr'><strong>in</strong></span> 
     </span>
    </p>
   </div>
   <div class='ocr_carea' id='block_1_44' title="bbox 397 4061 2098 4130">
    <p class='ocr_par' dir='ltr' id='par_1_44' title="bbox 397 4061 2098 4130">
     <span class='ocr_line' id='line_1_44' title="bbox 397 4061 2098 4130; baseline 0.005 -23"><span class='ocrx_word' id='word_1_354' title='bbox 397 4076 423 4107; x_wconf 81' lang='grc' dir='ltr'><strong>α</strong></span> <span class='ocrx_word' id='word_1_355' title='bbox 466 4065 774 4128; x_wconf 88' lang='lat' dir='ltr'><strong>conspectu</strong></span> <span class='ocrx_word' id='word_1_356' title='bbox 816 4074 945 4112; x_wconf 92' lang='lat' dir='ltr'><strong>meo</strong></span> <span class='ocrx_word' id='word_1_357' title='bbox 988 4075 1215 4128; x_wconf 88' lang='lat' dir='ltr'><strong>semper</strong></span> <span class='ocrx_word' id='word_1_358' title='bbox 1243 4064 1327 4112; x_wconf 87' lang='lat' dir='ltr'><strong>est</strong></span> <span class='ocrx_word' id='word_1_359' title='bbox 1353 4061 1523 4125; x_wconf 83' lang='lat' dir='ltr'><strong>(Psal.</strong></span> <span class='ocrx_word' id='word_1_360' title='bbox 1557 4077 1759 4127; x_wconf 83' lang='lat' dir='ltr'><strong>xxxvii,</strong></span> <span class='ocrx_word' id='word_1_361' title='bbox 1799 4063 1898 4130; x_wconf 85' lang='lat' dir='ltr'><strong>t8).</strong></span> <span class='ocrx_word' id='word_1_362' title='bbox 1949 4081 1976 4110; x_wconf 63' lang='lat' dir='ltr'><strong>s</strong></span> <span class='ocrx_word' id='word_1_363' title='bbox 2005 4061 2098 4116; x_wconf 85' lang='lat' dir='ltr'><strong>Se-</strong></span> 
     </span>
    </p>
   </div>
   <div class='ocr_carea' id='block_1_45' title="bbox 2249 538 3942 611">
    <p class='ocr_par' dir='ltr' id='par_1_45' title="bbox 2249 538 3942 611">
     <span class='ocr_line' id='line_1_45' title="bbox 2249 538 3942 611; baseline 0.002 -20"><span class='ocrx_word' id='word_1_364' title='bbox 2249 538 2592 592; x_wconf 89' lang='lat' dir='ltr'><strong>miserabilis</strong></span> <span class='ocrx_word' id='word_1_365' title='bbox 2613 540 2815 609; x_wconf 88' lang='lat' dir='ltr'><strong>templi</strong></span> <span class='ocrx_word' id='word_1_366' title='bbox 2848 539 3014 593; x_wconf 90' lang='lat' dir='ltr'><strong>ruina</strong></span> <span class='ocrx_word' id='word_1_367' title='bbox 3043 540 3134 591; x_wconf 72' lang='grc' dir='ltr'><strong>³η,</strong></span> <span class='ocrx_word' id='word_1_368' title='bbox 3161 541 3276 609; x_wconf 85' lang='lat' dir='ltr'><strong>Ego</strong></span> <span class='ocrx_word' id='word_1_369' title='bbox 3300 556 3534 611; x_wconf 91' lang='lat' dir='ltr'><strong>quoque</strong></span> <span class='ocrx_word' id='word_1_370' title='bbox 3582 539 3660 576; x_wconf 70' lang='grc' dir='ltr'><strong>⁸η</strong></span> <span class='ocrx_word' id='word_1_371' title='bbox 3682 542 3942 596; x_wconf 87' lang='lat' dir='ltr'><strong>audiens</strong></span> 
     </span>
    </p>
   </div>
   <div class='ocr_carea' id='block_1_46' title="bbox 2247 627 3942 694">
    <p class='ocr_par' dir='ltr' id='par_1_46' title="bbox 2247 627 3942 694">
     <span class='ocr_line' id='line_1_46' title="bbox 2247 627 3942 694; baseline 0.002 -15"><span class='ocrx_word' id='word_1_372' title='bbox 2247 632 2441 680; x_wconf 90' lang='lat' dir='ltr'><strong>mente</strong></span> <span class='ocrx_word' id='word_1_373' title='bbox 2464 632 2858 680; x_wconf 89' lang='lat' dir='ltr'><strong>consternatus</strong></span> <span class='ocrx_word' id='word_1_374' title='bbox 2880 643 3027 694; x_wconf 91' lang='lat' dir='ltr'><strong>sum,</strong></span> <span class='ocrx_word' id='word_1_375' title='bbox 3062 632 3118 680; x_wconf 91' lang='lat' dir='ltr'><strong>et</strong></span> <span class='ocrx_word' id='word_1_376' title='bbox 3156 627 3314 680; x_wconf 90' lang='lat' dir='ltr'><strong>illam</strong></span> <span class='ocrx_word' id='word_1_377' title='bbox 3349 627 3701 692; x_wconf 78' lang='lat' dir='ltr'><strong>Davidicam,</strong></span> <span class='ocrx_word' id='word_1_378' title='bbox 3740 630 3942 683; x_wconf 86' lang='lat' dir='ltr'><strong>fateor</strong></span> 
     </span>
    </p>
   </div>
   <div class='ocr_carea' id='block_1_47' title="bbox 2247 713 3942 786">
    <p class='ocr_par' dir='ltr' id='par_1_47' title="bbox 2247 713 3942 786">
     <span class='ocr_line' id='line_1_47' title="bbox 2247 713 3942 786; baseline 0.003 -19"><span class='ocrx_word' id='word_1_379' title='bbox 2247 729 2365 768; x_wconf 91' lang='lat' dir='ltr'><strong>non</strong></span> <span class='ocrx_word' id='word_1_380' title='bbox 2407 715 2530 768; x_wconf 89' lang='lat' dir='ltr'><strong>sine</strong></span> <span class='ocrx_word' id='word_1_381' title='bbox 2569 715 2818 768; x_wconf 86' lang='lat' dir='ltr'><strong>lacrimis</strong></span> <span class='ocrx_word' id='word_1_382' title='bbox 2873 715 3113 785; x_wconf 87' lang='lat' dir='ltr'><strong>repetivi</strong></span> <span class='ocrx_word' id='word_1_383' title='bbox 3151 713 3228 748; x_wconf 81' lang='grc'><strong>³¹⁵</strong></span> <span class='ocrx_word' id='word_1_384' title='bbox 3283 717 3579 786; x_wconf 89' lang='lat' dir='ltr'><strong>querelam</strong></span> <span class='ocrx_word' id='word_1_385' title='bbox 3635 734 3649 771; x_wconf 92' lang='lat'><strong>:</strong></span> <span class='ocrx_word' id='word_1_386' title='bbox 3702 736 3731 765; x_wconf 75' lang='grc' dir='ltr'>α</span> <span class='ocrx_word' id='word_1_387' title='bbox 3775 719 3847 772; x_wconf 85' lang='lat' dir='ltr'><strong>Et</strong></span> <span class='ocrx_word' id='word_1_388' title='bbox 3883 719 3942 772; x_wconf 85' lang='lat' dir='ltr'><strong>fu</strong></span> 
     </span>
    </p>
   </div>
   <div class='ocr_carea' id='block_1_48' title="bbox 2250 801 3942 874">
    <p class='ocr_par' dir='ltr' id='par_1_48' title="bbox 2250 801 3942 874">
     <span class='ocr_line' id='line_1_48' title="bbox 2250 801 3942 874; baseline 0.004 -20"><span class='ocrx_word' id='word_1_389' title='bbox 2250 824 2278 852; x_wconf 90' lang='grc'><strong>‹‹</strong></span> <span class='ocrx_word' id='word_1_390' title='bbox 2316 802 2638 874; x_wconf 87' lang='lat' dir='ltr'><strong>ﬂagellatus</strong></span> <span class='ocrx_word' id='word_1_391' title='bbox 2659 809 2779 857; x_wconf 87' lang='lat' dir='ltr'><strong>tota</strong></span> <span class='ocrx_word' id='word_1_392' title='bbox 2799 809 2963 857; x_wconf 91' lang='lat' dir='ltr'><strong>nocte</strong></span> <span class='ocrx_word' id='word_1_393' title='bbox 2993 801 3088 870; x_wconf 75' lang='grc' dir='ltr'><strong>διδ,</strong></span> <span class='ocrx_word' id='word_1_394' title='bbox 3117 808 3174 858; x_wconf 93' lang='lat' dir='ltr'><strong>et</strong></span> <span class='ocrx_word' id='word_1_395' title='bbox 3202 805 3499 874; x_wconf 88' lang='lat' dir='ltr'><strong>castigatio</strong></span> <span class='ocrx_word' id='word_1_396' title='bbox 3532 822 3662 860; x_wconf 89' lang='lat' dir='ltr'><strong>mea</strong></span> <span class='ocrx_word' id='word_1_397' title='bbox 3681 805 3746 860; x_wconf 92' lang='lat' dir='ltr'><strong>in</strong></span> <span class='ocrx_word' id='word_1_398' title='bbox 3770 813 3942 860; x_wconf 89' lang='lat' dir='ltr'><strong>matu</strong></span> 
     </span>
    </p>
   </div>
   <div class='ocr_carea' id='block_1_49' title="bbox 2249 893 3942 967">
    <p class='ocr_par' dir='ltr' id='par_1_49' title="bbox 2249 893 3942 967">
     <span class='ocr_line' id='line_1_49' title="bbox 2249 893 3942 967; baseline 0.005 -26"><span class='ocrx_word' id='word_1_399' title='bbox 2249 914 2277 941; x_wconf 92' lang='grc'><strong>‹‹</strong></span> <span class='ocrx_word' id='word_1_400' title='bbox 2315 893 2451 947; x_wconf 89' lang='lat' dir='ltr'><strong>tinis</strong></span> <span class='ocrx_word' id='word_1_401' title='bbox 2482 895 2650 961; x_wconf 80' lang='lat' dir='ltr'><strong>(Psal.</strong></span> <span class='ocrx_word' id='word_1_402' title='bbox 2688 910 2856 959; x_wconf 81' lang='lat' dir='ltr'><strong>Lxxii,</strong></span> <span class='ocrx_word' id='word_1_403' title='bbox 2890 895 2994 964; x_wconf 74' lang='grc'>14).</span> <span class='ocrx_word' id='word_1_404' title='bbox 3031 913 3060 945; x_wconf 76' lang='grc' dir='ltr'><strong>ι»</strong></span> <span class='ocrx_word' id='word_1_405' title='bbox 3090 895 3236 964; x_wconf 85' lang='lat' dir='ltr'><strong>Ergo</strong></span> <span class='ocrx_word' id='word_1_406' title='bbox 3260 895 3463 949; x_wconf 81' lang='lat' dir='ltr'><strong>fratres</strong></span> <span class='ocrx_word' id='word_1_407' title='bbox 3493 896 3628 962; x_wconf 91' lang='lat' dir='ltr'><strong>mei,</strong></span> <span class='ocrx_word' id='word_1_408' title='bbox 3662 897 3942 967; x_wconf 85' lang='lat' dir='ltr'><strong>quonian</strong></span> 
     </span>
    </p>
   </div>
   <div class='ocr_carea' id='block_1_50' title="bbox 2245 981 3941 1054">
    <p class='ocr_par' dir='ltr' id='par_1_50' title="bbox 2245 981 3941 1054">
     <span class='ocr_line' id='line_1_50' title="bbox 2245 981 3941 1054; baseline 0.001 -20"><span class='ocrx_word' id='word_1_409' title='bbox 2245 981 2524 1034; x_wconf 90' lang='lat' dir='ltr'><strong>Dominus</strong></span> <span class='ocrx_word' id='word_1_410' title='bbox 2579 983 2911 1052; x_wconf 90' lang='lat' dir='ltr'><strong>castigando</strong></span> <span class='ocrx_word' id='word_1_411' title='bbox 2973 998 3064 1034; x_wconf 91' lang='lat' dir='ltr'><strong>me</strong></span> <span class='ocrx_word' id='word_1_412' title='bbox 3135 983 3416 1052; x_wconf 88' lang='lat' dir='ltr'><strong>castigare</strong></span> <span class='ocrx_word' id='word_1_413' title='bbox 3501 983 3782 1054; x_wconf 83' lang='lat' dir='ltr'><strong>dignatus</strong></span> <span class='ocrx_word' id='word_1_414' title='bbox 3821 993 3941 1038; x_wconf 87' lang='lat' dir='ltr'><strong>.est</strong></span> 
     </span>
    </p>
   </div>
   <div class='ocr_carea' id='block_1_51' title="bbox 2243 1069 3942 1143">
    <p class='ocr_par' dir='ltr' id='par_1_51' title="bbox 2243 1069 3942 1143">
     <span class='ocr_line' id='line_1_51' title="bbox 2243 1069 3942 1143; baseline 0.003 -21"><span class='ocrx_word' id='word_1_415' title='bbox 2243 1069 2486 1139; x_wconf 90' lang='lat' dir='ltr'><strong>gaudeo,</strong></span> <span class='ocrx_word' id='word_1_416' title='bbox 2514 1075 2568 1124; x_wconf 93' lang='lat' dir='ltr'><strong>et</strong></span> <span class='ocrx_word' id='word_1_417' title='bbox 2591 1071 2755 1140; x_wconf 84' lang='lat' dir='ltr'><strong>juxta</strong></span> <span class='ocrx_word' id='word_1_418' title='bbox 2782 1075 3025 1124; x_wconf 90' lang='lat' dir='ltr'><strong>vestram</strong></span> <span class='ocrx_word' id='word_1_419' title='bbox 3073 1071 3530 1125; x_wconf 86' lang='lat' dir='ltr'><strong>adhortationem</strong></span> <span class='ocrx_word' id='word_1_420' title='bbox 3562 1073 3800 1143; x_wconf 89' lang='lat' dir='ltr'><strong>patiens</strong></span> <span class='ocrx_word' id='word_1_421' title='bbox 3831 1090 3942 1127; x_wconf 87' lang='lat' dir='ltr'><strong>ero</strong></span> 
     </span>
    </p>
   </div>
   <div class='ocr_carea' id='block_1_52' title="bbox 2243 1159 3936 1231">
    <p class='ocr_par' dir='ltr' id='par_1_52' title="bbox 2243 1159 3936 1231">
     <span class='ocr_line' id='line_1_52' title="bbox 2243 1159 3936 1231; baseline 0.002 -20"><span class='ocrx_word' id='word_1_422' title='bbox 2243 1163 2414 1228; x_wconf 90' lang='lat' dir='ltr'><strong>atque</strong></span> <span class='ocrx_word' id='word_1_423' title='bbox 2445 1175 2751 1213; x_wconf 87' lang='lat' dir='ltr'><strong>conversus</strong></span> <span class='ocrx_word' id='word_1_424' title='bbox 2781 1175 2886 1229; x_wconf 92' lang='lat' dir='ltr'><strong>pro</strong></span> <span class='ocrx_word' id='word_1_425' title='bbox 2934 1159 3096 1213; x_wconf 84' lang='lat' dir='ltr'><strong>factis</strong></span> <span class='ocrx_word' id='word_1_426' title='bbox 3125 1159 3404 1230; x_wconf 88' lang='lat' dir='ltr'><strong>dictisque</strong></span> <span class='ocrx_word' id='word_1_427' title='bbox 3455 1161 3599 1214; x_wconf 90' lang='lat' dir='ltr'><strong>meis</strong></span> <span class='ocrx_word' id='word_1_428' title='bbox 3647 1163 3936 1231; x_wconf 76' lang='lat' dir='ltr'><strong>poeniten</strong></span> 
     </span>
    </p>
   </div>
   <div class='ocr_carea' id='block_1_53' title="bbox 2240 1245 3938 1317">
    <p class='ocr_par' dir='ltr' id='par_1_53' title="bbox 2240 1245 3938 1317">
     <span class='ocr_line' id='line_1_53' title="bbox 2240 1245 3938 1317; baseline 0.002 -18"><span class='ocrx_word' id='word_1_429' title='bbox 2240 1247 2378 1300; x_wconf 89' lang='lat' dir='ltr'><strong>tiam</strong></span> <span class='ocrx_word' id='word_1_430' title='bbox 2433 1262 2602 1317; x_wconf 89' lang='lat' dir='ltr'><strong>agam</strong></span> <span class='ocrx_word' id='word_1_431' title='bbox 2649 1245 2743 1314; x_wconf 72' lang='lat'><strong>“7,</strong></span> <span class='ocrx_word' id='word_1_432' title='bbox 2802 1254 2860 1302; x_wconf 90' lang='lat' dir='ltr'><strong>et</strong></span> <span class='ocrx_word' id='word_1_433' title='bbox 2917 1252 2972 1301; x_wconf 88' lang='lat' dir='ltr'><strong>te</strong></span> <span class='ocrx_word' id='word_1_434' title='bbox 3033 1247 3214 1302; x_wconf 90' lang='lat' dir='ltr'><strong>Deum</strong></span> <span class='ocrx_word' id='word_1_435' title='bbox 3271 1247 3536 1316; x_wconf 90' lang='lat' dir='ltr'><strong>laudabo,</strong></span> <span class='ocrx_word' id='word_1_436' title='bbox 3592 1253 3653 1302; x_wconf 88' lang='lat' dir='ltr'><strong>ut</strong></span> <span class='ocrx_word' id='word_1_437' title='bbox 3704 1249 3773 1303; x_wconf 90' lang='lat' dir='ltr'><strong>in</strong></span> <span class='ocrx_word' id='word_1_438' title='bbox 3828 1266 3938 1303; x_wconf 89' lang='lat' dir='ltr'><strong>om</strong></span> 
     </span>
    </p>
   </div>
   <div class='ocr_carea' id='block_1_54' title="bbox 2239 1333 3942 1408">
    <p class='ocr_par' dir='ltr' id='par_1_54' title="bbox 2239 1333 3942 1408">
     <span class='ocr_line' id='line_1_54' title="bbox 2239 1333 3942 1408; baseline 0.002 -22"><span class='ocrx_word' id='word_1_439' title='bbox 2239 1333 2410 1388; x_wconf 90' lang='lat' dir='ltr'><strong>nibus</strong></span> <span class='ocrx_word' id='word_1_440' title='bbox 2445 1335 2864 1390; x_wconf 81' lang='lat' dir='ltr'><strong>honoriﬁceris.</strong></span> <span class='ocrx_word' id='word_1_441' title='bbox 2909 1335 3008 1406; x_wconf 89' lang='lat' dir='ltr'><strong>qui</strong></span> <span class='ocrx_word' id='word_1_442' title='bbox 3049 1335 3311 1389; x_wconf 88' lang='lat' dir='ltr'><strong>irasceris</strong></span> <span class='ocrx_word' id='word_1_443' title='bbox 3344 1341 3400 1389; x_wconf 91' lang='lat' dir='ltr'><strong>et</strong></span> <span class='ocrx_word' id='word_1_444' title='bbox 3423 1337 3710 1408; x_wconf 89' lang='lat' dir='ltr'><strong>propitius</strong></span> <span class='ocrx_word' id='word_1_445' title='bbox 3743 1337 3872 1392; x_wconf 89' lang='lat' dir='ltr'><strong>eris</strong></span> <span class='ocrx_word' id='word_1_446' title='bbox 3909 1354 3942 1390; x_wconf 89' lang='lat' dir='ltr'><strong>e</strong></span> 
     </span>
    </p>
   </div>
   <div class='ocr_carea' id='block_1_55' title="bbox 2238 1422 3942 1493">
    <p class='ocr_par' dir='ltr' id='par_1_55' title="bbox 2238 1422 3942 1493">
     <span class='ocr_line' id='line_1_55' title="bbox 2238 1422 3942 1493; baseline -0.001 -17"><span class='ocrx_word' id='word_1_447' title='bbox 2238 1423 2432 1476; x_wconf 91' lang='lat' dir='ltr'><strong>omnia</strong></span> <span class='ocrx_word' id='word_1_448' title='bbox 2458 1429 2686 1493; x_wconf 91' lang='lat' dir='ltr'><strong>peccata</strong></span> <span class='ocrx_word' id='word_1_449' title='bbox 2709 1423 3011 1478; x_wconf 86' lang='lat' dir='ltr'><strong>hominum</strong></span> <span class='ocrx_word' id='word_1_450' title='bbox 3034 1422 3109 1458; x_wconf 67' lang='grc' dir='ltr'><strong>δίε</strong></span> <span class='ocrx_word' id='word_1_451' title='bbox 3129 1425 3188 1477; x_wconf 89' lang='lat' dir='ltr'><strong>in</strong></span> <span class='ocrx_word' id='word_1_452' title='bbox 3218 1424 3586 1480; x_wconf 90' lang='lat' dir='ltr'><strong>tribulatione</strong></span> <span class='ocrx_word' id='word_1_453' title='bbox 3617 1426 3910 1480; x_wconf 90' lang='lat' dir='ltr'><strong>dimittis.</strong></span> <span class='ocrx_word' id='word_1_454' title='bbox 3938 1449 3942 1475; x_wconf 70' lang='grc' dir='ltr'><strong><em>λ</em></strong></span> 
     </span>
    </p>
   </div>
   <div class='ocr_carea' id='block_1_56' title="bbox 2238 1511 3941 1584">
    <p class='ocr_par' dir='ltr' id='par_1_56' title="bbox 2238 1511 3941 1584">
     <span class='ocr_line' id='line_1_56' title="bbox 2238 1511 3941 1584; baseline 0.002 -20"><span class='ocrx_word' id='word_1_455' title='bbox 2238 1511 2372 1564; x_wconf 86' lang='lat' dir='ltr'><strong>Post</strong></span> <span class='ocrx_word' id='word_1_456' title='bbox 2426 1512 2546 1565; x_wconf 75' lang='lat' dir='ltr'><strong>huic</strong></span> <span class='ocrx_word' id='word_1_457' title='bbox 2593 1529 2822 1582; x_wconf 92' lang='lat' dir='ltr'><strong>quoque</strong></span> <span class='ocrx_word' id='word_1_458' title='bbox 2865 1511 3018 1581; x_wconf 89' lang='lat' dir='ltr'><strong>ligna</strong></span> <span class='ocrx_word' id='word_1_459' title='bbox 3057 1518 3112 1566; x_wconf 91' lang='lat' dir='ltr'><strong>et</strong></span> <span class='ocrx_word' id='word_1_460' title='bbox 3170 1513 3386 1582; x_wconf 89' lang='lat' dir='ltr'><strong>lapides</strong></span> <span class='ocrx_word' id='word_1_461' title='bbox 3433 1519 3592 1566; x_wconf 89' lang='lat' dir='ltr'><strong>extra</strong></span> <span class='ocrx_word' id='word_1_462' title='bbox 3650 1515 3941 1584; x_wconf 82' lang='lat' dir='ltr'><strong>templun</strong></span> 
     </span>
    </p>
   </div>
   <div class='ocr_carea' id='block_1_57' title="bbox 2243 1599 3942 1671">
    <p class='ocr_par' dir='ltr' id='par_1_57' title="bbox 2243 1599 3942 1671">
     <span class='ocr_line' id='line_1_57' title="bbox 2243 1599 3942 1671; baseline 0.002 -19"><span class='ocrx_word' id='word_1_463' title='bbox 2243 1605 2544 1670; x_wconf 81' lang='lat' dir='ltr'><strong>exportare</strong></span> <span class='ocrx_word' id='word_1_464' title='bbox 2585 1602 2862 1670; x_wconf 65' lang='lat' dir='ltr'><strong>praecepit</strong></span> <span class='ocrx_word' id='word_1_465' title='bbox 2900 1599 2996 1666; x_wconf 67' lang='lat'><strong>3‘9,</strong></span> <span class='ocrx_word' id='word_1_466' title='bbox 3036 1601 3343 1671; x_wconf 87' lang='lat' dir='ltr'><strong>positoque</strong></span> <span class='ocrx_word' id='word_1_467' title='bbox 3395 1601 3805 1668; x_wconf 83' lang='lat' dir='ltr'><strong>fundamento,</strong></span> <span class='ocrx_word' id='word_1_468' title='bbox 3849 1603 3942 1656; x_wconf 77' lang='lat' dir='ltr'><strong>tir-</strong></span> 
     </span>
    </p>
   </div>
   <div class='ocr_carea' id='block_1_58' title="bbox 2236 1689 3941 1760">
    <p class='ocr_par' dir='ltr' id='par_1_58' title="bbox 2236 1689 3941 1760">
     <span class='ocr_line' id='line_1_58' title="bbox 2236 1689 3941 1760; baseline 0.002 -19"><span class='ocrx_word' id='word_1_469' title='bbox 2236 1689 2406 1741; x_wconf 89' lang='lat' dir='ltr'><strong>miter</strong></span> <span class='ocrx_word' id='word_1_470' title='bbox 2434 1689 2758 1751; x_wconf 76' lang='lat' dir='ltr'><strong>aedificavit,</strong></span> <span class='ocrx_word' id='word_1_471' title='bbox 2789 1695 2844 1742; x_wconf 92' lang='lat' dir='ltr'><strong>et</strong></span> <span class='ocrx_word' id='word_1_472' title='bbox 2894 1689 2951 1742; x_wconf 90' lang='lat' dir='ltr'><strong>in</strong></span> <span class='ocrx_word' id='word_1_473' title='bbox 2983 1690 3205 1744; x_wconf 87' lang='lat' dir='ltr'><strong>duobus</strong></span> <span class='ocrx_word' id='word_1_474' title='bbox 3237 1706 3383 1760; x_wconf 88' lang='lat' dir='ltr'><strong>pene</strong></span> <span class='ocrx_word' id='word_1_475' title='bbox 3415 1692 3585 1744; x_wconf 87' lang='lat' dir='ltr'><strong>annis</strong></span> <span class='ocrx_word' id='word_1_476' title='bbox 3615 1691 3689 1744; x_wconf 89' lang='lat' dir='ltr'><strong>ad</strong></span> <span class='ocrx_word' id='word_1_477' title='bbox 3717 1698 3941 1745; x_wconf 72' lang='lat' dir='ltr'><strong>statuit</strong></span> 
     </span>
    </p>
   </div>
   <div class='ocr_carea' id='block_1_59' title="bbox 2234 1777 3942 1848">
    <p class='ocr_par' dir='ltr' id='par_1_59' title="bbox 2234 1777 3942 1848">
     <span class='ocr_line' id='line_1_59' title="bbox 2234 1777 3942 1848; baseline 0.002 -19"><span class='ocrx_word' id='word_1_478' title='bbox 2234 1777 2542 1846; x_wconf 83' lang='lat' dir='ltr'><strong>pristinum</strong></span> <span class='ocrx_word' id='word_1_479' title='bbox 2566 1777 2850 1846; x_wconf 86' lang='lat' dir='ltr'><strong>perduxit.</strong></span> <span class='ocrx_word' id='word_1_480' title='bbox 2884 1779 3042 1831; x_wconf 89' lang='lat' dir='ltr'><strong>Tunc</strong></span> <span class='ocrx_word' id='word_1_481' title='bbox 3069 1779 3257 1848; x_wconf 88' lang='lat' dir='ltr'><strong>capita</strong></span> <span class='ocrx_word' id='word_1_482' title='bbox 3277 1779 3678 1833; x_wconf 89' lang='lat' dir='ltr'><strong>columnarum</strong></span> <span class='ocrx_word' id='word_1_483' title='bbox 3705 1795 3942 1833; x_wconf 67' lang='lat' dir='ltr'><strong>necnon</strong></span> 
     </span>
    </p>
   </div>
   <div class='ocr_carea' id='block_1_60' title="bbox 2233 1865 3942 1938">
    <p class='ocr_par' dir='ltr' id='par_1_60' title="bbox 2233 1865 3942 1938">
     <span class='ocr_line' id='line_1_60' title="bbox 2233 1865 3942 1938; baseline 0.002 -20"><span class='ocrx_word' id='word_1_484' title='bbox 2233 1865 2543 1936; x_wconf 90' lang='lat' dir='ltr'><strong>quadratos</strong></span> <span class='ocrx_word' id='word_1_485' title='bbox 2592 1867 2811 1936; x_wconf 87' lang='lat' dir='ltr'><strong>lapides</strong></span> <span class='ocrx_word' id='word_1_486' title='bbox 2854 1866 2911 1919; x_wconf 92' lang='lat' dir='ltr'><strong>in</strong></span> <span class='ocrx_word' id='word_1_487' title='bbox 2955 1867 3081 1936; x_wconf 91' lang='lat' dir='ltr'><strong>giro</strong></span> <span class='ocrx_word' id='word_1_488' title='bbox 3127 1867 3460 1920; x_wconf 87' lang='lat' dir='ltr'><strong>monasterii</strong></span> <span class='ocrx_word' id='word_1_489' title='bbox 3494 1867 3942 1938; x_wconf 80' lang='lat' dir='ltr'><strong>circumposita:</strong></span> 
     </span>
    </p>
   </div>
   <div class='ocr_carea' id='block_1_61' title="bbox 2230 1953 3942 2024">
    <p class='ocr_par' dir='ltr' id='par_1_61' title="bbox 2230 1953 3942 2024">
     <span class='ocr_line' id='line_1_61' title="bbox 2230 1953 3942 2024; baseline 0.003 -18"><span class='ocrx_word' id='word_1_490' title='bbox 2230 1953 2544 2019; x_wconf 87' lang='lat' dir='ltr'><strong>deauravit,</strong></span> <span class='ocrx_word' id='word_1_491' title='bbox 2577 1959 2632 2006; x_wconf 92' lang='lat' dir='ltr'><strong>et</strong></span> <span class='ocrx_word' id='word_1_492' title='bbox 2679 1970 2852 2008; x_wconf 90' lang='lat' dir='ltr'><strong>omne</strong></span> <span class='ocrx_word' id='word_1_493' title='bbox 2890 1955 3170 2024; x_wconf 89' lang='lat' dir='ltr'><strong>templum</strong></span> <span class='ocrx_word' id='word_1_494' title='bbox 3211 1954 3384 2008; x_wconf 91' lang='lat' dir='ltr'><strong>variis</strong></span> <span class='ocrx_word' id='word_1_495' title='bbox 3427 1957 3792 2010; x_wconf 88' lang='lat' dir='ltr'><strong>ornamentis</strong></span> <span class='ocrx_word' id='word_1_496' title='bbox 3828 1974 3942 2011; x_wconf 87' lang='lat' dir='ltr'><strong>un-</strong></span> 
     </span>
    </p>
   </div>
   <div class='ocr_carea' id='block_1_62' title="bbox 2229 2041 2749 2112">
    <p class='ocr_par' dir='ltr' id='par_1_62' title="bbox 2229 2041 2749 2112">
     <span class='ocr_line' id='line_1_62' title="bbox 2229 2041 2749 2112; baseline 0 -17"><span class='ocrx_word' id='word_1_497' title='bbox 2229 2041 2404 2112; x_wconf 87' lang='lat' dir='ltr'><strong>dique</strong></span> <span class='ocrx_word' id='word_1_498' title='bbox 2441 2041 2749 2096; x_wconf 89' lang='lat' dir='ltr'><strong>decoravit.</strong></span> 
     </span>
    </p>
   </div>
   <div class='ocr_carea' id='block_1_63' title="bbox 2302 2162 3942 2234">
    <p class='ocr_par' dir='ltr' id='par_1_63' title="bbox 2302 2162 3942 2234">
     <span class='ocr_line' id='line_1_63' title="bbox 2302 2162 3942 2234; baseline 0.001 -17"><span class='ocrx_word' id='word_1_499' title='bbox 2302 2166 2386 2218; x_wconf 85' lang='grc'>16.</span> <span class='ocrx_word' id='word_1_500' title='bbox 2429 2163 2644 2217; x_wconf 89' lang='lat' dir='ltr'><strong>Deinde</strong></span> <span class='ocrx_word' id='word_1_501' title='bbox 2674 2162 3045 2234; x_wconf 68' lang='lat' dir='ltr'><strong>praebendam</strong></span> <span class='ocrx_word' id='word_1_502' title='bbox 3077 2163 3317 2216; x_wconf 85' lang='lat' dir='ltr'><strong>fratrum</strong></span> <span class='ocrx_word' id='word_1_503' title='bbox 3355 2163 3424 2217; x_wconf 89' lang='lat' dir='ltr'><strong>ad</strong></span> <span class='ocrx_word' id='word_1_504' title='bbox 3461 2163 3654 2216; x_wconf 90' lang='lat' dir='ltr'><strong>sedem</strong></span> <span class='ocrx_word' id='word_1_505' title='bbox 3694 2162 3776 2197; x_wconf 79' lang='grc'><strong>³²⁰</strong></span> <span class='ocrx_word' id='word_1_506' title='bbox 3819 2165 3942 2218; x_wconf 88' lang='lat' dir='ltr'><strong>Deo</strong></span> 
     </span>
    </p>
   </div>
   <div class='ocr_carea' id='block_1_64' title="bbox 2225 2251 3941 2322">
    <p class='ocr_par' dir='ltr' id='par_1_64' title="bbox 2225 2251 3941 2322">
     <span class='ocr_line' id='line_1_64' title="bbox 2225 2251 3941 2322; baseline 0.001 -18"><span class='ocrx_word' id='word_1_507' title='bbox 2225 2251 2621 2317; x_wconf 88' lang='lat' dir='ltr'><strong>servientium,</strong></span> <span class='ocrx_word' id='word_1_508' title='bbox 2665 2268 2794 2322; x_wconf 65' lang='lat' dir='ltr'><strong>quae</strong></span> <span class='ocrx_word' id='word_1_509' title='bbox 2849 2267 2913 2304; x_wconf 82' lang='lat' dir='ltr'><strong>ex</strong></span> <span class='ocrx_word' id='word_1_510' title='bbox 2962 2252 3349 2304; x_wconf 88' lang='lat' dir='ltr'><strong>vetustissima</strong></span> <span class='ocrx_word' id='word_1_511' title='bbox 3402 2252 3750 2322; x_wconf 87' lang='lat' dir='ltr'><strong>antiquitate</strong></span> <span class='ocrx_word' id='word_1_512' title='bbox 3806 2254 3941 2322; x_wconf 86' lang='lat' dir='ltr'><strong>jam</strong></span> 
     </span>
    </p>
   </div>
   <div class='ocr_carea' id='block_1_65' title="bbox 2221 2339 3938 2411">
    <p class='ocr_par' dir='ltr' id='par_1_65' title="bbox 2221 2339 3938 2411">
     <span class='ocr_line' id='line_1_65' title="bbox 2221 2339 3938 2411; baseline 0 -18"><span class='ocrx_word' id='word_1_513' title='bbox 2221 2340 2510 2393; x_wconf 85' lang='lat' dir='ltr'><strong>defecerat</strong></span> <span class='ocrx_word' id='word_1_514' title='bbox 2567 2342 2633 2375; x_wconf 80' lang='grc'><strong>³²¹</strong></span> <span class='ocrx_word' id='word_1_515' title='bbox 2667 2356 2729 2394; x_wconf 92' lang='lat' dir='ltr'><strong>ac</strong></span> <span class='ocrx_word' id='word_1_516' title='bbox 2773 2341 2844 2375; x_wconf 82' lang='grc'><strong>³²²</strong></span> <span class='ocrx_word' id='word_1_517' title='bbox 2886 2339 3122 2393; x_wconf 90' lang='lat' dir='ltr'><strong>omnino</strong></span> <span class='ocrx_word' id='word_1_518' title='bbox 3167 2355 3314 2411; x_wconf 91' lang='lat' dir='ltr'><strong>pene</strong></span> <span class='ocrx_word' id='word_1_519' title='bbox 3360 2341 3620 2409; x_wconf 83' lang='lat' dir='ltr'><strong>neglecta</strong></span> <span class='ocrx_word' id='word_1_520' title='bbox 3666 2345 3796 2394; x_wconf 91' lang='lat' dir='ltr'><strong>erat</strong></span> <span class='ocrx_word' id='word_1_521' title='bbox 3832 2341 3938 2406; x_wconf 62' lang='lat'><strong>3’3,</strong></span> 
     </span>
    </p>
   </div>
   <div class='ocr_carea' id='block_1_66' title="bbox 2223 2427 3938 2496">
    <p class='ocr_par' dir='ltr' id='par_1_66' title="bbox 2223 2427 3938 2496">
     <span class='ocr_line' id='line_1_66' title="bbox 2223 2427 3938 2496; baseline 0.001 -16"><span class='ocrx_word' id='word_1_522' title='bbox 2223 2427 2645 2482; x_wconf 89' lang='lat' dir='ltr'><strong>rationabiliter</strong></span> <span class='ocrx_word' id='word_1_523' title='bbox 2691 2434 3053 2481; x_wconf 87' lang='lat' dir='ltr'><strong>revocaverat</strong></span> <span class='ocrx_word' id='word_1_524' title='bbox 3098 2429 3173 2465; x_wconf 67' lang='lat'><strong>3&quot;</strong></span> <span class='ocrx_word' id='word_1_525' title='bbox 3219 2427 3364 2481; x_wconf 87' lang='lat' dir='ltr'><strong>etin</strong></span> <span class='ocrx_word' id='word_1_526' title='bbox 3420 2427 3707 2496; x_wconf 84' lang='lat' dir='ltr'><strong>optimum</strong></span> <span class='ocrx_word' id='word_1_527' title='bbox 3754 2445 3938 2482; x_wconf 88' lang='lat' dir='ltr'><strong>usum</strong></span> 
     </span>
    </p>
   </div>
   <div class='ocr_carea' id='block_1_67' title="bbox 2222 2515 3938 2586">
    <p class='ocr_par' dir='ltr' id='par_1_67' title="bbox 2222 2515 3938 2586">
     <span class='ocr_line' id='line_1_67' title="bbox 2222 2515 3938 2586; baseline 0.001 -17"><span class='ocrx_word' id='word_1_528' title='bbox 2222 2521 2561 2570; x_wconf 86' lang='lat' dir='ltr'><strong>mutaverat.</strong></span> <span class='ocrx_word' id='word_1_529' title='bbox 2618 2518 2761 2586; x_wconf 86' lang='lat' dir='ltr'><strong>Ergo</strong></span> <span class='ocrx_word' id='word_1_530' title='bbox 2796 2517 3014 2570; x_wconf 89' lang='lat' dir='ltr'><strong>cunctis</strong></span> <span class='ocrx_word' id='word_1_531' title='bbox 3044 2516 3316 2569; x_wconf 88' lang='lat' dir='ltr'><strong>canonice</strong></span> <span class='ocrx_word' id='word_1_532' title='bbox 3370 2515 3670 2581; x_wconf 90' lang='lat' dir='ltr'><strong>ordinatis,</strong></span> <span class='ocrx_word' id='word_1_533' title='bbox 3721 2534 3938 2571; x_wconf 88' lang='lat' dir='ltr'><strong>omnes</strong></span> 
     </span>
    </p>
   </div>
   <div class='ocr_carea' id='block_1_68' title="bbox 2222 2603 3936 2674">
    <p class='ocr_par' dir='ltr' id='par_1_68' title="bbox 2222 2603 3936 2674">
     <span class='ocr_line' id='line_1_68' title="bbox 2222 2603 3936 2674; baseline 0.001 -16"><span class='ocrx_word' id='word_1_534' title='bbox 2222 2605 2426 2658; x_wconf 86' lang='lat' dir='ltr'><strong>fratres</strong></span> <span class='ocrx_word' id='word_1_535' title='bbox 2465 2606 2780 2658; x_wconf 91' lang='lat' dir='ltr'><strong>secundum</strong></span> <span class='ocrx_word' id='word_1_536' title='bbox 2829 2605 3084 2674; x_wconf 89' lang='lat' dir='ltr'><strong>regulam</strong></span> <span class='ocrx_word' id='word_1_537' title='bbox 3125 2604 3272 2658; x_wconf 91' lang='lat' dir='ltr'><strong>victu</strong></span> <span class='ocrx_word' id='word_1_538' title='bbox 3316 2603 3604 2657; x_wconf 91' lang='lat' dir='ltr'><strong>cotidiano</strong></span> <span class='ocrx_word' id='word_1_539' title='bbox 3645 2605 3812 2659; x_wconf 84' lang='lat' dir='ltr'><strong>reﬁci</strong></span> <span class='ocrx_word' id='word_1_540' title='bbox 3857 2607 3936 2659; x_wconf 87' lang='lat' dir='ltr'><strong>ad</strong></span> 
     </span>
    </p>
   </div>
   <div class='ocr_carea' id='block_1_69' title="bbox 2222 2690 3932 2763">
    <p class='ocr_par' dir='ltr' id='par_1_69' title="bbox 2222 2690 3932 2763">
     <span class='ocr_line' id='line_1_69' title="bbox 2222 2690 3932 2763; baseline 0.001 -18"><span class='ocrx_word' id='word_1_541' title='bbox 2222 2693 2584 2746; x_wconf 90' lang='lat' dir='ltr'><strong>refectorium</strong></span> <span class='ocrx_word' id='word_1_542' title='bbox 2616 2691 2690 2726; x_wconf 75' lang='grc'><strong>⁶²⁵</strong></span> <span class='ocrx_word' id='word_1_543' title='bbox 2736 2694 2906 2746; x_wconf 91' lang='lat' dir='ltr'><strong>simul</strong></span> <span class='ocrx_word' id='word_1_544' title='bbox 2949 2693 3220 2762; x_wconf 66' lang='lat' dir='ltr'><strong>praecepit</strong></span> <span class='ocrx_word' id='word_1_545' title='bbox 3282 2690 3372 2745; x_wconf 83' lang='grc'><strong>³²⁶.</strong></span> <span class='ocrx_word' id='word_1_546' title='bbox 3434 2691 3713 2746; x_wconf 83' lang='lat' dir='ltr'><strong>Similiter</strong></span> <span class='ocrx_word' id='word_1_547' title='bbox 3773 2711 3932 2763; x_wconf 68' lang='lat' dir='ltr'><strong>prse-</strong></span> 
     </span>
    </p>
   </div>
   <div class='ocr_carea' id='block_1_70' title="bbox 2219 2779 3932 2850">
    <p class='ocr_par' dir='ltr' id='par_1_70' title="bbox 2219 2779 3932 2850">
     <span class='ocr_line' id='line_1_70' title="bbox 2219 2779 3932 2850; baseline 0.002 -18"><span class='ocrx_word' id='word_1_548' title='bbox 2219 2779 2467 2834; x_wconf 89' lang='lat' dir='ltr'><strong>bendam</strong></span> <span class='ocrx_word' id='word_1_549' title='bbox 2515 2779 2585 2816; x_wconf 71' lang='lat'><strong>&quot;7</strong></span> <span class='ocrx_word' id='word_1_550' title='bbox 2639 2786 2877 2847; x_wconf 89' lang='lat' dir='ltr'><strong>;ratrum</strong></span> <span class='ocrx_word' id='word_1_551' title='bbox 2927 2780 3078 2850; x_wconf 93' lang='lat' dir='ltr'><strong>apud</strong></span> <span class='ocrx_word' id='word_1_552' title='bbox 3124 2780 3393 2834; x_wconf 89' lang='lat' dir='ltr'><strong>Sanctum</strong></span> <span class='ocrx_word' id='word_1_553' title='bbox 3455 2781 3779 2850; x_wconf 76' lang='lat' dir='ltr'><strong>Cyriacum,</strong></span> <span class='ocrx_word' id='word_1_554' title='bbox 3859 2799 3932 2835; x_wconf 78' lang='lat' dir='ltr'><strong>ex</strong></span> 
     </span>
    </p>
   </div>
   <div class='ocr_carea' id='block_1_71' title="bbox 2219 2867 3932 2939">
    <p class='ocr_par' dir='ltr' id='par_1_71' title="bbox 2219 2867 3932 2939">
     <span class='ocr_line' id='line_1_71' title="bbox 2219 2867 3932 2939; baseline 0.001 -18"><span class='ocrx_word' id='word_1_555' title='bbox 2219 2868 2579 2923; x_wconf 86' lang='lat' dir='ltr'><strong>incursorum</strong></span> <span class='ocrx_word' id='word_1_556' title='bbox 2628 2870 2986 2939; x_wconf 87' lang='lat' dir='ltr'><strong>negligentia</strong></span> <span class='ocrx_word' id='word_1_557' title='bbox 3016 2885 3164 2939; x_wconf 91' lang='lat' dir='ltr'><strong>pene</strong></span> <span class='ocrx_word' id='word_1_558' title='bbox 3188 2870 3534 2922; x_wconf 91' lang='lat' dir='ltr'><strong>destructam</strong></span> <span class='ocrx_word' id='word_1_559' title='bbox 3567 2867 3660 2935; x_wconf 77' lang='grc'><strong>³⁷⁸,</strong></span> <span class='ocrx_word' id='word_1_560' title='bbox 3697 2870 3932 2923; x_wconf 86' lang='lat' dir='ltr'><strong>miseri-</strong></span> 
     </span>
    </p>
   </div>
   <div class='ocr_carea' id='block_1_72' title="bbox 2217 2954 3924 3027">
    <p class='ocr_par' dir='ltr' id='par_1_72' title="bbox 2217 2954 3924 3027">
     <span class='ocr_line' id='line_1_72' title="bbox 2217 2954 3924 3027; baseline 0.001 -17"><span class='ocrx_word' id='word_1_561' title='bbox 2217 2957 2469 3011; x_wconf 90' lang='lat' dir='ltr'><strong>corditer</strong></span> <span class='ocrx_word' id='word_1_562' title='bbox 2503 2959 2818 3024; x_wconf 88' lang='lat' dir='ltr'><strong>renovavit,</strong></span> <span class='ocrx_word' id='word_1_563' title='bbox 2857 2963 2915 3012; x_wconf 90' lang='lat' dir='ltr'><strong>et</strong></span> <span class='ocrx_word' id='word_1_564' title='bbox 2943 2972 3040 3010; x_wconf 89' lang='lat' dir='ltr'><strong>eos</strong></span> <span class='ocrx_word' id='word_1_565' title='bbox 3086 2954 3160 2990; x_wconf 80' lang='grc'><strong>⁸²⁹</strong></span> <span class='ocrx_word' id='word_1_566' title='bbox 3191 2957 3360 3011; x_wconf 91' lang='lat' dir='ltr'><strong>simul</strong></span> <span class='ocrx_word' id='word_1_567' title='bbox 3406 2957 3564 3010; x_wconf 80' lang='lat' dir='ltr'><strong>refici</strong></span> <span class='ocrx_word' id='word_1_568' title='bbox 3600 2957 3778 3027; x_wconf 88' lang='lat' dir='ltr'><strong>jussit</strong></span> <span class='ocrx_word' id='word_1_569' title='bbox 3822 2959 3924 3011; x_wconf 70' lang='grc'><strong>³³0.</strong></span> 
     </span>
    </p>
   </div>
   <div class='ocr_carea' id='block_1_73' title="bbox 2217 3045 3924 3114">
    <p class='ocr_par' dir='ltr' id='par_1_73' title="bbox 2217 3045 3924 3114">
     <span class='ocr_line' id='line_1_73' title="bbox 2217 3045 3924 3114; baseline 0.001 -15"><span class='ocrx_word' id='word_1_570' title='bbox 2217 3045 2423 3100; x_wconf 91' lang='lat' dir='ltr'><strong>Omnia</strong></span> <span class='ocrx_word' id='word_1_571' title='bbox 2461 3051 2656 3099; x_wconf 79' lang='lat' dir='ltr'><strong>autem</strong></span> <span class='ocrx_word' id='word_1_572' title='bbox 2699 3046 2825 3099; x_wconf 90' lang='lat' dir='ltr'><strong>loca</strong></span> <span class='ocrx_word' id='word_1_573' title='bbox 2872 3045 2943 3099; x_wconf 91' lang='lat' dir='ltr'><strong>ad</strong></span> <span class='ocrx_word' id='word_1_574' title='bbox 2995 3061 3055 3098; x_wconf 92' lang='lat' dir='ltr'><strong>se</strong></span> <span class='ocrx_word' id='word_1_575' title='bbox 3110 3045 3460 3114; x_wconf 87' lang='lat' dir='ltr'><strong>pertinentia</strong></span> <span class='ocrx_word' id='word_1_576' title='bbox 3517 3061 3579 3098; x_wconf 88' lang='lat' dir='ltr'><strong>ex</strong></span> <span class='ocrx_word' id='word_1_577' title='bbox 3634 3053 3924 3100; x_wconf 88' lang='lat' dir='ltr'><strong>vetustate</strong></span> 
     </span>
    </p>
   </div>
   <div class='ocr_carea' id='block_1_74' title="bbox 2212 3133 3926 3204">
    <p class='ocr_par' dir='ltr' id='par_1_74' title="bbox 2212 3133 3926 3204">
     <span class='ocr_line' id='line_1_74' title="bbox 2212 3133 3926 3204; baseline 0.001 -16"><span class='ocrx_word' id='word_1_578' title='bbox 2212 3151 2359 3204; x_wconf 85' lang='lat' dir='ltr'><strong>pene</strong></span> <span class='ocrx_word' id='word_1_579' title='bbox 2421 3134 2712 3188; x_wconf 86' lang='lat' dir='ltr'><strong>destructa</strong></span> <span class='ocrx_word' id='word_1_580' title='bbox 2759 3149 2823 3187; x_wconf 90' lang='lat' dir='ltr'><strong>ac</strong></span> <span class='ocrx_word' id='word_1_581' title='bbox 2881 3133 3134 3187; x_wconf 90' lang='lat' dir='ltr'><strong>desolata</strong></span> <span class='ocrx_word' id='word_1_582' title='bbox 3163 3134 3310 3186; x_wconf 90' lang='lat' dir='ltr'><strong>miro</strong></span> <span class='ocrx_word' id='word_1_583' title='bbox 3345 3133 3580 3204; x_wconf 88' lang='lat' dir='ltr'><strong>ingenio</strong></span> <span class='ocrx_word' id='word_1_584' title='bbox 3621 3137 3926 3189; x_wconf 87' lang='lat' dir='ltr'><strong>renovavit</strong></span> 
     </span>
    </p>
   </div>
   <div class='ocr_carea' id='block_1_75' title="bbox 2213 3221 3923 3293">
    <p class='ocr_par' dir='ltr' id='par_1_75' title="bbox 2213 3221 3923 3293">
     <span class='ocr_line' id='line_1_75' title="bbox 2213 3221 3923 3293; baseline 0.001 -17"><span class='ocrx_word' id='word_1_585' title='bbox 2213 3227 2271 3276; x_wconf 88' lang='lat' dir='ltr'><strong>et</strong></span> <span class='ocrx_word' id='word_1_586' title='bbox 2301 3223 2482 3276; x_wconf 88' lang='lat' dir='ltr'><strong>muris</strong></span> <span class='ocrx_word' id='word_1_587' title='bbox 2521 3223 2808 3293; x_wconf 84' lang='lat' dir='ltr'><strong>variisque</strong></span> <span class='ocrx_word' id='word_1_588' title='bbox 2861 3221 3118 3276; x_wconf 66' lang='lat' dir='ltr'><strong>aediﬁciis</strong></span> <span class='ocrx_word' id='word_1_589' title='bbox 3165 3222 3395 3292; x_wconf 90' lang='lat' dir='ltr'><strong>egregie</strong></span> <span class='ocrx_word' id='word_1_590' title='bbox 3443 3222 3754 3276; x_wconf 85' lang='lat' dir='ltr'><strong>decoravit.</strong></span> <span class='ocrx_word' id='word_1_591' title='bbox 3802 3223 3923 3277; x_wconf 84' lang='lat' dir='ltr'><strong>Mo-</strong></span> 
     </span>
    </p>
   </div>
   <div class='ocr_carea' id='block_1_76' title="bbox 2214 3308 3923 3366">
    <p class='ocr_par' dir='ltr' id='par_1_76' title="bbox 2214 3308 3923 3366">
     <span class='ocr_line' id='line_1_76' title="bbox 2214 3308 3923 3366; baseline 0.002 -3"><span class='ocrx_word' id='word_1_592' title='bbox 2214 3311 2528 3364; x_wconf 90' lang='lat' dir='ltr'><strong>nasterium</strong></span> <span class='ocrx_word' id='word_1_593' title='bbox 2586 3308 2654 3344; x_wconf 82' lang='grc'><strong>³⁵¹</strong></span> <span class='ocrx_word' id='word_1_594' title='bbox 2709 3316 2903 3364; x_wconf 89' lang='lat' dir='ltr'><strong>autem</strong></span> <span class='ocrx_word' id='word_1_595' title='bbox 2947 3310 3119 3365; x_wconf 90' lang='lat' dir='ltr'><strong>simul</strong></span> <span class='ocrx_word' id='word_1_596' title='bbox 3171 3308 3244 3344; x_wconf 74' lang='grc'><strong>³⁸³</strong></span> <span class='ocrx_word' id='word_1_597' title='bbox 3278 3317 3336 3364; x_wconf 91' lang='lat' dir='ltr'><strong>et</strong></span> <span class='ocrx_word' id='word_1_598' title='bbox 3380 3311 3691 3364; x_wconf 89' lang='lat' dir='ltr'><strong>claustrum</strong></span> <span class='ocrx_word' id='word_1_599' title='bbox 3729 3315 3923 3366; x_wconf 87' lang='lat' dir='ltr'><strong>sancti</strong></span> 
     </span>
    </p>
   </div>
   <div class='ocr_carea' id='block_1_77' title="bbox 2210 3398 3922 3469">
    <p class='ocr_par' dir='ltr' id='par_1_77' title="bbox 2210 3398 3922 3469">
     <span class='ocr_line' id='line_1_77' title="bbox 2210 3398 3922 3469; baseline -0.001 -15"><span class='ocrx_word' id='word_1_600' title='bbox 2210 3400 2478 3468; x_wconf 72' lang='lat' dir='ltr'><strong>Andreas,</strong></span> <span class='ocrx_word' id='word_1_601' title='bbox 2525 3399 2674 3463; x_wconf 90' lang='lat' dir='ltr'><strong>quod</strong></span> <span class='ocrx_word' id='word_1_602' title='bbox 2723 3404 2880 3452; x_wconf 87' lang='lat' dir='ltr'><strong>extra</strong></span> <span class='ocrx_word' id='word_1_603' title='bbox 2924 3414 3152 3452; x_wconf 88' lang='lat' dir='ltr'><strong>murum</strong></span> <span class='ocrx_word' id='word_1_604' title='bbox 3215 3398 3591 3452; x_wconf 89' lang='lat' dir='ltr'><strong>constitutum</strong></span> <span class='ocrx_word' id='word_1_605' title='bbox 3648 3415 3758 3469; x_wconf 92' lang='lat' dir='ltr'><strong>per</strong></span> <span class='ocrx_word' id='word_1_606' title='bbox 3809 3416 3922 3454; x_wconf 91' lang='lat' dir='ltr'><strong>ne-</strong></span> 
     </span>
    </p>
   </div>
   <div class='ocr_carea' id='block_1_78' title="bbox 2209 3487 3922 3559">
    <p class='ocr_par' dir='ltr' id='par_1_78' title="bbox 2209 3487 3922 3559">
     <span class='ocr_line' id='line_1_78' title="bbox 2209 3487 3922 3559; baseline 0.002 -19"><span class='ocrx_word' id='word_1_607' title='bbox 2209 3489 2555 3559; x_wconf 89' lang='lat' dir='ltr'><strong>glectionem</strong></span> <span class='ocrx_word' id='word_1_608' title='bbox 2588 3488 2910 3542; x_wconf 89' lang='lat' dir='ltr'><strong>desolatum</strong></span> <span class='ocrx_word' id='word_1_609' title='bbox 2933 3493 3076 3552; x_wconf 88' lang='lat' dir='ltr'><strong>erat,</strong></span> <span class='ocrx_word' id='word_1_610' title='bbox 3109 3487 3262 3540; x_wconf 90' lang='lat' dir='ltr'><strong>intra</strong></span> <span class='ocrx_word' id='word_1_611' title='bbox 3291 3487 3364 3522; x_wconf 77' lang='grc'><strong>³³³</strong></span> <span class='ocrx_word' id='word_1_612' title='bbox 3413 3487 3702 3540; x_wconf 89' lang='lat' dir='ltr'><strong>civitatem</strong></span> <span class='ocrx_word' id='word_1_613' title='bbox 3735 3489 3922 3543; x_wconf 72' lang='lat' dir='ltr'><strong>aediﬁ-</strong></span> 
     </span>
    </p>
   </div>
   <div class='ocr_carea' id='block_1_79' title="bbox 2209 3576 3918 3642">
    <p class='ocr_par' dir='ltr' id='par_1_79' title="bbox 2209 3576 3918 3642">
     <span class='ocr_line' id='line_1_79' title="bbox 2209 3576 3918 3642; baseline 0.001 -12"><span class='ocrx_word' id='word_1_614' title='bbox 2209 3577 2376 3642; x_wconf 88' lang='lat' dir='ltr'><strong>cavit,</strong></span> <span class='ocrx_word' id='word_1_615' title='bbox 2409 3582 2466 3630; x_wconf 89' lang='lat' dir='ltr'><strong>et</strong></span> <span class='ocrx_word' id='word_1_616' title='bbox 2512 3577 2696 3629; x_wconf 88' lang='lat' dir='ltr'><strong>causis</strong></span> <span class='ocrx_word' id='word_1_617' title='bbox 2739 3576 3033 3630; x_wconf 90' lang='lat' dir='ltr'><strong>canonicis</strong></span> <span class='ocrx_word' id='word_1_618' title='bbox 3077 3577 3145 3630; x_wconf 92' lang='lat' dir='ltr'><strong>ad</strong></span> <span class='ocrx_word' id='word_1_619' title='bbox 3181 3593 3350 3630; x_wconf 90' lang='lat' dir='ltr'><strong>usum</strong></span> <span class='ocrx_word' id='word_1_620' title='bbox 3396 3576 3638 3630; x_wconf 87' lang='lat' dir='ltr'><strong>fratrum</strong></span> <span class='ocrx_word' id='word_1_621' title='bbox 3670 3593 3918 3632; x_wconf 89' lang='lat' dir='ltr'><strong>venera-</strong></span> 
     </span>
    </p>
   </div>
   <div class='ocr_carea' id='block_1_80' title="bbox 2211 3665 3918 3733">
    <p class='ocr_par' dir='ltr' id='par_1_80' title="bbox 2211 3665 3918 3733">
     <span class='ocr_line' id='line_1_80' title="bbox 2211 3665 3918 3733; baseline 0.001 -15"><span class='ocrx_word' id='word_1_622' title='bbox 2211 3665 2404 3719; x_wconf 90' lang='lat' dir='ltr'><strong>biliter</strong></span> <span class='ocrx_word' id='word_1_623' title='bbox 2433 3665 2506 3701; x_wconf 76' lang='grc'><strong>³³⁸</strong></span> <span class='ocrx_word' id='word_1_624' title='bbox 2536 3665 2833 3728; x_wconf 84' lang='lat' dir='ltr'><strong>ordinatis,</strong></span> <span class='ocrx_word' id='word_1_625' title='bbox 2867 3665 2934 3718; x_wconf 88' lang='lat' dir='ltr'><strong>ad</strong></span> <span class='ocrx_word' id='word_1_626' title='bbox 2968 3665 3192 3718; x_wconf 89' lang='lat' dir='ltr'><strong>laudem</strong></span> <span class='ocrx_word' id='word_1_627' title='bbox 3222 3669 3277 3718; x_wconf 92' lang='lat' dir='ltr'><strong>et</strong></span> <span class='ocrx_word' id='word_1_628' title='bbox 3298 3665 3544 3733; x_wconf 89' lang='lat' dir='ltr'><strong>gloriam</strong></span> <span class='ocrx_word' id='word_1_629' title='bbox 3578 3665 3680 3718; x_wconf 91' lang='lat' dir='ltr'><strong>Dei</strong></span> <span class='ocrx_word' id='word_1_630' title='bbox 3727 3668 3918 3720; x_wconf 91' lang='lat' dir='ltr'><strong>nostri</strong></span> 
     </span>
    </p>
   </div>
   <div class='ocr_carea' id='block_1_81' title="bbox 2211 3753 3147 3823">
    <p class='ocr_par' dir='ltr' id='par_1_81' title="bbox 2211 3753 3147 3823">
     <span class='ocr_line' id='line_1_81' title="bbox 2211 3753 3147 3823; baseline 0 -18"><span class='ocrx_word' id='word_1_631' title='bbox 2211 3754 2382 3806; x_wconf 87' lang='lat' dir='ltr'><strong>vitam</strong></span> <span class='ocrx_word' id='word_1_632' title='bbox 2417 3754 2741 3823; x_wconf 83' lang='lat' dir='ltr'><strong>regularem</strong></span> <span class='ocrx_word' id='word_1_633' title='bbox 2774 3753 3022 3807; x_wconf 88' lang='lat' dir='ltr'><strong>instituit</strong></span> <span class='ocrx_word' id='word_1_634' title='bbox 3051 3753 3147 3805; x_wconf 80' lang='grc'><strong>³³⁸.</strong></span> 
     </span>
    </p>
   </div>
   <div class='ocr_carea' id='block_1_82' title="bbox 2289 3881 3910 3952">
    <p class='ocr_par' dir='ltr' id='par_1_82' title="bbox 2289 3881 3910 3952">
     <span class='ocr_line' id='line_1_82' title="bbox 2289 3881 3910 3952; baseline 0 -15"><span class='ocrx_word' id='word_1_635' title='bbox 2289 3888 2366 3937; x_wconf 84' lang='lat' dir='ltr'><strong>l7.</strong></span> <span class='ocrx_word' id='word_1_636' title='bbox 2400 3884 2463 3937; x_wconf 88' lang='lat' dir='ltr'><strong>In</strong></span> <span class='ocrx_word' id='word_1_637' title='bbox 2495 3883 2608 3936; x_wconf 91' lang='lat' dir='ltr'><strong>illis</strong></span> <span class='ocrx_word' id='word_1_638' title='bbox 2639 3883 2811 3936; x_wconf 89' lang='lat' dir='ltr'><strong>etiam</strong></span> <span class='ocrx_word' id='word_1_639' title='bbox 2853 3882 3054 3936; x_wconf 90' lang='lat' dir='ltr'><strong>diebus</strong></span> <span class='ocrx_word' id='word_1_640' title='bbox 3086 3882 3368 3935; x_wconf 88' lang='lat' dir='ltr'><strong>Brunicho</strong></span> <span class='ocrx_word' id='word_1_641' title='bbox 3397 3883 3490 3948; x_wconf 78' lang='grc'><strong>³³⁸,</strong></span> <span class='ocrx_word' id='word_1_642' title='bbox 3525 3881 3594 3936; x_wconf 89' lang='lat' dir='ltr'><strong>de</strong></span> <span class='ocrx_word' id='word_1_643' title='bbox 3648 3899 3768 3952; x_wconf 90' lang='lat' dir='ltr'><strong>quo</strong></span> <span class='ocrx_word' id='word_1_644' title='bbox 3813 3899 3910 3936; x_wconf 88' lang='lat' dir='ltr'><strong>su-</strong></span> 
     </span>
    </p>
   </div>
   <div class='ocr_carea' id='block_1_83' title="bbox 2210 3967 3913 4044">
    <p class='ocr_par' dir='ltr' id='par_1_83' title="bbox 2210 3967 3913 4044">
     <span class='ocr_line' id='line_1_83' title="bbox 2210 3967 3913 4044; baseline -0.001 -18"><span class='ocrx_word' id='word_1_645' title='bbox 2210 3987 2313 4044; x_wconf 88' lang='lat' dir='ltr'><strong>pra</strong></span> <span class='ocrx_word' id='word_1_646' title='bbox 2344 3971 2591 4026; x_wconf 87' lang='lat' dir='ltr'><strong>diximus</strong></span> <span class='ocrx_word' id='word_1_647' title='bbox 2613 3972 2747 4040; x_wconf 89' lang='lat'><strong>(20),</strong></span> <span class='ocrx_word' id='word_1_648' title='bbox 2793 3970 3134 4024; x_wconf 88' lang='lat' dir='ltr'><strong>venerabilis</strong></span> <span class='ocrx_word' id='word_1_649' title='bbox 3164 3967 3238 4004; x_wconf 78' lang='grc'><strong>³⁸⁷</strong></span> <span class='ocrx_word' id='word_1_650' title='bbox 3269 3971 3525 4040; x_wconf 90' lang='lat' dir='ltr'><strong>ejusdem</strong></span> <span class='ocrx_word' id='word_1_651' title='bbox 3564 3973 3913 4041; x_wconf 83' lang='lat' dir='ltr'><strong>praepositus</strong></span> 
     </span>
    </p>
   </div>
   <div class='ocr_carea' id='block_1_84' title="bbox 2210 4059 3907 4130">
    <p class='ocr_par' dir='ltr' id='par_1_84' title="bbox 2210 4059 3907 4130">
     <span class='ocr_line' id='line_1_84' title="bbox 2210 4059 3907 4130; baseline 0.001 -17"><span class='ocrx_word' id='word_1_652' title='bbox 2210 4061 2379 4125; x_wconf 89' lang='lat' dir='ltr'><strong>sedis,</strong></span> <span class='ocrx_word' id='word_1_653' title='bbox 2419 4061 2620 4114; x_wconf 86' lang='lat' dir='ltr'><strong>videns</strong></span> <span class='ocrx_word' id='word_1_654' title='bbox 2646 4060 2800 4114; x_wconf 88' lang='lat' dir='ltr'><strong>beati</strong></span> <span class='ocrx_word' id='word_1_655' title='bbox 2830 4059 2936 4112; x_wconf 91' lang='lat' dir='ltr'><strong>viri</strong></span> <span class='ocrx_word' id='word_1_656' title='bbox 2974 4059 3374 4124; x_wconf 84' lang='lat' dir='ltr'><strong>constantiam,</strong></span> <span class='ocrx_word' id='word_1_657' title='bbox 3409 4061 3704 4130; x_wconf 84' lang='lat' dir='ltr'><strong>quomodo</strong></span> <span class='ocrx_word' id='word_1_658' title='bbox 3743 4077 3907 4130; x_wconf 88' lang='lat' dir='ltr'><strong>pom-</strong></span> 
     </span>
    </p>
   </div>
   <div class='ocr_carea' id='block_1_85' title="bbox 1820 4219 2502 4275">
    <p class='ocr_par' dir='ltr' id='par_1_85' title="bbox 1820 4219 2502 4275">
     <span class='ocr_line' id='line_1_85' title="bbox 1820 4219 2502 4275; baseline -0.001 -2"><span class='ocrx_word' id='word_1_659' title='bbox 1820 4220 2050 4275; x_wconf 67' lang='lat' dir='ltr'><strong>VARI/E</strong></span> <span class='ocrx_word' id='word_1_660' title='bbox 2108 4219 2502 4274; x_wconf 81' lang='lat' dir='ltr'><strong>LECTIONES.</strong></span> 
     </span>
    </p>
   </div>
   <div class='ocr_carea' id='block_1_86' title="bbox 460 4364 3897 4438">
    <p class='ocr_par' dir='ltr' id='par_1_86' title="bbox 460 4364 3897 4438">
     <span class='ocr_line' id='line_1_86' title="bbox 460 4364 3897 4438; baseline 0.001 -19"><span class='ocrx_word' id='word_1_661' title='bbox 460 4364 534 4438; x_wconf 68' lang='grc'><strong>’9⁸</strong></span> <span class='ocrx_word' id='word_1_662' title='bbox 589 4370 843 4420; x_wconf 84' lang='lat' dir='ltr'><strong>vertetur</strong></span> <span class='ocrx_word' id='word_1_663' title='bbox 866 4369 918 4420; x_wconf 93' lang='lat'><strong>2.</strong></span> <span class='ocrx_word' id='word_1_664' title='bbox 998 4365 1070 4403; x_wconf 68' lang='lat'><strong>’9‘</strong></span> <span class='ocrx_word' id='word_1_665' title='bbox 1106 4372 1261 4438; x_wconf 86' lang='lat' dir='ltr'><strong>tunc.</strong></span> <span class='ocrx_word' id='word_1_666' title='bbox 1341 4364 1416 4400; x_wconf 71' lang='grc'><strong>⁸9⁸</strong></span> <span class='ocrx_word' id='word_1_667' title='bbox 1454 4371 1532 4421; x_wconf 91' lang='lat' dir='ltr'><strong>sic</strong></span> <span class='ocrx_word' id='word_1_668' title='bbox 1564 4385 1612 4423; x_wconf 89' lang='lat' dir='ltr'><strong>r.</strong></span> <span class='ocrx_word' id='word_1_669' title='bbox 1650 4369 1710 4422; x_wconf 91' lang='lat' dir='ltr'><strong>li.</strong></span> <span class='ocrx_word' id='word_1_670' title='bbox 1759 4385 1813 4422; x_wconf 89' lang='lat' dir='ltr'><strong>v.</strong></span> <span class='ocrx_word' id='word_1_671' title='bbox 1844 4372 1895 4423; x_wconf 91' lang='lat'><strong>2.</strong></span> <span class='ocrx_word' id='word_1_672' title='bbox 1975 4366 2046 4403; x_wconf 66' lang='lat'><strong>’9‘</strong></span> <span class='ocrx_word' id='word_1_673' title='bbox 2077 4368 2192 4422; x_wconf 92' lang='lat' dir='ltr'><strong>duo</strong></span> <span class='ocrx_word' id='word_1_674' title='bbox 2237 4371 2292 4421; x_wconf 90' lang='lat'><strong>2.</strong></span> <span class='ocrx_word' id='word_1_675' title='bbox 2371 4364 2442 4400; x_wconf 75' lang='lat'><strong>’97</strong></span> <span class='ocrx_word' id='word_1_676' title='bbox 2498 4367 2621 4421; x_wconf 69' lang='lat' dir='ltr'><strong>haec</strong></span> <span class='ocrx_word' id='word_1_677' title='bbox 2677 4367 3056 4436; x_wconf 65' lang='lat' dir='ltr'><strong>praedicebam</strong></span> <span class='ocrx_word' id='word_1_678' title='bbox 3125 4369 3282 4422; x_wconf 79' lang='lat' dir='ltr'><strong>vobis</strong></span> <span class='ocrx_word' id='word_1_679' title='bbox 3325 4368 3638 4438; x_wconf 89' lang='lat' dir='ltr'><strong>aliquando</strong></span> <span class='ocrx_word' id='word_1_680' title='bbox 3688 4370 3742 4422; x_wconf 87' lang='lat'><strong>2.</strong></span> <span class='ocrx_word' id='word_1_681' title='bbox 3798 4374 3897 4437; x_wconf 76' lang='lat' dir='ltr'><strong>qui</strong></span> 
     </span>
    </p>
   </div>
   <div class='ocr_carea' id='block_1_87' title="bbox 385 4437 3889 4509">
    <p class='ocr_par' dir='ltr' id='par_1_87' title="bbox 385 4437 3889 4509">
     <span class='ocr_line' id='line_1_87' title="bbox 385 4437 3889 4509; baseline 0.001 -19"><span class='ocrx_word' id='word_1_682' title='bbox 385 4437 518 4490; x_wconf 83' lang='lat' dir='ltr'><strong>add.</strong></span> <span class='ocrx_word' id='word_1_683' title='bbox 546 4439 806 4492; x_wconf 86' lang='lat' dir='ltr'><strong>rubram:</strong></span> <span class='ocrx_word' id='word_1_684' title='bbox 859 4437 1155 4501; x_wconf 87' lang='lat' dir='ltr'><strong>Quomodo</strong></span> <span class='ocrx_word' id='word_1_685' title='bbox 1209 4439 1566 4509; x_wconf 81' lang='lat' dir='ltr'><strong>Burcliardus</strong></span> <span class='ocrx_word' id='word_1_686' title='bbox 1626 4439 1928 4509; x_wconf 78' lang='lat' dir='ltr'><strong>episcopus</strong></span> <span class='ocrx_word' id='word_1_687' title='bbox 1981 4439 2200 4492; x_wconf 90' lang='lat' dir='ltr'><strong>intrans</strong></span> <span class='ocrx_word' id='word_1_688' title='bbox 2243 4441 2474 4492; x_wconf 88' lang='lat' dir='ltr'><strong>hortum</strong></span> <span class='ocrx_word' id='word_1_689' title='bbox 2527 4453 2695 4491; x_wconf 89' lang='lat' dir='ltr'><strong>suum</strong></span> <span class='ocrx_word' id='word_1_690' title='bbox 2726 4439 2864 4492; x_wconf 87' lang='lat' dir='ltr'><strong>vidit</strong></span> <span class='ocrx_word' id='word_1_691' title='bbox 2905 4439 2983 4490; x_wconf 91' lang='lat' dir='ltr'><strong>ibi</strong></span> <span class='ocrx_word' id='word_1_692' title='bbox 3017 4439 3314 4509; x_wconf 78' lang='lat' dir='ltr'><strong>diabolum</strong></span> <span class='ocrx_word' id='word_1_693' title='bbox 3367 4437 3889 4509; x_wconf 26' lang='lat' dir='ltr'><strong>in’speciehuma-</strong></span> 
     </span>
    </p>
   </div>
   <div class='ocr_carea' id='block_1_88' title="bbox 381 4507 2511 4634">
    <p class='ocr_par' dir='ltr' id='par_1_88' title="bbox 381 4507 2511 4634">
     <span class='ocr_line' id='line_1_88' title="bbox 386 4507 2511 4611; baseline 0.001 -51"><span class='ocrx_word' id='word_1_694' title='bbox 386 4523 462 4588; x_wconf 79' lang='lat' dir='ltr'><strong>na</strong></span> <span class='ocrx_word' id='word_1_695' title='bbox 490 4514 650 4562; x_wconf 89' lang='lat' dir='ltr'><strong>torve</strong></span> <span class='ocrx_word' id='word_1_696' title='bbox 681 4509 1122 4587; x_wconf 83' lang='lat' dir='ltr'><strong>respondentem</strong></span> <span class='ocrx_word' id='word_1_697' title='bbox 1181 4509 1308 4562; x_wconf 89' lang='lat' dir='ltr'><strong>sibi.</strong></span> <span class='ocrx_word' id='word_1_698' title='bbox 1389 4507 1462 4542; x_wconf 75' lang='grc'><strong>²9⁸</strong></span> <span class='ocrx_word' id='word_1_699' title='bbox 1518 4507 1726 4590; x_wconf 48' lang='grc' dir='ltr'><strong>ἀρρξε⁷2</strong></span> <span class='ocrx_word' id='word_1_700' title='bbox 1786 4507 1898 4589; x_wconf 39' lang='lat' dir='ltr'><strong>ff”</strong></span> <span class='ocrx_word' id='word_1_701' title='bbox 1944 4509 1979 4562; x_wconf 90' lang='lat' dir='ltr'><strong>i.</strong></span> <span class='ocrx_word' id='word_1_702' title='bbox 2033 4510 2415 4578; x_wconf 85' lang='lat' dir='ltr'><strong>interrogasse</strong></span> 
     </span>
     <span class='ocr_line' id='line_1_89' title="bbox 381 4577 2469 4634; baseline 0 -3"><span class='ocrx_word' id='word_1_703' title='bbox 381 4585 623 4632; x_wconf 85' lang='lat' dir='ltr'><strong>miratus</strong></span> <span class='ocrx_word' id='word_1_704' title='bbox 660 4581 713 4633; x_wconf 88' lang='lat'><strong>2.</strong></span> <span class='ocrx_word' id='word_1_705' title='bbox 790 4577 864 4613; x_wconf 70' lang='grc'><strong>⁸0³</strong></span> <span class='ocrx_word' id='word_1_706' title='bbox 895 4596 1165 4634; x_wconf 84' lang='lat' dir='ltr'><strong>quoniam</strong></span> <span class='ocrx_word' id='word_1_707' title='bbox 1197 4582 1250 4632; x_wconf 89' lang='lat'><strong>2.</strong></span> <span class='ocrx_word' id='word_1_708' title='bbox 1327 4577 1399 4614; x_wconf 75' lang='grc'><strong>⁸0³</strong></span> <span class='ocrx_word' id='word_1_709' title='bbox 1431 4581 1483 4632; x_wconf 89' lang='lat' dir='ltr'><strong>h.</strong></span> <span class='ocrx_word' id='word_1_710' title='bbox 1510 4581 1720 4634; x_wconf 77' lang='lat' dir='ltr'><strong>dixisse</strong></span> <span class='ocrx_word' id='word_1_711' title='bbox 1743 4583 1932 4634; x_wconf 81' lang='lat' dir='ltr'><strong>dix12.</strong></span> <span class='ocrx_word' id='word_1_712' title='bbox 2013 4577 2086 4616; x_wconf 70' lang='grc'><strong>⁵0⁸</strong></span> <span class='ocrx_word' id='word_1_713' title='bbox 2106 4581 2249 4634; x_wconf 78' lang='lat' dir='ltr'><strong>deest</strong></span> <span class='ocrx_word' id='word_1_714' title='bbox 2294 4583 2340 4632; x_wconf 97' lang='grc'><strong>1.</strong></span> <span class='ocrx_word' id='word_1_715' title='bbox 2422 4577 2469 4613; x_wconf 84' lang='grc'><strong>³⁰</strong></span> 
     </span>
    </p>
   </div>
   <div class='ocr_carea' id='block_1_89' title="bbox 701 4597 2449 4722">
    <p class='ocr_par' dir='ltr' id='par_1_89' title="bbox 701 4597 2449 4722">
     <span class='ocr_line' id='line_1_90' title="bbox 701 4597 2449 4651; baseline -0.001 -18"><span class='ocrx_word' id='word_1_716' title='bbox 701 4619 713 4633; x_wconf 91' lang='grc'><strong>.</strong></span> <span class='ocrx_word' id='word_1_717' title='bbox 790 4597 864 4613; x_wconf 72' lang='grc' dir='ltr'><strong>ννο</strong></span> <span class='ocrx_word' id='word_1_718' title='bbox 895 4597 1165 4651; x_wconf 86' lang='lat' dir='ltr'><strong>quoniam</strong></span> <span class='ocrx_word' id='word_1_719' title='bbox 1197 4597 1250 4632; x_wconf 84' lang='lat' dir='ltr'><strong>z.</strong></span> <span class='ocrx_word' id='word_1_720' title='bbox 1327 4597 1399 4614; x_wconf 79' lang='grc' dir='ltr'><strong>νυ·</strong></span> <span class='ocrx_word' id='word_1_721' title='bbox 1431 4597 1932 4634; x_wconf 76' lang='lat' dir='ltr'><strong>n.0ixisseaix12.</strong></span> <span class='ocrx_word' id='word_1_722' title='bbox 2013 4597 2249 4634; x_wconf 74' lang='grc' dir='ltr'><strong>υυοαθθει</strong></span> <span class='ocrx_word' id='word_1_723' title='bbox 2294 4597 2340 4632; x_wconf 87' lang='grc' dir='ltr'>ι.</span> <span class='ocrx_word' id='word_1_724' title='bbox 2422 4597 2449 4613; x_wconf 87' lang='grc'><strong>··</strong></span> 
     </span>
     <span class='ocr_line' id='line_1_91' title="bbox 706 4648 2449 4722; baseline 0 -19"><span class='ocrx_word' id='word_1_725' title='bbox 706 4667 796 4722; x_wconf 89' lang='lat' dir='ltr'><strong>am</strong></span> <span class='ocrx_word' id='word_1_726' title='bbox 853 4654 904 4703; x_wconf 85' lang='lat' dir='ltr'><strong>t.</strong></span> <span class='ocrx_word' id='word_1_727' title='bbox 991 4648 1062 4685; x_wconf 82' lang='grc'><strong>³⁰⁹</strong></span> <span class='ocrx_word' id='word_1_728' title='bbox 1110 4650 1318 4721; x_wconf 89' lang='lat' dir='ltr'><strong>inquit,</strong></span> <span class='ocrx_word' id='word_1_729' title='bbox 1369 4652 1500 4704; x_wconf 84' lang='lat' dir='ltr'><strong>scio.</strong></span> <span class='ocrx_word' id='word_1_730' title='bbox 1555 4652 1592 4705; x_wconf 88' lang='lat' dir='ltr'><strong>f.</strong></span> <span class='ocrx_word' id='word_1_731' title='bbox 1657 4652 1772 4704; x_wconf 89' lang='lat' dir='ltr'><strong>scio</strong></span> <span class='ocrx_word' id='word_1_732' title='bbox 1821 4651 1959 4722; x_wconf 87' lang='lat' dir='ltr'><strong>quid</strong></span> <span class='ocrx_word' id='word_1_733' title='bbox 2015 4657 2099 4704; x_wconf 91' lang='lat' dir='ltr'><strong>est</strong></span> <span class='ocrx_word' id='word_1_734' title='bbox 2151 4654 2244 4722; x_wconf 14' lang='lat'><strong>2.7</strong></span> <span class='ocrx_word' id='word_1_735' title='bbox 2285 4648 2361 4684; x_wconf 71' lang='grc' dir='ltr'><strong>δίο</strong></span> <span class='ocrx_word' id='word_1_736' title='bbox 2413 4666 2449 4720; x_wconf 90' lang='lat' dir='ltr'><strong>q</strong></span> 
     </span>
    </p>
   </div>
   <div class='ocr_carea' id='block_1_90' title="bbox 381 4647 904 4720">
    <p class='ocr_par' dir='ltr' id='par_1_90' title="bbox 381 4647 904 4720">
     <span class='ocr_line' id='line_1_92' title="bbox 381 4647 904 4720; baseline 0 -18"><span class='ocrx_word' id='word_1_737' title='bbox 381 4647 454 4720; x_wconf 64' lang='grc'><strong>³9⁸</strong></span> <span class='ocrx_word' id='word_1_738' title='bbox 502 4666 796 4720; x_wconf 89' lang='lat' dir='ltr'><strong>nunquam</strong></span> <span class='ocrx_word' id='word_1_739' title='bbox 853 4654 904 4703; x_wconf 86' lang='lat' dir='ltr'><strong>l.</strong></span> 
     </span>
    </p>
   </div>
   <div class='ocr_carea' id='block_1_91' title="bbox 380 4719 3321 4792">
    <p class='ocr_par' dir='ltr' id='par_1_91' title="bbox 380 4719 3321 4792">
     <span class='ocr_line' id='line_1_93' title="bbox 380 4719 3321 4792; baseline 0.001 -19"><span class='ocrx_word' id='word_1_740' title='bbox 380 4719 588 4792; x_wconf 56' lang='lat' dir='ltr'><strong>desunt.</strong></span> <span class='ocrx_word' id='word_1_741' title='bbox 651 4719 906 4792; x_wconf 14' lang='grc' dir='ltr'><strong>⁷³¹²γάςθει</strong></span> <span class='ocrx_word' id='word_1_742' title='bbox 935 4725 986 4774; x_wconf 91' lang='lat'><strong>2.</strong></span> <span class='ocrx_word' id='word_1_743' title='bbox 1065 4723 1131 4756; x_wconf 85' lang='grc'><strong>³¹³</strong></span> <span class='ocrx_word' id='word_1_744' title='bbox 1183 4719 1286 4792; x_wconf 84' lang='lat' dir='ltr'><strong>est_</strong></span> <span class='ocrx_word' id='word_1_745' title='bbox 1306 4723 1474 4774; x_wconf 89' lang='lat' dir='ltr'><strong>ruina</strong></span> <span class='ocrx_word' id='word_1_746' title='bbox 1523 4723 1726 4792; x_wconf 89' lang='lat' dir='ltr'><strong>templi</strong></span> <span class='ocrx_word' id='word_1_747' title='bbox 1763 4719 1932 4791; x_wconf 81' lang='lat' dir='ltr'><strong>hujus</strong></span> <span class='ocrx_word' id='word_1_748' title='bbox 1964 4721 2287 4775; x_wconf 89' lang='lat' dir='ltr'><strong>miseranda</strong></span> <span class='ocrx_word' id='word_1_749' title='bbox 2319 4723 2370 4772; x_wconf 89' lang='lat'><strong>2.</strong></span> <span class='ocrx_word' id='word_1_750' title='bbox 2433 4719 2673 4792; x_wconf 15' lang='grc' dir='ltr'><strong>δίη-1106</strong></span> <span class='ocrx_word' id='word_1_751' title='bbox 2728 4723 2782 4792; x_wconf 83' lang='grc'><strong>2.</strong></span> <span class='ocrx_word' id='word_1_752' title='bbox 2860 4719 2936 4752; x_wconf 80' lang='grc'><strong>³¹⁵</strong></span> <span class='ocrx_word' id='word_1_753' title='bbox 2996 4721 3200 4791; x_wconf 92' lang='lat' dir='ltr'><strong>reptivi</strong></span> <span class='ocrx_word' id='word_1_754' title='bbox 3272 4725 3321 4775; x_wconf 94' lang='grc'><strong>1.</strong></span> 
     </span>
    </p>
   </div>
   <div class='ocr_carea' id='block_1_92' title="bbox 378 4787 3581 4862">
    <p class='ocr_par' dir='ltr' id='par_1_92' title="bbox 378 4787 3581 4862">
     <span class='ocr_line' id='line_1_94' title="bbox 378 4787 3581 4862; baseline 0.001 -20"><span class='ocrx_word' id='word_1_755' title='bbox 378 4787 448 4862; x_wconf 54' lang='grc' dir='ltr'><strong>ξιτ</strong></span> <span class='ocrx_word' id='word_1_756' title='bbox 479 4807 586 4858; x_wconf 89' lang='lat' dir='ltr'><strong>ago</strong></span> <span class='ocrx_word' id='word_1_757' title='bbox 619 4793 670 4843; x_wconf 88' lang='lat'><strong>2.</strong></span> <span class='ocrx_word' id='word_1_758' title='bbox 738 4789 822 4862; x_wconf 14' lang='grc' dir='ltr'><strong>γ³¹⁸</strong></span> <span class='ocrx_word' id='word_1_759' title='bbox 853 4793 1057 4844; x_wconf 87' lang='lat' dir='ltr'><strong>horum</strong></span> <span class='ocrx_word' id='word_1_760' title='bbox 1086 4795 1138 4844; x_wconf 91' lang='lat'><strong>2.</strong></span> <span class='ocrx_word' id='word_1_761' title='bbox 1215 4789 1291 4824; x_wconf 68' lang='lat'><strong>319</strong></span> <span class='ocrx_word' id='word_1_762' title='bbox 1321 4793 1603 4862; x_wconf 85' lang='lat' dir='ltr'><strong>exportari</strong></span> <span class='ocrx_word' id='word_1_763' title='bbox 1628 4787 1800 4862; x_wconf 76' lang='lat' dir='ltr'><strong>jussit</strong></span> <span class='ocrx_word' id='word_1_764' title='bbox 1940 4792 2306 4862; x_wconf 79' lang='lat' dir='ltr'><strong>ﬁrmamento</strong></span> <span class='ocrx_word' id='word_1_765' title='bbox 2338 4794 2388 4844; x_wconf 88' lang='lat'><strong>2.</strong></span> <span class='ocrx_word' id='word_1_766' title='bbox 2464 4789 2544 4862; x_wconf 15' lang='grc' dir='ltr'><strong>ν³²⁰</strong></span> <span class='ocrx_word' id='word_1_767' title='bbox 2599 4808 2641 4862; x_wconf 74' lang='lat' dir='ltr'><strong>s.</strong></span> <span class='ocrx_word' id='word_1_768' title='bbox 2691 4787 3078 4858; x_wconf 75' lang='lat' dir='ltr'><strong>episcopalem</strong></span> <span class='ocrx_word' id='word_1_769' title='bbox 3146 4793 3260 4845; x_wconf 90' lang='lat' dir='ltr'><strong>Deo</strong></span> <span class='ocrx_word' id='word_1_770' title='bbox 3298 4791 3378 4844; x_wconf 94' lang='lat' dir='ltr'><strong>ibi</strong></span> <span class='ocrx_word' id='word_1_771' title='bbox 3422 4809 3465 4846; x_wconf 92' lang='lat' dir='ltr'><strong>s.</strong></span> <span class='ocrx_word' id='word_1_772' title='bbox 3527 4796 3581 4845; x_wconf 90' lang='lat'><strong>2.</strong></span> 
     </span>
    </p>
   </div>
   <div class='ocr_carea' id='block_1_93' title="bbox 2156 4859 3884 4926">
    <p class='ocr_par' dir='ltr' id='par_1_93' title="bbox 2156 4859 3884 4926">
     <span class='ocr_line' id='line_1_95' title="bbox 2156 4859 3884 4926; baseline 0.001 -12"><span class='ocrx_word' id='word_1_773' title='bbox 2156 4859 2229 4896; x_wconf 73' lang='grc'><strong>³³⁵</strong></span> <span class='ocrx_word' id='word_1_774' title='bbox 2286 4862 2346 4914; x_wconf 90' lang='lat' dir='ltr'><strong>in</strong></span> <span class='ocrx_word' id='word_1_775' title='bbox 2387 4861 2686 4914; x_wconf 85' lang='lat' dir='ltr'><strong>refectorio</strong></span> <span class='ocrx_word' id='word_1_776' title='bbox 2714 4865 2766 4914; x_wconf 94' lang='lat'><strong>2.</strong></span> <span class='ocrx_word' id='word_1_777' title='bbox 2845 4862 2920 4897; x_wconf 71' lang='lat'><strong>3“</strong></span> <span class='ocrx_word' id='word_1_778' title='bbox 2973 4865 3026 4914; x_wconf 87' lang='lat'><strong>2.</strong></span> <span class='ocrx_word' id='word_1_779' title='bbox 3070 4862 3199 4915; x_wconf 80' lang='lat' dir='ltr'><strong>add.</strong></span> <span class='ocrx_word' id='word_1_780' title='bbox 3256 4863 3528 4915; x_wconf 81' lang='lat' dir='ltr'><strong>rubram:</strong></span> <span class='ocrx_word' id='word_1_781' title='bbox 3587 4863 3884 4926; x_wconf 90' lang='lat' dir='ltr'><strong>Quomodo</strong></span> 
     </span>
    </p>
   </div>
   <div class='ocr_carea' id='block_1_94' title="bbox 378 4859 2071 4917">
    <p class='ocr_par' dir='ltr' id='par_1_94' title="bbox 378 4859 2071 4917">
     <span class='ocr_line' id='line_1_96' title="bbox 378 4859 2071 4917; baseline 0.002 -4"><span class='ocrx_word' id='word_1_782' title='bbox 378 4859 652 4914; x_wconf 83' lang='lat' dir='ltr'><strong>fecerant.</strong></span> <span class='ocrx_word' id='word_1_783' title='bbox 729 4861 803 4894; x_wconf 69' lang='lat'><strong>3&quot;</strong></span> <span class='ocrx_word' id='word_1_784' title='bbox 831 4866 886 4916; x_wconf 90' lang='lat' dir='ltr'><strong>et</strong></span> <span class='ocrx_word' id='word_1_785' title='bbox 923 4865 974 4914; x_wconf 88' lang='lat'><strong>2.</strong></span> <span class='ocrx_word' id='word_1_786' title='bbox 1053 4863 1127 4894; x_wconf 70' lang='lat'><strong>3”</strong></span> <span class='ocrx_word' id='word_1_787' title='bbox 1161 4867 1325 4915; x_wconf 88' lang='lat' dir='ltr'><strong>erant</strong></span> <span class='ocrx_word' id='word_1_788' title='bbox 1353 4859 1407 4916; x_wconf 62' lang='lat'><strong>2.</strong></span> <span class='ocrx_word' id='word_1_789' title='bbox 1483 4864 1557 4898; x_wconf 75' lang='lat'><strong>3&quot;</strong></span> <span class='ocrx_word' id='word_1_790' title='bbox 1597 4859 1969 4916; x_wconf 73' lang='lat' dir='ltr'><strong>renovaverat</strong></span> <span class='ocrx_word' id='word_1_791' title='bbox 2012 4866 2071 4917; x_wconf 93' lang='lat'><strong>2.</strong></span> 
     </span>
    </p>
   </div>
   <div class='ocr_carea' id='block_1_95' title="bbox 2559 4507 3887 4564">
    <p class='ocr_par' dir='ltr' id='par_1_95' title="bbox 2559 4507 3887 4564">
     <span class='ocr_line' id='line_1_97' title="bbox 2559 4507 3887 4564; baseline 0.002 -4"><span class='ocrx_word' id='word_1_792' title='bbox 2559 4525 2610 4562; x_wconf 93' lang='lat' dir='ltr'><strong>v.</strong></span> <span class='ocrx_word' id='word_1_793' title='bbox 2661 4525 2706 4560; x_wconf 92' lang='lat' dir='ltr'><strong>c.</strong></span> <span class='ocrx_word' id='word_1_794' title='bbox 2761 4510 2939 4561; x_wconf 90' lang='lat' dir='ltr'><strong>iratus</strong></span> <span class='ocrx_word' id='word_1_795' title='bbox 3001 4525 3054 4562; x_wconf 88' lang='lat' dir='ltr'><strong>v.</strong></span> <span class='ocrx_word' id='word_1_796' title='bbox 3115 4513 3168 4562; x_wconf 90' lang='lat'><strong>2.</strong></span> <span class='ocrx_word' id='word_1_797' title='bbox 3246 4507 3321 4542; x_wconf 85' lang='grc'><strong>³⁰⁰</strong></span> <span class='ocrx_word' id='word_1_798' title='bbox 3351 4511 3410 4564; x_wconf 92' lang='lat' dir='ltr'><strong>in</strong></span> <span class='ocrx_word' id='word_1_799' title='bbox 3453 4507 3499 4563; x_wconf 71' lang='grc' dir='ltr'><strong>ιζ</strong></span> <span class='ocrx_word' id='word_1_800' title='bbox 3525 4513 3576 4564; x_wconf 93' lang='lat'><strong>2.</strong></span> <span class='ocrx_word' id='word_1_801' title='bbox 3657 4507 3726 4542; x_wconf 81' lang='grc'><strong>⁸⁰¹</strong></span> <span class='ocrx_word' id='word_1_802' title='bbox 3783 4513 3887 4563; x_wconf 88' lang='lat' dir='ltr'><strong>ad-</strong></span> 
     </span>
    </p>
   </div>
   <div class='ocr_carea' id='block_1_96' title="bbox 2526 4578 3882 4650">
    <p class='ocr_par' dir='ltr' id='par_1_96' title="bbox 2526 4578 3882 4650">
     <span class='ocr_line' id='line_1_98' title="bbox 2526 4578 3882 4650; baseline 0.001 -18"><span class='ocrx_word' id='word_1_803' title='bbox 2526 4580 2763 4632; x_wconf 87' lang='lat' dir='ltr'><strong>minaris</strong></span> <span class='ocrx_word' id='word_1_804' title='bbox 2793 4582 2826 4632; x_wconf 94' lang='lat'><strong>2</strong></span> <span class='ocrx_word' id='word_1_805' title='bbox 2901 4580 2971 4614; x_wconf 79' lang='grc'><strong>³⁰⁶</strong></span> <span class='ocrx_word' id='word_1_806' title='bbox 3011 4581 3238 4650; x_wconf 81' lang='lat' dir='ltr'><strong>exitum</strong></span> <span class='ocrx_word' id='word_1_807' title='bbox 3299 4584 3344 4633; x_wconf 89' lang='lat' dir='ltr'><strong>t.</strong></span> <span class='ocrx_word' id='word_1_808' title='bbox 3423 4578 3494 4612; x_wconf 71' lang='lat'><strong>“’7</strong></span> <span class='ocrx_word' id='word_1_809' title='bbox 3521 4581 3788 4650; x_wconf 90' lang='lat' dir='ltr'><strong>congeris</strong></span> <span class='ocrx_word' id='word_1_810' title='bbox 3828 4585 3882 4634; x_wconf 89' lang='lat'><strong>2.</strong></span> 
     </span>
    </p>
   </div>
   <div class='ocr_carea' id='block_1_97' title="bbox 2457 4649 3882 4720">
    <p class='ocr_par' dir='ltr' id='par_1_97' title="bbox 2457 4649 3882 4720">
     <span class='ocr_line' id='line_1_99' title="bbox 2457 4649 3882 4720; baseline 0.002 -19"><span class='ocrx_word' id='word_1_811' title='bbox 2457 4651 2688 4702; x_wconf 89' lang='lat' dir='ltr'><strong>uoniam</strong></span> <span class='ocrx_word' id='word_1_812' title='bbox 2740 4651 2794 4704; x_wconf 87' lang='lat'><strong>2.</strong></span> <span class='ocrx_word' id='word_1_813' title='bbox 2872 4650 2940 4720; x_wconf 19' lang='grc' dir='ltr'>³¹ν¹</span> <span class='ocrx_word' id='word_1_814' title='bbox 2991 4649 3129 4704; x_wconf 90' lang='lat' dir='ltr'><strong>dicit</strong></span> <span class='ocrx_word' id='word_1_815' title='bbox 3174 4654 3227 4703; x_wconf 92' lang='lat'><strong>2.</strong></span> <span class='ocrx_word' id='word_1_816' title='bbox 3267 4652 3362 4703; x_wconf 81' lang='lat' dir='ltr'><strong>ubi</strong></span> <span class='ocrx_word' id='word_1_817' title='bbox 3395 4652 3457 4720; x_wconf 85' lang='lat' dir='ltr'><strong>Et</strong></span> <span class='ocrx_word' id='word_1_818' title='bbox 3515 4681 3584 4689; x_wconf 94' lang='lat'><strong><em>—</em></strong></span> <span class='ocrx_word' id='word_1_819' title='bbox 3645 4649 3882 4720; x_wconf 86' lang='lat' dir='ltr'><strong>percepi</strong></span> 
     </span>
    </p>
   </div>
   <div class='ocr_carea' id='block_1_98' title="bbox 3402 4719 3882 4775">
    <p class='ocr_par' dir='ltr' id='par_1_98' title="bbox 3402 4719 3882 4775">
     <span class='ocr_line' id='line_1_100' title="bbox 3402 4719 3882 4775; baseline -0.002 -1"><span class='ocrx_word' id='word_1_820' title='bbox 3402 4719 3478 4755; x_wconf 72' lang='grc'><strong>³⁸⁸</strong></span> <span class='ocrx_word' id='word_1_821' title='bbox 3530 4719 3666 4775; x_wconf 70' lang='grc' dir='ltr'><strong>ιοῑό</strong></span> <span class='ocrx_word' id='word_1_822' title='bbox 3683 4721 3777 4774; x_wconf 90' lang='lat' dir='ltr'><strong>die</strong></span> <span class='ocrx_word' id='word_1_823' title='bbox 3829 4726 3882 4774; x_wconf 88' lang='grc'><strong>2.</strong></span> 
     </span>
    </p>
   </div>
   <div class='ocr_carea' id='block_1_99' title="bbox 3661 4792 3884 4846">
    <p class='ocr_par' dir='ltr' id='par_1_99' title="bbox 3661 4792 3884 4846">
     <span class='ocr_line' id='line_1_101' title="bbox 3661 4792 3884 4846; baseline 0 -22"><span class='ocrx_word' id='word_1_824' title='bbox 3661 4792 3730 4824; x_wconf 72' lang='grc'>821</span> <span class='ocrx_word' id='word_1_825' title='bbox 3786 4793 3884 4846; x_wconf 68' lang='lat' dir='ltr'><strong>de-</strong></span> 
     </span>
    </p>
   </div>
   <div class='ocr_carea' id='block_1_100' title="bbox 373 4928 3886 5003">
    <p class='ocr_par' dir='ltr' id='par_1_100' title="bbox 373 4928 3886 5003">
     <span class='ocr_line' id='line_1_102' title="bbox 373 4928 3886 5003; baseline 0.001 -21"><span class='ocrx_word' id='word_1_826' title='bbox 373 4930 615 5003; x_wconf 80' lang='lat' dir='ltr'><strong>fratrum</strong></span> <span class='ocrx_word' id='word_1_827' title='bbox 655 4933 991 5003; x_wconf 65' lang='lat' dir='ltr'><strong>praebendas</strong></span> <span class='ocrx_word' id='word_1_828' title='bbox 1023 4932 1082 4984; x_wconf 91' lang='lat' dir='ltr'><strong>in</strong></span> <span class='ocrx_word' id='word_1_829' title='bbox 1130 4933 1425 4985; x_wconf 83' lang='lat' dir='ltr'><strong>Nuliusem</strong></span> <span class='ocrx_word' id='word_1_830' title='bbox 1456 4933 1630 4986; x_wconf 90' lang='lat' dir='ltr'><strong>etiam</strong></span> <span class='ocrx_word' id='word_1_831' title='bbox 1680 4933 1895 4986; x_wconf 86' lang='lat' dir='ltr'><strong>refecit.</strong></span> <span class='ocrx_word' id='word_1_832' title='bbox 1970 4930 2044 4965; x_wconf 67' lang='lat'><strong>3’7</strong></span> <span class='ocrx_word' id='word_1_833' title='bbox 2092 4933 2451 5002; x_wconf 68' lang='lat' dir='ltr'><strong>praebendas.</strong></span> <span class='ocrx_word' id='word_1_834' title='bbox 2530 4930 2605 4964; x_wconf 67' lang='grc'><strong>³³⁸</strong></span> <span class='ocrx_word' id='word_1_835' title='bbox 2660 4932 2986 5003; x_wconf 13' lang='lat' dir='ltr'><strong>destructas,</strong></span> <span class='ocrx_word' id='word_1_836' title='bbox 3017 4936 3076 5003; x_wconf 87' lang='lat'><strong>2.</strong></span> <span class='ocrx_word' id='word_1_837' title='bbox 3157 4928 3234 5003; x_wconf 57' lang='lat'><strong>3”</strong></span> <span class='ocrx_word' id='word_1_838' title='bbox 3263 4949 3358 4986; x_wconf 89' lang='lat' dir='ltr'><strong>eas</strong></span> <span class='ocrx_word' id='word_1_839' title='bbox 3399 4935 3450 4985; x_wconf 94' lang='lat'><strong>2.</strong></span> <span class='ocrx_word' id='word_1_840' title='bbox 3533 4932 3610 4966; x_wconf 81' lang='grc'><strong>³³⁰</strong></span> <span class='ocrx_word' id='word_1_841' title='bbox 3655 4936 3754 4987; x_wconf 91' lang='lat' dir='ltr'><strong>sed</strong></span> <span class='ocrx_word' id='word_1_842' title='bbox 3788 4934 3886 5003; x_wconf 90' lang='lat' dir='ltr'><strong>qui</strong></span> 
     </span>
    </p>
   </div>
   <div class='ocr_carea' id='block_1_101' title="bbox 377 5001 3880 5068">
    <p class='ocr_par' dir='ltr' id='par_1_101' title="bbox 377 5001 3880 5068">
     <span class='ocr_line' id='line_1_103' title="bbox 377 5001 3880 5068; baseline 0.001 -16"><span class='ocrx_word' id='word_1_843' title='bbox 377 5001 548 5053; x_wconf 90' lang='lat' dir='ltr'><strong>modo</strong></span> <span class='ocrx_word' id='word_1_844' title='bbox 601 5017 744 5054; x_wconf 90' lang='lat' dir='ltr'><strong>unus</strong></span> <span class='ocrx_word' id='word_1_845' title='bbox 775 5003 931 5055; x_wconf 82' lang='lat' dir='ltr'><strong>locus</strong></span> <span class='ocrx_word' id='word_1_846' title='bbox 979 5002 1036 5055; x_wconf 92' lang='lat' dir='ltr'><strong>in</strong></span> <span class='ocrx_word' id='word_1_847' title='bbox 1086 5003 1278 5055; x_wconf 91' lang='lat' dir='ltr'><strong>multis</strong></span> <span class='ocrx_word' id='word_1_848' title='bbox 1307 5003 1517 5056; x_wconf 90' lang='lat' dir='ltr'><strong>divisus</strong></span> <span class='ocrx_word' id='word_1_849' title='bbox 1547 5009 1646 5056; x_wconf 91' lang='lat' dir='ltr'><strong>est.</strong></span> <span class='ocrx_word' id='word_1_850' title='bbox 1682 5007 1732 5056; x_wconf 87' lang='lat'><strong>2.</strong></span> <span class='ocrx_word' id='word_1_851' title='bbox 1765 5004 1929 5057; x_wconf 83' lang='lat' dir='ltr'><strong>verba</strong></span> <span class='ocrx_word' id='word_1_852' title='bbox 1961 5001 2363 5068; x_wconf 75' lang='lat' dir='ltr'><strong>Ki&#39;rsgartensis</strong></span> <span class='ocrx_word' id='word_1_853' title='bbox 2401 5003 2675 5056; x_wconf 80' lang='lat' dir='ltr'><strong>monachi.</strong></span> <span class='ocrx_word' id='word_1_854' title='bbox 2719 5003 2785 5036; x_wconf 81' lang='grc'><strong>⁸³¹</strong></span> <span class='ocrx_word' id='word_1_855' title='bbox 2828 5005 2880 5056; x_wconf 90' lang='lat'><strong>2.</strong></span> <span class='ocrx_word' id='word_1_856' title='bbox 2915 5002 3046 5056; x_wconf 82' lang='lat' dir='ltr'><strong>add.</strong></span> <span class='ocrx_word' id='word_1_857' title='bbox 3081 5002 3305 5056; x_wconf 74' lang='lat' dir='ltr'><strong>rubrum</strong></span> <span class='ocrx_word' id='word_1_858' title='bbox 3341 5019 3354 5055; x_wconf 90' lang='lat'><strong>:</strong></span> <span class='ocrx_word' id='word_1_859' title='bbox 3388 5004 3463 5056; x_wconf 92' lang='lat' dir='ltr'><strong>De</strong></span> <span class='ocrx_word' id='word_1_860' title='bbox 3509 5001 3880 5057; x_wconf 44' lang='lat' dir='ltr'><strong>translatio—ne</strong></span> 
     </span>
    </p>
   </div>
   <div class='ocr_carea' id='block_1_102' title="bbox 371 5071 3510 5144">
    <p class='ocr_par' dir='ltr' id='par_1_102' title="bbox 371 5071 3510 5144">
     <span class='ocr_line' id='line_1_104' title="bbox 371 5071 3510 5144; baseline 0.001 -22"><span class='ocrx_word' id='word_1_861' title='bbox 371 5071 600 5141; x_wconf 88' lang='lat' dir='ltr'><strong>collegii</strong></span> <span class='ocrx_word' id='word_1_862' title='bbox 661 5073 842 5124; x_wconf 86' lang='lat' dir='ltr'><strong>sancti</strong></span> <span class='ocrx_word' id='word_1_863' title='bbox 871 5073 1134 5127; x_wconf 67' lang='lat' dir='ltr'><strong>Andreae.</strong></span> <span class='ocrx_word' id='word_1_864' title='bbox 1172 5073 1324 5142; x_wconf 91' lang='lat' dir='ltr'><strong>quod</strong></span> <span class='ocrx_word' id='word_1_865' title='bbox 1367 5073 1504 5126; x_wconf 85' lang='lat' dir='ltr'><strong>foris</strong></span> <span class='ocrx_word' id='word_1_866' title='bbox 1533 5073 1821 5127; x_wconf 90' lang='lat' dir='ltr'><strong>civitatem</strong></span> <span class='ocrx_word' id='word_1_867' title='bbox 1849 5081 1986 5133; x_wconf 84' lang='lat' dir='ltr'><strong>erat,</strong></span> <span class='ocrx_word' id='word_1_868' title='bbox 2017 5075 2168 5144; x_wconf 89' lang='lat' dir='ltr'><strong>quod</strong></span> <span class='ocrx_word' id='word_1_869' title='bbox 2229 5075 2376 5125; x_wconf 89' lang='lat' dir='ltr'><strong>intra</strong></span> <span class='ocrx_word' id='word_1_870' title='bbox 2414 5073 2700 5144; x_wconf 84' lang='lat' dir='ltr'><strong>civitatem</strong></span> <span class='ocrx_word' id='word_1_871' title='bbox 2745 5073 3214 5144; x_wconf 10' lang='lat' dir='ltr'><strong>constituit.rr33’</strong></span> <span class='ocrx_word' id='word_1_872' title='bbox 3264 5073 3410 5126; x_wconf 74' lang='lat' dir='ltr'><strong>deest</strong></span> <span class='ocrx_word' id='word_1_873' title='bbox 3463 5077 3510 5127; x_wconf 83' lang='lat' dir='ltr'><strong>t.</strong></span> 
     </span>
    </p>
   </div>
   <div class='ocr_carea' id='block_1_103' title="bbox 3589 5073 3879 5128">
    <p class='ocr_par' dir='ltr' id='par_1_103' title="bbox 3589 5073 3879 5128">
     <span class='ocr_line' id='line_1_105' title="bbox 3589 5073 3879 5128; baseline 0 -1"><span class='ocrx_word' id='word_1_874' title='bbox 3589 5073 3667 5107; x_wconf 82' lang='grc'><strong>³³³</strong></span> <span class='ocrx_word' id='word_1_875' title='bbox 3735 5074 3879 5128; x_wconf 88' lang='lat' dir='ltr'><strong>foras</strong></span> 
     </span>
    </p>
   </div>
   <div class='ocr_carea' id='block_1_104' title="bbox 371 5143 3925 5213">
    <p class='ocr_par' dir='ltr' id='par_1_104' title="bbox 371 5143 3925 5213">
     <span class='ocr_line' id='line_1_106' title="bbox 371 5143 3925 5213; baseline 0.001 -19"><span class='ocrx_word' id='word_1_876' title='bbox 371 5157 568 5195; x_wconf 91' lang='lat' dir='ltr'><strong>muros</strong></span> <span class='ocrx_word' id='word_1_877' title='bbox 596 5147 984 5196; x_wconf 90' lang='lat' dir='ltr'><strong>constructum</strong></span> <span class='ocrx_word' id='word_1_878' title='bbox 1017 5149 1140 5196; x_wconf 86' lang='lat' dir='ltr'><strong>erat</strong></span> <span class='ocrx_word' id='word_1_879' title='bbox 1169 5149 1224 5196; x_wconf 90' lang='lat' dir='ltr'><strong>et</strong></span> <span class='ocrx_word' id='word_1_880' title='bbox 1255 5159 1357 5212; x_wconf 90' lang='lat' dir='ltr'><strong>per</strong></span> <span class='ocrx_word' id='word_1_881' title='bbox 1390 5145 1799 5213; x_wconf 90' lang='lat' dir='ltr'><strong>negligentiam</strong></span> <span class='ocrx_word' id='word_1_882' title='bbox 1828 5145 1883 5198; x_wconf 92' lang='lat' dir='ltr'><strong>d.</strong></span> <span class='ocrx_word' id='word_1_883' title='bbox 1913 5143 2063 5198; x_wconf 79' lang='lat' dir='ltr'><strong>intra</strong></span> <span class='ocrx_word' id='word_1_884' title='bbox 2094 5147 2147 5197; x_wconf 91' lang='lat'><strong>2.</strong></span> <span class='ocrx_word' id='word_1_885' title='bbox 2225 5144 2298 5178; x_wconf 77' lang='grc'><strong>³³⁸</strong></span> <span class='ocrx_word' id='word_1_886' title='bbox 2329 5143 2745 5211; x_wconf 87' lang='lat' dir='ltr'><strong>pertinentibus</strong></span> <span class='ocrx_word' id='word_1_887' title='bbox 2775 5149 2832 5196; x_wconf 92' lang='lat' dir='ltr'><strong>et</strong></span> <span class='ocrx_word' id='word_1_888' title='bbox 2861 5159 2912 5196; x_wconf 87' lang='lat' dir='ltr'><strong>v.</strong></span> <span class='ocrx_word' id='word_1_889' title='bbox 2945 5146 2996 5196; x_wconf 91' lang='lat'><strong>2.</strong></span> <span class='ocrx_word' id='word_1_890' title='bbox 3075 5143 3149 5177; x_wconf 82' lang='grc'><strong>³³⁸</strong></span> <span class='ocrx_word' id='word_1_891' title='bbox 3200 5144 3278 5196; x_wconf 91' lang='lat' dir='ltr'><strong>ibi</strong></span> <span class='ocrx_word' id='word_1_892' title='bbox 3328 5144 3366 5196; x_wconf 93' lang='lat' dir='ltr'><strong>i.</strong></span> <span class='ocrx_word' id='word_1_893' title='bbox 3429 5143 3527 5196; x_wconf 91' lang='lat' dir='ltr'><strong>ubi</strong></span> <span class='ocrx_word' id='word_1_894' title='bbox 3561 5144 3737 5198; x_wconf 92' lang='lat' dir='ltr'><strong>modo</strong></span> <span class='ocrx_word' id='word_1_895' title='bbox 3778 5152 3876 5207; x_wconf 88' lang='lat' dir='ltr'><strong>est,</strong></span> <span class='ocrx_word' id='word_1_896' title='bbox 3915 5197 3925 5204; x_wconf 85' lang='grc'>,,</span> 
     </span>
    </p>
   </div>
   <div class='ocr_carea' id='block_1_105' title="bbox 369 5213 3925 5282">
    <p class='ocr_par' dir='ltr' id='par_1_105' title="bbox 369 5213 3925 5282">
     <span class='ocr_line' id='line_1_107' title="bbox 369 5213 3925 5282; baseline 0.001 -17"><span class='ocrx_word' id='word_1_897' title='bbox 369 5213 465 5265; x_wconf 92' lang='lat' dir='ltr'><strong>sed</strong></span> <span class='ocrx_word' id='word_1_898' title='bbox 502 5213 658 5282; x_wconf 90' lang='lat' dir='ltr'><strong>prius</strong></span> <span class='ocrx_word' id='word_1_899' title='bbox 688 5219 809 5266; x_wconf 90' lang='lat' dir='ltr'><strong>erat</strong></span> <span class='ocrx_word' id='word_1_900' title='bbox 839 5213 899 5266; x_wconf 92' lang='lat' dir='ltr'><strong>in</strong></span> <span class='ocrx_word' id='word_1_901' title='bbox 925 5220 1118 5266; x_wconf 90' lang='lat' dir='ltr'><strong>monte</strong></span> <span class='ocrx_word' id='word_1_902' title='bbox 1140 5219 1296 5266; x_wconf 86' lang='lat' dir='ltr'><strong>extra</strong></span> <span class='ocrx_word' id='word_1_903' title='bbox 1325 5219 1544 5282; x_wconf 84' lang='lat' dir='ltr'><strong>portam</strong></span> <span class='ocrx_word' id='word_1_904' title='bbox 1577 5216 1756 5269; x_wconf 90' lang='lat' dir='ltr'><strong>sancti</strong></span> <span class='ocrx_word' id='word_1_905' title='bbox 1795 5216 2037 5270; x_wconf 73' lang='lat' dir='ltr'><strong>Andreae</strong></span> <span class='ocrx_word' id='word_1_906' title='bbox 2085 5215 2142 5267; x_wconf 89' lang='lat' dir='ltr'><strong>in</strong></span> <span class='ocrx_word' id='word_1_907' title='bbox 2173 5214 2447 5266; x_wconf 88' lang='lat' dir='ltr'><strong>suburbio</strong></span> <span class='ocrx_word' id='word_1_908' title='bbox 2480 5213 2712 5267; x_wconf 91' lang='lat' dir='ltr'><strong>ibidem.</strong></span> <span class='ocrx_word' id='word_1_909' title='bbox 2753 5215 2814 5267; x_wconf 86' lang='lat' dir='ltr'><strong>Et</strong></span> <span class='ocrx_word' id='word_1_910' title='bbox 2847 5221 2982 5266; x_wconf 86' lang='lat' dir='ltr'><strong>sunt</strong></span> <span class='ocrx_word' id='word_1_911' title='bbox 3004 5215 3173 5267; x_wconf 91' lang='lat' dir='ltr'><strong>modo</strong></span> <span class='ocrx_word' id='word_1_912' title='bbox 3221 5214 3497 5267; x_wconf 88' lang='lat' dir='ltr'><strong>moniales</strong></span> <span class='ocrx_word' id='word_1_913' title='bbox 3527 5216 3615 5268; x_wconf 88' lang='lat' dir='ltr'><strong>vel</strong></span> <span class='ocrx_word' id='word_1_914' title='bbox 3652 5232 3877 5268; x_wconf 92' lang='lat' dir='ltr'><strong>sorores</strong></span> <span class='ocrx_word' id='word_1_915' title='bbox 3924 5237 3925 5258; x_wconf 63' lang='grc' dir='ltr'>ι</span> 
     </span>
    </p>
   </div>
   <div class='ocr_carea' id='block_1_106' title="bbox 367 5283 3877 5354">
    <p class='ocr_par' dir='ltr' id='par_1_106' title="bbox 367 5283 3877 5354">
     <span class='ocr_line' id='line_1_108' title="bbox 367 5283 3877 5354; baseline 0.001 -18"><span class='ocrx_word' id='word_1_916' title='bbox 367 5283 710 5352; x_wconf 76' lang='lat' dir='ltr'><strong>poenitentes</strong></span> <span class='ocrx_word' id='word_1_917' title='bbox 741 5284 992 5348; x_wconf 88' lang='lat' dir='ltr'><strong>ibidem;</strong></span> <span class='ocrx_word' id='word_1_918' title='bbox 1023 5284 1186 5337; x_wconf 82' lang='lat' dir='ltr'><strong>verba</strong></span> <span class='ocrx_word' id='word_1_919' title='bbox 1240 5287 1640 5351; x_wconf 76' lang='lat' dir='ltr'><strong>Kirsgartensis</strong></span> <span class='ocrx_word' id='word_1_920' title='bbox 1696 5289 1964 5351; x_wconf 83' lang='lat' dir='ltr'><strong>monachi,</strong></span> <span class='ocrx_word' id='word_1_921' title='bbox 2007 5287 2105 5354; x_wconf 79' lang='lat' dir='ltr'><strong>qui</strong></span> <span class='ocrx_word' id='word_1_922' title='bbox 2122 5284 2349 5337; x_wconf 78' lang='lat' dir='ltr'><strong>rubrum</strong></span> <span class='ocrx_word' id='word_1_923' title='bbox 2389 5283 2549 5336; x_wconf 75' lang='lat' dir='ltr'><strong>addit</strong></span> <span class='ocrx_word' id='word_1_924' title='bbox 2601 5284 2899 5347; x_wconf 87' lang='lat' dir='ltr'><strong>:Qualiter</strong></span> <span class='ocrx_word' id='word_1_925' title='bbox 2943 5285 3282 5354; x_wconf 72' lang='lat' dir='ltr'><strong>praepositus</strong></span> <span class='ocrx_word' id='word_1_926' title='bbox 3342 5285 3580 5354; x_wconf 88' lang='lat' dir='ltr'><strong>majoris</strong></span> <span class='ocrx_word' id='word_1_927' title='bbox 3629 5287 3877 5340; x_wconf 76' lang='lat' dir='ltr'><strong>ecclesiae</strong></span> 
     </span>
    </p>
   </div>
   <div class='ocr_carea' id='block_1_107' title="bbox 365 5354 3868 5426">
    <p class='ocr_par' dir='ltr' id='par_1_107' title="bbox 365 5354 3868 5426">
     <span class='ocr_line' id='line_1_109' title="bbox 365 5354 3868 5426; baseline 0.001 -21"><span class='ocrx_word' id='word_1_928' title='bbox 365 5359 421 5426; x_wconf 77' lang='lat' dir='ltr'><strong>et</strong></span> <span class='ocrx_word' id='word_1_929' title='bbox 440 5358 537 5426; x_wconf 85' lang='lat' dir='ltr'><strong>atii</strong></span> <span class='ocrx_word' id='word_1_930' title='bbox 572 5355 838 5426; x_wconf 73' lang='lat' dir='ltr'><strong>monachi</strong></span> <span class='ocrx_word' id='word_1_931' title='bbox 871 5356 1056 5426; x_wconf 71' lang='lat' dir='ltr'><strong>ell&#39;ecti</strong></span> <span class='ocrx_word' id='word_1_932' title='bbox 1089 5355 1202 5408; x_wconf 90' lang='lat' dir='ltr'><strong>sint</strong></span> <span class='ocrx_word' id='word_1_933' title='bbox 1232 5362 1290 5408; x_wconf 90' lang='lat' dir='ltr'><strong>et</strong></span> <span class='ocrx_word' id='word_1_934' title='bbox 1319 5356 1388 5410; x_wconf 89' lang='lat' dir='ltr'><strong>de</strong></span> <span class='ocrx_word' id='word_1_935' title='bbox 1418 5357 1676 5411; x_wconf 88' lang='lat' dir='ltr'><strong>doctrina</strong></span> <span class='ocrx_word' id='word_1_936' title='bbox 1701 5357 1807 5410; x_wconf 90' lang='lat' dir='ltr'><strong>viri</strong></span> <span class='ocrx_word' id='word_1_937' title='bbox 1837 5356 1954 5422; x_wconf 90' lang='lat' dir='ltr'><strong>Dei,</strong></span> <span class='ocrx_word' id='word_1_938' title='bbox 1991 5355 2281 5426; x_wconf 86' lang='lat' dir='ltr'><strong>quomodo</strong></span> <span class='ocrx_word' id='word_1_939' title='bbox 2314 5354 2709 5426; x_wconf 88' lang='lat' dir='ltr'><strong>unusquisque</strong></span> <span class='ocrx_word' id='word_1_940' title='bbox 2731 5356 2792 5409; x_wconf 91' lang='lat' dir='ltr'><strong>in</strong></span> <span class='ocrx_word' id='word_1_941' title='bbox 2825 5354 3122 5409; x_wconf 89' lang='lat' dir='ltr'><strong>vocatione</strong></span> <span class='ocrx_word' id='word_1_942' title='bbox 3162 5371 3266 5409; x_wconf 89' lang='lat' dir='ltr'><strong>sua</strong></span> <span class='ocrx_word' id='word_1_943' title='bbox 3306 5371 3652 5424; x_wconf 86' lang='lat' dir='ltr'><strong>permanere</strong></span> <span class='ocrx_word' id='word_1_944' title='bbox 3685 5357 3868 5412; x_wconf 87' lang='lat' dir='ltr'><strong>debet.</strong></span> 
     </span>
    </p>
   </div>
   <div class='ocr_carea' id='block_1_108' title="bbox 365 5424 1274 5481">
    <p class='ocr_par' dir='ltr' id='par_1_108' title="bbox 365 5424 1274 5481">
     <span class='ocr_line' id='line_1_110' title="bbox 365 5424 1274 5481; baseline 0.003 -3"><span class='ocrx_word' id='word_1_945' title='bbox 365 5424 440 5459; x_wconf 79' lang='grc'><strong>³³⁸</strong></span> <span class='ocrx_word' id='word_1_946' title='bbox 475 5425 774 5480; x_wconf 88' lang='lat' dir='ltr'><strong>brunecho</strong></span> <span class='ocrx_word' id='word_1_947' title='bbox 811 5429 860 5480; x_wconf 93' lang='grc'><strong>1.</strong></span> <span class='ocrx_word' id='word_1_948' title='bbox 939 5425 1010 5461; x_wconf 76' lang='grc'><strong>³³⁷</strong></span> <span class='ocrx_word' id='word_1_949' title='bbox 1039 5426 1122 5480; x_wconf 93' lang='lat' dir='ltr'><strong>vir</strong></span> <span class='ocrx_word' id='word_1_950' title='bbox 1143 5441 1192 5479; x_wconf 90' lang='lat' dir='ltr'><strong>v.</strong></span> <span class='ocrx_word' id='word_1_951' title='bbox 1223 5430 1274 5481; x_wconf 89' lang='lat'><strong>2.</strong></span> 
     </span>
    </p>
   </div>
   <div class='ocr_carea' id='block_1_109' title="bbox 2006 5564 2230 5619">
    <p class='ocr_par' dir='ltr' id='par_1_109' title="bbox 2006 5564 2230 5619">
     <span class='ocr_line' id='line_1_111' title="bbox 2006 5564 2230 5619; baseline -0.004 -2"><span class='ocrx_word' id='word_1_952' title='bbox 2006 5564 2230 5619; x_wconf 67' lang='lat' dir='ltr'><strong>NOTE.</strong></span> 
     </span>
    </p>
   </div>
   <div class='ocr_carea' id='block_1_110' title="bbox 433 5693 750 5760">
    <p class='ocr_par' dir='ltr' id='par_1_110' title="bbox 433 5693 750 5760">
     <span class='ocr_line' id='line_1_112' title="bbox 433 5693 750 5760; baseline 0.009 -15"><span class='ocrx_word' id='word_1_953' title='bbox 433 5693 545 5760; x_wconf 76' lang='lat'><strong>(20)</strong></span> <span class='ocrx_word' id='word_1_954' title='bbox 568 5695 626 5749; x_wconf 86' lang='lat' dir='ltr'><strong>c.</strong></span> <span class='ocrx_word' id='word_1_955' title='bbox 664 5696 750 5748; x_wconf 77' lang='lat' dir='ltr'><strong>io.</strong></span> 
     </span>
    </p>
   </div>
  </div>
