3968 6410
3 368 119 419 525

1219 364 1585 421 ΡΒΟἜΜῙΑ.
1627 394 1695 404 —-
1735 364 1887 418 VITA
1933 362 2361 418 BURCHARDI.
2418 402 2420 404 τ

3446 368 3549 421 526

3 508 106 559 pas
141 490 465 545 mundanas
495 488 809 559 respuisset
851 487 928 523 ⁸³⁸
980 494 1037 543 et
1077 489 1137 542 in
1188 488 1419 542 servitio
1475 487 1573 541 Dei
1599 486 1715 541 fer-
1748 489 1794 540 Α
1832 484 1934 555 pit.
1971 486 2128 539 Tunc
2150 500 2281 537 vero
2302 482 2439 554 quia
2470 481 2572 537 Dei
2622 483 2906 537 famulum
2962 483 3152 539 studio
3198 485 3457 541 deditum
3487 493 3548 542 et

3 577 323 634 suisset“39
354 581 752 649 humanasque
794 578 995 631 laudes
1042 577 1278 631 vitando
1333 576 1583 646 fugasset
1625 573 1719 640 ⁸⁸0,

4 684 53 720 .n
90 685 156 721 se
216 684 475 721 reversus
514 668 689 719 vitam
737 665 1114 719 monasticam
1161 681 1464 735 aggressus
1512 668 1614 731 est,
1668 668 1723 717 et

4 772 108 823 ser
159 756 423 825 exempla
474 754 620 808 servi
682 754 781 807 Dei
833 754 1126 807 diabolum
1180 753 1402 823 decepit
1448 757 1505 805 et
1554 752 1722 806 corde

4 845 259 898 :ontrito
318 843 641 914 Spirituque
700 843 1081 897 contribulato
1151 842 1253 897 soli
1312 843 1427 895 Deo
1497 841 1723 911 placere

3 933 247 986 ituduit.
297 932 574 986 Similiter
630 936 685 984 et
738 932 835 985 alii
883 931 1132 984 illustres
1181 929 1285 983 viri
1337 946 1439 1000 per
1493 928 1725 982 assidua

4 1021 151 1073 .ervi
188 1021 285 1074 Dei
316 1020 664 1079 documenta
694 1019 976 1072 mundum
1026 1020 1441 1089 relinquentes,
1474 1017 1544 1070 de
1575 1016 1722 1070 civi—

4 1115 119 1162 nte
162 1109 435 1178 fugerunt
480 1113 538 1161 et
577 1108 705 1160 vita:
750 1108 1165 1161 monachorum
1214 1123 1273 1160 se
1320 1106 1717 1160 subdiderunt.

3 1197 261 1251 Fandem
303 1213 437 1250 vero
494 1196 797 1266 episcopus
840 1196 1055 1249 veritus
1105 1212 1177 1249 ne
1230 1194 1579 1249 monasteria
1610 1198 1719 1259 (2t)

6 1286 214 1339 ierent
257 1284 535 1350 desolata,
584 1284 653 1337 ab
714 1284 984 1338 omnibus
1036 1283 1402 1338 monasteriis
1450 1283 1720 1337 fratribus

3 1375 331 1443 gonvocatis
378 1372 449 1408 3‘“
510 1373 633 1426 istis
665 1390 759 1427 eos
811 1374 1095 1427 allocutus
1150 1378 1236 1427 est
1286 1372 1512 1426 verbis:
1572 1373 1716 1426 Nolo

20 1480 97 1515 os
160 1462 456 1533 ignorare,
508 1462 730 1524 fratres,
796 1462 949 1532 quod
1017 1462 1221 1527 omnis,
1282 1461 1381 1532 qui
1437 1464 1507 1497 ³η
1553 1460 1720 1515 timet

6 1554 186 1605 )eum
219 1556 273 1605 et
327 1556 600 1621 operatur
644 1551 951 1619 justitiam,
996 1556 1263 1619 acceptus
1321 1554 1406 1603 est
1451 1549 1557 1612 illi,
1600 1566 1716 1603 non

4 1642 193 1693 .olum
248 1641 582 1703 monachus,
644 1638 743 1692 sed
802 1645 857 1692 et
913 1640 1240 1703 canonicus,
1296 1639 1468 1691 etiam
1535 1636 1604 1673 ³⁸³
1662 1644 1717 1693 et

4 1729 200 1781 aicus.
242 1730 366 1781 Non
396 1736 481 1780 est
513 1728 752 1789 bonum,
787 1734 851 1781 ut
896 1744 1097 1781 omnes
1129 1729 1229 1797 qui
1271 1724 1340 1763 δι”
1373 1726 1430 1780 in
1463 1728 1600 1781 navi
1630 1728 1713 1781 la-

4 1822 209 1871 borant
242 1817 343 1870 uni
380 1817 542 1886 operi
574 1817 862 1879 insistant,
911 1822 973 1869 ut
1004 1817 1086 1869 vel
1124 1830 1336 1869 omnes
1357 1815 1473 1867 sint
1503 1815 1712 1884 guber-

4 1913 240 1959 iatores
308 1911 364 1959 et
420 1906 612 1959 nullus
680 1905 997 1972 navigator,
1065 1908 1164 1957 aut
1222 1919 1423 1956 omnes
1489 1903 1719 1972 naviga-

4 2012 151 2048 ores
203 1992 276 2031 ³⁸⁵
336 1998 393 2047 et
426 1994 641 2069 nullus
685 1993 1053 2063 gubernator.
1112 1992 1441 2045 Consultius
1498 1995 1582 2043 est
1641 1988 1715 2024 ³³⁸

4 2091 71 2150 it,
113 2083 385 2153 apposito
416 2082 825 2152 gubernatore,
876 2080 1271 2151 unusquisque
1302 2079 1462 2149 operi
1507 2077 1576 2123 ³⁸⁷
1610 2094 1713 2131 suo

5 2173 241 2237 nsistat,
294 2171 529 2242 quidam
611 2171 900 2240 navigant,
980 2169 1078 2223 alii
1134 2168 1500 2223 altitudinem
1554 2183 1715 2237 aqua;

3 2263 322 2330 ixplorent,
356 2260 472 2325 alii,
516 2259 565 2313 si
607 2274 834 2312 necesse
882 2259 973 2323 sit,
1019 2259 1236 2311 malum
1288 2258 1563 2311 scandant
1617 2254 1712 2321 ⁸⁸⁸,

4 2350 82 2401 .lii
116 2364 259 2401 vero
287 2346 574 2401 sentinam
607 2347 894 2409 hauriant,
932 2346 1127 2416 sicque
1177 2345 1368 2398 navim
1416 2360 1617 2398 omnes
1649 2345 1708 2397 in

4 2453 130 2490 iace
160 2436 437 2505 dirigant.
474 2434 1092 2504 Similiterintelligere
1139 2434 1437 2497 debemus,
1485 2433 1709 2496 fratres,

3 2526 145 2596 [uod
180 2541 302 2578 non
322 2524 516 2578 omnia
542 2539 849 2593 possumus
880 2538 1102 2576 omnes.
1134 2522 1191 2575 Si
1222 2522 1377 2575 enim
1408 2536 1610 2575 omnes
1638 2520 1713 2555 3"”

3 2612 269 2666 nonachi
297 2616 354 2665 et
395 2610 674 2677 canonici,
723 2610 824 2663 ubi
864 2616 999 2663 sunt
1047 2610 1219 2663 laici?
1266 2609 1403 2672 Quis
1434 2614 1570 2662 tunc
1602 2608 1709 2661 mi-

4 2700 268 2754 nistrabit
316 2699 634 2764 monachis,
707 2698 792 2751 vel
850 2698 950 2768 qui
1004 2697 1212 2751 serviet
1256 2696 1332 2731 ³⁵0
1379 2696 1711 2751 canonicis?

3 2792 39 2843 Si
74 2795 281 2842 autem
328 2803 528 2841 omnes
581 2786 730 2850 laici,
790 2787 887 2839 ubi
937 2794 1076 2840 tunc
1128 2786 1327 2840 laudes
1376 2791 1433 2839 et
1478 2785 1709 2839 servitia

4 2878 143 2931 )ei?
178 2878 415 2931 Diversa
444 2883 529 2929 est
558 2876 714 2929 enim
744 2875 965 2929 familia
1017 2876 1076 2927 in
1129 2874 1375 2929 Ecclesia
1426 2874 1548 2940 Dei,
1594 2890 1708 2927 non

3 2966 365 3021 .olummodo
395 2965 683 3031 monachi,
720 2964 817 3017 sed
849 2963 1021 3017 etiam
1069 2962 1353 3029 canonici,
1404 2979 1622 3016 necnon
1654 2967 1710 3016 et

1834 589 2009 627 sacra:
2050 572 2360 643 Scripturze
2406 572 2631 643 paginis
2680 572 2973 627 eruditum
3012 589 3076 627 ac
3128 575 3408 644 sapientia
3446 577 3548 631 Dei

1834 662 2122 732 repletum
2168 662 2435 716 videbant
2478 659 2570 727 ³⁵⁸,
2621 677 2917 715 sermones
2972 666 3029 716 et
3072 662 3346 732 epistolas
3387 681 3543 734 quaa-

1834 751 2264 821 stiunculasque
2322 749 2509 803 varias
2569 751 2654 803 illi
2724 752 2984 820 proferre
3071 769 3187 806 non
3241 753 3540 809 timebant.

1834 840 1978 908 Ergo
2018 837 2091 873 ³⁵9
2121 838 2357 909 quidam
2398 838 2629 892 illorum
2660 839 2812 893 inter
2844 838 2919 875 ³⁶⁰
2978 840 3116 894 alias
3182 857 3324 911 quas
3392 858 3543 912 saepe

1833 927 2089 997 prmtulit
2138 925 2451 980 sententias
2516 926 2586 979 de
2635 922 2862 996 jejunio
2922 927 3097 997 Moysi
3143 929 3213 965 3‘"
3272 933 3328 981 et
3367 930 3545 983 Heliae

1834 1002 2005 1069 verba
2045 1015 2379 1086 questionis
2420 1015 2765 1084 composuit,
2806 1020 2863 1069 et
2901 1016 2974 1051 3“
3027 1016 3131 1080 illi,
3178 1017 3343 1070 nobis
3389 1033 3540 1086 prae-

1832 1104 2110 1169 sentibus,
2144 1104 2307 1174 quasi
2337 1118 2439 1172 pro
2485 1103 2782 1156 occasione
2825 1103 3098 1170 dictandi,
3129 1104 3335 1159 humili
3365 1121 3539 1158 manu

1830 1193 2103 1263 porrexit.
2140 1194 2224 1246 lta
2254 1191 2411 1245 enim
2442 1191 2747 1261 scripserat
2776 1191 2872 1245 ille
2901 1208 2913 1245 :

1903 1309 1932 1340 (ι
1992 1289 2193 1343 Mentis
2249 1286 2587 1358 ingeniique
2646 1288 2761 1342 mei
2806 1288 3028 1342 aridam
3086 1288 3134 1342 si
3209 1305 3325 1343 non
3404 1306 3541 1359 per-

1829 1377 2149 1431 timuissem
2184 1375 2646 1446 intelligentiam,
2706 1376 3166 1431 clementissimm
3196 1382 3303 1431 tum
3341 1378 3537 1431 domi-

1829 1466 2049 1520 nationi
2099 1465 2375 1536 quasdam
2460 1480 2632 1518 sacrae
2682 1464 2991 1535 Scriptura
3022 1466 3352 1531 sententias,
3408 1482 3543 1536 quia

1830 1554 2009 1608 animi
2041 1554 2157 1607 mei
2195 1553 2563 1623 exiguitatem
2594 1553 3001 1623 constringunt
3048 1570 3273 1607 necnon
3322 1555 3379 1606 in
3432 1554 3536 1607 du-

1831 1641 2127 1695 bitationis
2189 1640 2574 1693 nodositatem
2638 1640 2842 1693 cadere
2898 1645 3131 1710 cogunt,
3190 1641 3383 1710 aliqua
3446 1656 3537 1693 ra-

1828 1730 1986 1783 tione
2026 1729 2414 1799 protulissem,
2447 1734 2511 1781 ut
2535 1734 2649 1781 tua:
2695 1728 2995 1798 probitatis
3041 1728 3370 1781 doctissimo
3404 1744 3536 1780 eru-

1828 1819 1983 1872 ditus
2003 1818 2370 1883 documento,
2402 1818 2487 1869 rei
2517 1832 2887 1886 agnoscerem
2909 1817 3239 1882 veritatem;
3260 1816 3535 1887 quoniam

1826 1905 2177 1975 quicumque
2227 1920 2294 1957 ex
2352 1910 2681 1958 sanctarum
2740 1904 3042 1958 sententiis
3107 1904 3532 1975 Scripturarum

1825 1994 2185 2049 titubationis
2224 1993 2428 2047 incidit
2483 1994 2828 2064 periculum,
2859 1994 2970 2047 nisi
3027 1994 3367 2047 emendatus
3398 2010 3530 2046 con-

1822 2082 2088 2136 fessionis
2114 2081 2501 2136 satisfactione
2534 2081 2850 2136 mundetur
2882 2082 3182 2153 ipsamque
3230 2084 3537 2151 cognoscat

1823 2171 2145 2235 veritatem,
2175 2170 2361 2241 gravis
2391 2171 2620 2240 culpam
2652 2176 2845 2225 reatus
2876 2171 3139 2224 incurrit.
3174 2172 3536 2240 Quapropter

1825 2276 1969 2313 mea:
1997 2260 2202 2312 vulnus
2231 2258 2595 2312 conscientiae
2627 2258 2789 2312 valde
2815 2258 3014 2313 dolens
3047 2260 3313 2328 ultraque
3345 2258 3534 2311 celaro

1823 2354 2106 2413 metuens,
2130 2352 2243 2401 tua:
2266 2346 2621 2417 dignissimae
2643 2347 2931 2401 sanctitati
2952 2346 3294 2401 ﬁducialiter
3312 2346 3531 2415 aperio,

1820 2442 1886 2490 ut
1923 2438 2033 2490 hoc
2090 2436 2246 2506 quod
2294 2436 2434 2489 latet
2479 2435 2826 2489 intrinsecus
2874 2434 3110 2506 pateﬁat
3152 2435 3527 2488 extrinsecus.

1822 2526 1963 2579 Nam
1994 2525 2165 2595 hujus
2196 2523 2523 2578 dictaminis
2561 2524 3062 2594 compositionem,
3120 2523 3333 2577 nullius
3378 2538 3537 2592 saga-

1820 2614 2004 2668 citatis
2042 2612 2417 2684 protervitate
2448 2613 2785 2679 succinctus,
2828 2612 2930 2666 sed
2988 2611 3265 2666 sitibundi
3315 2610 3536 2681 ingenii

1818 2704 2073 2766 raritate,
2138 2703 2251 2756 Deo
2324 2706 2489 2768 teste,
2553 2702 2713 2755 valde
2766 2706 3011 2767 coactus,
3069 2700 3355 2754 sanctitati
3421 2706 3534 2753 tuas

1820 2807 2102 2862 propono,

2185 2806 2301 2861 quo
2397 2805 2489 2843 me
2566 2790 2823 2859 corrigas
2879 2789 3301 2858 certioremque
3363 2788 3532 2842 istius

1822 2879 2279 2949 investigationis
2346 2894 2438 2932 me
2493 2878 2687 2944 facias,
2742 2877 2879 2948 quia
2939 2884 2995 2931 te
3046 2883 3248 2947 typum
3293 2877 3529 2931 illorum

1818 2984 2017 3038 gerere
2048 2968 2349 3038 vicemque
2380 2967 2496 3021 scio
2531 2972 2726 3021 tenere
2749 2966 2973 3037 [quibus
3023 2964 3322 3019 Dominico
3388 2964 3529 3017 dici-

4 3057 193 3110 ideles
227 3054 376 3107 laici.
410 3055 473 3107 Et
504 3053 561 3106 hi
593 3068 795 3106 omnes
844 3056 1017 3121 egent
1044 3052 1230 3121 gratia
1278 3051 1396 3105 Dei.
1432 3052 1581 3121 Ergo
1610 3051 1710 3121 qui
1745 3054 1783 3106 C
1823 3064 1917 3113 tur
1954 3056 2208 3128 alloquio
2242 3073 2255 3110 :
2291 3074 2319 3106 α
2352 3056 2523 3110 Vobis
2580 3056 2776 3110 datum
2823 3060 2911 3109 est
2966 3070 3132 3108 nosse
3194 3052 3531 3123 mysterium

3 3144 312 3197 :anonicus
342 3142 416 3195 sit
443 3139 536 3207 ‘5‘,
589 3157 692 3211 pro
746 3140 1059 3194 monastica
1091 3141 1207 3194 vita
1247 3141 1317 3195 de
1364 3139 1713 3194 monasterio

5 3251 98 3287 suo
138 3232 271 3285 sine
321 3230 551 3284 licentia
598 3246 716 3284 non
764 3233 949 3297 exeat,
1005 3230 1104 3283 sed
1151 3246 1284 3283 cum
1327 3229 1596 3285 fratribus
1652 3229 1713 3282 in

6 3335 312 3376 :ommune
344 3317 416 3355 ⁸⁵³
457 3319 708 3385 laboret;
763 3325 819 3372 et
851 3318 897 3371 si
955 3317 1287 3372 districtiori
1345 3320 1460 3371 vita
1524 3316 1713 3370 vivere

6 3410 293 3464 lesideret
347 3405 442 3475 ⁸³³,
503 3408 654 3460 intra
706 3406 1124 3460 monasterium
1198 3422 1367 3459 suum
1442 3405 1714 3474 operibus

6 3502 117 3553 Deo
159 3496 523 3567 placentibus
570 3494 844 3548 inserviat
872 3499 929 3547 et
978 3494 1048 3548 de
1094 3494 1262 3547 malis
1306 3509 1365 3547 se
1412 3494 1711 3561 sustineat,

5 3590 199 3658 sicque
246 3585 578 3638 holocausta
636 3583 950 3636 medullata
1011 3582 1070 3636 in
1121 3598 1221 3635 ara
1276 3582 1482 3635 occulti
1530 3582 1715 3635 cordis

5 3680 114 3731 Deo
144 3674 373 3728 adferre
405 3673 476 3708 3"
514 3688 628 3726 non
657 3671 910 3725 desistat.
946 3690 974 3722 ι)
1005 3670 1127 3725 Tali
1168 3686 1402 3741 quoque
1432 3671 1717 3723 sententia

6 3770 47 3817 at
69 3766 367 3833 juvcnum
398 3760 620 3814 animos
650 3758 888 3825 sedavit,
912 3764 969 3813 et
996 3758 1151 3829 quod
1198 3756 1474 3811 stabiliori
1525 3761 1717 3811 mente

14 3871 49 3908 n
83 3851 325 3905 servitio
359 3849 458 3902 Dei
488 3853 686 3918 postea
721 3848 1155 3919 permanebant,
1200 3844 1476 3899 incitavit.

69 3952 161 4003 18.
199 3946 285 4001 Ad
328 3946 450 3999 hac
509 3945 726 4016 quippe
780 3943 873 4009 ³⁵⁵,
919 3950 984 3998 ut
1038 3942 1435 4013 unusquisque
1485 3942 1718 3994 illorum

7 4036 323 4091 ;ecundum
352 4032 573 4103 ingenii
600 4033 983 4104 quantitatem
1023 4032 1171 4087 dicta
1198 4031 1285 4084 vel
1334 4030 1547 4100 scripta
1596 4034 1719 4083 stu-

8 4130 167 4181 liosa
192 4121 266 4158 ⁸⁵⁸
322 4123 431 4176 sibi
467 4121 675 4176 cotidie
713 4121 1038 4192 proferrent
1075 4118 1171 4187 ³⁸⁷,
1226 4119 1470 4174 firmiter
1506 4133 1721 4189 praece-

1827 3146 2046 3217 «regni
2078 3145 2177 3199 Dei
2212 3147 2406 3213 (Marc.
2446 3160 2520 3209 1v,
2554 3148 2661 3209 ll).
2689 3164 2717 3193 »
2752 3146 2892 3199 Cum
2925 3149 3116 3199 autem
3150 3158 3341 3196 veram
3396 3157 3534 3195 con-

1823 3234 2074 3289 scientia:
2141 3249 2287 3287 mete
2361 3232 2778 3286 confessionem
2838 3232 3074 3293 faciens.
3134 3231 3207 3285 ad
3278 3230 3534 3284 veritatis

1826 3323 2203 3393 agnitionem,
2263 3326 2363 3375 tua
2389 3326 2744 3375 monstrante
2800 3321 3130 3391 prudentia,
3191 3335 3529 3390 pervenero,

1828 3412 1897 3466 ab
1927 3411 2088 3465 omni
2114 3414 2307 3464 reatus
2336 3409 2452 3463 mei
2483 3410 2649 3463 sorde
2682 3409 3023 3463 mundatum
3054 3424 3119 3462 ac
3164 3414 3280 3461 tute
3326 3408 3534 3461 sancti-

1825 3499 1958 3564 tatis
1989 3498 2449 3568 innocentiaeque
2480 3514 2572 3552 me
2601 3498 2721 3551 fore
2771 3497 3111 3568 participem
3162 3502 3221 3550 et
3266 3512 3435 3566 spero
3479 3498 3537 3550 et

1826 3587 2072 3641 ﬁrmiter
2108 3587 2299 3650 credo,
2336 3586 2631 3655 quoniam,
2667 3585 2715 3639 si
2761 3601 2963 3639 verum
3007 3600 3122 3638 non
3172 3589 3338 3649 esset,
3380 3584 3536 3638 Psal-

1828 3674 1999 3728 mista
2053 3690 2169 3726 non
2221 3671 2499 3725 dixisset:
2552 3692 2580 3719 «
2629 3674 2769 3726 Cum
2819 3677 3015 3725 sancto
3072 3670 3534 3736 sanctiﬁcaberis,

1832 3783 1860 3810 ‹‹
1900 3767 1958 3815 et
1986 3776 2118 3815 cum
2140 3761 2447 3814 innocente
2478 3759 2754 3813 innocens
2785 3760 2896 3811 eris
2932 3760 3107 3828 (Psal.
3168 3774 3313 3823 xvn,
3354 3760 3468 3826 26).
3506 3779 3534 3805 »ι

1828 3850 1938 3905 Sed
1971 3850 2109 3921 quia
2166 3848 2371 3902 ulceris
2416 3847 2577 3901 dolor
2633 3864 2725 3901 me
2776 3862 3003 3917 semper
3054 3846 3320 3916 augendo
3378 3851 3539 3900 tuam

1829 3939 1985 4009 cogit
2035 3938 2193 3992 adire
2241 3937 2631 4002 clementiam,
2700 3936 3202 4008 quaestiunculam,
3259 3951 3364 4004 pro
3426 3951 3540 4005 qua

1832 4027 1993 4082 istius
2077 4025 2322 4097 pitatioli
2409 4024 2739 4096 congeriem
2814 4024 3156 4096 composuiJ
3202 4022 3542 4094 ambagibus

1831 4115 2050 4170 cunctis
2116 4114 2407 4187 projectis,
2441 4120 2559 4169 tua;
2618 4114 2961 4185 prudentiae.
3005 4129 3178 4185 quam
3228 4112 3369 4167 mihi
3408 4127 3540 4166 suc-

1441 4278 1675 4332 νΑΒιΑε
1716 4275 2115 4330 LECTIONES.

85 4450 168 4488 ³³³
236 4454 536 4519 respueret
567 4450 619 4501 2.
700 4446 773 4481 3'9
822 4445 1078 4519 ferveret
1114 4446 1173 4519 22

9 4526 93 4562 πω
146 4521 255 4593 qui
294 4508 362 4559 -ί-
406 4525 505 4573 aut
538 4516 1106 4593 οῐξὶιωειηειρειιιιε.2.Δ
1162 4511 1277 4593 3‘?“
1311 4529 1377 4593 n._
1405 4512 1631 4593 sintne}
1672 4526 1728 4562 n.
1766 4508 1838 4561 sit
1883 4524 1937 4588 g'.

1211 4582 1459 4636 35'est2.
1536 4579 1611 4616 3"
1639 4579 1933 4633 communi
1989 4580 2042 4631 2.

10 4604 60 4650 2.
163 4583 258 4627 ’διεδ
301 4607 357 4657 ο,
407 4594 540 4643 sunt
586 4591 637 4642 2.
745 4583 819 4619 ιω
863 4587 1035 4657 servit
1080 4587 1127 4657 2.

1256 4440 1330 4478 ⁵⁴⁰
1382 4440 1586 4494 vitaret
1634 4442 1685 4492 2.
1762 4436 1829 4473 ⁸⁴¹
1892 4434 2186 4489 canonicis
2242 4434 2311 4489 fr.
2374 4436 2426 4487 2.
2506 4432 2580 4469 3"
2639 4433 2812 4486 etiam

2871 4432 2968 4502 qui
3025 4434 3078 4486 2.
3108 4431 3229 4502 Lf“
3286 4430 3436 4502 deest,
3487 4431 3539 4484 2.

2066 4503 2139 4541 διδ
2213 4510 2299 4557 est
2331 4520 2468 4572 ergo
2518 4505 2571 4557 2.
2650 4499 2936 4572 “7iopere
2975 4505 3028 4555 2.
3105 4499 3182 4535 ⁸⁸⁸
3234 4501 3545 4572 ascendant

2148 4574 2219 4611 ⁸⁵³
2266 4569 2551 4629 desiderat
2603 4576 2655 4627 2.
2733 4569 2818 4607 ‘5"
2855 4573 3059 4626 offerre
3105 4575 3158 4625 2.
3272 4569 3344 4606 ³⁸⁵
3406 4571 3544 4624 item

50 4639 151 4717 est
194 4639 659 4731 ιιωὲιέἶεεῖἑερἱι
710 4660 775 4731 2._
845 4654 917 4691 ³⁵⁸
982 4656 1237 4731 studiose
1301 4656 1393 4731 2._
1430 4649 1501 4731 ⁸ἣ⁷
1569 4651 1929 4731 praeferrept.
1999 4648 2157 4731 Tum?
2210 4646 2308 4731 illi
2375 4645 2741 4731 videntes
2802 4640 2892 4726 "'3
2956 4642 3103 4696 deest
3128 4645 3221 4731 r2.
3298 4639 3453 4731 met

10 4688 151 4771 L105!
196 4688 319 4717 lucc
386 4688 659 4731 pusculi".
714 4688 765 4710 ι.
846 4688 861 4691 ν
982 4688 1236 4709 aluuluac
1304 4688 1354 4705 ι..
1571 4688 1768 4721 γεω-υ.

35 4738 88 4774 ⁸ο
124 4735 164 4788 i.
218 4749 269 4787 a.
336 4748 393 4802 q.
444 4748 485 4785 s.
524 4748 599 4802 ρ.Δ
635 4747 679 4785 s.
738 4728 949 4781 desunt.
1001 4728 1079 4802 2._
1132 4723 1201 4759 ³⁶¹
1256 4723 1399 4802 mosi
1462 4726 1540 4802 μ’
1573 4737 1780 4801 semper

1831 4722 1963 4786 fere.
2066 4714 2144 4750 ³⁸³
2210 4719 2261 4771 2.
2318 4716 2599 4783 sequentia
2659 4716 2849 4786 ita_in
2894 4712 3269 4786 compendium
3316 4712 3543 4777 redegit.

9 4816 67 4863 et
124 4783 266 4858 sibi
335 4783 900 4873 jiroprosuitr,ﬁutrum
961 4797 1187 4873 nullum
1233 4795 1437 4873 cibum
1481 4783 1713 4873 ,λείψειθέ
1772 4783 1848 4873 ἱμέ-
1887 4788 2233 4873 Xls‘diebus.
2279 4786 2635 4873 sumpsisset.
2698 4783 2783 4865 ᾼά
2841 4785 2963 4837 haec
3020 4785 3105 4836 vir
3134 4789 3367 4873 nanctus
3420 4787 3549 4853 post

16 4854 469 4934 ir'iultefve'rbar
496 4854 579 4926 sic
626 4854 819 4943 intulit
853 4886 864 4920 :
901 4890 921 4915 α
971 4867 1117 4943 Quid
1169 4866 1403 4943 mirum,
1449 4862 1497 4943 si
1528 4854 1743 4943 moyses
1790 4861 1891 4943 illo
1930 4859 2170 4929 jubente
2214 4854 2516 4943 jejuna—vit,
2552 4854 3245 4943 inncujusregnogniul‘lus
3290 4868 3547 4943 unquam

26 4925 446 5017 illdeavifét"
486 4925 705 5017 esuriit.
766 4925 1037 5017 Putasne.
1067 4938 1240 5017 cives
1274 4925 1544 5015 caelestes
1591 4925 1738 5017 sicut
1795 4925 2456 5017 terrépo‘silrastronivel
2482 4925 3549 5017 “aratr‘emsudanteslalﬁirandpupa:

12 4996 507 5086 tié‘B’ﬁiiérei-ej
560 5015 953 5086 Nequaquam.
1007 5009 1130 5086 Sed
1164 5014 1250 5086 est
1310 5003 1841 5086 panis-justorum‘
1871 5000 2242 5086 indefectivus
2273 5000 2445 5086 .Deus
2482 4998 2585 5086 Dei
2646 4996 2822 5051 Filius
2862 4998 3203 5076 angelorum
3230 5002 3453 5086 creator
3493 5000 3552 5049 et

12 5068 355 5147 hominum.
417 5068 493 5139 De
551 5068 678 5155 quo‘
725 5068 1004 5155 scriptum
1054 5084 1138 5133 est
1171 5095 1199 5155 :_
1221 5079 1283 5132 In
1313 5068 1677 5155 principium
1726 5078 1864 5153 erat
1906 5072 2184 5155 verbum;
2235 5069 2451 5155 etuibin:
2486 5070 2601 5138 Ego
2656 5068 3207 5155 nsum‘panisvivus.
3244 5068 3350 5155 Per
3377 5081 3551 5155 quem

12 5175 237 5234 panem
284 5150 1279 5234 mundusconsistit,“etnpopulus
1334 5150 1507 5227 Israel.

12 5222 69 5289 in
109 5234 309 5285 monte
331 5244 462 5281 cum
516 5226 756 5280 Domino
804 5222 931 5278 fuit.
981 5223 1045 5276 Et
1090 5222 1221 5275 ideo
1267 5236 1384 5274 non
1435 5222 1668 5283 mirum,

1334 5138 1629 5202 lsrael'XL
1652 5144 1817 5217 annis
1852 5143 1910 5197 in
1939 5140 2352 5217 desertovixit.
2390 5140 2467 5193 De
2498 5143 2789 5217 qu_9_tunc
2811 5139 3041 5217 Moyses
3064 5138 3331 5217 gustavit,
3358 5151 3549 5217 _quem

1719 5215 1764 5268 si
1810 5221 1947 5268 tunc
1994 5218 2113 5267 tam
2145 5211 2241 5265 diu
2283 5210 2500 5282 absque
2518 5208 2640 5264 'cibi
2682 5209 2969 5279 corporali
3016 5208 3145 5264 fuit.
3176 5228 3204 5260 ν
3264 5208 3551 5330 ΜυιωἫιε

1719 5285 1982 5330 »ιιρνίίιιίίς
2036 5288 2395 5330 nertranseo-
2434 5281 2530 5330 sed
2564 5282 2624 5330 in
2667 5280 2914 5330 historia
2960 5281 3085 5330 eius
3149 5278 3404 5330 nlenarie
3495 5292 3551 5329 a-

11 5278 545 5359 a'l'ianf—ueruntﬁibi
570 5278 715 5351 facta
756 5298 811 5349 et
841 5293 996 5349 dicta
1035 5293 1229 5361 verba,
1278 5306 1405 5362 quae
1461 5278 1982 5342 causa'brevitatis
2036 5278 2531 5355 pertranseofsed
2564 5282 2625 5336 in
2667 5278 2914 5335 historia
2960 5281 3085 5351 ejus
3147 5278 3404 5349 plenarie

12 5378 257 5431 bentur.

1685 5489 1910 5546 NOTAE.

94 5633 213 5703 (2t)
242 5628 683 5691 Canonicorum,
719 5631 783 5682 ut
806 5629 967 5697 patet
1000 5667 1012 5679 .
