4200 6438
715 371 818 425 527

1728 368 2201 426 BURCHARDUS
2238 369 2768 425 WOIHIACIENSIS
2805 369 3206 424 EPISCOPUS.
4077 379 4122 428 52:

712 497 1055 553 currendam
1119 497 1188 533 ³⁸³
1219 497 1338 551 fore
1383 511 1498 550 non
1529 495 1746 560 dubito,
1786 500 1958 566 prout
1984 499 2183 564 potero
2209 510 2403 564 ungue
2431 497 2474 548 Α
2512 494 2856 548 Testamenti
2889 493 3216 548 declaratio.
3249 493 3308 548 Si
3355 493 3484 564 quis
3533 497 3728 549 autem
3777 493 3959 548 insani
4004 499 4121 568 capiti

709 593 878 641 tenus
937 585 1263 654 exprimere
1321 601 1436 639 non
1473 586 1702 638 desisto.
1745 585 1806 637 In
1839 589 2208 636 sacrosancte
2258 583 2405 635 Scri-

708 681 896 746 plures
945 674 1334 728 voluminibus
1393 675 1617 742 Moysen
1670 678 1726 726 et
1778 672 1992 726 Heliam
2024 671 2405 742 quadraginta

707 764 828 817 dies
852 763 1143 834 jejunasse
1172 763 1432 831 legimus,
1469 761 1562 814 sed
1615 776 1688 813 an
1733 760 1800 813 ab
1853 761 2010 813 omni
2041 760 2314 812 alimento
2349 776 2406 810 se

707 851 1113 906 abstinuissent
1163 849 1327 903 multi
1375 850 1723 902 dubitamus.
1776 849 2065 902 Christum
2098 848 2403 901 Dominum

710 947 969 994 nostrum
1013 955 1239 992 cursum
1295 938 1674 1008 quadraginta
1731 936 1955 989 dierum
2003 937 2290 1006 jejunasse
2351 946 2405 990 et

711 1029 999 1099 triplicem
1063 1026 1268 1080 idcirco
1337 1025 1775 1093 temptationem
1843 1024 2116 1077 tolerasse
2179 1025 2294 1077 scio
2350 1031 2406 1077 et

713 1117 990 1170 veraciter
1034 1115 1219 1181 credo,
1252 1113 1346 1167 sed
1379 1129 1450 1166 an
1481 1114 1631 1166 ullus
1679 1112 1974 1166 hominum
2025 1113 2130 1166 hoc
2184 1113 2402 1179 fecerit,

712 1204 1104 1274 dubito;quia
1136 1203 1180 1255 si
1213 1204 1428 1272 Moyses
1476 1203 1560 1255 vel
1609 1201 1794 1255 Helias
1846 1207 1943 1254 aut
1992 1203 2401 1272 prophetarum

708 1294 917 1363 aliquis
958 1291 1337 1362 quadraginta
1385 1291 1504 1344 dies
1559 1289 2009 1360 uniuscujusque
2058 1290 2168 1343 cibi
2226 1290 2398 1344 absti-

711 1382 947 1446 nuisset,
1002 1379 1300 1433 diabolicm
1345 1384 1760 1448 temptamenta
1795 1379 2167 1448 probationis,
2200 1384 2262 1432 ut
2299 1396 2399 1433 au-

703 1474 886 1534 tumo,
941 1483 1055 1522 non
1101 1468 1414 1520 evasisset:
1468 1482 1624 1534 nam,
1669 1472 1731 1519 ut
1777 1467 1856 1520 ita
1919 1467 2126 1531 dicam,
2179 1467 2401 1520 facilius

703 1564 870 1622 esset,
903 1556 1195 1610 hominem
1226 1555 1556 1624 passibilem
1587 1555 1816 1624 probari
1864 1571 2037 1624 quam
2079 1555 2397 1608 dominato-

704 1661 828 1699 rem
856 1646 1030 1698 totius
1058 1650 1335 1697 creaturae
1384 1643 1672 1713 temptari.
1706 1644 1866 1696 Nunc
1913 1648 2104 1696 autem
2142 1644 2244 1696 tibi
2294 1645 2399 1698 hoc

706 1733 1064 1787 tractandum
1140 1733 1426 1802 relinquo,
1511 1731 1788 1802 quoniam
1857 1731 1928 1785 de
1978 1732 2189 1785 talibus
2246 1733 2396 1786 ultra
2434 1767 2468 1818 η

704 1821 865 1891 loqui
943 1819 1251 1881 tremisco;
1311 1819 1590 1888 scriptum
1640 1835 1888 1888 namque
1938 1826 2068 1873 est:
2133 1840 2161 1867 «
2217 1819 2397 1873 Omne

704 1929 729 1958 ει
765 1910 998 1962 verbum
1030 1909 1277 1962 otiosum
1301 1908 1454 1978 quod
1489 1908 1663 1961 locuti
1694 1908 1904 1960 fuerint
1939 1907 2220 1975 homines,
2262 1909 2396 1962 red-

705 2021 732 2045 (ι
765 1997 904 2051 dent
924 1996 1206 2050 rationem
1231 1996 1300 2049 de
1330 2012 1396 2049 eo
1427 1996 1484 2049 in
1515 1996 1826 2066 diejudicii
1856 1996 2073 2065 (Matth.
2105 2013 2203 2061 xu,
2238 2000 2345 2060 36).
2369 2018 2394 2047 ι)

702 2086 872 2140 Istius
920 2101 1052 2138 vero
1131 2084 1585 2152 investigationis
1661 2085 2164 2154 interrogationem
2225 2101 2395 2155 quam

699 2174 963 2244 pluribus
1021 2188 1440 2243 proposueram
1500 2172 1872 2243 sapientibus,
1929 2188 2058 2226 cum
2107 2188 2221 2226 non
2272 2190 2396 2226 sum

701 2261 958 2328 edoctus,
1018 2261 1220 2314 crescit
1293 2260 1526 2314 morbus
1583 2261 1878 2331 praedictus
1966 2262 2393 2331 centuplicatus.

700 2350 1064 2420 Quapropter
1129 2355 1228 2403 tua
1287 2365 1381 2403 me
1453 2356 1645 2402 sancta
1703 2350 2000 2404 veritatem
2029 2349 2261 2404 edoceat
2317 2367 2397 2404 sa-

699 2438 940 2508 pientia,
971 2442 1034 2492 ut
1079 2439 1351 2508 laqueum
1402 2444 1588 2491 reatus
1621 2455 1735 2491 non
1768 2439 2075 2503 incurram,
2134 2439 2230 2491 sed
2285 2455 2398 2509 pm-

704 2527 964 2580 nitentias
1015 2526 1104 2579 vel
1159 2542 1304 2579 vera:
1353 2527 1728 2580 confessionis
1777 2527 2021 2580 fructum
2080 2528 2389 2598 acquiram,

703 2630 875 2686 quem
906 2614 1216 2685 apostolica
1246 2615 1483 2668 dicendo
1525 2614 1783 2685 promisit
1828 2616 2144 2684 sapientia:
2179 2636 2205 2667 α
2249 2617 2382 2671 Con-

703 2723 731 2754 α
765 2703 933 2757 fessio
961 2703 1026 2757 fit
1051 2703 1120 2757 ad
1145 2704 1384 2757 salutem
1413 2703 1582 2773 (Rom.
1605 2719 1656 2768 x,
1695 2705 1798 2771 l0).
1834 2725 1861 2750 ››

772 2794 824 2845 9.
875 2791 944 2845 Ut
989 2797 1182 2845 autem
1239 2791 1358 2845 haec
1414 2807 1610 2845 servus
1668 2793 1765 2845 Dei
1813 2791 2118 2862 perspexit,
2196 2793 2394 2863 hujus-

695 2880 917 2934 cemodi
947 2880 1313 2934 correctionis
1374 2880 1547 2934 verba
1599 2880 1788 2935 eidem
1828 2881 2028 2951 juveni
2084 2881 2175 2936 die
2227 2882 2396 2936 tertia

690 2969 982 3039 rescripsit
1021 2985 1034 2998 ·

763 3057 978 3122 «Quod
1028 3072 1120 3112 me
1151 3056 1223 3110 de
1277 3057 1762 3128 quadragesimali
1812 3057 2035 3128 jejunio
2113 3058 2288 3128 Moysi
2335 3065 2393 3113 et
2430 3046 2467 3093 (ἶ

702 3146 880 3202 Heliaa
911 3147 1073 3217 quasi
1104 3145 1420 3200 dubitando
1475 3146 1864 3216 interrogasti,
1911 3162 1976 3200 ex
2033 3148 2141 3201 hoc
2199 3152 2276 3215 te,
2308 3148 2388 3202 tili

698 3249 850 3298 care,
898 3234 1113 3288 diutius
1178 3234 1442 3287 dubitare
1501 3234 1652 3287 nolo.
1720 3233 1866 3297 Quia
1920 3234 2033 3288 Deo
2087 3235 2390 3305 adjuvante

690 3319 1028 3392 planissima
1060 3321 1340 3390 expositio
1372 3327 1474 3387 est,
1500 3323 1605 3375 hac
1627 3326 1680 3375 te
1713 3323 1969 3376 instuere
2000 3323 2186 3393 cupio.
2224 3325 2384 3387 Nam.

695 3415 759 3462 ut
782 3410 903 3478 ipse
934 3410 1222 3462 confessus
1261 3425 1337 3475 es,
1372 3409 1419 3462 si
1468 3410 1596 3480 quis
1625 3410 1694 3464 de
1741 3413 2034 3465 sententiis
2064 3417 2387 3466 sanctarum

694 3495 1118 3566 Scripturarum
1189 3496 1548 3564 dubitaverit,
1624 3498 1733 3551 nisi
1785 3499 2166 3553 satisfactione
2243 3501 2384 3554 resi-

689 3584 900 3653 puerit,
933 3585 1120 3655 gravis
1146 3585 1370 3655 culpam
1419 3591 1608 3639 reatus
1663 3585 1901 3640 incurrit
1930 3607 1944 3653 ;
1994 3589 2039 3641 si
2066 3593 2258 3643 autem
2293 3589 2387 3643 in-

688 3674 840 3744 genii
873 3674 1136 3728 ariditate
1178 3690 1277 3728 seu
1316 3675 1500 3728 astatis
1531 3675 1849 3728 temeritate
1879 3676 1998 3730 sive
2044 3677 2384 3747 ignorantia:

686 3762 1031 3816 obscuritate
1089 3766 1188 3816 aut
1254 3762 1582 3832 neligentim
1663 3766 2089 3819 conculcatione
2159 3766 2379 3831 illusus,

686 3849 1043 3904 titubationis
1070 3850 1268 3904 incidit
1298 3851 1637 3920 periculum,
1679 3857 1738 3904 et
1773 3852 2008 3922 corrigit
2050 3853 2180 3923 quis
2203 3869 2334 3906 eum
2367 3868 2382 3906 :

687 3956 718 3988 α
746 3938 889 3992 scire
914 3939 1102 4001 debet,
1124 3938 1400 4009 quoniam
1427 3939 1530 4009 qui
1559 3940 1901 3994 converterit
1931 3946 2279 4010 peccatorem
2312 3943 2382 3995 ab

689 4045 714 4075 ι
749 4041 941 4080 errore
971 4026 1079 4079 vis:
1127 4043 1265 4090 suas,
1308 4027 1547 4080 salvavit
1589 4027 1840 4081 animam
1865 4044 2028 4081 suam
2057 4046 2089 4082 a
2111 4035 2315 4095 morte,
2354 4053 2379 4078 ››

687 4117 752 4168 ut
794 4114 874 4167 ait
936 4114 1174 4168 Jacobus
1229 4115 1521 4184 apostolus
1581 4115 1716 4184 (Jac.
1767 4132 1818 4182 v,
1892 4119 1976 4177 19,
2048 4120 2156 4185 20).
2233 4118 2380 4187 Ergo

686 4201 939 4257 animam
973 4209 1130 4255 tuam
1159 4220 1192 4256 a
1223 4208 1405 4256 morte
1436 4203 1799 4264 salvabimus,
1834 4203 1880 4256 si
1911 4205 2058 4258 dicta
2097 4221 2226 4275 quas
2283 4207 2378 4260 de-

2517 599 2583 636 ex
2623 583 2776 636 illius
2835 582 3198 636 lucidissimis
3231 583 3464 654 judiciis
3513 599 3626 637 non
3682 583 4000 653 corrigitur,
4040 587 4122 641 vani

2516 671 2647 724 tatis
2703 671 2955 724 ludibrio
3011 672 3213 724 illusus
3271 671 3572 740 decipitur.
3635 671 3910 725 Vanitatis
3960 672 4121 728 ludibri

2517 759 2909 828 unusquisque
2939 758 3244 827 decipitur,
3279 758 3379 828 qui
3427 758 3676 811 stultitiae
3720 758 3860 811 vitio
3905 760 4121 814 vanissimi

2514 848 2737 916 capitur
2764 856 2820 900 et
2852 863 2964 900 non
3002 847 3272 900 virtutem
3301 847 3511 916 qumrit
3543 862 3644 899 nec
3670 847 3871 899 vitium
3901 846 4048 916 fugit.
4077 850 4121 917 lg?

2514 942 2606 989 tur
2627 952 2797 988 omne
2847 936 3049 989 vitium
3099 935 3440 1003 fugiendum
3484 940 3596 1000 est;
3653 942 3804 988 certe
3849 937 4065 990 stultitia
4089 941 4122 990 tu

2512 1023 2719 1091 gienda
2779 1030 2900 1076 est:
2963 1023 3066 1077 hoc
3120 1024 3334 1094 quippe
3391 1022 3592 1076 vitium
3665 1022 3914 1076 hominis
3984 1025 4122 1078 est!

2512 1118 2740 1165 econtra
2779 1111 2967 1165 omnis
2999 1113 3176 1166 virtus
3206 1111 3552 1182 requirenda
3598 1116 3712 1177 est;
3760 1110 4024 1181 sapientia
4057 1114 4122 1182 qui

2509 1201 2638 1254 dem
2662 1200 3007 1270 requirenda
3038 1207 3152 1263 est;
3187 1200 3308 1269 ipsa
3337 1200 3492 1252 enim
3545 1199 3723 1252 virtus
3765 1199 3864 1252 Dei
3894 1204 3991 1252 est.
4017 1199 4122 1262 Qual

2511 1304 2735 1342 summo
2776 1289 2966 1342 studio
3023 1288 3382 1358 maximaque
3438 1287 3741 1357 diligentia
3779 1288 4043 1358 requirat,
4083 1305 4122 1357 gi

2514 1377 2609 1429 Dei
2637 1377 2843 1430 fortem
2875 1377 3140 1429 virtutem
3185 1392 3526 1444 cognoscere
3585 1376 3798 1445 cupiat.
3856 1375 3995 1438 Quid
4040 1379 4122 1429 cui:

2508 1471 2591 1517 est
2620 1465 2823 1519 fortius
2850 1482 3020 1536 quam
3057 1465 3156 1519 Dei
3186 1465 3383 1528 virtus,
3417 1465 3553 1535 quid
3583 1464 3824 1518 lucidius
3850 1481 4016 1534 quam
4043 1482 4122 1534 quo

2510 1554 2609 1608 Dei
2636 1554 2754 1608 veri
2787 1555 2918 1607 solis
2952 1555 3241 1608 iiluminat
3282 1553 3490 1614 radius.
3542 1553 3681 1624 quid
3730 1553 3982 1607 veracius
4023 1571 4122 1624 qua:

2508 1643 2661 1712 quod
2716 1643 2942 1712 scripsit
3022 1643 3201 1712 ipsius
3262 1642 3523 1695 Veritatis
3599 1643 3841 1696 manus?
3896 1643 3984 1696 Ait
4038 1647 4122 1694 enii

2509 1731 2802 1800 Scriptura
2834 1747 2846 1784 :
2885 1732 3180 1785 Descendit
3210 1731 3422 1800 Moyses
3453 1730 3522 1783 de
3556 1736 3766 1793 monte,
3804 1729 3945 1784 duas
3979 1730 4122 1783 tabula

2511 1820 2759 1890 lapideas
2789 1825 3021 1889 portans
3074 1819 3134 1872 in
3168 1821 3432 1872 manibus
3465 1818 3600 1883 suis,
3652 1819 3888 1889 scriptas
3931 1824 4121 1888 utraqu

2508 1907 2690 1977 digito
2718 1907 2835 1960 Dei.
2883 1908 2942 1960 In
2975 1907 3186 1978 quibus
3216 1907 3388 1960 etiam
3408 1906 3618 1960 tabulis
3649 1905 4036 1960 subtitulatum
4061 1914 4118 1958 est

2510 1997 2723 2065 Moyses
2781 1996 2881 2050 Dei
2949 2012 3141 2050 servus
3193 1996 3472 2066 jejunavit
3554 1995 3934 2066 quadraginta
3979 1997 4122 2049 dies!

2507 2084 2748 2137 totidem
2805 2090 3016 2148 noctes,
3073 2089 3136 2137 ut
3180 2085 3365 2154 legem
3414 2085 3638 2138 Domini
3690 2089 4002 2138 mereretur
4050 2087 4122 2136 accf

2508 2188 2661 2241 pere.
2693 2173 2838 2236 Quid
2873 2173 3104 2236 mirum,
3139 2173 3184 2226 si
3227 2174 3439 2242 Moyses
3485 2173 3584 2226 illo
3629 2173 3867 2242 jubente
3898 2173 4122 2242 jejuuavil

2507 2261 2564 2315 in
2594 2263 2756 2331 cujus
2801 2278 2977 2330 regno
3014 2277 3329 2332 numquam
3382 2262 3529 2315 ullus
3581 2261 3838 2328 esurivit,
3888 2261 3987 2314 sub
4031 2263 4122 2330 cuju

2505 2365 2747 2419 persona
2778 2351 2843 2404 ad
2869 2350 3274 2419 corrigendum
3333 2350 3710 2404 lsraeliticum
3763 2351 4031 2420 populum
4079 2352 4122 2401 lii

2498 2439 2752 2508 jusmodi
2804 2439 2975 2492 verba
3028 2439 3398 2492 correctionis
3454 2441 3735 2509 propheta
3778 2439 4114 2508 proclamant

2510 2551 2529 2575 α
2565 2527 2618 2582 Si
2643 2527 2918 2592 esuriero,
2951 2543 3068 2580 non
3096 2528 3280 2581 dicam
3329 2527 3452 2593 tibi,
3506 2543 3667 2580 meus
3713 2533 3797 2579 est
3835 2527 3989 2579 enim
4036 2527 4122 2578 orbi

2507 2635 2533 2665 α
2587 2622 2752 2670 terrae
2794 2618 2957 2683 (Psat.
3002 2632 3144 2680 xux,
3194 2620 3309 2684 l2);
3361 2638 3388 2664 ››
3421 2621 3478 2669 et
3525 2618 3779 2668 iterum:
3817 2637 3845 2663 «ι
3907 2615 4116 2683 Numqui

2507 2726 2531 2748 α
2557 2704 2913 2756 manducabo
2953 2719 3148 2756 carnes
3172 2710 3494 2769 taurorum,
3525 2708 3624 2756 aut
3651 2702 3989 2772 sanguinem
4011 2703 4122 2755 liircc

2505 2811 2533 2840 ιι
2576 2807 2702 2844 rum
2735 2791 2983 2861 potabo?
3014 2793 3160 2859 (Ital,
3193 2795 3276 2856 t3)
3307 2811 3333 2841 η
3368 2793 3464 2845 Ille
3496 2792 3730 2862 quippe,
3759 2791 3861 2861 qui
3909 2807 3974 2844 ex
4008 2792 4120 2843 nihil

2502 2885 2704 2933 cuncta
2735 2880 2960 2945 creavit,
2987 2880 3046 2934 in
3097 2897 3275 2946 regno
3307 2880 3505 2950 glorias
3557 2896 3674 2933 suos
3716 2895 4028 2950 numquam
4054 2894 4122 2931 esu

2505 2968 2654 3032 rivit,
2687 2985 2981 3038 nunquam
3045 2969 3238 3034 sitivit,
3294 2985 3396 3022 nec
3453 2983 3732 3038 umquam
3797 2967 4122 3030 dormivitu

2503 3056 2828 3126 Scriptura:
2863 3058 2942 3110 ait
2965 3077 2991 3106 α
3034 3058 3168 3110 Ecce
3205 3073 3319 3110 non
3377 3056 3653 3110 dormitat
3701 3072 3891 3126 neque
3921 3055 4122 3110 dormit:

2501 3164 2529 3195 α
2558 3144 2641 3197 bit
2673 3145 2770 3214 qui
2790 3145 3222 3198 custoditlsrael
3247 3145 3416 3212 (Psal.
3446 3161 3570 3209 cxx,
3593 3146 3672 3211 4).
3698 3165 3726 3193 ››
3765 3145 3967 3214 Igitur,
3994 3145 4122 3196 filiole

2500 3232 2654 3285 verbi
2677 3233 2863 3302 gratia
2887 3249 3014 3286 mea
3047 3233 3199 3286 dicta
3245 3230 3524 3302 intellige.
3555 3233 3614 3286 Si
3645 3232 3774 3303 quis
3804 3238 4056 3286 nostrum
4079 3230 4122 3282 ali

2498 3321 2658 3389 cujus
2730 3322 2881 3389 regis
2948 3322 3034 3374 vel
3100 3323 3477 3391 praepotentis
3545 3321 3911 3390 imperatoris
3954 3321 4118 3374 consili

2496 3409 2867 3475 interfuisset,
2898 3426 3026 3463 cum
3057 3409 3308 3463 diversas
3354 3410 3441 3463 sui
3485 3410 3648 3479 regni
3679 3410 3910 3463 divitias
3947 3411 4122 3478 inspice

2497 3501 2602 3558 ret,
2634 3497 2796 3565 cujus
2822 3497 2931 3552 cibi
2961 3498 3045 3550 vel
3074 3505 3242 3567 potus
3301 3497 3528 3550 interim
3568 3497 3875 3551 dulcedine
3922 3501 4042 3568 capi
4078 3513 4121 3565 pa

2495 3585 2732 3638 tuisset?
2781 3586 3020 3639 Vidisset
3068 3602 3315 3656 namque
3366 3587 3656 3640 ministros
3697 3587 3909 3640 diversi
3971 3585 4122 3653 generi

2493 3674 2742 3727 vestibus
2773 3673 3022 3739 indutos,
3053 3674 3290 3728 domum
3324 3674 3578 3728 inclitam
3627 3675 3798 3728 variis
3838 3673 4122 3729 ornamenti

2493 3762 2844 3832 insignitam,
2900 3778 3103 3816 aurum
3158 3762 3532 3832 purissimum
3574 3762 3749 3831 signis
3795 3779 3863 3816 ac
3897 3764 4122 3834 preciae-is

2493 3853 2651 3906 simis
2677 3852 2964 3923 lapidibus
3017 3859 3304 3915 ornatum,
3355 3852 3659 3922 ipsumque
3708 3869 3927 3923 regem,
3989 3869 4121 3906 cornu.

2490 3957 2556 3996 ac
2604 3942 2784 4011 regali
2822 3941 3142 3995 diademate
3214 3941 3580 4006 renitentem,
3611 3941 3841 3995 divitias
3893 3942 4046 4011 regni
4087 3955 4122 3990 sa

2490 4035 2653 4083 caute
2698 4034 3035 4082 tractantem
3097 4044 3159 4082 ac
3212 4029 3480 4098 mysticas
3528 4029 3752 4082 consilii
3795 4029 3889 4083 sui
3940 4031 4122 4084 ratione

2490 4119 2907 4172 enucleantem.
2935 4118 2999 4170 Et
3029 4117 3076 4170 si
3105 4117 3320 4170 lubrica
3340 4123 3398 4170 et
3430 4117 3755 4171 transitoria
3782 4118 3962 4188 hujus
3993 4114 4122 4171 mund

2488 4207 2670 4277 gloria
2700 4207 2995 4260 hominem
3043 4205 3104 4259 in
3167 4212 3391 4260 tantum
3426 4207 3688 4274 delectet,
3737 4213 3797 4260 ut
3856 4207 4121 4278 praecedet

684 4297 1070 4345 monstramus
1114 4296 1277 4344 caute
1313 4293 1714 4360 perscrutando
1759 4308 1903 4361 pura
1953 4299 2143 4346 mente
2186 4309 2378 4348 recon-
2405 4327 2444 4378 Ι)
2486 4301 2688 4348 natura
2722 4295 3004 4348 naturalia
3034 4310 3151 4348 non
3195 4300 3442 4364 reputet,
3485 4301 3700 4364 quanto
3736 4295 3925 4365 magis
3952 4293 4121 4348 caelesti

683 4380 790 4434 dis.
855 4379 1140 4450 Scripsisti
1191 4395 1441 4451 namque
1494 4380 1646 4433 hoc:
1693 4399 1721 4430 «ι
1783 4382 1845 4434 In
1892 4397 2050 4435 sacra
2084 4381 2376 4452 Scriptura

681 4488 708 4520 α
737 4470 963 4540 Moysen
1004 4475 1061 4522 et
1087 4468 1306 4522 Heliam
1349 4469 1728 4539 quadraginta
1773 4469 1892 4523 dies
1915 4471 2208 4540 jejunasse
2240 4472 2376 4542 legi-

680 4579 703 4606 ι
741 4575 887 4623 mus,
910 4558 1008 4613 sed
1033 4574 1105 4612 an
1127 4573 1185 4611 se
1207 4557 1279 4612 ab
1295 4558 1453 4612 omni
1479 4558 1754 4612 alimento
1781 4558 2182 4626 abstinuerint,
2207 4561 2372 4614 multi

675 4665 704 4698 α
737 4647 1083 4701 dubitamus.
1139 4664 1168 4697 ii
1218 4645 1438 4699 Nodum
1487 4645 1546 4699 in
1597 4646 1782 4716 scirpo
1840 4646 2086 4716 quieris;
2146 4645 2370 4700 labores

673 4735 888 4804 quippe
953 4734 1165 4804 perdit,
1208 4735 1308 4804 qui
1363 4735 1579 4788 nodum
1633 4735 1692 4787 in
1747 4735 1931 4805 scirpo
1990 4734 2214 4805 quaerit.
2277 4735 2371 4788 Est

673 4822 830 4876 enim
860 4823 1074 4877 nodum
1105 4823 1164 4875 in
1213 4822 1398 4892 scirpo
1446 4839 1721 4894 quaerere,
1767 4839 1835 4877 ex
1891 4823 2252 4894 apertissima
2303 4839 2368 4876 ac

672 4909 968 4964 verissima
1032 4910 1249 4964 ratione
1330 4911 1706 4965 dubitationis
1791 4913 2171 4966 nodositatem
2231 4928 2365 4966 con-

673 5000 899 5050 nectere
929 5002 985 5050 et
1027 5011 1094 5050 ex
1136 4997 1497 5052 serenissima
1552 5000 1677 5052 luce
1725 5000 2077 5054 densissimas
2135 5000 2363 5055 nebulae

669 5085 1104 5140 crassitudinem
1146 5088 1500 5141 contrahere.
1545 5087 1956 5143 Serenissiman
2003 5090 2130 5144 dico
2175 5091 2358 5144 lucem

666 5174 927 5228 videlicet
954 5179 1204 5228 sanctam
1235 5175 1609 5245 Scripturam,
1643 5175 1703 5228 iu
1750 5192 1864 5246 qua
1909 5175 2071 5231 factis
2113 5183 2168 5232 et
2198 5177 2362 5232 dictis

663 5264 1064 5334 unusquisque
1116 5263 1372 5317 tidelium
1408 5263 1741 5332 corrigitur;
1776 5279 1880 5334 per
1924 5265 2074 5334 quod
2133 5270 2188 5320 et
2231 5282 2359 5337 spe-

660 5352 854 5406 culum
922 5353 1050 5405 vitae
1117 5351 1323 5404 merito
1387 5350 1740 5404 nominatur.
1806 5353 1902 5405 Est
1955 5353 2110 5407 enim
2166 5360 2357 5409 sancta

661 5439 956 5512 Scriptura
1023 5445 1403 5510 utrarumque
1473 5439 1664 5509 legum
1712 5443 1771 5494 et
1827 5439 1966 5494 Novi
2026 5446 2083 5495 et
2144 5442 2356 5498 Veteris

2483 4384 2884 4453 asternalisque
2915 4384 3095 4453 gloria
3125 4383 3349 4436 Summi
3390 4383 3638 4452 Moysen,
3672 4383 3856 4437 Deum
3884 4385 4122 4437 timentes

2482 4472 2717 4542 ejusque
2765 4475 3052 4541 prmcepta
3117 4476 3476 4541 sequentem,
3560 4471 3856 4524 mundana
3933 4472 4122 4524 oblivisc

2479 4559 2656 4614 fecit?
2701 4559 2964 4613 Interfuit
3014 4558 3169 4611 enim
3225 4565 3422 4611 sancto
3464 4558 3702 4611 consilio
3736 4559 3895 4627 regis
3956 4555 4115 4612 aeterni

2476 4648 2698 4702 viderat
2740 4653 2797 4701 et
2853 4647 3097 4717 gloriam
3155 4646 3404 4711 Domini,
3463 4646 3570 4700 hoc
3614 4652 3698 4699 est
3742 4647 4122 4701 tabernaculum

2477 4752 2593 4790 non
2625 4752 2800 4789 manu
2828 4736 3064 4801 factum,
3098 4734 3155 4788 id
3187 4739 3272 4789 est
3314 4750 3430 4788 non
3473 4735 3644 4804 hujus
3691 4737 4034 4798 creationis;
4079 4747 4122 4785 au

2475 4825 2662 4879 dierat
2704 4840 2898 4878 vocem
2952 4823 3178 4877 Domini
3235 4823 3515 4877 dicentem
3547 4823 3697 4876 sibi:
3743 4843 3770 4873 ι
3807 4825 3939 4877 Prae
3967 4823 4121 4878 caeteri:

2475 4932 2502 4962 α
2535 4912 2710 4981 diligo
2745 4917 2816 4976 te,
2849 4917 2903 4966 et
2924 4926 2994 4965 ex
3034 4912 3263 4965 nomine
3292 4911 3423 4965 novi
3444 4917 3496 4964 te
3545 4911 3740 4981 (Exod.
3774 4927 3980 4978 xxxiii,
4019 4915 4079 4966 t3‘
4119 4925 4122 4954 ι

2470 5002 2863 5071 Quadraginta
2890 5002 3041 5055 enim
3073 5016 3252 5054 annos
3283 5017 3387 5070 pro
3420 5001 3796 5071 quadraginta
3846 5003 4045 5056 diebus
4073 5014 4121 5068 p.91

2470 5105 2708 5144 manum
2739 5089 2910 5159 Moysi
2941 5088 3140 5142 eduxit
3186 5090 3332 5142 Deus
3375 5090 3653 5159 populum
3696 5105 3876 5144 suum
3925 5107 4023 5162 per
4073 5089 4122 5139 dei

2469 5183 2707 5243 sertum,
2741 5184 2795 5231 et
2825 5193 2955 5230 cum
2988 5193 3055 5230 eo
3094 5178 3314 5230 locutus
3373 5183 3459 5229 est
3488 5176 3630 5230 facie
3663 5177 3732 5230 ad
3765 5177 4000 5244 faciem,
4033 5179 4116 5230 sica

2467 5267 2625 5337 loqui
2664 5267 2809 5320 solet
2835 5265 2903 5319 ad
2931 5267 3177 5318 amicum
3211 5281 3381 5318 suum
3424 5265 3617 5328 homo,
3659 5271 3722 5319 ut
3762 5265 4054 5336 Scriptura
4086 5279 4121 5313 ιγ

2467 5355 2668 5422 (Exod.
2703 5369 2894 5419 xxxm,
2930 5355 3044 5420 ll);
3095 5353 3247 5406 diem
3298 5352 3355 5405 in
3423 5369 3637 5406 annum
3669 5355 3943 5420 mutavit,
3975 5354 4121 5426 pabul.

2464 5443 2675 5496 caelesti
2708 5443 2987 5512 populum
3012 5455 3179 5495 suum
3202 5441 3372 5511 pavit,
3398 5457 3606 5512 panem
3636 5444 3972 5513 angelicum
4005 5445 4122 5497 hom?

2068 5531 2302 5586 VARUE
2352 5532 2641 5588 LECTION
2652 5531 2746 5585 ES.

732 5615 805 5651 ⁸⁸³
837 5615 1256 5670 sucurrendum
1291 5617 1339 5669 1.
