4200 6380
173 427 231 476 29
1324 425 1686 480 ρΒοοΕΜιΑ.
1729 455 1796 465 -
1835 429 1837 436 “

1949 430 1986 480 Α
2030 426 2449 482 BUBCHARDI.

3524 429 3626 482 530

173 545 525 601 Ianducavit.
577 545 716 611 Quis
770 551 854 601 est
914 544 1073 601 cibus
1118 546 1378 611 cmlestis,
1438 547 1523 599 vel
1566 546 1695 616 quis
1743 551 1827 601 est
1859 551 1902 601 A
1940 546 2119 613 Igitur
2143 547 2278 618 quia
2297 547 2368 601 ab
2395 545 2561 601 initio
2592 546 2763 601 fallax
2794 562 2856 601 ac
2877 547 3150 601 dubiosus
3173 548 3302 615 fuit,
3333 547 3485 603 inter
3511 565 3629 603 sus-

174 634 290 687 bus
338 635 685 703 angelicus?
726 634 873 699 Quid
916 650 1075 705 ergo,
1116 634 1222 701 fili,
1273 634 1423 688 dices
1466 634 1534 687 ad
1581 633 1745 688 haec?
1775 635 1833 688 Si

174 722 355 775 udum
398 722 676 792 qumsisti,
710 739 837 775 ecce
887 722 1169 776 invenisti.
1199 724 1324 776 Jam
1353 723 1568 775 resolve
1601 722 1831 786 nodum,

173 828 179 860 .
229 810 390 862 hunc
444 826 726 879 cognosce
775 811 1030 864 modum.
1085 811 1347 875 Putasne,
1387 811 1641 863 caelestes
1688 810 1835 863 cives

173 899 297 951 cuti
340 904 600 952 terrenos
640 904 822 952 rastro
857 899 943 951 vel
977 902 1165 951 aratro
1210 899 1477 952 sudantes
1526 894 1833 951 laborando

173 1002 397 1040 haerere
430 986 682 1056 panem?
705 988 1097 1056 Nequaquam.
1134 986 1242 1040 Sed
1264 988 1644 1055 estjustorum
1674 986 1836 1057 panis

173 1074 509 1128 idefectivus
565 1076 731 1135 Deus.
780 1075 879 1127 Dei
912 1074 1104 1138 Filius,
1147 1074 1481 1142 angelorum
1530 1080 1753 1128 creator
1781 1079 1837 1128 et

174 1162 429 1228 3minus,
466 1162 538 1215 de
584 1161 1008 1231 quo’scriplum
1045 1166 1169 1215 est:
1203 1181 1229 1212 α
1268 1162 1332 1215 ln
1379 1160 1663 1231 principio
1716 1166 1838 1214 erat

186 1251 449 1303 Verbum
499 1255 556 1303 et
590 1250 830 1303 Verbum
881 1254 1003 1302 erat
1034 1249 1184 1319 apud
1219 1250 1399 1302 Deum
1430 1255 1486 1303 et
1536 1250 1685 1303 Deus
1716 1254 1837 1302 erat

179 1337 445 1391 Verbum
498 1337 687 1407 (Joan.
721 1353 760 1401 ι,
795 1338 861 1403 1).
896 1356 924 1387 )›
962 1338 1098 1391 Ecce
1137 1337 1301 1407 panis
1346 1338 1671 1407 angelicus!
1710 1358 1737 1384 ‹‹
1770 1337 1838 1389 Et

182 1426 435 1478 verbum
471 1440 603 1479 caro
626 1425 838 1478 factum
869 1429 955 1478 est
977 1430 1032 1477 et
1061 1424 1335 1478 habitavit
1352 1424 1411 1477 in
1443 1424 1626 1478 nobis.
1658 1425 1832 1493 (Ibid.

184 1530 227 1577 ι,
290 1514 398 1580 14.)
430 1534 451 1561 ι
491 1514 625 1567 Ecce
675 1512 842 1565 cibus
883 1513 1127 1566 caelestis
1171 1512 1483 1579 descendit,
1528 1518 1585 1566 et
1628 1528 1835 1583 panem

174 1602 475 1670 igelorum
505 1601 678 1655 homo
729 1601 1110 1666 manducavit,
1144 1600 1375 1670 quando
1421 1600 1665 1653 Verbum
1704 1616 1834 1653 caro

176 1696 343 1742 ctum
378 1690 441 1742 in
472 1689 636 1743 nobis
663 1688 955 1742 habitavit.
1004 1690 1127 1759 lpse
1165 1688 1319 1741 enim
1354 1687 1468 1741 ait:
1508 1710 1528 1736 ι
1562 1690 1676 1757 Ego
1709 1704 1833 1740 sum

182 1777 363 1847 panis
391 1778 577 1842 vivus,
612 1777 714 1847 qui
758 1776 829 1830 de
860 1776 1002 1829 ccelo
1033 1776 1302 1830 descendi
1342 1775 1515 1845 (Joan.
1545 1792 1617 1841 γι,
1651 1779 1706 1829 51
1745 1793 1758 1841 ;
1804 1800 1829 1821 »

173 1882 225 1919 ει·
252 1881 438 1934 quem
479 1881 686 1935 panem
721 1865 967 1917 mundus
998 1863 1275 1928 consistit,
1310 1870 1366 1917 et
1403 1879 1505 1934 per
1533 1880 1703 1933 quem
1730 1879 1833 1933 po-

174 1956 301 2007 ilus
341 1953 575 2007 Domini
605 1953 987 2023 quadraginta
1016 1968 1196 2005 annos
1231 1951 1402 2018 vixit;
1435 1952 1505 2006 de
1537 1968 1651 2022 quo
1685 1953 1832 2021 Moy-

174 2055 208 2090 zs
229 2038 363 2107 jam
401 2044 537 2089 tunc
568 2036 839 2107 gustavit,
883 2036 1113 2106 quando
1145 2036 1289 2089 rubo
1336 2036 1601 2105 flagranti
1632 2036 1835 2089 affatus

173 2143 200 2179 c
226 2124 577 2195 respondit:
616 2146 637 2173 ι
672 2125 935 2191 Obsecro,
974 2123 1235 2189 Domine,
1279 2125 1439 2177 mitte
1489 2140 1661 2194 quem
1697 2124 1834 2177 mis-

180 2231 360 2267 surus
389 2230 450 2267 es
472 2213 680 2283 (Exod.
716 2229 792 2281 iv,
828 2216 915 2281 l3)
951 2231 1017 2276 ις
1051 2216 1107 2266 et
1146 2213 1285 2266 alibi
1315 2213 1384 2267 de
1412 2213 1611 2266 eodem
1645 2218 1836 2283 gusta-

178 2310 223 2371 t,
262 2302 508 2373 quando
558 2302 710 2355 inter
749 2300 1001 2371 plurima
1032 2300 1307 2354 doctrinae
1347 2316 1463 2353 suae
1506 2300 1675 2353 verba
1706 2299 1835 2352 filiis

179 2393 307 2444 rael
361 2391 496 2444 ait:
557 2412 577 2438 ι
632 2388 972 2459 Prophetam
1017 2387 1312 2442 suscitabit
1362 2388 1523 2442 vobis
1569 2389 1717 2441 Deus
1766 2388 1833 2441 de

181 2479 471 2533 fractibus
502 2477 727 2545 vestris,
754 2478 947 2547 ipsum
977 2476 1220 2531 audietis
1254 2476 1437 2546 (Deut.
1478 2492 1629 2540 xvm,
1668 2479 1769 2539 lii).
1810 2498 1831 2523 ι

173 2584 200 2620 e
233 2583 360 2638 quo
400 2582 553 2636 pane
584 2565 855 2635 gustavit,
895 2580 1026 2619 cum
1053 2563 1434 2635 quadraginta
1463 2563 1581 2617 dies
1599 2562 1835 2632 jejuna-

178 2662 235 2709 t:
306 2654 447 2725 quia
506 2669 624 2707 non
676 2652 737 2707 in
792 2653 910 2706 solo
962 2651 1239 2722 corporali
1288 2651 1415 2705 cibo
1462 2650 1600 2704 vivit
1644 2652 1835 2717 homo,

174 2743 221 2796 id
256 2743 321 2797 in
344 2742 509 2795 omni
538 2741 711 2795 verbo
747 2740 848 2794 Dei
879 2741 1023 2801 (Luc.
1062 2756 1135 2804 IV,
1169 2740 1242 2807 4).
1278 2740 1383 2793 Per
1408 2738 1561 2808 quod
1591 2738 1835 2791 Verbum

173 2837 334 2885 incta
349 2835 544 2884 creata
564 2835 721 2894 sunt,
746 2834 803 2883 et
823 2828 1019 2881 omnia
1041 2827 1204 2898 quasi
1220 2842 1282 2879 ex
1306 2826 1485 2879 nihilo
1496 2825 1832 2891 consistunt,

173 2919 411 2990 aiaipse
436 2919 590 2972 Deus
620 2916 866 2970 Verbum
890 2922 990 2969 est.
1018 2935 1046 2964 ‹‹
1069 2914 1312 2968 Verbum
1341 2918 1463 2967 erat
1479 2913 1631 2983 apud
1659 2915 1836 2967 Deum

173 3014 230 3060 et
264 3010 421 3061 Deus
451 3011 576 3059 erat
602 3005 855 3059 Verbum
877 3004 1065 3069 (Joan.
1093 3020 1130 3069 1,
1169 3002 1239 3071 1.)
1265 3023 1290 3050 ››
1312 3004 1374 3055 In
1400 3002 1505 3055 hoc
1525 3004 1737 3072 quippe
1756 3002 1839 3054 in-

1939 636 2272 705 pensionem
2324 635 2699 688 dubitationis
2748 634 2946 688 incidit
2990 636 3306 705 periculum
3352 637 3627 707 despera-

1939 722 2129 789 tionis,
2153 728 2209 776 et
2239 738 2341 793 per
2371 723 2596 776 ruinam
2619 724 3035 791 desperationis
3067 724 3383 794 passionem
3416 726 3630 795 patitur

1942 815 2170 864 aeternae
2201 811 2608 878 damnationis,
2648 816 2819 880 atque
2858 812 3125 880 expulsus
3159 813 3214 866 in
3248 815 3522 868 tenebras.
3542 829 3633 868 ex-

1940 900 2199 963 teriores,
2248 899 2552 951 infernales
2601 899 2802 952 merito
2845 900 3083 968 pertulit
3125 902 3436 970 passiones.
3469 901 3631 965 Quod

1944 993 2133 1040 autem
2167 985 2533 1056 interrogasti
2560 987 2630 1039 de
2667 987 2893 1057 jejunio
2945 989 3138 1053 Heliae,
3191 990 3295 1042 hac
3350 990 3633 1043 sententia

1944 1072 2219 1143 intellige.
2277 1074 2480 1143 Legisti
2526 1074 2717 1140 etiam,
2770 1079 2930 1143 puto,
2984 1080 3040 1127 et
3088 1076 3435 1143 intellexisti,
3486 1092 3631 1147 quo-

1943 1160 2112 1214 modo
2138 1166 2267 1229 post
2296 1160 2779 1229 imprecatiouem.
2814 1177 2987 1231 quam
3027 1162 3159 1215 fecit
3202 1179 3373 1233 super
3404 1164 3631 1217 habita-

1943 1253 2097 1302 tores
2144 1248 2398 1309 Galaath,
2450 1248 2636 1302 Helias
2696 1250 3006 1303 absconsus
3054 1251 3124 1303 ab
3170 1252 3362 1305 Achab
3400 1268 3533 1323 rege
3570 1253 3630 1306 in

1943 1340 2192 1389 torrente
2252 1336 2443 1390 Carith
2492 1337 2606 1390 Deo
2652 1336 2890 1405 jubente
2937 1354 2969 1389 a
3013 1339 3195 1391 corvis
3240 1344 3528 1393 recreatus
3576 1346 3632 1394 et

1943 1429 2135 1493 pastus
2182 1430 2267 1478 est
2317 1425 2407 1492 (ΙΙΙ
2454 1427 2577 1491 Reg.
2634 1425 2785 1493 xvu).
2848 1426 2978 1478 Post
3033 1428 3147 1479 tres
3203 1424 3631 1482 autem'anuos

1942 1517 2229 1581 praecepto
2266 1512 2364 1565 Dei
2398 1512 2642 1566 ostendit
2688 1528 2746 1566 se
2778 1513 2990 1579 Achab,
3024 1514 3253 1583 quando
3297 1516 3486 1568 zelans
3534 1532 3628 1569 ze-

1945 1599 2062 1650 lum
2099 1598 2323 1651 Domini
2365 1598 2818 1669 quinquagintos
2849 1600 3269 1669 quinquaginta
3315 1602 3632 1656 sacerdotes

1947 1685 2076 1737 Baal
2118 1684 2436 1738 interficere
2473 1686 2679 1754 jussit;
2722 1686 2923 1739 eodem
2956 1687 3047 1740 die
3087 1703 3117 1739 a
3171 1689 3284 1740 Deo
3318 1688 3631 1758 impetraris

1944 1772 2216 1840 pluviam.
2252 1773 2462 1826 Deinde
2495 1774 2703 1825 timens
2727 1773 2910 1826 minas
2928 1775 3165 1837 Jesabel,
3199 1776 3527 1829 furibundae
3550 1792 3633 1831 re-

1943 1859 2115 1928 ginae,
2149 1875 2252 1928 per
2278 1859 2565 1913 desertum
2616 1860 2759 1929 fugit
2790 1866 2847 1913 et
2891 1861 2951 1914 in
2982 1863 3185 1915 umbra
3226 1863 3483 1933 juniperi
3525 1879 3631 1934 pro

1944 1948 2111 2000 taedio
2161 1948 2369 2000 animas
2419 1948 2782 2001 obdormivit.
2824 1949 2982 2002 Tunc
3028 1966 3258 2021 quoque
3309 1951 3378 2004 ab
3425 1954 3630 2022 angelo

1941 2034 2031 2088 bis
2067 2036 2359 2100 excitatus,
2396 2041 2452 2088 et
2499 2036 2567 2088 de
2622 2036 2980 2104 longitudine
3033 2036 3136 2090 viae
3190 2039 3519 2103 instructus,
3568 2054 3632 2092 ac

1943 2123 2312 2176 subcineritio
2368 2139 2514 2192 pane
2562 2128 2618 2176 et
2664 2139 2813 2193 aqua
2866 2124 3127 2188 refectus,
3186 2124 3248 2179 in
3290 2125 3625 2181 fortitudine

1942 2210 2055 2264 cibi
2080 2210 2236 2263 illius
2268 2210 2582 2264 ambulavit
2614 2211 2991 2280 quadraginta
3020 2212 3138 2265 dies
3178 2219 3235 2266 et
3263 2215 3502 2268 totidem
3535 2232 3631 2268 no-

1942 2305 2077 2354 ctes.
2116 2299 2272 2353 Unde
2304 2306 2471 2369 putas
2501 2300 2661 2370 panis
2704 2300 2813 2353 iste
2840 2300 3012 2366 venit,
3060 2302 3148 2354 vel
3192 2318 3305 2373 quo
3353 2304 3422 2356 de
3474 2305 3630 2357 fonte

1942 2386 2064 2440 haec
2105 2402 2253 2456 aqua
2295 2387 2495 2440 hausta
2542 2386 2695 2440 fuit?
2740 2388 2902 2453 Nam,
2954 2392 3013 2441 ut
3060 2388 3321 2458 legimus,
3369 2392 3553 2444 Helias
3601 2408 3634 2443 a

1946 2475 2060 2528 Deo
2092 2479 2285 2540 raptus
2311 2490 2414 2543 per
2449 2474 2737 2528 turbinem
2778 2475 2837 2527 in
2868 2476 3073 2529 coelum
3107 2477 3294 2530 adhuc
3323 2479 3634 2547 corporalis

1944 2562 2096 2615 vivit.
2128 2561 2236 2615 Sed
2277 2561 2346 2613 de
2390 2577 2505 2630 quo
2554 2578 2701 2631 pane
2748 2561 3023 2625 reﬁcitur,
3069 2568 3167 2616 aut
3213 2565 3283 2617 de
3316 2581 3430 2635 quo
3478 2566 3634 2619 fonte

1944 2656 2112 2723 putas
2145 2652 2329 2721 potari
2352 2654 2381 2706 ?
2424 2652 2554 2705 Dico
2584 2652 2686 2705 tibi
2717 2668 2822 2721 pro
2860 2654 3116 2719 veritate,
3148 2655 3299 2724 quod
3338 2656 3477 2725 ipse,
3511 2656 3633 2726 qui,

1944 2743 2007 2793 ut
2039 2740 2177 2808 dixi,
2210 2740 2375 2809 panis
2398 2740 2685 2809 justorum
2734 2741 3007 2804 consistit,
3055 2742 3391 2796 alimentum
3423 2745 3634 2797 saturi-

1943 2826 2078 2879 tatis
2114 2827 2286 2880 Heliae
2317 2826 2529 2896 absque
2570 2826 2743 2879 dubio
2774 2826 2992 2879 tribuit.
3025 2830 3186 2896 Aqua
3215 2844 3348 2881 vero
3385 2830 3635 2899 potatio-

1948 2914 2035 2967 nis
2073 2930 2139 2967 ex
2175 2914 2328 2967 illius
2359 2914 2512 2967 fonte
2538 2919 2783 2978 emanat,
2815 2914 2914 2984 qui
2943 2914 3118 2968 dixit:
3156 2934 3182 2966 α
3208 2918 3428 2986 Aquam
3460 2933 3633 2987 quam

1950 3019 1974 3053 ι
2009 3017 2113 3070 ego
2162 3000 2371 3054 dedero
2416 3000 2513 3071 qui
2566 3000 2795 3065 biberit,
2841 3018 2903 3054 ex
2938 3019 3003 3054 ea
3038 3018 3151 3055 non
3184 3002 3335 3057 sitiet
3380 3019 3633 3073 unquam

174 3096 477 3165 :lligimus,
515 3093 653 3164 quia
684 3094 833 3146 Deus
854 3094 1021 3146 Pater
1056 3091 1228 3145 Filius
1256 3091 1378 3161 ipse
1408 3095 1513 3155 est,
1556 3096 1614 3143 et
1644 3090 1833 3155 Filius,
1868 3091 1907 3146 C
1948 3112 1974 3138 ‹‹
1994 3090 2167 3159 (Joan.
2191 3105 2263 3155 IV,
2291 3092 2353 3143 13
2381 3089 2537 3158 ;»)et
2559 3088 2796 3143 iterum:
2823 3108 2849 3139 α
2868 3089 2974 3152 Qui
2996 3090 3207 3143 biberit
3228 3107 3434 3161 aquam
3460 3107 3632 3161 quam

173 3201 233 3237 oc
269 3188 359 3237 est
381 3183 657 3243 Verbum,
681 3180 847 3250 panis
877 3178 1118 3233 ccelestis
1146 3184 1249 3243 est,
1290 3183 1347 3231 et
1378 3177 1543 3247 panis
1572 3177 1832 3244 caelestis,

175 3289 229 3325 )c
263 3278 355 3325 est
387 3270 661 3335 Verbum,
692 3284 824 3321 caro
863 3267 1074 3321 factum
1104 3271 1208 3335 est,
1238 3266 1362 3336 ipso
1401 3266 1611 3319 fatente
1654 3269 1713 3319 et
1745 3264 1838 3318 di-

1950 3197 1977 3228 ‹‹
2010 3194 2116 3247 ego
2143 3176 2236 3239 do,
2267 3176 2365 3230 fiet
2396 3176 2455 3229 in
2477 3192 2545 3229 eo
2568 3177 2689 3229 fons
2723 3192 2890 3246 aqum
2913 3178 3167 3230 salientis
3196 3178 3254 3230 in
3276 3179 3444 3231 vitam
3474 3184 3635 3232 aiter-

1953 3288 1972 3313 α
2010 3280 2141 3317 nam
2175 3264 2354 3332 (lbid.,
2385 3266 2466 3318 14.
2498 3284 2524 3315 ν
2550 3265 2735 3317 Helias
2761 3265 2915 3318 enim
2938 3266 3242 3335 estjustus,
3275 3278 3330 3320 et
3358 3273 3481 3320 erat
3510 3267 3635 3321 ideo

175 3366 331 3413 ante:
376 3380 398 3407 ι
441 3358 612 3411 Panis
661 3372 831 3426 quem
868 3371 974 3425 ego
1008 3354 1240 3421 dedero,
1290 3370 1420 3407 caro
1451 3369 1577 3407 mea
1607 3357 1692 3406 est
1734 3369 1835 3423 pro
1940 3352 2178 3422 justitiaa
2236 3352 2444 3422 pabulo
2520 3352 2799 3418 refectus;
2860 3353 2994 3407 vivit
3059 3359 3115 3407 et
3172 3355 3415 3419 vivebat,
3494 3354 3638 3408 sicut

189 3447 401 3502 mundi
449 3446 565 3498 vita
599 3445 780 3514 (Joan.
837 3442 1047 3512 v1.52).
1086 3464 1112 3491 »
1159 3444 1283 3512 lps'e
1331 3442 1546 3512 quippe
1593 3441 1709 3495 vita
1755 3446 1839 3494 est

176 3576 180 3589 .
210 3537 565 3590 alimentum
597 3532 933 3602 angelorum
964 3547 1029 3584 ac
1061 3531 1383 3595 hominum,
1409 3530 1508 3599 qui
1530 3529 1663 3583 facit
1691 3534 1839 3582 utra-

176 3642 238 3678 ue
272 3639 465 3678 unum
491 3639 505 3687 ;
540 3622 663 3690 ipse
695 3634 927 3690 quoque
948 3619 1173 3689 Moysen
1202 3618 1573 3689 spiritualiter
1592 3617 1835 3682 satiavit,

175 3713 365 3766 nando
388 3708 777 3781 quadraginta
797 3708 919 3761 dies
945 3706 1318 3777 corporaliter
1336 3706 1635 3776 jejunavit.
1669 3705 1840 3775 Cujus

175 3803 419 3855 icelsam
468 3798 791 3868 potentiam
845 3810 1232 3864 magnamque
1293 3793 1738 3847 misericordiam
1786 3799 1842 3846 et

176 3890 449 3959 itiquum
481 3886 787 3939 consilium
814 3883 1071 3937 diabolus
1110 3897 1227 3936 non
1255 3882 1600 3951 recognovit,
1629 3896 1758 3934 cum
1789 3882 1841 3934 ei

181 3979 426 4047 iplicem
461 3979 520 4027 et
562 3972 997 4042 temptationem
1047 3969 1361 4041 proposuit.
1402 3970 1531 4023 Erat
1572 3968 1725 4023 enim
1772 3968 1841 4021 ab

176 4066 299 4119 vitio
350 4064 603 4118 fratrum
634 4064 927 4113 accusator
952 4074 1016 4111 ac
1045 4057 1318 4128 nequitia:
1348 4056 1560 4111 arbiter
1604 4056 1840 4110 menda-

180 4155 325 4225 ique
378 4153 650 4205 inventor
679 4154 736 4203 et
776 4162 1063 4217 nugarum
1094 4146 1497 4215 canopicorum
1549 4143 1843 4215 sagacissi-

177 4259 263 4295 [US
294 4239 602 4310 magister.
639 4236 828 4291 Latuit
856 4236 1012 4289 enim
1052 4234 1110 4288 in
1140 4234 1311 4288 corde
1348 4233 1677 4294 Pharaonis,
1711 4248 1839 4286 exa-

177 4332 331 4383 ltans
360 4328 597 4396 Moysen
637 4339 740 4394 per
767 4326 1182 4392 temptamenta
1226 4321 1461 4375 diversae
1484 4319 1838 4391 questionis.

178 4435 283 4486 rgo
315 4416 554 4485 Moysen
588 4411 882 4466 hominem
924 4409 1274 4479 recognovit,
1316 4408 1412 4461 sed
1445 4407 1655 4463 Christi
1698 4407 1841 4461 divi—

177 4507 384 4558 itatem
425 4516 598 4554 carne
623 4500 869 4552 velatam
909 4512 1028 4551 non
1057 4496 1360 4561 intellexit,
1385 4495 1629 4564 ideoque
1660 4496 1841 4548 Deum

178 4592 439 4644 nminem
465 4588 782 4658 perfectum
814 4584 1113 4639 dubitavit.
1133 4584 1402 4648 Quamvis
1430 4583 1583 4636 enim
1606 4598 1841 4636 uxorem

177 4680 303 4733 ilati
346 4693 457 4747 per
499 4675 683 4729 visum
730 4689 835 4744 pro
882 4671 1272 4741 redemptione
1307 4671 1430 4741 ejus
1470 4674 1718 4731 vexaret,
1752 4674 1843 4723 ta-

177 4785 267 4822 len
305 4768 494 4821 Deum
542 4762 841 4817 hominem
874 4776 995 4814 esse
1043 4775 1357 4813 venenosus
1400 4758 1496 4812 ille
1529 4756 1840 4811 dubitabat.

180 4854 457 4909 ubitabat
492 4866 744 4922 namque
777 4849 927 4919 apud
973 4850 1149 4902 Deum
1197 4862 1319 4902 esse
1370 4845 1839 4910 misericordiam,

177 4950 192 4998 t
237 4940 674 4998 humanitatem
715 4938 955 4992 induere
1006 4951 1251 5006 suosque
1298 4950 1490 4989 servos
1533 4932 1843 4987 divinitatis

178 5049 250 5086 ia;
316 5027 653 5084 admirabili
699 5024 1042 5080 commercio
1095 5039 1365 5077 renovare
1423 5022 1512 5076 vel
1562 5021 1843 5075 redimere

179 5120 438 5175 iluisset.
472 5116 531 5171 Si
562 5115 717 5169 enim
752 5130 867 5167 non
899 5112 1187 5167 dubitaret
1214 5128 1319 5165 nec
1342 5111 1496 5181 justo
1540 5110 1841 5175 invideret,

179 5210 367 5263 idaeos
396 5205 659 5259 infelices
702 5204 771 5256 ad
804 5200 1252 5255 inobedientiam
1284 5214 1349 5252 ac
1379 5198 1678 5268 perfidiam
1708 5214 1842 5251 cou-

181 5313 216 5348 a
253 5297 444 5349 Deum
494 5308 612 5344 non
652 5291 733 5344 sic
761 5290 1029 5343 excitaret
1061 5304 1246 5359 neque
1296 5303 1396 5355 per
1443 5302 1543 5339 ora
1588 5287 1842 5351 illorum,

179 5382 545 5451 rucitigatur,
581 5380 873 5433 clamaret.
908 5378 975 5430 Et
1012 5376 1145 5445 quia
1188 5375 1504 5435 dubitabat,
1541 5374 1842 5427 nesciebat.

1948 3441 2219 3510 scriptum
2259 3444 2383 3494 est:
2417 3461 2445 3489 «
2477 3442 2664 3494 Justus
2694 3456 2761 3494 ex
2809 3442 2920 3494 fide
2951 3442 3087 3495 vivit
3129 3442 3279 3511 (Gal.
3330 3460 3409 3505 ιιι,
3462 3443 3568 3512 11.)
3606 3463 3633 3492 ι)

1948 3528 2264 3593 Sufﬁciant,
2296 3528 2400 3593 ﬁli,
2433 3528 2536 3581 tibi
2572 3530 2690 3581 haec
2735 3544 2911 3599 pauca
2944 3530 3313 3584 correctionis
3351 3531 3541 3595 verba,
3570 3535 3638 3583 ut

1948 3632 2017 3671 ex
2055 3616 2144 3670 his
2186 3615 2438 3669 minimis
2484 3616 2739 3669 imbutus
2788 3617 2940 3669 dicas
2986 3621 3202 3682 majora
3254 3620 3499 3688 perfecte
3548 3619 3636 3672 in-

1947 3703 2208 3774 telligere
2245 3708 2301 3756 et
2331 3703 2543 3756 nodum
2587 3703 2787 3757 similis
2819 3704 3147 3773 quazstionis
3194 3706 3392 3758 leviter
3431 3706 3636 3759 dissol-

1952 3807 2100 3856 vere,
2131 3790 2266 3861 quia
2293 3806 2669 3861 quaecumque
2708 3792 2918 3861 scripta
2958 3798 3109 3857 sunt,
3152 3792 3220 3846 ad
3251 3798 3499 3846 nostram
3531 3792 3635 3846 do-

1949 3879 2189 3933 ctrinam
2244 3878 2449 3947 scripta
2481 3884 2631 3940 sunt,
2682 3882 2743 3931 ut
2787 3895 2890 3946 per
2937 3880 3269 3949 patientiam
3299 3886 3355 3933 et
3382 3881 3637 3933 consola-

1950 3967 2166 4021 tionem
2223 3966 2643 4035 Scripturarum
2710 3982 2866 4035 spem
2938 3968 3253 4021 habeamus
3304 3968 3359 4021 in
3420 3968 3638 4023 Christo

1948 4056 2078 4109 Jesu
2104 4054 2346 4110 Domino
2370 4060 2584 4117 nostro,
2620 4054 2718 4125 qui
2751 4054 2885 4108 vivit
2913 4060 2965 4108 et
2997 4061 3202 4126 regnat
3231 4058 3376 4111 Deus
3407 4057 3485 4111 im
3510 4073 3638 4110 om-

1952 4144 2045 4197 nia
2076 4146 2265 4197 secula
2292 4143 2634 4211 seculorum,
2662 4147 2862 4196 Amen.
2899 4162 2926 4194 ι)

2021 4231 2391 4286 Convenienti
2438 4247 2569 4283 vero
2616 4236 2871 4300 tempore
2913 4231 3388 4286 confabulationis
3434 4233 3640 4303 praedi-

1954 4325 2077 4374 ctus
2110 4319 2358 4389 juvenis,
2406 4318 2749 4389 quibusdam
2783 4319 3162 4372 familiaribus
3206 4321 3323 4373 suis
3362 4336 3641 4373 convoca-

1954 4407 2048 4473 tis,
2078 4412 2141 4460 ut
2168 4406 2292 4475 ipse
2330 4403 2635 4473 fatébatur,
2676 4422 2746 4459 ne
2780 4412 2893 4459 tam
2926 4394 3285 4460 delectabilés
3316 4408 3639 4461 animarum

1951 4495 2148 4563 epulas
2175 4490 2249 4528 ³⁸⁸
2288 4493 2442 4546 solus
2474 4492 2818 4545 ruminando
2850 4494 3242 4559 absconderet,
3279 4496 3435 4563 larga
3467 4510 3639 4548 manu

1950 4583 2064 4636 illis
2105 4581 2229 4635 haec
2254 4580 2562 4634 distribuit.
2603 4581 2686 4633 llli
2727 4586 2915 4633 autem
2948 4586 3117 4648 caput
3143 4596 3271 4634 cum
3322 4582 3557 4651 pedibus
3586 4588 3643 4637 et

1952 4669 2257 4734 intestinis,
2291 4674 2355 4721 ut
2386 4668 2659 4738 scriptum
2692 4673 2796 4732 est,
2838 4668 3172 4721 devci-antes
3203 4669 3410 4733 (Exod.
3444 4686 3536 4730 xu,
3562 4670 3639 4741 9),

1953 4774 2081 4828 quae
2137 4756 2543 4827 superfuerunt
2577 4771 2705 4809 cum
2752 4756 2877 4809 aliis
2923 4756 3191 4809 fratribus
3239 4758 3434 4826 partiti
3485 4764 3637 4825 sunt,

1953 4852 2011 4898 et
2042 4845 2120 4898 ita
2168 4844 2237 4897 ad
2284 4848 2535 4896 nostram
2585 4843 2841 4896 notitiam
2893 4852 3295 4913 pervenerunt.
3353 4846 3459 4899 Sed
3508 4846 3643 4917 quia

1955 4937 2186 5003 propter
2213 4932 2318 4985 hoc
2347 4930 2576 5000 longius
2600 4947 2632 4983 a
2660 4931 2997 4985 rectitudine
3030 4932 3133 4986 viae
3178 4940 3385 4988 nostrae
3426 4934 3639 5005 digres-

1954 5037 2049 5073 sus
2079 5021 2368 5087 demoror,
2404 5019 2472 5073 ad
2518 5025 2766 5089 coeptum
2799 5020 2908 5074 iter
2955 5021 3139 5074 redire
3183 5024 3519 5093 quantocius
3548 5040 3641 5078 co-

1954 5108 2152 5161 nabor.

2023 5198 2111 5250 20.
2154 5194 2227 5231 ⁵6⁸
2271 5195 2454 5265 Igitur
2491 5194 2567 5230 ⁸⁸⁵
2611 5197 2745 5266 quia
2795 5197 2941 5250 Deus
2991 5197 3059 5250 ad
3110 5214 3268 5250 suam
3315 5199 3643 5252 servitutem

1955 5289 2212 5338 nostrum
2262 5285 2421 5354 pium
2464 5282 2535 5319 ³⁸⁷
2584 5292 2863 5353 pastorem
2916 5286 3108 5353 elegit,
3154 5294 3420 5338 consueta
3468 5284 3644 5337 mise—

1958 5372 2199 5426 ricordia
2255 5389 2385 5427 eum
2439 5371 2509 5407 ³⁸⁸
2557 5374 2842 5443 flagellare
2886 5374 3119 5437 curavit,
3173 5373 3314 5425 sicut
3367 5374 3640 5440 legimus:

1557 5478 1793 5532 VARUE
1835 5477 2237 5531 LECTIONES.

208 5579 280 5611 τ’*
369 5572 649 5643 epistolas
719 5575 767 5623 1.

189 5645 206 5676 ⁷
292 5637 468 5698 suum
503 5658 568 5695 ac
602 5658 660 5694 n.
698 5646 838 5710 past.
872 5644 923 5692 ‘2.
1005 5637 1073 5673 ³⁸⁸
1104 5640 1247 5691 deest
1286 5641 1327 5690 1.

846 5567 919 5602 ³⁵⁵
987 5571 1035 5621 '2.
1107 5567 1239 5621 add.
1312 5567 1564 5619 rubrum:
1637 5566 1712 5619 De
1784 5563 2118 5618 infirmitate
2184 5563 2365 5617 sancti
2444 5564 2749 5617 Burchardi
2818 5563 3084 5633 episcopi.
3164 5562 3236 5598 ³⁵⁸
3300 5564 3518 5633 Jugiter
3587 5566 3637 5617 2.
