4200 6426
713 421 808 473 531

1720 410 2185 470 BURCHARDUS
2223 405 2766 465 WORMACIENSIS
2804 406 3202 463 EPISCOPUS.
4085 413 4126 460 53

719 540 883 605 Quem
929 540 1072 592 enim
1125 537 1309 605 diligit
1373 537 1517 590 Deus
1562 532 1638 569 “9
1690 537 1934 604 corripit,
1968 541 2019 588 et
2047 535 2207 601 quasi
2250 537 2411 602 pater
2439 535 2484 586 Λ
2523 531 2642 584 lum
2675 530 3096 584 inconsolatum
3125 528 3285 583 abire
3314 527 3593 600 permisit.
3626 527 3864 592 Quoties
3896 543 4019 582 vero
4057 534 4130 583 sub

721 623 796 660 37°
824 625 884 677 in
902 623 1026 691 ﬁlio
1057 622 1348 690 complacet
1383 621 1489 674 sibi
1536 620 1714 689 (Prov.
1767 636 1848 686 iu,
1899 621 2002 686 t2).
2033 619 2234 672 Tactus
2262 616 2418 670 enim

726 711 928 766 morbo
955 708 1224 781 paralysi,
1245 709 1585 780 aegritudine
1616 708 1860 761 maxime
1901 705 2282 776 premebatur.
2311 705 2420 760 Sed

730 802 837 855 hoc
857 799 1222 854 incommodo
1245 813 1539 867 nunquam
1566 801 1865 866 superatus
1887 801 1983 848 aut
2001 795 2195 848 animo
2225 794 2427 847 dissso-

730 889 908 953 lutus,
952 887 1012 940 in
1042 887 1243 940 eodem
1277 886 1435 939 vultu
1475 891 1531 938 et
1561 884 1760 938 eadem
1811 883 2096 938 hilaritate
2145 899 2274 936 cum
2317 899 2420 953 pa-

729 976 932 1032 tientia
978 991 1202 1029 summa
1231 977 1638 1044 permanserat.
1695 973 1767 1026 Ex
1799 973 1900 1026 hac
1941 972 2156 1043 quippe
2206 971 2302 1026 Dei
2332 987 2421 1024 ca-

733 1064 1040 1136 stigatione
1077 1063 1138 1117 in
1189 1079 1247 1116 se
1279 1059 1346 1096 ⁸⁷¹
1403 1061 1650 1128 rediens,
1703 1062 1848 1114 hanc
1885 1060 2172 1114 salubrem
2210 1061 2423 1129 cogita-

733 1153 948 1206 tionem
997 1150 1230 1220 recepit,
1273 1149 1534 1202 videlicet
1569 1152 1890 1202 mundanas
1929 1165 2018 1202 res
2047 1149 2198 1218 apud
2247 1150 2424 1201 Deum

733 1256 855 1294 esse
884 1237 1254 1293 exsecrabiles
1303 1244 1360 1290 et
1394 1253 1506 1291 non
1538 1239 1723 1291 solum
1771 1237 1842 1290 ad
1872 1238 2277 1291 detrimentum
2328 1237 2425 1289 sed

731 1328 902 1381 etiam
942 1326 1008 1380 ad
1067 1331 1404 1396 perpetuam
1455 1322 1526 1360 ⁸⁷³
1579 1325 1787 1378 animae
1838 1326 2065 1378 ruinam
2113 1325 2423 1395 pertinere.

736 1415 893 1470 Unde
923 1429 1058 1483 ergo
1090 1430 1192 1482 per
1219 1430 1451 1467 omnem
1478 1414 1659 1467 sancti
1693 1414 1842 1467 Petri
1876 1413 2151 1466 familiam
2183 1413 2428 1481 diligen-

732 1507 818 1556 ter
847 1499 920 1535 ⁸⁷³
947 1502 1239 1571 inquirere
1286 1503 1582 1572 praecepit.
1615 1503 1662 1554 si
1708 1502 1888 1571 aliqui
1940 1503 2170 1555 illorum
2209 1502 2424 1572 aliquid

731 1607 801 1644 ex
832 1607 932 1644 sua
964 1595 1124 1660 parte
1156 1591 1363 1660 injuste
1412 1591 1665 1644 ablatum
1717 1591 1831 1643 sive
1874 1591 2301 1644 incommodum
2345 1591 2425 1643 fa-

731 1684 887 1733 ctum
915 1677 1144 1744 fuisset;
1178 1684 1233 1732 et
1264 1679 1313 1732 si
1341 1679 1471 1749 quis
1506 1679 1679 1732 ullam
1711 1678 2048 1747 injustitiam
2084 1679 2288 1732 factam
2320 1679 2427 1732 sibi

732 1767 908 1822 fuisse
947 1767 1164 1833 retulit,
1211 1767 1344 1821 huic
1383 1767 1688 1836 dupliciter
1725 1767 1909 1820 ablata
1953 1767 2192 1820 reddere
2235 1767 2423 1836 jussit.

733 1855 916 1908 Verba
965 1855 1088 1924 ejus
1132 1855 1476 1909 discretione
1509 1853 1580 1892 ³⁷⁸
1619 1855 1700 1909 ita
1727 1856 1957 1908 fuerant
2001 1860 2335 1926 temperata,
2369 1859 2432 1908 ut

734 1942 977 1997 ﬁrmitas
1006 1944 1196 1998 cordis
1227 1944 1351 2012 ejus
1390 1943 1461 1998 ab
1491 1943 1857 1998 audientibus
1887 1943 2050 1998 facile
2080 1943 2425 2014 intelligere-

733 2037 847 2085 tur.
879 2031 1163 2102 Quicquid
1195 2032 1353 2086 enim
1406 2033 1770 2103 loquebatur.
1830 2033 2254 2102 Scripturarum
2302 2049 2430 2086 san-

735 2125 958 2174 ctarum
985 2117 1060 2155 ⁸⁷⁸
1103 2120 1380 2190 exemplis
1430 2120 1776 2174 dulcissimis
1819 2121 2134 2174 condiebat.
2172 2121 2302 2191 Ejus
2331 2137 2431 2174 au-

736 2213 855 2262 tem
887 2207 975 2261 ori
1000 2208 1224 2278 justitia
1266 2209 1382 2262 sive
1416 2209 1609 2278 legum
1648 2209 1863 2278 judicia
1897 2215 1995 2262 aut
2039 2225 2208 2262 sacrae
2239 2209 2434 2264 lectio-

740 2295 830 2350 nis
861 2293 932 2332 ³⁷6
962 2296 1264 2350 assiduitas
1293 2313 1591 2369 nunquam
1635 2298 1845 2351 deerat.
1878 2299 2242 2352 Prudentium
2280 2299 2337 2352 in
2368 2316 2434 2353 eo

740 2385 976 2438 laudare
1006 2400 1121 2438 non
1153 2391 1238 2439 est
1276 2401 1522 2449 necesse,
1554 2403 1681 2440 cum
1715 2403 1828 2440 non
1868 2388 2052 2441 solum
2093 2404 2159 2441 ex
2200 2389 2435 2458 palatio,

745 2473 846 2526 sed
902 2473 1075 2526 etiam
1124 2489 1190 2528 ex
1250 2473 1485 2528 diversis
1530 2475 1860 2545 regionibus
1911 2476 2194 2529 maximus
2252 2477 2437 2530 homi-

746 2577 889 2616 num
940 2577 1211 2616 numerus
1241 2562 1309 2616 ad
1343 2562 1780 2634 intelligendum
1828 2564 1952 2633 ejus
1999 2564 2301 2618 consilium
2343 2581 2439 2618 cu-

747 2647 1162 2704 currissent‘”.
1200 2652 1663 2722 Frequentationi
1686 2650 1760 2685 ⁸⁷⁸
1788 2653 2168 2722 jejuniorum,
2203 2655 2441 2706 eleemo-

745 2738 1021 2806 sinarum,
1075 2738 1401 2808 vigiliarum
1433 2743 1488 2793 et
1518 2741 1843 2794 orationum
1885 2742 1963 2794 ita
2003 2746 2126 2794 erat
2166 2741 2437 2805 intentus,

744 2831 810 2882 ut
837 2827 1003 2896 pauci
1052 2832 1259 2881 nostra;
1294 2827 1478 2881 aetatis
1521 2827 1629 2881 viri
1676 2827 1810 2882 huic
1857 2834 2087 2899 possent
2129 2829 2439 2899 adaquari.

746 2917 889 2970 Nam
921 2914 1030 2969 nisi
1060 2914 1397 2969 infirmitate
1429 2917 1808 2986 compellente
1846 2917 1934 2970 vel
1971 2917 2219 2970 maxime
2252 2934 2442 2971 neces-

743 3004 909 3058 sitate
939 3009 1198 3074 cogente,
1232 3021 1396 3074 pane,
1429 3005 1723 3058 holeribus
1751 3011 1809 3058 et
1835 3005 2019 3075 pomis
2046 3007 2447 3058 tantummodo

2530 624 2712 672 tenete
2747 619 2946 673 mortis
2992 618 3243 672 incursio
3285 618 3402 671 sive
3447 622 3597 670 aeris
3639 623 3830 671 terror
3875 619 3956 670 vel
4002 620 4130 674 saevui

2530 707 2895 762 inimicorum
2935 723 3036 761 seu
3069 707 3307 776 alicujus
3347 706 3705 760 adversitatis
3751 706 4057 776 periculum
4090 709 4130 762 iu

2532 797 2803 861 minebat,
2855 797 3043 849 statim
3088 795 3406 849 convocatis
3453 795 3728 848 fratribus
3784 795 4084 848 orationum
4124 815 4130 850 ι

2525 885 2880 954 jejuniorum
2932 884 3249 936 con~tautia
3301 882 3408 936 hoc
3464 882 3788 953 superabat.
3844 883 3978 936 Ecce
4029 900 4130 937 Cura

2537 975 2648 1026 Deo
2696 979 2752 1025 et
2782 973 3001 1042 angelis
3047 990 3167 1040 ejus
3216 972 3511 1025 ueritatem
3560 971 3762 1025 scribo.
3798 973 3945 1039 Ergo
3982 971 4047 1007 ³⁸⁵
4073 991 4130 1025 ass

2532 1063 2641 1115 due
2674 1062 2733 1114 in
2785 1078 2962 1114 unum
3001 1061 3350 1130 congregati,
3404 1061 3540 1114 dum
3573 1063 3695 1129 ejus
3754 1061 3937 1112 varias
3986 1059 4130 1112 virtun

2533 1150 3008 1215 collaudaremus,
3043 1150 3244 1216 fateor,
3277 1165 3378 1202 nos
3420 1149 3542 1218 jam
3574 1148 3679 1202 hoc
3725 1149 4026 1212 divinasse,
4062 1166 4130 1218 qui

2534 1255 2730 1292 verum
2776 1244 2880 1303 est,
2929 1239 3024 1291 illo
3077 1245 3305 1292 mortuo
3336 1238 3394 1291 in
3430 1239 3533 1291 hoc
3571 1235 3697 1291 loco
3731 1234 3804 1270 ³⁸⁸
3862 1237 4070 1290 nullum
4114 1256 4129 1288 ε

2534 1327 2889 1380 consimilem
2949 1325 3019 1360 ³⁸⁷
3079 1334 3196 1380 tam
3242 1327 3556 1380 clarissima
3611 1326 3724 1378 vita
3774 1342 3897 1380 esse
3947 1326 4130 1378 futurui

2536 1417 2676 1470 Nam
2722 1415 2983 1485 quamvis
3029 1415 3367 1483 egritudine
3411 1414 3694 1475 detentus,
3741 1414 3801 1466 in
3856 1413 3956 1467 Dei
4002 1425 4130 1466 serui

2535 1511 2727 1558 tamen
2789 1504 2998 1558 mansit
3068 1505 3310 1558 invictus
3359 1500 3454 1555 ³⁸⁸.
3496 1503 3901 1556 Monasterium
3964 1503 4097 1554 enim

2536 1594 2813 1647 honorem
2866 1593 3042 1644 sancti
3089 1591 3308 1645 Martini
3357 1591 3736 1658 consignavit.
3787 1590 3894 1643 Sed
3945 1589 4130 1642 muro1

2536 1699 2599 1735 ex
2660 1687 2818 1750 parte
2877 1686 3126 1750 peracto,
3186 1679 3392 1744 regalis
3445 1676 3518 1711 39°
3570 1677 3939 1730 crehrositate
3985 1678 4130 1728 servin

2541 1770 2630 1824 nis
2688 1777 2744 1823 et
2811 1769 3054 1822 maxime
3110 1768 3337 1821 assidua
3386 1767 3717 1820 inﬁrmitate
3785 1781 4006 1819 necnon
4057 1782 4129 1815 var

2541 1859 2977 1913 adversitatibus
3015 1857 3346 1927 impeditus,
3391 1855 3538 1925 proh
3578 1855 3774 1909 dolor'
3813 1869 4074 1924 peragere
4101 1870 4130 1904 ιιι

2540 1947 2725 2018 potuit
2755 1965 2770 2012 ;
2801 1951 2855 1999 et
2879 1945 2955 1998 ita
2983 1945 3123 1998 illud
3150 1944 3559 1997 monasterium
3584 1943 4130 2014 quasisemifactuml

2541 2052 2651 2107 que
2683 2035 2850 2089 hodie
2887 2034 3161 2086 remansit
3189 2031 3256 2066 ⁸9⁸
3277 2073 3290 2087 .

2611 2127 2700 2176 2t.
2731 2125 2865 2176 Post
2893 2122 3013 2174 haec
3044 2119 3116 2154 ³9³
3151 2137 3283 2174 vero
3330 2120 3399 2155 '93
3447 2121 3760 2189 imperator
3794 2118 4077 2175 Heinricus
4102 2134 4130 2170 ιι

2543 2214 2688 2266 ritur
2720 2211 2898 2279 (1024,
2939 2211 3061 2263 Jul.
3110 2212 3218 2277 t3),
3268 2209 3506 2279 ejusque
3542 2207 3615 2242 ³9⁸
3645 2225 3850 2278 corpus
3880 2208 3948 2261 ad
3991 2209 4130 2260 Babui

2545 2302 2682 2370 berg
2712 2301 2946 2352 etl'ertur
2985 2298 3054 2333 ³9⁵
3088 2298 3284 2368 ibique
3315 2314 3442 2350 cum
3492 2297 3741 2351 maximo
3785 2300 4000 2350 honore
4031 2312 4130 2364 sta

2545 2397 2654 2443 tur.
2705 2389 2828 2452 Quo
2876 2393 3118 2453 mortuo,
3165 2387 3458 2440 Conradus
3507 2385 3754 2455 juvenis,
3807 2401 3977 2456 quem
4020 2382 4130 2435 '9”:

2549 2495 2646 2548 pra
2679 2477 2927 2529 diximus
2957 2476 3075 2542 (22)
3110 2475 3176 2526 ab
3210 2475 3478 2544 episcopo
3509 2476 3567 2526 in
3591 2473 3688 2527 Dei
3721 2475 3929 2527 timore
3960 2473 4130 2526 nutritu

2548 2572 2603 2619 et
2623 2566 2871 2628 doctum,
2891 2564 2984 2617 Dei
3000 2563 3181 2633 gratia
3205 2564 3424 2616 favente
3446 2578 3671 2614 summa
3686 2577 3878 2615 rerum
3902 2564 4092 2632 potitus
4109 2578 4129 2611 e

2553 2657 2684 2709 Post
2712 2653 2841 2706 hinc
2864 2652 3179 2716 biennium,
3204 2667 3376 2720 quam
3406 2667 3497 2703 rex
3520 2651 3576 2703 in
3603 2651 3766 2720 regni
3788 2651 3994 2704 solium
4016 2657 4084 2702 est
4102 2666 4130 2699 ει

2551 2744 2781 2796 limatus
2811 2743 2922 2808 (an.
2970 2745 3124 2804 1025,
3156 2741 3285 2800 Jul.)
3323 2739 3680 2792 imbecillitas
3711 2739 3922 2791 virium
3954 2738 4130 2791 servol

2553 2832 2704 2883 ultra
2737 2826 2807 2861 ³9⁷
2840 2829 3067 2880 solitum
3101 2844 3413 2880 accressere
3453 2827 3640 2896 coepit.
3685 2828 3943 2897 Cumque
3975 2827 4130 2892 langua

2554 2917 2735 2970 nimio
2796 2920 3121 2985 egrotaret,
3176 2915 3324 2967 intra
3371 2915 3655 2967 civitatem
3702 2930 3761 2966 se
3806 2914 4031 2984 recepit,
4084 2913 4130 2963 du

2556 3012 2612 3058 et
2665 3005 2864 3057 horam
2923 3004 3128 3056 futuras
3179 3003 3591 3070 redemptionis
3649 3008 3982 3071 exspectans
4029 3001 4102 3050 39".

744 3093 920 3146 vitam
952 3092 1111 3145 aluit.
1161 3093 1402 3146 Assidue
1448 3109 1582 3146 vero
1629 3095 1850 3147 cunctis
1897 3095 2249 3164 putantibus,
2295 3096 2446 3165 quod
2482 3095 2521 3148 C
2558 3103 2688 3147 eum
2719 3094 3012 3162 aliquanto
3044 3097 3302 3160 tempore
3335 3092 3678 3159 aegritudine
3712 3107 3925 3159 magna
3961 3091 4130 3144 detines

744 3181 946 3234 vinum
979 3178 1051 3216 "9
1082 3180 1340 3247 bibisset,
1391 3197 1542 3252 aqua
1593 3198 1652 3234 se
1701 3182 1916 3235 refecit.
1977 3183 2297 3252 Saepissime
2345 3200 2445 3236 au-

745 3275 868 3324 tem
912 3272 1046 3338 post
1095 3269 1326 3323 tertiam
1373 3270 1462 3322 vel
1517 3267 1592 3304 ⁸⁸⁰
1644 3276 1908 3340 quartam
1957 3269 2207 3341 vigiliam
2265 3272 2448 3324 noctis

751 3373 882 3411 cum
914 3355 1166 3426 quodam
1199 3356 1306 3411 sibi
1345 3357 1817 3423 familiarissima,
1849 3357 1960 3422 cui,
2002 3374 2072 3410 ne
2104 3358 2312 3428 aliquis
2343 3359 2451 3412 hoc

757 3445 828 3498 ab
861 3460 929 3497 eo
961 3450 1346 3514 cognosceret,
1384 3461 1744 3516 summopere
1784 3445 2100 3510 interdixit,
2144 3463 2344 3499 omnes
2371 3447 2448 3500 ci-

755 3531 950 3586 vitatis
979 3531 1196 3602 plateas
1224 3537 1426 3587 tacitus
1472 3534 1726 3588 circuivit
1765 3549 2078 3605 omnesque
2127 3536 2366 3604 angulos
2399 3539 2455 3586 et

755 3620 950 3675 foveas
977 3621 1364 3691 perlustravit,
1407 3627 1463 3676 et
1508 3621 1857 3693 ubicumque
1895 3639 2176 3692 pauperes
2219 3623 2335 3675 sive
2365 3623 2452 3675 in-

755 3708 954 3763 ﬁrmos
1010 3709 1245 3771 invenit,
1297 3711 1756 3782 elemosynarum
1814 3711 2016 3765 solatia
2064 3711 2222 3779 larga
2281 3727 2454 3764 manu

754 3797 867 3851 illis
890 3797 1190 3868 impendit.
1229 3799 1446 3854 Cotidie
1474 3800 1690 3871 quippe
1722 3803 1856 3853 ante
1905 3800 2091 3853 lucem
2138 3802 2285 3852 intra
2327 3816 2454 3852 ora-

756 3886 972 3940 torium
1013 3901 1072 3939 se
1120 3887 1339 3951 clausit,
1386 3887 1582 3958 ibique
1632 3886 1703 3923 ³⁸¹
1753 3903 1937 3958 usque
1976 3887 2045 3941 ad
2093 3887 2292 3942 horam
2343 3887 2459 3942 diei

759 3975 1013 4045 primum
1048 3976 1388 4045 permansit,
1439 3981 1498 4030 et
1534 3977 1675 4047 quid
1706 3977 1863 4030 intus
1901 3982 2114 4047 ageret,
2147 3994 2260 4031 non
2292 3978 2460 4031 nobis

763 4063 865 4118 sed
894 4063 998 4115 soli
1028 4065 1142 4117 Deo
1164 4065 1456 4135 cognitum
1497 4070 1600 4118 est.
1650 4065 1957 4119 Cotidianis
1997 4065 2296 4120 missarum
2328 4067 2460 4120 otti-

766 4150 871 4204 ciis
921 4149 992 4185 ⁸⁸²
1046 4151 1240 4205 animo
1283 4151 1626 4222 infatigabili
1663 4158 1780 4206 tam
1824 4169 1926 4224 pro
1974 4154 2253 4208 defunctis
2288 4170 2460 4226 quam

768 4255 874 4311 pro
927 4239 1070 4292 vivis
1124 4240 1401 4295 sacriﬁcia
1461 4241 1663 4295 offerre
1721 4258 1838 4296 non
1891 4242 2128 4297 distulit.
2179 4245 2464 4314 Pauperes

769 4343 906 4381 eum
931 4324 1004 4363 ⁸⁸³
1034 4328 1196 4398 quasi
1254 4334 1474 4400 patrem
1526 4329 1819 4385 habebant
1857 4335 1913 4384 et
1965 4348 2030 4384 ex
2065 4331 2203 4385 locis
2233 4331 2461 4401 longin-

770 4416 899 4488 quis
937 4414 1010 4452 δ⁸⁴
1036 4416 1370 4488 frequenter
1414 4417 1484 4472 ad
1515 4434 1645 4472 eum
1678 4418 1999 4485 veniebant,
2048 4435 2296 4490 quorum
2331 4420 2464 4472 nul-

2559 3187 2670 3244 tur,
2705 3181 2871 3250 legati
2902 3181 3052 3249 regis
3081 3180 3151 3232 ad
3198 3195 3329 3232 eum
3384 3180 3708 3240 veniebant,
3754 3181 3854 3249 qui
3896 3179 3953 3231 in
3997 3191 4130 3247 prum

2561 3269 2917 3323 hebdomade
2968 3283 3160 3337 regem
3206 3284 3327 3320 esse
3382 3266 3454 3300 399
3512 3274 3820 3321 venturum
3881 3268 4129 3321 nunciuba

2565 3360 2641 3412 De
2674 3359 2776 3410 hac
2813 3358 3094 3425 legatione
3141 3372 3336 3408 servus
3369 3356 3467 3409 Dei
3511 3357 3910 3421 conturbatus,
3963 3372 4056 3424 pro
4081 3356 4130 3406 iul

2564 3449 2762 3500 mitate
2814 3462 2913 3497 sua
2973 3445 3219 3498 multum
3262 3444 3463 3509 doluit,
3523 3445 3659 3515 quia
3699 3461 3886 3515 neque
3943 3443 4012 3479 ⁸⁰⁰
4057 3459 4129 3496 res

2564 3535 2732 3602 digne
2785 3533 3072 3601 suscipere
3119 3547 3222 3584 nec
3248 3531 3542 3585 servitium
3573 3548 3632 3584 se
3665 3531 3908 3601 dignum
3950 3548 4045 3603 pro
4087 3533 4130 3581 in

2565 3624 2759 3677 mitate
2808 3621 3087 3691 potuisset
3140 3619 3208 3653 ’⁸0⁸
3260 3619 3536 3690 praebere.
3598 3621 3750 3674 lnter
3799 3620 3925 3674 haec
3974 3620 4113 3673 verba

2564 3716 2894 3766 consuetam
2941 3725 3246 3763 conversus
3293 3708 3759 3773 consolationem,
3818 3709 4110 3762 oratorium

2567 3801 2737 3853 travit
2774 3804 2830 3852 et
2853 3799 3090 3867 januam
3142 3802 3272 3866 post
3303 3814 3362 3851 se
3409 3797 3630 3863 clausit,
3667 3797 3861 3868 ibique
3912 3797 4057 3851 diem
4096 3796 4130 3846 ιιι

2570 3903 2736 3958 grum
2794 3886 2852 3939 in
2903 3885 3162 3938 oratione
3219 3885 3556 3956 permansit.
3610 3886 3752 3939 Cum
3807 3902 3941 3940 sero
3972 3891 4123 3938 autem

2569 3982 2724 4029 ctum
2785 3985 2956 4040 esset,
3010 3989 3166 4027 more
3235 3972 3402 4028 solito
3468 3973 3778 4044 discipulos
3841 3973 4110 4028 convocari

2571 4064 2862 4134 praecepit,
2915 4062 3292 4132 laudibusque
3321 4062 3658 4131 vespertinis
3700 4063 3971 4132 peractis,
4009 4077 4111 4114 cum

2571 4152 2695 4205 titia
2731 4157 2814 4204 est
2861 4167 3172 4219 regressus,
3222 4149 3502 4220 nobisque
3547 4150 3812 4204 omnibus
3870 4149 3945 4186 ⁸0³
4004 4150 4130 4214 Dei;

2572 4241 2651 4294 tia
2680 4245 3121 4310 representatus
3149 4244 3234 4292 est
3276 4239 3512 4292 validus.
3551 4240 3631 4291 Ita
3668 4239 3888 4310 quippe
3934 4251 4129 4300 omnes

2573 4330 2725 4383 cium
2755 4329 2906 4400 quod
2956 4327 3025 4364 ‘“‘
3054 4344 3151 4381 rex
3193 4327 3489 4382 nobiscum
3538 4328 3744 4391 fuerat,
3794 4329 3967 4398 quasi
4006 4328 4130 4394 impei

2573 4419 2645 4472 tis
2700 4417 2967 4484 induciis,
3017 4416 3235 4471 validus
3288 4422 3430 4471 erat.
3488 4417 3815 4470 Discedente
3877 4423 4060 4470 autem
4096 4429 4130 4465 re

2182 4544 2412 4598 VARle
2456 4542 2858 4597 LECTIONES.

840 4644 914 4722 _“°
993 4648 1280 4704 Dominus
1349 4647 1547 4722 2.__f"°
1625 4650 1853 4722 deestg'z.
1920 4647 2000 4722 4⁸⁷ί¹
2061 4666 2119 4704 se
2192 4651 2313 4722 ipse
2387 4654 2440 4705 2.
2515 4648 2592 4684 ⁸⁷⁸
2646 4648 3202 4722 ρθιιρθίιιωυὲηπι
3274 4650 3445 4722 deest.
3519 4653 3571 4704 2.
3651 4647 3725 4684 ³⁷⁸
3756 4651 4124 4722 “discretionis

770 4714 870 4789 ⁵⁷⁵Α
909 4725 1236 4774 sanctorum
1290 4723 1338 4774 2.
1414 4717 1490 4754 ³⁷⁵
1562 4737 1720 4774 sacra
1776 4720 2025 4775 hominis
2086 4725 2139 4774 2.
2215 4714 2288 4757 ³⁷⁷
2347 4714 2709 4775 concurreret
2755 4714 2832 4775 '2.
2911 4719 2982 4757 ³⁷⁸
3067 4720 3546 4789 Frequentatione
3607 4723 3652 4774 t.

3732 4717 3804 4755 '79
3869 4722 4003 4776 vino
4059 4738 4100 4769 se

771 4787 1012 4862 fecisset,
1074 4807 1285 4862 aquam
1340 4790 1589 4862 bibebat.
1636 4791 1798 4860 Saepe
1863 4794 1916 4846 2.
1994 4790 2069 4828 ³³⁸
2123 4793 2237 4847 sive
2277 4795 2330 4846 2.
2395 4791 2478 4862 7"“
2515 4793 2552 4845 i.
2586 4809 2644 4846 se
2678 4809 2736 4859 u,
2781 4793 2856 4847 ad
2886 4792 2941 4846 h.
2978 4791 3133 4862 d._gp.
3177 4787 3221 4844 2.
3261 4806 3702 4862 permansurum
3743 4791 3901 4845 fecit.
3933 4797 3986 4846 2.
4057 4788 4110 4862 {'f

772 4860 1002 4914 lemniis
1063 4860 1226 4914 et‘o.
1286 4864 1338 4914 2.

774 4930 968 4984 mitem
1029 4934 1083 4985 2.
1159 4929 1232 4966 ⁸⁸⁸
1290 4935 1342 4986 2.
1402 4932 1534 4986 add.
1567 4929 1824 4987 mbram:

1415 4860 1693 4934 “fienim
1728 4856 1801 4932 'q.
1865 4879 1920 4934 p.
1954 4863 2010 4917 h.
2075 4879 2207 4917 eum
2262 4866 2316 4917 2.
2392 4861 2466 4899 ³⁸⁸
2501 4856 2853 4934 propinquis
2900 4867 2950 4916 2.
3007 4860 3123 4934 7“,"
3167 4868 3224 4916 et
3263 4856 3527 4934 'ergoi2.
3603 4859 3680 4896 ⁸⁸⁸
3737 4863 3891 4916 deest
3948 4856 4116 4934 2.43"

1908 4904 1920 4917 .
1955 4879 2010 4917 n.
2075 4879 2207 4917 eum
2262 4879 2316 4917 2.
2392 4879 2466 4899 σοι
2513 4879 2853 4934 propinquis
2900 4879 2950 4916 2.
3031 4879 3102 4896 ’σι’
3167 4879 3224 4916 ει
3272 4879 3410 4930 ergo
3474 4879 3527 4914 z.
3604 4879 3680 4896 νυν
3737 4879 3891 4916 aeest

1859 4879 2158 4998 gnomodo
2196 4933 2614 4988 monasterium
2646 4934 2825 4988 sancti
2859 4933 3081 4988 Martini
3112 4933 3325 5002 incepit
3355 4933 3450 4984 sed
3485 4948 3600 4985 non
3631 4934 3899 5002 perfecit.

3978 4930 4043 4970 889
4088 4943 4130 4981 mg

775 5004 827 5053 2.
898 4998 980 5075 _39°
1038 5001 1253 5075 regulis
1315 5003 1949 5075 causae_cerehrositate
2013 5009 2071 5059 et
2120 5009 2175 5059 2.
2253 5002 2323 5038 ³9³
2384 5005 2701 5075 permansit
2755 5009 2804 5058 2.
2857 5005 2954 5058 ubi
2993 4998 3268 5070 Kirsgart'.
3335 5002 3464 5075 odd.
3530 4998 3854 5072 Imperator
3906 5010 4080 5059 tamen
4115 4999 4130 5050 (Τ

777 5070 1007 5144 tertius
1053 5072 1246 5144 aliqua
1292 5073 1468 5144 bona
1519 5071 1611 5144 in,
1662 5074 1944 5144 Bopardia
2020 5070 2503 5129 monasterio-illi
2575 5076 2819 5128 contulit
2881 5081 2930 5128 et
2999 5075 3194 5127 deinde
3266 5073 3490 5126 rubrum
3556 5070 3886 5141 subjungit:
3951 5077 4022 5128 De
4085 5083 4130 5122 m4

781 5140 1011 5216 ﬂeurici
1065 5140 1243 5216 sancti
1286 5142 1649 5216 imperatoris
1691 5140 1759 5198 et'
1791 5145 1860 5216 de
1908 5145 2314 5199 substitutione
2359 5146 2608 5216 Conradi
2659 5162 2831 5216 quem
2875 5146 3160 5216 Dominus
3208 5144 3562 5198 Borcliardus
3610 5140 3873 5198 nutrivit.
3954 5145 4023 5180 ⁶⁹²
4072 5145 4130 5195 βυτ

779 5207 849 5286 s9:
903 5217 1129 5286 sanctus,
1168 5215 1232 5286 ‘2,
1275 5207 1387 5286 Δδοῖ
1437 5218 1494 5286 et
1513 5214 1638 5286 ejus
1687 5229 1734 5267 c.
1787 5213 1847 5267 in
1896 5216 2172 5286 Bamberg

2227 5220 2278 5269 2.
2357 5214 2429 5253 ⁸⁸³⁵
2468 5214 2706 5270 offertur
2749 5221 2795 5270 Ι.

2873 5213 2946 5250 “9"
2985 5217 3055 5269 de
3116 5231 3230 5285 quo
3292 5231 3335 5268 s.
3379 5215 3434 5268 d.
3477 5230 3648 5284 quem
3693 5216 3980 5270 Dominus
4020 5215 4130 5270 ΒΜ·1

778 5281 883 5354 ἁιιε
935 5283 1206 5337 enutrivit
1268 5283 1329 5338 in
1381 5284 1482 5354 Dei
1536 5283 1740 5338 timore
1792 5290 1850 5337 et
1894 5284 2088 5354 docuit
2138 5281 2187 5340 2.
2267 5285 2335 5322 '97
2389 5287 2659 5341 ultimum
2688 5290 2740 5342 2.
2817 5284 2892 5320 ³9⁸
2919 5287 2974 5341 d.
3005 5292 3062 5339 et
3093 5281 3149 5340 h'.
3185 5285 3223 5340 ι.
3258 5302 3302 5338 r.
3338 5302 3390 5340 e.
3425 5281 3619 5339 desunt
3643 5289 3694 5340 2.
3729 5288 3828 5341 sed
3861 5291 4016 5352 infra
4037 5291 4119 5354 ρώῖ

778 5353 1061 5428 tigeretur
1089 5359 1329 5409 exstant.
1408 5352 1480 5389 399
1511 5354 1646 5409 illuc
1690 5371 1812 5409 esse
1841 5357 1895 5408 2.
1973 5352 2045 5390 ⁶⁰⁰
2075 5357 2330 5428 nequivit
2371 5361 2422 5411 2.
2503 5356 2570 5392 ⁶⁰¹
2607 5358 2795 5428 potuit
2838 5361 2890 5411 2.
2969 5356 3047 5391 ’θ’
3093 5372 3406 5410 convocare
3449 5356 3510 5410 in
3551 5371 3733 5410 unum
3779 5362 3833 5412 2.

781 5420 850 5456 ⁸³⁸
881 5439 995 5492 quo
1032 5426 1084 5477 2.

3919 5357 3990 5394 ιοῑ
4035 5358 4096 5409 diu
4107 5363 4129 5402 §1

2422 5541 2463 5595 Ν
2471 5541 2641 5597 ΟΤτΕ.

861 5640 988 5710 (22).
1022 5642 1080 5696 c.
1109 5647 1159 5695 7.
