4200 6374
190 422 261 473 S33
1340 421 1703 478 PBOCEMIA.
1743 452 1815 465 —
1863 426 2015 480 VITA
2060 425 2481 481 BURCHA‘RDI.

3545 431 3648 484 53$

189 538 474 592 l‘riburiam
534 539 649 610 (23)
695 554 824 594 cum
874 555 941 594 eo
982 540 1103 607 ivit,
1151 540 1345 611 ibique
1376 547 1490 596 tres
1530 543 1652 598 dies
1696 560 1851 599 man-
1879 549 1921 599 A
1962 546 2148 613 ducat,
2194 547 2294 601 ubi
2342 547 2533 601 anima
2580 562 2709 602 mea
2761 547 3044 602 terribiles
3093 564 3359 603 occursus
3413 566 3528 603 non
3570 550 3644 604 ti-

192 626 245 679 it.
293 626 511 681 Deinde
560 633 793 697 accepta
834 628 1066 682 licentia
1116 644 1246 683 cum
1285 630 1487 695 abiret,
1544 647 1736 701 regem
1783 649 1843 685 se

190 715 326 767 ultra
369 712 463 785 ωδ]
518 731 634 769 non
685 717 962 780 visurum,
1020 716 1216 770 multis
1269 718 1634 772 audientibus
1681 720 1842 789 quasi

190 802 452 855 aculando
506 802 799 873 praadixit.
850 805 1107 873 Cumque
1154 805 1528 865 Wormaciam
1575 808 1838 873 venisset,

188 890 477 958 lysenteria
534 890 739 945 morbo
797 890 866 927 ⁴⁰⁶
921 893 1071 945 ultra
1129 892 1367 946 modum
1425 895 1839 965 comprimeba-

187 994 261 1030 ur.

222 1068 305 1118 22.
349 1065 611 1129 Quadam
668 1082 802 1121 vero
856 1066 947 1121 die
1003 1083 1134 1121 cum
1193 1084 1400 1139 corpus
1453 1071 1520 1124 ad
1582 1086 1839 1125 occasum

188 1169 380 1221 ergere
440 1154 830 1221 intellexisset,
899 1156 1219 1209 convocatis
1280 1157 1591 1226 discipulis,
1651 1165 1839 1212 orato-

187 1241 298 1295 ium
363 1242 621 1306 intravit,
707 1243 1094 1313 omnibusque
1169 1242 1244 1279 ⁸⁰⁷
1305 1245 1658 1300 debitoribus
1724 1248 1840 1301 suis

188 1330 448 1384 nmmissa
497 1331 799 1385 adversum
828 1349 886 1385 se
914 1332 1136 1402 piacula
1175 1331 1247 1369 ⁸0⁸
1277 1334 1515 1399 dimisit,
1547 1340 1603 1389 et
1632 1336 1839 1389 hanni-

186 1436 233 1472 )s
266 1436 368 1474 seu
411 1436 445 1473 a
474 1436 537 1473 se
567 1418 643 1454 ‘09
685 1422 1188 1475 anathematisatos
1236 1423 1546 1477 clementer
1574 1424 1834 1491 absolvit,

186 1508 343 1576 isque
374 1507 645 1561 omnibus
692 1508 901 1578 scripta
945 1508 1318 1563 absolutionis
1355 1510 1720 1580 singulariter
1764 1512 1841 1566 di-

185 1596 309 1648 exit.
373 1595 585 1649 Deinde
645 1612 794 1665 aqua
860 1597 1166 1666 purissima
1218 1604 1403 1652 totum
1452 1615 1510 1652 se
1569 1600 1723 1664 lavit,
1784 1606 1839 1654 et

186 1684 356 1737 ullum
407 1699 472 1736 ac
510 1682 582 1720 ⁸¹⁰
624 1684 860 1738 barbam
892 1690 1061 1755 atque
1108 1702 1373 1740 coronam
1423 1686 1621 1740 radere
1645 1688 1833 1756 jussit,

186 1772 479 1843 idutisque
537 1772 788 1826 vestibus
845 1773 1025 1842 puris,
1085 1790 1218 1827 suos
1277 1774 1486 1828 milites
1544 1780 1716 1845 atque
1765 1776 1831 1812 ⁶¹¹

186 1861 379 1913 ,ἱθηῑεε
422 1875 648 1914 necnon
694 1864 749 1913 et
792 1861 935 1913 alios
984 1860 1084 1932 qui
1126 1862 1364 1915 aderant
1409 1863 1479 1917 ad
1518 1879 1576 1916 se
1622 1862 1837 1917 intrare

185 1946 435 2016 rmcepit.
490 1947 648 2001 Tunc
705 1947 986 2001 universis
1035 1964 1242 2018 magno
1293 1950 1427 2004 ﬂetu
1476 1951 1840 2020 singultanti-

183 2050 263 2098 us,
317 2022 405 2087 v'ir
442 2034 547 2087 Dei
599 2034 687 2087 vix
755 2032 832 2068 δί’
874 2050 987 2105 qua
1038 2042 1263 2105 poterat
1316 2054 1490 2092 manu
1544 2039 1837 2092 silentium

184 2123 421 2187 idiccns,
470 2122 598 2176 ait:
636 2142 674 2175 ot
714 2124 907 2176 Patres
953 2125 1280 2189 venerandi,
1334 2126 1536 2180 fratres
1585 2126 1834 2193 amandi,

185 2211 299 2263 lioli
357 2209 741 2276 dilectissimi,
795 2216 979 2265 vestro
1029 2212 1239 2266 auxilio
1291 2214 1443 2283 apud
1496 2216 1675 2270 Deum
1716 2215 1837 2284 jam

183 2299 393 2367 ndigeo.
446 2299 684 2353 Multum
719 2299 873 2353 enim
906 2301 1093 2366 doleo,
1131 2301 1282 2372 quod
1315 2318 1409 2355 vos
1441 2319 1621 2373 usque
1667 2303 1837 2357 modo

183 2388 505 2459 egligenter
543 2387 938 2456 praecedebam
971 2404 1176 2459 meque
1224 2390 1369 2443 ultra
1399 2391 1632 2444 modum
1664 2406 1838 2460 supra

184 2472 203 2507 ⁸
251 2491 353 2528 vos
404 2475 655 2545 superbe
711 2476 1027 2530 exaltabam
1071 2475 1163 2543 ⁸η,
1214 2482 1272 2531 et
1322 2495 1457 2545 non,
1508 2483 1573 2532 ut
1613 2479 1835 2549 justum

182 2568 275 2628 rat,
331 2580 436 2617 vos
468 2562 924 2617 honoriﬁcabam
970 2581 1073 2619 nec
1119 2565 1449 2634 diligebam.
1491 2566 1599 2620 Sed
1631 2582 1835 2638 super-

181 2652 224 2703 la
252 2652 371 2717 illa,
409 2651 547 2721 quid
593 2650 736 2705 mihi
767 2652 939 2705 modo
987 2652 1210 2721 proﬁcit
1240 2650 1333 2718 διδ,
1367 2653 1453 2707 vel
1490 2654 1832 2725 arrogantia,

181 2739 268 2792 uid
327 2756 425 2792 me
478 2738 709 2808 adjuvat
766 2737 889 2793 “5?
943 2740 1181 2793 Multum
1236 2740 1377 2794 mihi
1432 2756 1583 2794 nunc
1641 2742 1837 2795 obiicit

182 2824 202 2858 ⁷
254 2828 559 2896 multaque
612 2824 685 2862 ⁴¹⁸
734 2827 877 2881 mihi
936 2828 1274 2882 offendicula
1329 2829 1496 2899 parit.
1557 2830 1833 2885 Hesterno

182 2933 386 2985 imque
420 2914 494 2951 "9
523 2932 672 2969 unus
701 2915 781 2969 fui
807 2932 871 2969 ex
893 2916 1184 2969 ditissimis
1216 2915 1305 2984 “0,
1338 2918 1435 2971 sed
1462 2918 1579 2985 jam
1602 2924 1834 2987 expecto

182 3006 284 3058 and
343 3003 418 3037 ⁵²¹
473 3019 608 3056 mox
663 3004 890 3057 futurus
938 3004 1042 3056 sim
1096 3006 1256 3073 quasi
1311 3010 1523 3058 stercus
1567 3010 1623 3059 et
1670 3006 1829 3059 cinis.

1954 636 2125 683 meat.
2169 650 2196 681 »
2251 630 2481 684 Talibus
2531 631 2695 685 dictis
2744 648 2845 684 nos
2891 632 3256 698 admonebat,
3301 638 3359 687 et
3402 634 3640 689 verbum

1956 719 2052 773 Dei
2092 736 2210 773 non
2261 720 2512 773 humane
2554 736 2762 773 sonans
2790 720 3061 785 docebat;
3115 722 3463 791 tandemque
3512 737 3639 777 cor-

1951 807 2109 876 poris
2160 806 2247 861 sui
2305 806 2737 861 dissolutionem
2790 814 2984 877 aperte
3042 809 3473 878 pronunciabat.
3537 809 3636 863 His

1951 895 2114 949 dictis
2146 895 2344 957 ﬁnitis,
2392 911 2519 948 cum
2572 895 2818 948 maxima
2861 896 3092 949 tristitia
3144 896 3290 950 foras
3338 897 3636 964 exivimus,

1952 987 2007 1036 et
2036 983 2178 1037 tanti
2226 984 2471 1052 pastoris
2518 982 2813 1036 interitum
2864 999 3062 1037 omnes
3104 983 3161 1037 in
3195 1000 3500 1038 commune
3550 987 3637 1038 la-

1949 1071 2261 1124 mentando
2318 1070 2595 1124 ﬂevimus.
2656 1072 2813 1124 Tunc
2891 1072 3178 1139 principes
3247 1071 3347 1142 qui
3405 1072 3635 1127 aderant

1950 1157 2247 1222 intrantes,
2297 1159 2712 1212 thesaurarium
2758 1164 2815 1212 et
2849 1175 3155 1225 cameram,
3211 1161 3308 1213 ubi
3334 1162 3635 1230 pecuniam

1951 1246 2226 1316 putabant
2275 1246 2625 1300 reconditam
2665 1244 2752 1312 ⁸³⁸,
2804 1247 3109 1315 diligenter
3154 1248 3397 1317 angulos
3434 1264 3635 1302 omnes

1950 1334 2282 1405 perscrutati
2313 1340 2465 1401 sunt,
2512 1340 2570 1388 et
2618 1336 2847 1389 tandem
2895 1335 3101 1388 scrinia
3141 1336 3418 1390 librorum
3464 1338 3635 1390 volu-

1948 1422 2198 1476 minibus
2244 1423 2414 1491 plena
2444 1438 2541 1491 spe
2585 1423 2843 1490 pecunias
2892 1423 3303 1490 subvertentes,
3346 1439 3491 1477 vano
3524 1424 3635 1477 fur-

1948 1515 2101 1564 tunae
2133 1511 2323 1564 labore
2372 1510 2526 1564 illusi
2556 1508 2629 1543 ⁸³³⁵
2677 1516 2825 1563 sunt.
2866 1496 3017 1564 Nam
3067 1516 3270 1580 praeter
3300 1511 3634 1565 thesaurum

1946 1598 2386 1652 ecclesiasticum
2429 1613 2531 1651 nec
2564 1613 2769 1651 aurum
2799 1614 2902 1651 nec
2943 1602 3247 1667 argentum
3277 1598 3357 1651 ibi
3402 1597 3631 1653 invene-

1946 1692 2081 1741 runt
2129 1684 2217 1751 ⁸³⁸,
2268 1685 2513 1756 exceptis
2554 1686 2732 1738 tribus
2765 1691 2989 1738 tantum
3035 1686 3305 1750 denariis,
3358 1702 3502 1755 quos
3548 1687 3634 1740 vir

1948 1778 2173 1828 sanctus
2232 1775 2293 1827 in
2350 1779 2611 1827 wantone
2655 1771 2727 1807 ’³³⁷
2782 1775 2897 1841 (2i)
2948 1789 3049 1825 suo
3097 1774 3349 1843 reliquit,
3403 1773 3630 1844 quando

1947 1862 2091 1915 alios
2140 1862 2488 1932 pauperibus
2556 1862 2827 1927 erogavit.
2882 1862 3057 1930 Igitur
3102 1878 3265 1914 soror
3311 1862 3512 1931 ipsius,
3559 1862 3630 1916 de

1947 1966 2061 2020 qua
2107 1966 2281 2018 supra
2345 1948 2594 2002 diximus
2639 1950 2766 2018 (25),
2830 1948 3111 2002 abbatissa
3163 1949 3520 2016 venerabilis,
3570 1950 3630 2003 in

1947 2036 2298 2091 orationibus
2347 2033 2419 2069 ⁸³⁸
2473 2041 2528 2089 et
2576 2036 2782 2107 vigiliis
2832 2037 3218 2105 perdurando,
3273 2037 3345 2091 ab
3394 2052 3460 2091 eo
3512 2054 3629 2092 nou

1946 2124 2203 2180 discessit
2233 2120 2322 2176 ‘39.

2014 2215 2101 2267 23.
2173 2212 2428 2282 Cumque
2504 2211 2624 2267 dies
2697 2228 2907 2282 paucos
2976 2211 3227 2265 maxima
3301 2211 3629 2266 inﬁrmitate

1944 2304 2267 2368 aegrotaret.
2326 2304 2492 2352 nocte
2543 2295 2617 2334 ⁸⁴⁰
2671 2299 2940 2368 quadam,
2993 2303 3300 2369 antequam
3357 2299 3631 2353 diesceret

1942 2385 2039 2452 ⁸⁸⁸⁸,
2088 2386 2187 2441 Dei
2235 2402 2430 2440 servus
2472 2387 2542 2441 de
2590 2387 2733 2440 lecto
2776 2403 2835 2439 se
2865 2387 3064 2452 erexit,
3115 2392 3171 2441 et
3198 2386 3378 2441 oculis
3420 2403 3485 2440 ac
3516 2403 3611 2440 ma

1943 2475 2111 2528 nibus
2159 2475 2216 2528 in
2248 2476 2452 2528 crelum
2496 2475 2728 2528 intentis
2775 2472 2862 2539 i’“,
2894 2473 3109 2528 diutius
3153 2474 3353 2529 oravit.
3398 2474 3486 2529 llli
3530 2491 3628 2528 au-

1940 2568 2055 2617 tem
2104 2562 2203 2632 qui
2254 2563 2496 2616 aderant
2540 2562 2692 2616 labia
2740 2562 2862 2632 ejus
2908 2562 3124 2615 moveri
3174 2561 3475 2627 videbant;
3531 2563 3630 2616 sed

1941 2652 2079 2722 quid
2135 2657 2346 2717 oraret,
2404 2649 2664 2720 quamvis
2729 2654 2893 2702 caute
2949 2648 3338 2713 intenderent,
3396 2647 3627 2719 penitus

1941 2754 2055 2792 non
2108 2738 2523 2807 intelligebant.
2587 2736 2800 2790 Deinde
2844 2736 2903 2789 in
2960 2738 3170 2790 lectum
3227 2753 3286 2790 se
3337 2736 3627 2806 deponens

1942 2824 2033 2893 ⁸⁸³,
2084 2825 2295 2879 sororis
2337 2825 2627 2879 dexteram
2679 2822 2751 2858 ⁸⁸⁸
2796 2823 2980 2894 tetigit
3020 2822 3113 2890 ⁸⁸⁵,
3160 2827 3216 2876 et
3262 2824 3401 2877 dixit
3442 2839 3456 2876 :
3494 2826 3625 2877 Ecce

1941 2915 2084 2984 quod
2132 2915 2412 2982 concupiui
2446 2929 2565 2981 jam
2610 2911 2784 2965 video.
2841 2911 3050 2965 Deinde
3101 2911 3243 2965 dixit
3287 2909 3360 2944 ⁸⁸⁸
3394 2927 3406 2964 :
3442 2913 3619 2966 Domi-

1938 3018 2039 3056 nus
2086 3002 2373 3055 vobiscum.
2420 3002 2536 3055 Hoc
2582 3016 2710 3053 cum
2758 2999 2925 3053 tertio
2973 2998 3203 3062 diceret,
3254 2998 3624 3068 Bedemptori

182 3094 274 3145 alis
325 3092 491 3146 enim
522 3090 595 3126 ⁴²²
625 3096 710 3145 est
740 3092 1007 3160 gloriatio
1045 3090 1122 3126 ⁸³⁸
1152 3096 1363 3158 nostra,
1398 3094 1526 3146 talis
1566 3099 1622 3146 et
1646 3094 1830 3147 domi-
1864 3094 1902 3146 Ο
1939 3095 2155 3154 nostro,
2206 3088 2297 3143 cui
2341 3088 2587 3153 servivit,
2637 3103 2808 3157 quem
2851 3087 3077 3150 amavit,
3122 3102 3292 3156 quem
3340 3086 3618 3156 quaesivit,

180 3182 282 3235 itio
333 3179 635 3233 mundana
662 3177 757 3234 ⁸²⁴.
794 3179 989 3233 Nudus
1023 3180 1237 3250 quippe
1282 3196 1540 3251 egressus
1589 3197 1713 3234 sum
1762 3181 1829 3235 de

180 3268 198 3303 ⁵
232 3275 405 3323 utero
444 3268 643 3321 matris
675 3284 836 3334 meae,
893 3268 1082 3321 nudus
1114 3266 1185 3303 ⁶²⁶
1215 3274 1468 3323 revertar
1498 3270 1653 3335 illuc,
1690 3270 1829 3322 nihil

180 3364 335 3412 raeter
367 3361 601 3427 peccata
634 3353 707 3389 "7
740 3372 963 3410 mecum
1014 3361 1331 3426 reportans,
1364 3356 1473 3409 nisi
1512 3358 1611 3410 Dei
1660 3358 1831 3410 mise-

179 3446 379 3499 cordia
436 3442 513 3479 ⁸²⁸
571 3444 906 3497 exhortante
964 3444 1181 3514 aliquid
1234 3445 1369 3499 boni
1425 3444 1677 3507 fecerim.
1733 3446 1830 3499 ali-

180 3536 361 3587 iaudo
396 3533 509 3586 hoc
535 3532 687 3601 apud
732 3533 911 3585 Deum
958 3547 1047 3586 me
1078 3532 1443 3586 inventurum
1491 3549 1609 3587 esse
1639 3550 1825 3603 spero.

180 3638 259 3675 :ce
286 3636 451 3674 nunc
483 3634 611 3672 sum
654 3620 829 3685 lotus;
861 3634 988 3672 ecce
1016 3619 1165 3673 viam
1197 3619 1591 3690 longissimam
1624 3619 1826 3687 iturus,

179 3710 485 3779 gationem
535 3706 900 3760 durissimam
932 3714 1168 3776 expecto
1199 3711 1451 3777 paratus.
1502 3708 1572 3761 Ex
1604 3707 1692 3761 his
1722 3707 1828 3761 mi-

183 3799 285 3851 riis
338 3795 511 3850 facile
565 3811 908 3864 cognoscere
948 3797 1205 3864 potestis,
1254 3794 1487 3848 liventes
1543 3792 1613 3830 "9
1662 3811 1827 3849 mun-

180 3901 413 3939 inarum
467 3900 661 3937 rerum
693 3882 1060 3953 gloriationes
1100 3899 1272 3953 quam
1315 3883 1546 3953 fragiles
1575 3889 1631 3937 et
1659 3883 1830 3937 insta-

180 3976 264 4026 les
296 3972 419 4025 sint
462 3968 559 4034 “3°,
601 3986 775 4041 quam
819 3971 1003 4039 plenae
1034 3970 1191 4036 mali,
1239 3987 1412 4042 quam
1462 3987 1623 4025 caecat
1652 3971 1828 4025 futuri

205 4081 223 4126 ;
278 4074 430 4130 quas
487 4073 589 4128 per
646 4057 941 4126 speculum
1004 4074 1156 4111 nunc
1208 4074 1490 4127 cognosco
1546 4058 1709 4128 quasi
1767 4059 1827 4112 in

180 4149 466 4215 nigmate,
532 4144 795 4215 quamvis
862 4144 1076 4199 eisdem
1132 4145 1314 4199 adhuc
1380 4146 1702 4217 subjaceam
1762 4162 1826 4201 ex

179 4244 309 4289 arte.
362 4234 511 4302 Ergo
553 4232 646 4285 cui
689 4231 893 4285 servivi
924 4232 994 4286 ab
1025 4232 1189 4286 initio
1221 4231 1314 4299 '3’,
1349 4234 1460 4286 Deo
1509 4249 1654 4297 meo,
1704 4234 1827 4305 regi

182 4321 512 4391 mpiterno,
564 4335 657 4373 me
707 4334 948 4389 meaque
994 4320 1187 4373 omnia
1236 4320 1625 4374 indubitanter
1670 4337 1824 4375 com-

180 4410 318 4471 itto,
372 4412 432 4460 ut
465 4406 587 4476 ipse
636 4422 727 4460 me
779 4403 853 4440 ⁸³²
900 4407 1167 4461 defendat
1198 4412 1253 4460 et
1284 4424 1473 4461 secum
1520 4408 1655 4462 illuc
1697 4425 1823 4479 per-

1939 3193 2108 3248 quem
2143 3191 2367 3245 semper
2397 3175 2627 3246 optavit,
2673 3174 2936 3245 spiritum
2983 3174 3409 3227 immaculatum
3441 3173 3625 3227 reddi-

1938 3266 2022 3319 dit
2068 3265 2179 3333 (ειη.
2228 3266 2378 3323 1025,
2434 3267 2578 3331 Aug.
2622 3264 2735 3331 20.)
2789 3263 2995 3317 Habuit
3041 3270 3235 3316 autem
3280 3278 3473 3315 servus
3524 3262 3623 3315 Dei

1938 3353 2221 3423 quoddam
2258 3352 2544 3411 scrinium,
2589 3352 2743 3422 quod
2774 3353 2965 3405 nullus
3007 3357 3267 3404 nostrum
3311 3350 3621 3421 aliquando

1938 3447 2199 3511 apertum
2253 3440 2411 3494 vidit.
2466 3441 2642 3509 Hujus
2689 3440 2922 3510 quidem
2969 3440 3185 3493 clavem
3234 3438 3417 3492 sorori
3465 3454 3621 3492 com~

1938 3529 2111 3593 misit,
2160 3533 2223 3582 ut
2252 3527 2520 3599 quicquid
2575 3526 2839 3599 [interius
2877 3525 2970 3594 "7]
3018 3526 3347 3590 invenisset,
3384 3526 3443 3579 in
3485 3526 3623 3579 dile-

1936 3616 2179 3670 ctionem
2230 3621 2286 3669 et
2320 3616 2654 3669 memoriam
2704 3614 2830 3667 vitae
2880 3631 2997 3667 suae
3042 3613 3349 3667 habuisset.
3384 3614 3517 3677 Qum
3550 3611 3623 3648 ⁸⁸⁸

1935 3705 2124 3758 statim
2152 3708 2278 3775 post
2307 3703 2529 3757 obitum
2570 3703 2778 3767 fratris,
2829 3701 3172 3771 quibusdam
3203 3701 3520 3755 convocatis
3550 3716 3618 3755 ex

1935 3793 2163 3859 nostris,
2210 3792 2359 3845 dicta
2406 3790 2558 3844 illius
2602 3790 2854 3844 narravit
2900 3794 2957 3843 et
2985 3794 3118 3843 tunc
3163 3788 3435 3842 scrinium
3484 3805 3617 3859 ape-

1934 3880 2069 3935 ruit.
2122 3879 2450 3934 Invenimus
2497 3882 2689 3932 autem
2718 3878 2778 3931 in
2819 3874 2887 3914 “9
2917 3894 2983 3932 eo
3017 3877 3264 3931 cilicium
3306 3876 3616 3931 hirsutissi-

1934 3984 2094 4022 mum
2134 3973 2191 4022 et
2222 3972 2477 4022 catenam
2508 3967 2749 4021 ferream
2779 3983 2845 4021 ex
2873 3982 2990 4021 una
3018 3969 3178 4036 parte
3220 3965 3383 4037 quasi
3412 3982 3481 4019 ex
3513 3982 3618 4019 usu

1934 4057 2253 4111 contritam.
2309 4056 2471 4120 Quod
2521 4058 2582 4109 ut
2633 4055 2900 4121 vidimus,
2952 4054 3223 4124 primum,
3279 4058 3473 4107 contra
3520 4053 3617 4108 Dei

1934 4145 2211 4199 famulum
2263 4142 2333 4180 ⁴³⁰
2372 4159 2522 4213 saepe
2564 4160 2668 4197 nos
2716 4143 3073 4213 negligenter
3118 4142 3442 4214 deliquisse,
3485 4147 3615 4196 tuu-

1934 4233 2010 4286 sis
2035 4230 2105 4267 "1
2158 4232 2479 4303 pectoribus
2523 4231 2902 4285 communiter
2944 4229 3013 4267 ⁸⁵³
3060 4230 3367 4285 doluimus.
3405 4229 3618 4284 Deinde

1934 4321 2056 4391 ejus
2103 4320 2295 4374 felices
2345 4326 2504 4374 actus
2547 4319 2697 4390 apud
2752 4320 2929 4372 Deum
2971 4318 3052 4372 ita
3097 4323 3270 4371 tectos
3315 4320 3381 4355 ⁸⁸⁸
3412 4322 3467 4372 et
3495 4317 3618 4371 abs-

1934 4425 2137 4463 cousos
2194 4406 2262 4444 ⁸³⁸
2317 4408 2488 4478 digne
2553 4407 2919 4471 admirantes,
2983 4406 3297 4475 gratiarum
3363 4405 3616 4459 actiones

1552 4568 1779 4622 VARIzE
1821 4567 2222 4623 LECTIONES.

186 4695 263 4732 “’3
295 4694 448 4749 deest
478 4698 524 4747 1.
605 4692 675 4729 ⁴⁰⁶
722 4694 867 4749 deest
897 4698 949 4748 2.
1029 4692 1100 4729 ⁸⁰⁷

270 4766 423 4820 deest
455 4767 506 4817 2.
585 4767 655 4801 ⁸¹³
700 4781 873 4833 super
918 4768 977 4820 2.

1130 4710 1243 4767 que
1274 4682 1433 4750 deest
1477 4698 1529 4749 2.
1605 4694 1680 4730 ⁸0⁸

269 4852 387 4906 que
431 4835 579 4889 deest
620 4839 673 4888 2.
750 4832 826 4906 “l?
855 4852 911 4906 n.
963 4835 1056 4890 die
1104 4838 1156 4889 2.
1232 4833 1309 4870 ⁴¹²⁰
1338 4836 1675 4890 doctissimis
1718 4832 1821 4906 2f,
1847 4836 1918 4872 "1

1408 4950 1418 4960 .
1470 4922 1596 4960 mea
1623 4910 1673 4961 2.
1757 4905 1831 4941 "3
1878 4905 2074 4961 me'm.
2107 4910 2166 4961 2.

603 4976 675 5012 ⁸³³
721 4976 867 5030 deest
913 4979 964 5029 2.
1042 4974 1115 5011 ⁸³⁸
1147 4972 1531 5031 absconditam
1559 4981 1613 5031 2.
1690 4977 1760 5013 ⁸³⁵
1790 4978 1931 5031 elusi
1974 4980 2026 5031 2.
2104 4975 2174 5013 ⁸³⁸
2205 4993 2256 5032 a.
2306 4972 2671 5030 inveniebant
2714 4978 2767 5029 2.
2845 4972 2917 5009 ⁸⁸⁷
2963 4976 3045 5028 vir
3088 4975 3188 5029 Dei
3230 4976 3289 5029 in
3333 4978 3553 5030 sacculo
3582 4980 3615 5030 2

180 4903 307 4960 ma'
328 4909 385 4959 2.
465 4908 533 4941 ⁴²³
563 4922 626 4959 ex
669 4908 720 4959 2.
801 4903 877 4939 ⁸²⁶
921 4910 977 4959 et
1024 4920 1082 4959 ιι.
1115 4910 1167 4960 2.
1246 4908 1315 4942 ⁸³⁷

221 4976 421 5031 abitro
480 4978 524 5029 ι.

261 5064 322 5102 ο.
383 5045 506 5098 suis
554 5048 607 5100 2.
684 5044 760 5117 fit”
810 5045 1041 5117 recessit
1085 5049 1139 5099 2.
1216 5045 1294 5081 ⁸⁸⁰
1335 5064 1394 5101 n.
1452 5064 1509 5117 q.
1557 5047 1747 5102 desunt
1789 5051 1841 5103 2.
1921 5049 1984 5083 ⁸⁸¹
2033 5047 2357 5102 descederet
2411 5051 2457 5101 1.

662 5114 734 5152 ⁸⁸⁵
791 5116 981 5187 attigit
1022 5132 1123 5171 rec.
1168 5133 1335 5171 manu
1380 5114 1518 5172 corr.
1574 5118 1764 5187 tetigit
1789 5122 1843 5172 2.
1893 5118 2009 5173 cod.
2057 5118 2315 5183 Francof.
2371 5122 2422 5171 et
2465 5118 2548 5171 ita
2593 5116 2887 5170 adnotatur
2941 5119 3000 5169 in
3042 5132 3218 5184 marg.
3250 5114 3363 5170 cod.
3418 5116 3611 5170 Hamb.

662 5185 743 5258 “fu
784 5188 928 5240 deest
979 5190 1026 5258 1.
1106 5185 1175 5223 ⁸⁸⁸
1226 5188 1381 5258 quod
1435 5192 1481 5241 1.
1537 5185 1606 5223 “9
1654 5189 1799 5242 deest
1845 5191 1903 5242 2.
1985 5187 2059 5224 ⁸⁶⁰
2109 5204 2335 5242 servum
2386 5188 2479 5242 dei
2527 5202 2629 5240 nos
2675 5190 2724 5240 2.
2804 5186 2876 5221 ⁸⁸⁸
2924 5202 3071 5257 saepe
3120 5192 3162 5240 t.
3212 5190 3263 5241 2.
3339 5182 3414 5220 ⁸⁸³
3468 5185 3611 5239 deest

255 5118 499 5170 dextera
534 5120 581 5169 1.
662 5118 734 5152 ⁸⁸⁵
791 5118 981 5187 attigit
1022 5132 1123 5171 rec.
1168 5134 1175 5169 1

254 5186 458 5256 inquit
513 5189 566 5239 2.
645 5185 719 5256 “7
784 5188 928 5240 deest
981 5190 1026 5240 1.
1106 5185 1175 5223 ⁸⁸⁸

243 5255 319 5295 ηδ
348 5255 537 5310 rectos
573 5260 593 5311 1
678 5255 753 5291 ⁸³⁸³
784 5263 837 5311 et
869 5273 920 5309 a.
955 5257 1163 5311 desunt.
1198 5255 1248 5311 2.

1061 4697 1100 4728 ³⁷
1130 4710 1243 4767 que
1288 4697 1433 4750 deest
1477 4698 1529 4749 2.
1605 4697 1680 4730 ὀδ
1727 4697 1968 4799 paucula
2010 4699 2067 4751 2.
2153 4697 2223 4731 “’9
2250 4697 2303 4749 b.
2349 4700 2421 4748 et.
2470 4712 2523 4749 a.
2573 4698 2627 4774 2..
2704 4697 2780 4727 ⁴¹⁰
2809 4697 2882 4747 et.
2936 4697 2992 4747 b.
3043 4708 3107 4746 ac
3135 4697 3190 4773 2.
3264 4697 3337 4728 ⁶¹¹
3377 4709 3427 4747 e.
3461 4697 3516 4773 et
3557 4699 3610 4749 2.

1061 4766 1131 4802 ⁸¹⁴
1159 4767 1499 4838 extollebam
1548 4770 1600 4838 2.
1637 4837 1640 4838 ν
1680 4766 1723 4801 ⁸¹
1785 4769 1998 4838 profuit
2026 4769 2080 4820 2.
2156 4764 2229 4800 ἰδ
2258 4769 2488 4838 a_r_r_og_at
2532 4765 2768 4838 adjuvat
2808 4767 2861 4816 2.
2937 4761 3009 4838 ⁸1⁷
3040 4763 3221 4838 obfuit
3257 4767 3302 4819 1.
3356 4763 3533 4838 ofﬁcit
3562 4769 3614 4819 2.

2153 4693 2223 4731 ‘09
2250 4695 2303 4749 b.
2349 4700 2421 4748 et.
2470 4712 2523 4749 a.
2573 4698 2627 4748 2.
2704 4691 2780 4727 ⁸¹⁰
2809 4697 2882 4747 et.
2935 4694 2992 4747 b.
3043 4708 3107 4746 ac
3135 4696 3188 4747 2.
3264 4693 3337 4728 ⁸η
3377 4709 3427 4747 e.
3461 4696 3516 4747 et
3557 4699 3610 4749 2.

1953 4853 2124 4908 quam
2156 4840 2208 4889 2.
2283 4834 2363 4908 νῆ
2398 4832 2547 4889 deest
2592 4832 2651 4889 2.
2735 4834 3220 4908 u{congloriatio
3257 4837 3330 4908 _2._
3389 4832 3466 4869 ⁶²⁴
3508 4836 3614 4889 hu-

2251 4906 2321 4942 ⁸³9
2353 4906 2611 4975 lugentes
2654 4908 2704 4959 2.
2784 4902 3033 4975 ἰφ-θύοι
3081 4908 3126 4959 1.
3206 4903 3273 4940 ⁸³¹
3308 4905 3517 4959 futurae
3568 4910 3606 4959 l.

2534 5044 2607 5082 ⁸⁸²
2658 5046 2909 5099 intentus
2957 5049 3008 5099 2.
3087 5044 3159 5081 ⁸⁸³
3221 5062 3508 5116 reponens
3558 5049 3613 5099 2.

1985 5187 2059 5224 ⁸⁶⁰
2109 5182 2335 5242 servum
2386 5188 2479 5242 dei
2527 5202 2629 5240 nos
2675 5190 2724 5240 2.
2804 5186 2876 5221 ⁸⁸⁸
2924 5202 3071 5257 saepe
3120 5182 3181 5240 t.'
3212 5190 3263 5241 2.
3339 5182 3414 5220 ⁸⁸²
3468 5185 3611 5239 deest

1787 5396 2005 5451 NOTAE.

180 5558 307 5619 (23)
342 5552 431 5606 lbi
457 5567 562 5606 rex
593 5551 707 5605 fuit
734 5550 791 5604 d.
823 5554 890 5605 26
919 5550 1070 5605 Julii.

180 5626 304 5695 (24)
341 5623 401 5678 Id
433 5627 523 5677 est
546 5622 897 5687 chirotheca,
933 5620 1153 5676 Gallicae
1176 5627 1327 5688 gant.

1994 5554 2107 5621 (25)
2133 5568 2181 5606 c.
2222 5554 2302 5605 12.
