3950 6408
442 426 544 481 535
1521 427 1928 485 BURCHARDI
1965 429 2500 487 WOBMACIENSIS
2538 429 2581 485 E
2594 428 2873 484 PISCOPl.
3865 430 3938 481 534

444 552 563 606 Deo
612 554 809 605 nostro
856 564 977 604 non
1024 548 1146 603 sine
1194 550 1444 604 lacrimis
1474 567 1579 622 pro
1628 553 1752 622 ejus
1793 552 1907 607 vita
1948 553 2147 607 retuli-
2174 556 2221 608 A
2260 554 2619 624 salutemque
2673 550 2975 621 sepulchro
3023 552 3439 621 supponentes,
3495 548 3598 620 qui
3647 548 3802 603 servi
3869 549 3938 602 De

443 655 596 694 mus.
639 639 895 693 Aderant
944 638 1005 692 in
1048 638 1309 709 exequiis
1354 640 1478 710 ejus
1509 640 1597 693 sui
1628 640 1861 707 milites,
1906 641 2017 694 viri
2045 657 2147 695 ve—

445 726 732 781 nerabiles
775 731 832 781 et
859 726 1131 790 illustres,
1175 742 1498 797 corpusque
1540 725 1609 764 ‘5‘
1655 728 1778 797 ejus
1804 744 1908 799 per
1952 728 2148 783 omnia

444 815 792 870 monasteria
845 816 1333 879 circumferentes,
1396 816 1467 869 ad
1520 816 1708 869 sedem
1772 817 2147 889 principalem

445 904 680 959 tandem
743 904 1093 958 detulerunt.
1160 904 1358 974 Ibique
1425 904 1496 958 ab
1546 904 1826 959 universis
1876 906 2148 961 fratribus

444 991 847 1046 venerabiliter
911 996 1226 1062 acceptum,
1290 990 1472 1045 solitis
1537 992 1964 1047 custodiebatur
2021 995 2151 1048 ofﬁ-

446 1080 566 1134 ciis.
621 1082 854 1134 Postera
899 1084 1091 1133 autem
1122 1079 1214 1134 die
1261 1079 1322 1133 in
1350 1080 1552 1135 eadem
1602 1082 1839 1135 ecclesia
1885 1081 1946 1136 in
1975 1083 2149 1137 choro

392 1216 395 1219 .
446 1168 803 1233 occidentali,
866 1168 1131 1221 videlicet
1179 1173 1310 1222 ante
1360 1170 1535 1223 altare
1599 1170 1779 1225 sancti
1835 1171 2146 1239 Laurentii,

447 1256 760 1311 honoriﬁce
790 1257 1078 1326 sepultum
1111 1261 1198 1309 est
1227 1254 1299 1290 ’³⁵⁸
1332 1258 1461 1327 (26).

516 1346 602 1399 24.
644 1345 755 1399 Sed
796 1344 895 1398 ubi
926 1359 1077 1397 nunc
1126 1348 1261 1397 sunt
1290 1344 1375 1398 illi
1421 1346 1692 1414 pestiferi,
1742 1346 1843 1417 qui
1891 1346 2063 1401 vitam
2097 1353 2152 1402 et

447 1438 608 1488 actus
659 1432 761 1487 viri
812 1432 915 1487 Dei
961 1432 1261 1504 venenosis
1313 1433 1527 1503 linguis
1573 1440 1891 1505 carpentes,
1948 1435 2145 1501 multa,

449 1538 580 1594 quae
610 1538 717 1576 nec
746 1521 858 1576 dici
890 1520 1109 1575 licitum
1143 1526 1249 1585 est,
1283 1538 1457 1591 super
1482 1523 1647 1577 illum
1674 1539 1924 1594 suosque
1953 1524 2153 1578 ﬁdeles

449 1610 624 1664 variis
667 1608 1184 1665 obtrectationibus
1233 1610 1460 1663 mentiti
1504 1612 1679 1664 sunt?
1724 1611 1768 1666 Ο
1813 1612 2055 1666 miseros
2098 1617 2151 1666 et

451 1699 743 1768 profanos,
792 1697 971 1752 totius
1019 1698 1334 1751 honestatis
1382 1698 1623 1753 oblitos!
1668 1700 1711 1754 Ο
1750 1700 1927 1753 totius
1970 1700 2153 1754 virtu-

450 1787 525 1841 tis
562 1786 773 1840 inscios
817 1786 1105 1856 totiusque
1153 1786 1383 1856 pietatis
1432 1787 1612 1841 nudos
1661 1792 1719 1841 et
1767 1789 1886 1842 sola
1937 1790 2153 1843 ventris

450 1875 709 1946 ingluvie
792 1873 1113 1945 saginatosl
1202 1874 1245 1929 Ο
1322 1874 1500 1929 totius
1564 1876 1836 1930 bonitatis
1910 1877 2153 1944 steriles,

2254 642 2401 696 facta
2455 639 2768 695 mendaciis
2835 638 3185 706 lacerabant,
3244 636 3347 691 sed
3412 636 3525 708 ipsi
3580 636 3723 690 talia
3779 636 3934 690 facer

2257 730 2616 795 nesciebant;
2672 743 2919 800 quorum
2976 728 3125 781 Deus
3171 732 3374 779 venter
3414 729 3588 781 estet
3636 724 3832 795 gloria
3880 741 3937 777 eo

2255 835 2384 873 rum
2447 820 2506 873 in
2571 817 2927 883 confusione,
2995 814 3096 886 qui
3161 819 3392 869 terrena
3443 818 3671 867 tantum
3730 814 3938 883 sapiun

2256 914 2315 963 et
2353 922 2482 979 quas
2536 907 2634 961 Dei
2681 910 2814 960 sunt
2860 905 3094 975 penitus
3135 904 3421 957 nesciunt.
3475 902 3575 957 Hic
3622 908 3825 957 autem
3878 919 3937 954 sa

2256 998 2453 1051 cerdos
2488 994 2695 1051 Christi
2727 1002 2844 1049 toto
2877 993 3071 1046 animo
3110 992 3356 1061 totisque
3403 990 3622 1044 viribus
3664 990 3737 1044 ad
3787 992 3938 1044 Deut:

2256 1101 2582 1151 conversus,
2634 1082 2907 1153 quicquid
2954 1080 3092 1135 boni
3137 1080 3289 1147 fecit,
3326 1078 3551 1135 Christo
3605 1078 3713 1133 soli
3753 1094 3937 1148 αοεῃο

2257 1174 2532 1227 scendum
2586 1172 2893 1242 diligenter
2938 1168 3251 1235 abscondit,
3294 1172 3352 1221 et
3389 1167 3590 1221 inanes
3621 1167 3853 1221 favores
3902 1170 3937 1219 si

2257 1261 2474 1315 militer
2519 1264 2576 1313 et
2632 1259 2931 1314 hominum
2985 1256 3428 1311 obtrectationes
3481 1255 3646 1325 parvi
3705 1255 3938 1325 pendeo

2258 1350 2431 1403 surda
2479 1364 2618 1401 aure
2664 1346 2944 1411 transivit,
2995 1345 3097 1417 qui
3138 1348 3362 1399 tantum
3417 1345 3530 1398 Deo
3574 1345 3810 1415 placere
3855 1349 3937 1395 stu

2260 1437 2404 1491 duit.
2443 1438 2586 1507 Ergo
2630 1436 2877 1491 fructum
2909 1440 3191 1489 mternum
3222 1438 3376 1503 apud
3407 1434 3586 1486 Deum
3617 1448 3726 1502 pro
3757 1432 3938 1485 talibt‘

2260 1526 2427 1580 illum
2479 1524 2791 1595 acquisisse
2836 1528 2892 1577 et
2920 1522 3162 1594 prminia
3208 1520 3561 1592 sempiterna
3609 1536 3715 1590 pro
3749 1520 3937 1573 secula

2263 1614 2418 1668 ribus
2480 1630 2611 1667 eum
2670 1612 2971 1683 recepisse,
3024 1625 3319 1682 speramus
3369 1625 3432 1663 ac
3482 1608 3734 1661 ﬁrmiter
3794 1609 3929 1661 cred

2262 1718 2411 1769 mus,
2444 1708 2499 1755 et
2527 1707 2591 1755 ut
2621 1717 2750 1754 cum
2781 1700 3003 1755 Christo
3035 1714 3275 1753 manens
3308 1697 3731 1767 sempiternum
3768 1696 3937 1749 habee

2265 1791 2668 1856 sacerdotium,
2714 1794 3023 1859 praestante
3076 1787 3321 1842 Domino
3369 1790 3567 1839 nostro
3597 1785 3732 1838 Jesu
3783 1784 3938 1838 Chris

2266 1884 2374 1947 sto,
2431 1878 2523 1932 cui
2562 1878 2635 1932 sit
2694 1878 2818 1932 laus
2857 1882 2913 1931 et
2978 1876 3164 1947 gloria
3216 1890 3323 1946 per
3359 1873 3590 1928 inﬁnita
3642 1872 3938 1927 seculorui

457 1964 603 2020 nihil
651 1963 788 2019 huic
839 1963 1029 2018 simile
1074 1962 1370 2030 facientes,
1424 1964 1521 2018 sed
1562 1980 1723 2035 spem
1756 1981 1919 2019 suam
1968 1968 2158 2020 seculo
2267 1967 2476 2021 secula.
2510 1969 2712 2020 Amen.

1881 2126 2116 2180 VARI/13
2146 2126 2391 2181 LECTIO
2403 2126 2440 2180 N
2452 2125 2544 2180 ES.

531 2252 600 2335 ξπ
630 2270 763 2335 (Ῑιξθ⁵
793 2254 1031 2335 deest}.
1110 2250 1179 2291 ⁸⁸⁸
1220 2252 1638 2335 annonDomini
1672 2269 1838 2309 xxxv.
1862 2256 2132 2335 secundo
2174 2272 2323 2310 anno
2375 2256 2617 2335 Conradi
2652 2253 3033 2335 imperatoris.
3086 2251 3192 2308 Ubi
3229 2255 3590 2335 _nunc_su‘nt,
3646 2251 3751 2335 qui
3785 2252 3937 2335 felice

456 2322 769 2405 actus_'viri
812 2325 990 2405 sancti
1030 2340 1331 2405 venenosis
1380 2324 1614 2405 linguis‘
1640 2329 1939 2405 carpentes
1998 2343 2150 2405 sirpe
2210 2322 2769 2405 operaejusnparv—i
2816 2324 3146 2405 pendebant
3192 2327 3247 2376 et
3291 2322 3699 2405 annihilabant
3719 2323 3937 2405 ?__Nun

458 2401 524 2451 ut
584 2396 680 2467 pie
760 2396 1045 2451 credimus
1107 2400 1313 2467 regnat
1371 2410 1511 2449 cum
1576 2396 1691 2451 Deo
1740 2393 2041 2452 'Abraham
2081 2393 2157 2452 'in
2214 2393 2481 2452 e'xcelsis'
2514 2393 2627 2452 illis
2692 2402 2750 2451 et
2808 2393 3101 2468 perpetuis
3156 2393 3403 2465 gaudiis,
3480 2396 3689 2448 Amen.
3746 2396 3834 2448 ita
3896 2394 3938 2447 ἀι

461 2470 617 2523 sinit.
652 2470 705 2521 2.

2100 2582 2323 2638 ΝΟΤᾸΞ.

535 2686 642 2763 (26)
693 2687 1031 2763 sepulcrum
1087 2687 1261 2759 paulo
1326 2703 1499 2759 supra
1560 2688 1956 2759 pavimentum
2013 2690 2283 2746 eductum
2346 2691 2648 2747 claudebat
2708 2690 2854 2763 lapis
2913 2688 3426 2762 hemisphaericus,
3486 2688 3681 2743 addita
3756 2687 3824 2743 in
3879 2688 3938 2743 ha

468 2758 784 2830 epigraphe
814 2775 827 2812 :

1398 2860 1491 2910 llic
1516 2860 1656 2923 jacet
1681 2861 1861 2923 Buggo
1892 2861 2160 2924 quondam
2191 2863 2341 2912 istius
2371 2863 2472 2913 loci
2497 2865 2793 2927 episcopus.

539 2964 623 3018 Ita
653 2961 943 3017 Schannat
972 2958 1108 3015 Hist.
1138 2959 1365 3014 Worm.
1407 2962 1454 3027 l,
1484 2974 1541 3029 p.
1576 2958 1698 3013 334.

1633 3356 2833 3485 BURCHARDI

1801 3580 2131 3637 EPISTOLA
2170 3580 2264 3635 AD
2302 3578 2676 3633 ALPERTUM

1377 3745 1546 3815 (Vide
1580 3759 1755 3815 supra
1790 3745 1850 3798 in
1888 3744 2209 3809 ALPBRTO,
2250 3743 2414 3811 hujus
2446 3741 2756 3807 voluminis,
2798 3740 2896 3794 col.
2940 3738 3092 3809 451.)
