3950 6408
254 417 357 470 537

1328 420 1803 479 DECRETORUM
1847 424 2033 480 LIBRI
2070 425 2179 479 XX.
2214 454 2281 463 --
2322 423 2711 479 ΡΒΕΡΑΤΙΟ.

3680 429 3782 483 538

1508 730 2515 856 BURCHABDI

1149 961 1860 1029 WORMACIENSIS
1931 964 2393 1032 ECCLESItE
2458 965 2880 1032 EPISCOPI

1337 1250 2697 1399 DECRETORUM

1676 1534 1932 1607 LIBRI
1992 1535 2358 1609 VIGINTI

261 1767 369 1831 Ea:
398 1764 692 1832 conciliis
727 1778 791 1832 et
828 1765 1349 1833 orthodoxorum
1387 1771 1674 1835 Patrum
1703 1766 2000 1849 decretis,
2042 1781 2196 1836 tunc
2234 1769 2435 1836 etiam
2483 1768 2897 1836 diversarum
2943 1768 3293 1835 nationum
3331 1765 3623 1858 synodis,
3663 1788 3780 1833 ceu

349 1870 479 1937 loci
504 1894 877 1937 communes
909 1874 1219 1961 congesti,
1256 1874 1325 1939 in
1356 1873 1596 1962 quibus
1636 1886 1846 1940 totum
1884 1873 2391 1942 ecclesiasticum
2428 1897 2673 1941 munus
2710 1873 3045 1941 luculenta
3094 1872 3413 1939 brevitate
3444 1884 3507 1939 et
3535 1884 3775 1939 veteres

348 1977 807 2044 Ecclesiarum
838 1977 1319 2045 observationes
1347 1980 1819 2069 complectitur.

372 2154 600 2209 Parisiis
631 2155 784 2227 apud
813 2155 1096 2211 Joannem
1129 2157 1529 2224 Foucherium,
1562 2159 1666 2213 sub
1695 2159 1865 2293 Scutso
1890 2160 2214 2309 Floren(tia)e,
2248 2160 2341 2214 via
2365 2160 2435 2215 ad
2468 2161 2532 2216 D.
2565 2159 2864 2215 Jacobum.
2898 2189 2968 2199 -
3002 2160 3157 2215 1549.
3190 2157 3330 2213 Cum
3361 2158 3671 2229 privilegio

1853 2243 2054 2293 enatus
2102 2243 2165 2293 27
2199 2280 2210 2292 .

1853 2243 2054 2293 enatus
2080 2243 2210 2293 (27).

1609 2608 2431 2707 BURCHARDUS

1223 2796 1635 2853 ECCLESIIE
1692 2798 2319 2855 WORMACIENSIS
2371 2799 2819 2857 EPISCOPUS

1786 2945 2255 3022 BRUNIGHONI

791 3113 1132 3154 FIDELISSIMO
1172 3113 1274 3154 δυο
1315 3115 1378 3153 ΕΤ
1418 3114 1654 3154 εδυεοειί
1694 3114 1964 3154 ECCLESLE
2002 3114 2330 3166 PILEPOSITO,
2374 3113 2428 3153 IN
2468 3113 2699 3154 CHRISTO
2739 3113 2944 3154 DOMINO
2986 3113 3255 3155 SALUTEM.

330 3413 375 3464 Α
402 3410 596 3465 multis
628 3427 762 3465 sane
810 3411 1034 3477 diebus,
1076 3416 1132 3465 et
1174 3428 1326 3482 saepe
1382 3412 1616 3483 quidem
1655 3427 1845 3466 coram
1887 3414 1969 3465 fa-
2010 3417 2055 3467 A
2088 3427 2239 3466 mem
2269 3415 2465 3465 tamen
2514 3411 2651 3482 quia
2694 3425 2811 3465 non
2868 3413 3080 3464 certam
3128 3408 3407 3482 temporis
3455 3422 3783 3463 mensuram

256 3497 559 3553 miliaritas
604 3504 725 3565 tua,
764 3499 1099 3554 charissima
1134 3500 1330 3565 frater,
1390 3500 1672 3555 hortando
1722 3517 1752 3554 a
1802 3499 1967 3554 nobis

255 3587 577 3654 contendit,
605 3592 669 3642 ut
700 3588 839 3643 utile
883 3588 1120 3659 aliquod
1149 3605 1295 3659 opus
1338 3604 1453 3642 non
1486 3589 1679 3643 minus
1720 3605 1787 3643 ex
1835 3604 1963 3642 san-

256 3662 483 3731 ctorum
512 3676 746 3731 Patrum
773 3676 1088 3743 sententiis,
1124 3692 1298 3748 quam
1327 3676 1617 3730 canonicis
1646 3676 1963 3746 scripturis,

255 3764 347 3818 vel
404 3764 475 3819 ab
504 3766 886 3836 comprobatis
933 3766 1338 3837 poenitentium
1378 3766 1678 3837 exemplis,
1735 3766 1807 3819 ad
1870 3781 1966 3819 ne-

259 3852 572 3906 cessarium
644 3853 902 3907 Ecclesia:
975 3858 1184 3907 nostra:
1259 3853 1710 3908 deservieutium
1773 3870 1963 3920 usum,

259 3940 525 4011 vigilanti
556 3942 743 3996 studio
769 3942 1119 4013 colligerem.
1157 3943 1223 3997 Et
1250 3942 1307 3997 id
1338 3941 1596 4013 quidem,
1628 3942 1715 3997 vel
1764 3958 1831 3996 ea
1876 3959 1969 3996 ra-

262 4029 418 4083 tione
449 4029 697 4084 maxime
727 4030 987 4101 ﬂagitare
1008 4030 1311 4100 videbaris,
1344 4031 1502 4102 quod
1523 4047 1807 4085 canonum
1838 4032 1970 4103 jura

264 4123 439 4188 atque
480 4118 886 4187 poenitentium
933 4120 1155 4184 formae,
1198 4119 1256 4173 in
1304 4122 1497 4173 nostra
1545 4120 1777 4191 quidem
1827 4120 1968 4175 dioe-

263 4206 378 4259 cesi
407 4206 549 4260 adeo
579 4206 812 4260 confusa
868 4207 1002 4276 sint,
1046 4213 1219 4279 atque
1263 4208 1412 4262 inter
1450 4225 1509 4262 se
1560 4208 1967 4279 discrepantia,

266 4298 330 4347 ut
362 4299 461 4347 aut
490 4310 559 4347 ex
609 4298 727 4349 toto
760 4295 1035 4365 neglecta,
1085 4300 1184 4349 aut
1239 4297 1397 4349 omni
1438 4312 1586 4367 pene
1636 4296 1970 4352 auctoritate

262 4381 557 4447 destituta,
618 4382 706 4435 vel
761 4382 979 4437 modice
1058 4382 1118 4437 in
1202 4384 1585 4440 ecclesiastica
1669 4386 1972 4456 disciplina

255 4468 534 4525 institutis
558 4486 835 4541 apparere
866 4472 1107 4542 possint.
1154 4472 1277 4537 Qua
1306 4473 1375 4528 de
1419 4490 1590 4528 causa
1636 4491 1786 4546 smpe
1817 4475 1971 4529 acci-

255 4557 359 4623 dit,
394 4562 454 4611 ut
472 4558 545 4613 ad
574 4559 930 4629 poenitentia:
958 4560 1275 4615 remedium
1328 4561 1814 4634 confugientibus,
1838 4580 1970 4618 cum

256 4646 333 4700 ob
363 4661 651 4701 canonum
693 4647 1139 4718 descriptionem
1183 4648 1499 4717 confusam,
1550 4654 1673 4705 tum
1720 4651 1792 4706 ob
1832 4667 1969 4722 pre-

255 4734 617 4805 sbyterorum
652 4742 978 4791 nostrorum
1008 4737 1418 4807 ignorantiam,
1460 4755 1575 4792 non
1615 4739 1781 4794 facile
1828 4741 1967 4795 sub-

254 4824 539 4878 veniatur.
594 4825 760 4889 Quod
793 4843 864 4879 an
896 4826 1027 4880 ideo
1071 4826 1439 4897 potissimum
1488 4827 1673 4895 fieret,
1703 4843 1820 4882 non
1850 4828 1967 4883 im—

257 4913 545 4985 pudenter
575 4931 641 4970 ex
675 4930 766 4970 me
796 4917 1034 4987 rogasti.
1082 4918 1147 4972 Et
1195 4931 1526 4987 quanquam
1572 4916 1725 4972 idem
1769 4917 1969 4972 existi-

328 5104 442 5175 (27)
469 5105 736 5161 Εωιναεσι
757 5107 850 5161 des
888 5109 1160 5177 Registres
1190 5108 1255 5163 de
1274 5108 1595 5163 Partement.

328 5178 409 5251 _La
465 5182 635 5251 gnat,
699 5194 829 5251 neue
875 5179 930 5231 la
987 5182 1247 5248 Requeste
1302 5182 1337 5232 ὰ
1390 5181 1487 5233 elle
1532 5182 1811 5249 presentée
1862 5196 1972 5251 par

261 5249 437 5321 Iehan
458 5248 983 5321 FaucheriLibraire
1019 5252 1141 5305 lure
1168 5267 1231 5305 en
1263 5248 1645 5321 Lhuniuer’site
1688 5251 1755 5305 de
1788 5248 1965 5321 paris,

254 5319 450 5392 parta
476 5320 651 5392 quelle
681 5320 724 5373 il
763 5323 1067 5389 requeroict
1105 5322 1200 5392 luy
1238 5326 1376 5375 estre
1412 5320 1623 5390 parmis
1657 5319 1965 5391 Imprimer,

255 5405 325 5444 ou
352 5391 500 5455 faire
538 5391 857 5459 Imprimer,
919 5407 1028 5459 ung
1059 5391 1197 5447 tiure
1257 5394 1474 5447 intitulé
1511 5396 1574 5448 D.
1630 5395 1959 5461 Burchardi,

264 5462 699 5516 Vuormaciensis
766 5464 1025 5519 episcom'.
1096 5464 1451 5517 Decretorum
1520 5463 1643 5518 Lib.
1712 5466 1823 5519 XX.
1900 5481 1959 5519 ea

416 5475 699 5516 mactemus
766 5475 1025 5528 episcopi,
1096 5475 1451 5517 uecretorum
1520 5475 1643 5518 Lib.
1712 5475 1823 5528 tu.
1900 5481 1968 5520 ea:

271 5478 699 5516 vuormaciensis
836 5478 1025 5532 iscopi,
1096 5478 1451 5517 uecretorum
1520 5478 1643 5518 mo.
1712 5478 1823 5531 aa,
1900 5481 1967 5520 ea:

257 5532 514 5606 conciliis
544 5536 593 5585 et
614 5478 1041 5606 orthozbmorum
1066 5540 1293 5604 patrum
1329 5537 1564 5590 Decretis
1605 5540 1703 5590 etc.
1756 5536 1805 5590 Α
1830 5551 1967 5606 per-

256 5605 361 5658 mis
391 5606 442 5656 et
494 5608 702 5675 permet
731 5604 892 5657 audit
912 5606 1199 5674 supptiant
1244 5607 1556 5675 Imprimer,
1587 5622 1656 5659 ou
1688 5604 1965 5672 fairevlm-

256 5618 361 5658 mis
391 5618 442 5656 et
494 5618 702 5727 iamet
731 5618 892 5657 auat:
912 5618 1199 5674 suppurunt
1244 5618 1556 5675 tmpnmer,
1587 5622 1656 5659 ou
1688 5618 1835 5672 [aure
1859 5618 1965 5661 1m-

256 5674 467 5743 primer
543 5673 627 5729 dit
648 5674 809 5743 (iure,
841 5679 893 5729 et
913 5690 1140 5745 emposer
1166 5692 1232 5731 en
1256 5681 1428 5743 vente,
1445 5680 1514 5731 Et
1533 5677 1766 5747 defence
1794 5680 1829 5732 ὰ
1848 5682 1966 5733 tous

2076 3516 2365 3554 canonum
2405 3516 2648 3555 censura
2677 3501 2957 3570 expressit
2988 3499 3059 3554 ad
3103 3499 3330 3570 singula
3372 3498 3782 3569 poenitentium

2076 3588 2282 3642 delicta
2350 3588 2759 3653 adhibendam,
2812 3588 2912 3641 sed
2983 3588 3042 3641 in
3108 3586 3525 3641 absolventium
3566 3584 3783 3657 judicio

2076 3676 2518 3746 relinquendam
2576 3676 2790 3741 statuit,
2837 3676 3047 3729 idcirco
3096 3674 3453 3745 poenitentiae
3513 3674 3787 3729 salutaria

2076 3763 2331 3818 remedia
2360 3764 2433 3817 ab
2464 3762 2749 3833 imperitis
2797 3763 3031 3834 quidem
3080 3763 3471 3819 sacerdotibus
3530 3779 3647 3817 non
3680 3779 3783 3833 pro

2077 3852 2418 3907 delictorum
2468 3851 2744 3922 qualitate
2787 3850 3185 3921 providentur,
3218 3867 3252 3904 a
3310 3850 3422 3922 piis
3453 3850 3688 3921 quidem
3730 3856 3787 3905 et

2076 3939 2365 3995 canonicis
2414 3939 2714 4010 scripturis
2772 3939 3066 4005 institutis,
3134 3939 3335 3995 eadem
3394 3939 3556 3993 facile
3613 3944 3789 4011 prout

2076 4028 2559 4101 uniuscujuslibet
2607 4028 2916 4083 infirmitas
2977 4028 3243 4099 requirit,
3298 4028 3664 4083 adhibentur.
3722 4029 3788 4082 Et

2079 4118 2216 4190 quia
2253 4118 2362 4173 hoc
2391 4134 2481 4172 res
2523 4118 2603 4172 ita
2654 4117 2849 4186 habet,
2880 4133 2947 4172 eo
2977 4133 3069 4171 me
3118 4118 3350 4172 dilectio
3405 4122 3504 4171 tua
3545 4116 3782 4187 rogavit,

2078 4213 2142 4263 ut
2169 4208 2416 4279 opellam
2446 4208 2594 4262 hanc
2624 4213 2953 4278 congestam
2981 4206 3313 4277 junioribus
3342 4206 3556 4261 nostris
3597 4206 3787 4277 legen-

2080 4298 2212 4352 dam
2232 4313 2638 4367 proponerem,
2674 4313 2790 4367 quo
2822 4296 2932 4368 ipsi
2960 4296 3019 4351 in
3044 4296 3249 4350 idonea
3281 4295 3557 4350 nimirum
3598 4300 3784 4361 etate,

2080 4403 2147 4440 ea
2204 4386 2444 4452 discant,
2520 4402 2650 4457 qua:
2701 4386 2791 4440 vel
2842 4384 3024 4438 serior
3078 4384 3389 4456 aequalium
3457 4388 3788 4438 nostrorum

2080 4479 2218 4529 retas
2275 4474 2446 4529 modo
2493 4473 2720 4545 assequi
2778 4489 2896 4527 non
2948 4472 3151 4544 possit,
3204 4472 3291 4527 vel
3361 4477 3785 4525 antecessorum

2079 4562 2436 4633 negligentia
2477 4579 2594 4617 non
2642 4560 2850 4632 attigit.
2902 4562 3109 4631 Utpote
3146 4560 3616 4616 decentissimum
3665 4561 3786 4614 fore

2082 4651 2437 4720 existimans,
2470 4656 2529 4705 nt
2575 4650 2705 4722 quis
2732 4666 2863 4704 cum
2904 4649 3064 4703 omni
3128 4648 3416 4721 probitate
3444 4665 3505 4702 se
3546 4648 3791 4720 discipu-

2078 4741 2199 4795 lum
2243 4740 2405 4811 prius
2480 4738 2766 4808 exhibeat,
2816 4754 2990 4809 quam
3067 4737 3315 4793 doctoris
3388 4738 3787 4792 auctoritatem

2076 4829 2230 4898 apud
2269 4829 2504 4898 vulgum
2531 4833 2743 4883 temere
2773 4831 3103 4899 praasumat.
3148 4828 3215 4881 Et
3252 4827 3311 4881 in
3341 4826 3546 4881 scholis
3588 4827 3787 4890 discat,

2079 4917 2235 4989 quod
2283 4933 2402 4972 sua:
2459 4916 2590 4971 ﬁdei
2659 4916 2993 4971 commissos
3049 4916 3266 4971 doceat.
3317 4916 3595 4987 Equidem
3643 4916 3790 4970 hanc

2078 5109 2553 5167 aultres'tibraires
2575 5116 2624 5167 et
2647 5113 3000 5181 Imprimeurs
3022 5111 3087 5166 de
3103 5128 3157 5166 ce
3180 5116 3402 5177 resscrt,
3425 5111 3629 5179 Icelluy
3654 5110 3793 5163 (iure

2078 5184 2383 5252 Imprimer,
2415 5182 2563 5249 faire
2584 5185 2864 5251 imprimer
2885 5199 2954 5238 ou
2981 5198 3209 5253 exposer
3262 5197 3327 5237 en
3374 5188 3546 5247 vente,
3584 5183 3787 5234 auttres

2078 5269 2182 5324 que
2224 5256 2380 5309 ecula:
2418 5270 2521 5324 que
2568 5254 2702 5309 (edit
2743 5256 3030 5324 supptiant
3076 5269 3217 5307 aura
3266 5255 3439 5319 faictz
3477 5254 3782 5319 Imprimer,

2076 5339 2206 5379 sons
2236 5340 2332 5379 son
2374 5324 2556 5380 adueu
2578 5331 2629 5380 et
2680 5330 3097 5390 comantement,
3149 5325 3442 5391 Iusquesa
3488 5324 3615 5391 cinq
3664 5337 3785 5386 ans,

2074 5410 2174 5451 sur
2206 5398 2364 5465 peine
2410 5396 2477 5451 de
2524 5399 2873 5465 conﬁscation
2929 5396 3113 5449 desdis
3168 5396 3355 5458 tiures,
3402 5398 3453 5448 et
3503 5393 3785 5447 d’amende

2078 5467 2394 5521 arbitraire.
2464 5469 2620 5522 Faict
2673 5483 2738 5521 en
2800 5468 3103 5522 Partement
3159 5468 3192 5518 ὰ
3242 5465 3408 5519 Paris
3466 5465 3513 5519 le
3563 5465 3781 5520 dernier

2077 5539 2214 5593 Iour
2237 5538 2303 5592 de
2335 5539 2621 5593 Decembre
2650 5538 2751 5593 Mil
2773 5542 2897 5605 cinq
2932 5552 3050 5591 cens
3078 5541 3349 5605 quarante
3377 5535 3533 5604 huyt.

2740 5610 3016 5662 Coitation
3045 5610 3124 5660 est
3155 5608 3355 5661 Faicte.

2751 5679 2934 5749 Ainsy
2957 5680 3109 5747 signe
3143 5678 3222 5733 Du
3253 5678 3471 5733 Tum.
