4200 6430
367 418 469 473 539

1455 419 1862 474 BUBCHARDI
1904 418 2058 474 WOB
2070 416 2435 474 HACIENSIS
2472 417 2791 474 EPISCOPI
3781 423 3882 475 540

362 545 520 596 tuam
596 539 959 611 petitionem,
995 541 1385 610 dilectionem,
1436 542 1630 608 frater,
1684 542 2058 614 justissimam
2090 545 2134 598 Δ
2175 545 2338 614 sequi
2403 560 2589 615 posse.
2657 544 2967 600 Perutilem
3010 546 3247 616 quidem
3291 547 3349 602 in
3398 547 3656 603 docenda
3686 549 3878 620 plebe,

358 629 630 699 judicavi,
661 645 881 700 proque
919 629 1028 684 isto
1074 635 1187 684 tam
1219 632 1312 700 pio
1342 630 1410 684 ad
1441 631 1690 684 divinam
1724 631 2064 700 religionem

362 718 589 786 affectu,
625 719 836 788 gratias
866 719 1143 772 maximas
1169 719 1373 785 habeo,
1421 735 1594 789 quem
1639 735 1740 789 pro
1800 721 2063 774 Ecclesiae

364 812 574 861 nostras
614 812 785 871 statu,
839 823 953 860 non
1001 808 1164 876 segni
1221 807 1602 860 sollicitudine
1640 808 1860 878 jugiter
1901 808 2065 862 desu-

364 897 500 950 dare
534 895 947 949 animadverto.
985 896 1190 948 Vernm
1232 895 1382 966 quod
1415 900 1573 948 tuam
1602 896 2062 951 exhortationem

365 984 506 1038 mihi
535 983 743 1054 saepius
774 983 1111 1037 inculcatam
1141 983 1341 1036 tandiu
1368 983 1583 1049 distuli,
1635 983 1901 1053 ignavice,
1943 989 2065 1038 tor-

365 1072 610 1143 porique
647 1088 777 1126 meo
810 1071 1046 1126 minime
1087 1071 1526 1127 adscribendum
1557 1073 1784 1141 putabis
1814 1089 1827 1127 :
1884 1072 2065 1144 siqui-

365 1161 495 1214 dem
531 1161 656 1214 duaa
689 1161 1220 1229 impediveruntme
1241 1175 1446 1224 causas,
1483 1161 1795 1230 quominus
1827 1160 1931 1214 tibi
1962 1177 2064 1232 pro

366 1254 466 1302 tuo
505 1249 786 1303 desiderio
808 1254 1072 1318 prompte
1105 1264 1322 1301 morem
1356 1249 1525 1319 gessi.
1549 1248 1803 1312 Quarum
1827 1250 2065 1304 alteram

359 1337 710 1391 inevitabiles
743 1336 997 1391 Ecclesiae
1039 1343 1246 1390 nostra;
1311 1337 1672 1391 necessitates
1727 1339 2063 1404 attulerunt,

364 1441 492 1498 quae
516 1425 768 1495 quotidie
789 1425 1068 1480 ﬂuctuum
1103 1441 1262 1478 more
1285 1424 1343 1478 in
1381 1442 1485 1478 nos
1513 1431 1840 1495 emergunt.
1874 1427 2065 1480 Altera

367 1532 434 1568 ex
475 1515 745 1585 gravibus
811 1513 1171 1568 saecularium
1227 1530 1416 1567 rerum
1469 1516 1620 1568 curis
1669 1516 1948 1580 oboritur,
1993 1516 2096 1569 ad'

369 1619 508 1674 quas
569 1603 757 1670 inviti,
807 1603 1108 1673 imperiam
1158 1604 1559 1657 mandatorum
1618 1620 1790 1658 onere
1843 1611 2062 1674 pertra-

367 1691 582 1757 himnr,
622 1709 750 1762 quae
780 1693 894 1746 duo
944 1708 1080 1746 sane
1121 1693 1381 1746 animum
1448 1708 1637 1746 meum
1684 1694 1754 1747 ad
1811 1694 2064 1748 cmlestia

366 1781 677 1834 enitentem
708 1781 1002 1835 altiuscule
1033 1797 1330 1851 assurgere
1362 1797 1476 1836 non
1513 1782 1876 1852 permittunt.
1920 1784 2061 1837 Nam

365 1870 504 1923 dum
559 1869 819 1939 pluribus
875 1871 1044 1924 rebus
1101 1870 1462 1942 inquietator
1491 1871 1740 1938 animus,
1776 1871 2062 1926 inﬁrmior

365 1963 467 2024 est,
499 1975 673 2030 quam
706 1965 767 2012 ut
823 1959 1163 2014 unicuilibet
1207 1976 1312 2030 par
1357 1977 1479 2014 esse
1513 1962 1704 2026 possit.
1761 1963 2064 2016 Nihilomi-

365 2062 474 2100 nus
499 2051 690 2102 tamen
723 2048 932 2103 sanctis
981 2049 1094 2102 tuis
1146 2049 1522 2119 petitionibus
1562 2050 1865 2104 obsecutus
1893 2067 2062 2121 syno-

366 2134 515 2188 dalia
543 2140 847 2207 praecepta,
885 2142 1191 2207 sanctaque
1236 2136 1513 2202 instituta,
1564 2142 1678 2192 tam
1725 2154 1793 2192 ex
1842 2145 2063 2192 sancto-

368 2239 494 2277 rum
542 2225 771 2278 Patrum
821 2225 1140 2291 sententiis,
1181 2241 1353 2295 qnam
1387 2242 1452 2279 ex
1501 2226 1787 2280 canonicis
1817 2227 2061 2297 scriptis,

365 2312 625 2382 adjutore
655 2313 790 2378 Deo,
843 2313 902 2367 in
929 2329 1105 2367 unum
1147 2315 1355 2368 fascem
1405 2330 1472 2367 ex
1531 2314 1885 2385 amplissimo
1928 2316 2064 2369 orbe

366 2401 590 2472 collegi.
622 2402 812 2471 anue
843 2408 906 2456 ut
943 2402 1124 2472 potui,
1158 2418 1275 2456 uno
1322 2403 1495 2456 veluti
1524 2419 1761 2472 corpore
1788 2419 2061 2466 connexa,

372 2488 574 2558 viginti
606 2489 767 2542 libris
815 2489 1066 2557 distinxi,
1099 2490 1176 2544 ita
1210 2497 1274 2544 ut
1309 2490 1569 2562 quisquis
1628 2507 1723 2543 eos
1761 2490 2067 2561 diligenter

370 2577 594 2648 legerit,
626 2578 874 2632 fructum
908 2595 1023 2632 non
1062 2581 1354 2650 vulgarem
1383 2581 1592 2633 sentiet
1638 2595 1696 2632 se
1718 2580 1874 2633 brevi
1922 2597 2064 2634 con-

1637 2712 1996 2721 ——————

2174 632 2408 686 ﬁrmum
2466 638 2658 687 autem
2703 640 2940 704 propter
2995 635 3421 705 Scripturarum
3453 639 3876 704 auctoritatem,

2174 721 2482 776 honestum
2533 727 2808 792 tanquam
2857 723 3043 776 studio
3091 729 3147 777 et
3176 725 3478 795 diligentia
3507 727 3873 797 acquisitum.

2177 811 2370 880 Neque
2401 811 2553 863 enim
2602 811 2910 864 sacerdotis
2955 828 3167 866 nomen
3223 819 3494 879 meretur,
3539 815 3660 885 qui,
3708 832 3881 886 quam

2173 899 2412 952 sollicite
2461 898 2851 967 Evangelicam
2896 900 3111 954 minam
3142 903 3387 972 expendi
3431 909 3659 972 oportet
3708 905 3879 973 igno-

2172 992 2281 1054 rat,
2342 991 2402 1040 ut
2447 1004 2626 1041 caecus
2683 1004 2832 1042 caeco
2909 988 3024 1042 dux
3073 1007 3194 1044 esse
3243 1007 3358 1044 non
3405 997 3611 1061 potest.
3669 993 3880 1056 Quam-

2173 1075 2372 1128 obrem
2407 1075 2558 1128 hunc
2589 1091 2782 1128 meum
2832 1076 3086 1130 laborem
3139 1094 3330 1144 nemo,
3390 1085 3452 1132 ut
3493 1080 3875 1133 collecticium

2172 1169 2528 1233 aspernetur.
2587 1164 2748 1217 Certe
2805 1165 2989 1235 coegit
3055 1182 3344 1221 sacrarum
3399 1167 3456 1221 in
3529 1168 3876 1222 immensum

2171 1251 2596 1322 Scripturarum
2646 1252 2853 1306 diﬁusa
2902 1253 3242 1321 amplitudo,
3290 1271 3515 1309 necnon
3549 1261 3877 1311 nostrorum

2173 1340 2546 1409 negligentia,
2586 1345 2638 1395 et
2686 1341 2908 1394 inscitia
2956 1342 3338 1409 sacerdotum,
3393 1343 3456 1397 in
3521 1344 3629 1398 hoc
3669 1361 3878 1415 genere

2173 1428 2474 1495 desudare,
2536 1429 2595 1482 in
2662 1446 2776 1499 quo
2834 1430 3104 1499 colligere
3165 1431 3397 1501 quidem
3461 1433 3679 1486 licitum
3744 1432 3874 1497 fuit,

2171 1532 2421 1570 canones
2471 1533 2602 1570 vero
2655 1518 2763 1571 soli
2823 1518 2960 1572 mihi
3023 1520 3245 1572 sanxire
3305 1520 3589 1575 illicitum.
3639 1522 3878 1585 Quantis

2174 1611 2364 1658 autem
2425 1605 2529 1658 hoc
2579 1606 2894 1671 laboribus,
2978 1613 3150 1677 atque
3202 1608 3412 1677 vigiliis
3487 1611 3874 1679 prmstiterim,

2176 1695 2322 1748 Deus
2355 1696 2477 1764 Opt.
2505 1695 2806 1763 judicabit,
2841 1711 3038 1765 quem,
3072 1697 3225 1766 quod
3278 1713 3382 1765 pro
3436 1703 3644 1751 nostrw
3693 1699 3877 1752 Eccle-

2172 1785 2270 1837 siae
2326 1784 2661 1837 necessitate
2719 1784 2972 1850 fecerim,
3027 1801 3139 1838 non
3188 1785 3339 1838 latet.
3389 1785 3576 1850 Quare
3625 1787 3797 1840 etiam
3831 1786 3880 1840 si

2171 1877 2380 1926 nostra:
2421 1872 2728 1942 provinciae
2761 1872 2970 1925 limites
3005 1889 3119 1926 non
3165 1873 3386 1937 exierit,
3449 1874 3592 1929 nihil
3641 1875 3879 1928 omnino

2172 1976 2324 2030 aegre
2359 1961 2627 2025 feremus,
2671 1962 2842 2015 modo
2890 1968 3214 2016 nostrorum
3262 1963 3657 2018 ministrorum
3692 1964 3877 2018 mani-

2171 2049 2275 2102 bus
2305 2056 2540 2103 teratur.
2598 2051 2771 2104 Porro
2821 2051 3165 2118 legentibus,
3217 2052 3390 2105 etiam
3437 2052 3492 2106 id
3539 2068 3876 2121 persuasum

2172 2155 2293 2192 esse
2337 2139 2624 2208 cupimus,
2671 2139 2816 2192 nihil
2863 2140 2932 2193 de
2982 2156 3110 2195 meo
3160 2140 3219 2193 in
3251 2141 3360 2194 hoc
3407 2156 3580 2210 opere
3619 2141 3877 2196 additum

2173 2242 2314 2288 esse,
2350 2227 2445 2280 sed
2479 2243 2545 2280 ex
2579 2227 2786 2280 divinis
2817 2227 3159 2281 testimoniis
3188 2229 3609 2298 Scripturarum
3651 2229 3879 2299 singula

2174 2330 2296 2370 esse
2352 2315 2642 2384 decerpta,
2687 2332 2753 2368 ea
2802 2333 2935 2369 sane
2967 2317 3097 2380 ﬁde,
3134 2322 3198 2370 ut
3245 2323 3581 2388 perpetuam
3635 2318 3880 2372 auctori-

2172 2409 2348 2458 tatem
2383 2404 2649 2458 hahitura
2679 2420 2791 2458 non
2833 2404 3109 2460 dubitem.
3149 2407 3221 2459 Ex
3249 2407 3456 2476 quibus
3506 2412 3694 2461 autem
3739 2407 3877 2460 scri-

2174 2493 2288 2564 ptis
2314 2494 2614 2562 selegerim
2675 2493 2813 2547 ordo
2854 2510 3100 2565 sequens
3155 2495 3370 2548 indicat
3427 2497 3576 2549 Bene
3625 2497 3767 2558 vale,
3822 2501 3880 2550 et

2176 2581 2532 2666 orationibus
2563 2597 2653 2634 me
2685 2582 2906 2648 adjuva.

629 2792 711 2846 EX
749 2792 1004 2856 QUIBUS
1046 2795 1243 2851 LOCIS
1279 2795 1660 2852 AUCTORUM
1701 2798 2014 2853 SCRIPTIS
2056 2801 2585 2854 ECCLESIASTICA
2627 2801 2780 2855 H.th
2821 2803 3134 2858 DECRETA
3173 2804 3624 2859 COLLEGERIT.

451 2923 520 2976 Ex
551 2922 878 2985 canonibus,
914 2923 1015 2994 qui
1047 2924 1266 2995 Corpus
1298 2942 1583 2980 canonum
1625 2934 1921 2982 vocantur.

449 3011 522 3064 Ex
551 3012 935 3081 apostolorum
976 3029 1212 3068 canone.

441 3100 521 3154 Ex
544 3101 940 3155 transmarinis
973 3103 1249 3157 conciliis.

445 3189 521 3242 Ex
559 3189 814 3242 conciliis
861 3191 923 3244 in
985 3192 1308 3258 Germania,
1359 3193 1559 3259 Gallia,
1603 3194 1890 3264 Hispania,
1922 3198 2067 3249 cele-

376 3276 569 3331 bratis.

446 3367 520 3420 Ex
559 3366 953 3422 Romanorum
981 3368 1322 3438 pontiﬁcum
1351 3369 1610 3424 decretis.

449 3455 524 3508 Ex
556 3455 895 3525 evangelicis
915 3457 1355 3528 apostolicisque
1389 3458 1713 3530 Scriptnris.

777 3606 930 3613 ..ι-Ψ

1221 3609 1464 3616 ψὴν-ἠ...

1475 3611 1736 3618 ψ’...-

1092 3715 1492 3801 INDEX
1570 3718 2410 3808 SINGULORUM
2494 3723 3159 3812 LIBROBUM

2250 2932 2324 2986 Ex
2361 2932 2544 2985 Veteri
2567 2932 2952 2986 Testamento.

2251 3021 2325 3072 Ex
2360 3020 2520 3073 libris
2545 3022 2720 3074 sancti
2751 3022 3029 3088 Gregorii.

2253 3109 2323 3162 Ex
2357 3109 2718 3178 Hieronymo,
2761 3111 3106 3180 Augustino,
3162 3111 3486 3178 Ambrosio,
3547 3111 3883 3177 Benedicto,

2182 3197 2386 3249 Basilio
2421 3197 2638 3266 Magno,
2675 3198 2915 3251 Isidoro.

2252 3286 2325 3338 Ex
2361 3286 2740 3340 Pcnnitentiali
2771 3288 3046 3341 Romano.

2249 3374 2321 3428 Ex
2360 3374 2744 3428 Poznitentiali
2782 3376 3086 3431 Theodori.

2249 3463 2322 3516 Ex
2354 3462 2735 3517 Pmnitentiali
2772 3465 2956 3518 Bedaa.

2539 3617 2768 3625 ——-———.

2769 3618 2982 3626 Ἢ

2983 3619 3334 3628 φ--ω-

1545 3889 1889 3934 BURCHABDI
1936 3892 2400 3938 WOBMACIENSIS
2447 3895 2711 3940 EPISCOPI

1329 3995 1573 4047 Breviter
1619 3996 1756 4066 quid
1812 4013 2022 4066 quoquo
2065 3999 2203 4053 libro
2260 4003 2564 4055 continetur
2621 4001 2922 4058 ostendens.

447 4234 671 4289 Primus
700 4236 843 4290 liber
863 4237 1116 4292 continet
1150 4238 1220 4293 de
1247 4243 1526 4310 potestate
1563 4247 1620 4296 et
1650 4241 1900 4313 primatu
1932 4260 2069 4315 apo-
2103 4248 2144 4303 C
2251 4248 2496 4312 Quartus
2535 4249 2680 4304 liber
2729 4248 2982 4303 continet
3039 4255 3461 4304 sacramentum
3495 4251 3888 4321 baptismatis,

379 4322 592 4377 stolicas
636 4324 804 4390 sedis,
837 4326 1316 4397 patriarcharum,
1362 4335 1817 4403 ceterorumque
1863 4332 2073 4403 prima-

380 4417 502 4465 tum
558 4414 1155 4483 metropolitanorum,
1216 4423 1274 4472 et
1322 4419 1392 4472 de
1441 4420 1657 4489 synodo
1711 4421 2072 4489 celebranda,

377 4505 435 4554 et
464 4501 759 4556 vocatione
784 4503 855 4557 ad
884 4505 1184 4575 synodum.
1223 4507 1302 4560 De
1341 4509 1632 4573 accusatis,
1685 4515 1741 4563 et
1787 4516 2076 4565 accusato-

378 4587 554 4654 ribus,
588 4591 644 4642 et
687 4591 944 4645 testibus.
983 4593 1059 4647 De
1110 4595 1440 4665 exspoliatis
1483 4596 1712 4667 injuste.
1757 4599 1834 4652 De
1857 4599 2074 4668 judici-

378 4675 503 4742 bus,
539 4692 602 4730 ac
631 4675 702 4731 de
729 4680 886 4732 omni
905 4680 1126 4735 honore
1164 4683 1533 4753 competenti,
1584 4701 1647 4739 ac
1685 4685 1982 4757 dignitate,
2020 4692 2076 4742 et

379 4762 603 4818 diverso
637 4766 869 4836 negotio
899 4773 956 4822 et
985 4770 1302 4825 ministerio
1328 4775 1752 4843 episcoporum.

448 4851 740 4907 Secundus
770 4854 916 4909 liber
967 4859 1223 4913 continet
1276 4860 1344 4914 de
1388 4863 1730 4931 congruenti
1769 4863 2070 4931 dignitate,

378 4942 436 4992 et
465 4939 686 4994 diversa
732 4941 1107 5010 institutione,
1141 4963 1205 5002 ac
1247 4948 1617 5016 nutrimento,
1665 4952 1749 5006 vel
1801 4953 2076 5023 qualitate

381 5028 534 5095 vitae,
575 5033 633 5083 et
682 5030 902 5086 diverso
948 5035 1200 5105 negotio,
1264 5043 1320 5090 et
1357 5037 1676 5093 ministerio
1715 5041 2076 5112 presbytero-

380 5133 509 5172 rum
541 5123 596 5172 et
621 5119 1018 5188 diaconorum,
1047 5140 1147 5178 seu
1192 5125 1549 5197 reliquorum
1592 5127 1858 5183 ordinum
1907 5129 2078 5183 eccle-

380 5206 760 5264 siasticorum.

448 5293 668 5349 Tertius
713 5295 858 5350 liber
894 5297 1152 5352 continet
1198 5299 1267 5354 de
1299 5300 1621 5354 divinarum
1660 5302 1957 5356 domorum
1989 5302 2077 5356 in-

380 5380 694 5450 stitutione,
724 5389 780 5438 et
816 5385 998 5454 cultu,
1029 5392 1088 5441 et
1125 5387 1361 5442 honore.
1398 5389 1478 5443 De
1506 5389 1742 5443 decimis
1769 5395 1826 5444 et
1841 5390 2082 5444 oblatio-

381 5468 550 5522 nibus
593 5477 649 5526 et
683 5472 925 5544 justitiis
979 5474 1361 5546 singulorum,
1412 5481 1470 5532 et
1521 5477 1619 5549 qui
1662 5478 1796 5533 libri
1827 5478 1888 5532 in
1919 5495 2078 5533 sacro

384 5557 638 5629 catalogo
670 5561 1040 5632 recipiantur,
1095 5565 1198 5636 qui
1228 5582 1358 5620 vero
1407 5567 1743 5638 apocryphi.
1769 5572 1826 5622 et
1854 5569 2083 5640 quando

389 5649 714 5715 apponendi
743 5651 878 5704 sint.

2181 4342 2237 4392 et
2279 4337 2661 4392 ministerium
2721 4338 3196 4409 baptizandorum
3247 4344 3303 4393 et
3361 4339 3803 4410 baptizatorum,
3832 4347 3891 4395 et

2180 4426 2700 4496 consignandorum
2732 4433 2788 4481 et
2821 4428 3309 4498 consignatorum.

2251 4532 2492 4596 Quintus
2524 4533 2667 4587 liber
2712 4535 2967 4588 continet
3013 4534 3083 4589 de
3131 4538 3486 4587 sacramento
3529 4535 3784 4605 corporis
3827 4540 3886 4588 et

2181 4620 2474 4690 sanguinis
2508 4621 2758 4688 Domini,
2792 4627 2848 4676 et
2878 4622 2948 4676 de
2997 4622 3366 4694 perceptione
3393 4627 3449 4676 et
3485 4622 3884 4678 observatione

2181 4724 2405 4763 eorum.

2253 4815 2456 4869 Sextus
2487 4814 2632 4869 liber
2659 4817 2910 4870 continet
2949 4816 3019 4871 de
3067 4816 3390 4871 homicidiis
3418 4822 3641 4886 sponte,
3679 4821 3735 4871 et
3767 4833 3886 4871 non

2181 4909 2382 4973 sponte
2419 4904 2738 4958 commissis
2769 4912 2826 4958 et
2863 4906 2932 4959 de
2973 4906 3315 4975 parricidiis,
3348 4910 3405 4959 et
3433 4906 3503 4959 de
3535 4905 3891 4969 fratricidiis,

2183 4997 2240 5045 et
2275 4993 2344 5046 de
2377 4991 2488 5045 illis
2536 4992 2637 5063 qui
2674 5009 2879 5046 uxores
2911 4993 3196 5064 legitimas
3235 4998 3292 5047 et
3348 4993 3600 5047 seniores
3637 5010 3771 5048 suos
3801 4993 3895 5048 in-

2183 5081 2469 5135 terﬁciunt
2505 5123 2518 5146 ,
2579 5087 2636 5135 et
2665 5082 2735 5136 de
2778 5084 3061 5137 occisione
3114 5081 3650 5145 ecclesiasticorum,
3706 5087 3764 5136 et
3819 5082 3896 5136 de

2184 5170 2605 5234 observatione,
2637 5176 2694 5223 et
2722 5173 2790 5225 de
2819 5171 3156 5241 paenitentia
3183 5172 3564 5241 singulorum.

2254 5286 2540 5356 Septimus
2593 5285 2737 5338 liber
2796 5287 3052 5340 continet
3112 5285 3182 5338 de
3247 5286 3463 5338 incesta
3526 5286 3899 5356 copulatione

2185 5373 2715 5445 consanguinitatis,
2747 5379 2803 5430 et
2831 5375 2888 5428 in
2931 5390 3046 5445 quo
3103 5374 3368 5445 geniculo
3413 5375 3608 5428 ﬁdeles
3646 5381 3705 5429 et
3758 5391 3899 5428 con-

2179 5463 2349 5534 jungi
2389 5469 2443 5516 et
2469 5463 2721 5534 separari
2776 5463 3022 5517 debeant
3055 5480 3068 5516 :
3101 5468 3158 5517 et
3204 5463 3273 5516 de
3303 5462 3678 5530 revocatione,
3721 5468 3779 5517 et
3825 5465 3901 5517 de

2190 5552 2530 5623 poenitentia
2559 5551 2942 5622 singulorum.

2262 5659 2501 5713 Octavus
2539 5657 2685 5713 liber
2715 5658 2968 5712 continet
2997 5657 3067 5711 de
3099 5655 3234 5711 viris
3263 5674 3327 5710 ac
3376 5656 3604 5711 feminis
3653 5657 3767 5710 Deo
3810 5657 3900 5710 di-
