4200 6380
379 413 480 467 541

1372 414 1845 472 DECRETORUM
1890 417 2071 472 LIBRI
2112 416 2218 470 XX.
2260 445 2327 453 —
2371 416 2579 470 LIBER
2622 417 2896 471 PRIMUS.

3766 419 3870 469 542

371 536 541 602 catis,
574 539 631 589 et
662 551 887 590 sacrum
925 536 1287 606 propositum
1319 538 1886 606 transgredientibus,
1913 543 1971 591 et
2000 537 2069 591 de
2099 540 2145 590 Α
2183 536 2252 589 de
2294 536 2668 606 principibus,
2718 541 2776 591 et
2821 536 2890 589 de
2920 536 3155 615 reliquis
3205 535 3385 602 laicis,
3418 540 3475 591 et
3504 538 3574 591 de
3619 538 3869 592 ministe-

373 623 761 689 revocatione,
788 628 844 677 et
873 623 943 677 de
975 624 1313 693 pmnitentia
1344 640 1565 678 eorum.

454 712 651 764 Nonus
702 711 844 765 liber
890 712 1150 765 continet
1193 712 1263 765 de
1296 712 1614 781 virginibus
1644 717 1701 765 et
1729 713 1914 766 viduis
1960 729 2072 766 non

378 800 603 863 velatis,
655 799 727 853 de
758 799 1083 867 raptoribus
1131 815 1350 863 earum,
1391 806 1449 853 et
1495 801 1565 853 de
1596 801 1954 870 separatione
1988 818 2077 853 eo-

378 903 533 953 rum,
570 887 640 940 de
670 887 1071 956 conjunctione
1102 887 1487 956 legitimorum
1533 888 1977 953 connubiorum,
2009 889 2076 942 de

381 975 737 1035 concubinis,
785 979 841 1029 et
871 974 940 1029 de
983 974 1455 1044 transgressione,
1489 982 1544 1030 et
1588 977 1926 1047 poenitentia
1962 977 2077 1030 sin-

383 1064 674 1132 gulorum.

462 1151 725 1205 Decimus
774 1151 922 1204 Iiber
970 1151 1223 1204 continet
1273 1152 1340 1205 de
1391 1151 1861 1219 incantatoribus,
1911 1157 1966 1206 et
2011 1153 2078 1206 de

385 1238 725 1307 auguribus.
756 1238 826 1291 de
872 1238 1103 1297 divinis.
1129 1239 1198 1291 de
1228 1240 1530 1308 sortilegis,
1570 1246 1626 1293 et
1654 1240 1721 1293 de
1752 1240 1921 1292 variis
1946 1240 2079 1293 illu-

387 1325 647 1379 sionibus
679 1326 911 1389 diaboli,
948 1332 1005 1379 et
1034 1326 1101 1380 de
1146 1327 1456 1392 maledicis,
1487 1333 1545 1380 et
1573 1328 1640 1381 de
1688 1328 2079 1393 contentiosis,

389 1420 446 1467 et
492 1414 562 1467 de
592 1413 1101 1482 conspiratoribus,
1148 1418 1203 1467 et
1233 1415 1302 1467 de
1335 1414 1669 1483 pasnitentia
1699 1416 2078 1485 singulorum.

468 1501 812 1555 Undecimus
856 1502 1001 1555 liber
1041 1502 1298 1555 continet
1334 1503 1402 1556 de
1439 1504 1995 1557 excommunicandis
2029 1509 2085 1557 et

390 1588 922 1649 excommunicatis,
977 1589 1045 1642 de
1078 1589 1316 1655 furibus,
1352 1595 1409 1643 et
1439 1590 1508 1643 de
1552 1591 1983 1659 praedatoribus,
2028 1596 2085 1644 et

389 1676 460 1729 de
511 1676 983 1746 praesumptione,
1019 1682 1076 1729 et
1118 1683 1472 1746 contemptu,
1508 1682 1563 1731 et
1601 1678 1975 1748 negligentia,
2029 1684 2086 1733 et

389 1762 875 1830 reconciliatione,
914 1770 971 1816 et
1002 1762 1338 1833 pmnitentia
1369 1780 1587 1816 eorum.

464 1850 846 1906 Duodecimus
877 1849 1021 1904 liber
1044 1849 1299 1903 continet
1324 1851 1394 1904 de
1423 1850 1701 1922 perjurio,
1733 1855 1789 1903 et
1818 1850 1886 1904 de
1916 1853 2086 1922 poeni-

389 1938 576 1991 tentia
604 1939 746 2007 ejus.

463 2026 688 2080 Tertius
734 2026 988 2080 decimus
1036 2026 1181 2079 liber
1226 2026 1481 2080 continet
1511 2026 1581 2080 de
1616 2026 1999 2093 veneratione,
2032 2032 2088 2080 et

391 2114 797 2168 observatione
826 2114 967 2167 sacri
989 2114 1213 2183 jejunii.

468 2201 714 2264 Quartus
738 2202 992 2256 decimus
1024 2202 1165 2255 liber
1188 2201 1445 2254 continet
1472 2201 1541 2255 de
1559 2202 1810 2272 crapula,
1835 2207 1890 2256 et
1914 2202 2091 2255 ebrie-

392 2294 535 2354 tate,
567 2296 627 2343 et
652 2290 721 2343 de
751 2290 1088 2359 pamitentia
1121 2306 1345 2343 eorum.

470 2377 718 2441 Quintus
747 2379 1003 2431 decimus
1033 2379 1176 2432 liber
1217 2378 1474 2432 continet
1504 2378 1571 2431 de
1627 2377 2086 2448 imperatoribus,

2182 624 2266 677 rio
2297 641 2511 678 eorum.

2253 713 2453 766 Sextus
2510 711 2765 765 decimus
2824 712 2967 765 liber
3013 712 3265 766 continet
3316 712 3384 765 de
3429 712 3865 777 accusatoribus,

2182 800 2250 853 de
2277 800 2586 869 judicibus,
2635 800 2704 853 de
2736 799 3152 864 defensoribus,
3186 801 3255 853 de
3305 800 3457 854 falsis
3503 800 3755 865 testibus,
3813 806 3870 854 et

2184 888 2253 941 de
2284 888 2617 957 pmuitentia
2651 888 3033 957 singulorum.

2211 1015 2214 1018 .
2256 977 2542 1046 Septimus
2592 976 2841 1029 decimus
2871 977 3018 1030 liber
3063 977 3313 1031 continet
3353 977 3421 1031 de
3467 976 3867 1041 fornicatione,

2187 1068 2244 1118 et
2286 1064 2497 1117 incestu
2533 1064 2739 1118 diversi
2790 1064 3035 1134 generis,
3084 1071 3140 1118 et
3182 1065 3251 1119 de
3282 1065 3618 1134 pamitentia
3662 1064 3869 1118 utrius-

2188 1168 2298 1221 que
2330 1169 2516 1218 sexus,
2559 1158 2613 1205 et
2644 1153 2879 1205 diversae
2909 1152 3107 1206 relatis.

2259 1240 2498 1294 Octavus
2546 1240 2797 1293 decimus
2843 1242 2986 1293 liber
3030 1241 3280 1294 continet
3319 1240 3387 1293 de
3439 1238 3775 1303 visitatione,
3818 1243 3875 1291 et

2190 1328 2546 1397 poenitentia,
2580 1335 2635 1381 et
2667 1329 3119 1382 reconciliatione
3147 1328 3525 1381 infirmorum.

2263 1417 2455 1470 Nonus
2485 1416 2738 1469 decimus
2785 1418 2945 1481 liber,
2979 1417 3079 1486 qui
3122 1418 3415 1471 Corrrctor
3457 1420 3711 1482 vocatur,
3740 1430 3875 1468 con—

2192 1505 2335 1557 tinet
2383 1506 2761 1558 correctiones
2812 1486 3117 1573 corporum
3165 1510 3219 1557 et
3266 1504 3588 1557 animarum
3640 1502 3872 1556 medici-

2195 1608 2315 1652 nas.
2349 1597 2404 1644 et
2434 1593 2598 1645 docet
2643 1608 3110 1663 unumquemque
3141 1592 3512 1655 sacerdotem,
3546 1589 3717 1643 etiam
3748 1590 3876 1643 sim-

2194 1680 2418 1749 plicem,
2452 1696 2564 1749 quo
2599 1682 2784 1743 modo,
2818 1680 2902 1732 vel
2938 1680 3183 1749 qualiter
3213 1679 3520 1748 unicuique
3552 1692 3877 1731 succurrere

2119 1807 2157 1860 Β
2198 1768 2399 1831 valeat,
2459 1767 2737 1831 ordinato,
2803 1767 2887 1821 vel
2945 1768 3066 1820 sine
3119 1766 3339 1833 ordine,
3392 1765 3650 1835 pauperi,
3696 1762 3875 1824 diviti,

2197 1871 2393 1924 puero,
2469 1855 2685 1924 juveni,
2756 1856 2898 1913 seni.
2955 1855 3261 1926 decrepito,
3317 1870 3476 1921 sano,
3525 1853 3775 1916 intirmo,
3818 1848 3877 1901 in

2196 1942 2353 1995 omni
2386 1949 2574 2007 aetate,
2609 1943 2665 1995 in
2700 1950 2944 2012 utroque
2969 1959 3126 1996 sexu.

2268 2030 2585 2098 Vigesimus
2634 2031 2779 2084 liber
2825 2030 3291 2100 Speculationum
3348 2032 3620 2081 vocatur:
3674 2040 3878 2094 specu-

2202 2120 2349 2170 latur
2391 2118 2543 2170 enim
2572 2118 2640 2171 de
2676 2117 3056 2187 providentia,
3090 2123 3145 2170 et
3173 2116 3242 2169 de
3272 2110 3772 2186 prmdestiuatione
3799 2108 3881 2161 di-

2201 2204 2352 2271 vina,
2383 2209 2439 2257 ct
2466 2204 2535 2258 de
2562 2205 2806 2258 adventu
2850 2203 3196 2269 Antichristi,
3227 2204 3296 2257 de
3335 2203 3455 2271 ejus
3487 2198 3776 2269 operibus,
3810 2196 3879 2249 de

2200 2292 2633 2355 resurrectione,
2684 2292 2753 2345 de
2785 2292 2876 2345 die
2901 2292 3126 2362 judicii,
3158 2291 3226 2345 de
3273 2287 3645 2344 infernalibus
3675 2283 3877 2354 prauis,

2206 2380 2275 2434 de
2304 2380 2570 2433 felicitate
2602 2386 2894 2450 perpetuae
2920 2382 3069 2435 vitae.

1534 2516 1739 2570 INDEX
1780 2517 2272 2573 CAPITULORUM
2312 2519 2496 2573 LIBRI
2539 2520 2754 2574 PRIMI.

392 2638 531 2692 CAP.
583 2638 623 2692 I.
682 2638 842 2702 Quod
898 2638 959 2692 in
1016 2641 1168 2693 Novo
1214 2642 1571 2693 Testamento
1626 2644 1757 2709 post
1804 2640 2092 2695 Christum

472 2725 787 2779 Dominum
842 2731 1103 2780 nostrum
1159 2742 1192 2780 a
1242 2728 1410 2780 Petro
1458 2728 1822 2780 sacerdotalis
1861 2726 2094 2796 coeperit

473 2813 637 2866 ordo.

392 2901 471 2954 II.
510 2902 587 2954 De
617 2900 918 2971 privilegio
950 2901 1114 2955 beato
1154 2903 1319 2955 Petro
1353 2901 1579 2955 Domini
1624 2902 1743 2955 vice
1772 2903 2093 2957 solummo-

474 2988 549 3042 do
582 2990 907 3055 commisso,
941 2994 997 3043 et
1020 2992 1089 3043 de
1135 2990 1473 3044 discretione
1500 2991 1811 3061 potestatis,
1841 3007 1967 3061 quae
1999 2992 2090 3044 in-

474 3081 563 3129 ter
588 3077 872 3146 apostolos
902 3077 1025 3130 fuit.

398 3164 503 3217 III.
542 3165 604 3218 Ut
634 3180 895 3218 summus
937 3165 1197 3218 sacerdos
1228 3181 1344 3219 non
1370 3170 1601 3219 vocetur
1632 3166 1921 3220 Romanus
1954 3182 2096 3236 pou-

475 3253 641 3317 tifex,
674 3253 773 3306 sed
803 3255 1005 3323 primas
1035 3252 1183 3307 sedis
1213 3253 1533 3327 episcopus.

398 3342 494 3395 IV.
530 3341 688 3404 Quod
722 3342 1027 3411 bipartitus
1056 3342 1131 3395 sit
1161 3342 1300 3395 ordo
1330 3342 1708 3396 sacerdotum.

402 3430 469 3483 V.
508 3430 576 3483 Ut
609 3445 724 3482 non
766 3430 914 3494 laici,
951 3446 1051 3483 nec
1090 3429 1325 3500 bigami,
1378 3446 1492 3483 non
1540 3429 1838 3484 viduarum
1889 3430 2095 3497 mariti,

478 3518 578 3570 sed
612 3518 1146 3585 irreprehensibiles
1178 3518 1514 3572 ordinentur
1539 3517 1813 3587 episcopi.

401 3605 493 3659 VI.
534 3605 602 3658 Ut
632 3604 771 3658 dum
817 3606 1117 3674 episcopus
1146 3604 1396 3675 eligitur,
1432 3604 1478 3657 si
1525 3604 1964 3658 contradictores
1994 3604 2096 3658 ha-

477 3693 636 3759 beat,
666 3693 922 3763 quinque
953 3692 1207 3763 episcopi
1237 3692 1595 3746 conveniant.

402 3784 526 3837 VII.
562 3781 743 3848 Quod,
778 3782 1106 3837 uolentibus
1141 3782 1360 3836 clericis
1390 3782 1479 3836 vel
1507 3781 1754 3852 populis,
1805 3797 1971 3835 nemo
2001 3781 2098 3835 de-

474 3871 612 3924 beat
636 3870 939 3940 episcopus
965 3869 1241 3925 ordinari.

2199 2642 2380 2695 XVIII.
2417 2642 2579 2705 Quod
2623 2657 2724 2709 per
2747 2641 2961 2712 gradus
3010 2640 3437 2704 ecclesiasticos,
3469 2636 3540 2691 ad
3582 2633 3881 2705 episcopa-

2270 2736 2361 2783 tus
2393 2730 2597 2783 debeat
2628 2730 2879 2783 ol‘ﬁcium
2908 2729 3209 2799 perveniri.

2196 2819 2326 2872 XIX.
2367 2820 2434 2871 Ut
2468 2819 2663 2871 Iaicam
2695 2818 3160 2870 communionem
3195 2832 3307 2871 non
3347 2812 3602 2883 accipiat,
3651 2808 3751 2881 qui
3782 2821 3884 2878 per

2270 2907 2640 2959 ambitionem
2671 2906 3057 2976 episcopatum
3087 2903 3387 2974 acceperit.

2200 2995 2299 3048 XX.
2330 2994 2491 3057 Quod
2541 2994 2837 3063 episcopus
2886 3010 3006 3046 esse
3054 3009 3165 3047 non
3218 2991 3417 3061 possit,
3463 2987 3564 3059 qui
3594 2984 3881 3039 nesciente

2277 3082 2715 3151 metropolitano
2742 3089 3100 3135 consecraIus
3127 3079 3313 3133 fuerit.

2207 3170 2336 3223 XXI.
2365 3171 2443 3224 Ne
2475 3169 2723 3240 episcopi
2756 3185 2856 3240 per
2888 3169 3269 3223 Simoniacam
3296 3163 3558 3220 haeresim
3588 3157 3885 3231 regiminis

2281 3258 2463 3311 locum
2498 3257 2809 3311 obtineant.

2136 3384 2145 3393 ρ
2207 3345 2360 3399 XXII.
2398 3346 2473 3399 De
2507 3345 2596 3399 bis
2643 3345 2743 3415 qui
2776 3344 2956 3414 pretio
3003 3359 3222 3398 sacram
3252 3338 3485 3396 mercati
3536 3342 3667 3392 sunt
3699 3332 3886 3405 digni-

2277 3438 2470 3487 tatem.

2206 3522 2387 3575 XXIII.
2419 3522 2494 3575 De
2522 3521 2722 3575 eadem
2757 3536 2834 3574 re.

2206 3607 2382 3664 XXIV.
2425 3608 2587 3674 Quod
2618 3624 2732 3662 non
2767 3612 3027 3677 oporteat
3055 3605 3444 3660 ordinationes
3491 3603 3887 3673 episcoporum

2279 3697 2377 3751 diu
2404 3696 2639 3751 differri.

2207 3786 2354 3841 XXV.
2392 3786 2467 3839 De
2512 3784 2965 3838 ordinationibus
2996 3782 3391 3853 episcoporum
3435 3778 3535 3832 diu
3563 3774 3892 3831 ditferendis

2280 3888 2536 3927 minime.

404 3959 552 4013 VIII.
611 3958 719 4022 Qui
776 3958 1028 4029 episcopi
1085 3962 1219 4012 sunt
1273 3957 1597 4024 ordinandi,
1651 3957 1805 4029 quod
1860 3957 2105 4012 debeant
2210 3963 2384 4016 XXVI.
2436 3960 2671 4026 Quando
2715 3959 2845 4032 quis
2889 3956 3379 4015 debeatavicinis
3421 3952 3727 4027 provincia:
3770 3949 3893 4020 epi-

476 4048 645 4117 prius
674 4046 1009 4101 examinari.

405 4137 496 4190 IX.
544 4137 613 4189 Ut
657 4134 913 4205 episcopi
961 4133 1392 4204 diligentissime
1440 4134 1757 4204 probentur
1796 4139 2102 4205 antequam

480 4224 842 4278 ordinentur.

406 4316 469 4368 X.
507 4313 669 4376 Quod
701 4313 914 4382 populo
964 4328 1079 4365 non
1124 4312 1292 4367 liceat
1320 4328 1421 4381 per
1450 4327 1508 4364 se
1538 4312 1892 4366 sacerdotum
1921 4313 2104 4367 facere

483 4403 779 4456 lectiones.

406 4492 501 4545 XI.
534 4490 701 4553 Quod
745 4505 865 4543 non
907 4488 1226 4543 habeantur
1274 4486 1546 4558 episcopi,
1593 4504 1734 4558 quos
1782 4504 1886 4542 nec
1924 4490 2108 4543 clerus

484 4593 594 4631 nec
643 4577 892 4647 papulus
934 4577 1125 4647 elegit,
1176 4592 1278 4629 nec
1324 4575 1828 4645 comprovinciales
1859 4576 2109 4647 episcopi

486 4669 915 4718 consecrarunt.

406 4752 530 4807 XII.
563 4750 728 4813 Quod
782 4751 968 4803 nullus
1010 4748 1263 4840 or'dinari
1295 4749 1593 4820 episcopus
1641 4750 1864 4817 debeat,
1898 4749 2007 4804 nisi
2041 4767 2107 4803 ex

487 4838 892 4893 conventione.

402 4928 559 4983 XIII.
596 4928 673 4981 De
704 4927 816 4981 illis
860 4926 959 4996 qui
990 4925 1279 4996 accipiunt
1308 4925 1586 4996 regimina
1629 4926 2017 4993 Ecclesiarum,
2050 4932 2107 4981 et

480 5022 721 5069 cunctos
750 5016 901 5069 fastu
932 5015 1215 5085 superbia:
1244 5014 1679 5084 parvipendunt.

398 5106 539 5160 XIV.
578 5105 657 5157 De
686 5105 797 5157 illis
824 5102 1106 5174 episcopis
1135 5104 1234 5172 qui
1266 5103 1559 5172 superbire
1589 5102 1889 5172 incipiunt.

396 5194 511 5249 XV.
549 5192 713 5256 Quod
764 5191 1156 5245 ordinationes
1206 5191 1603 5260 episcoporum
1650 5190 1959 5259 apostolica
2001 5206 2104 5243 au-

475 5280 740 5334 ctoritate
814 5296 845 5333 a
909 5279 1127 5334 cunctis
1186 5278 1755 5350 comprovincialibus
1814 5277 1938 5331 ﬁeri
2004 5277 2103 5332 de-

472 5368 674 5422 beant.

394 5458 536 5514 XVI.
574 5458 654 5511 Ne
704 5455 885 5511 laicus
914 5454 1014 5509 ﬁat
1042 5454 1339 5525 episcopus
1384 5458 1512 5509 ante
1549 5453 1779 5524 triginta
1813 5469 2014 5520 annos,
2047 5459 2104 5508 et

473 5550 607 5600 ante
638 5544 778 5599 anni
808 5543 1256 5597 conversionem.
1768 5546 1771 5551 '

394 5636 560 5691 XVII.
599 5635 677 5688 De
703 5632 865 5687 laicis
894 5647 1010 5685 non
1043 5636 1257 5685 temere
1285 5629 1574 5685 faciendos
1605 5629 1919 5699 episcopos.

2283 4049 2468 4119 scopis
2496 4048 2768 4103 ordinari.

2210 4138 2413 4192 XXVII.
2479 4138 2543 4191 Ut
2609 4135 2904 4207 episcopus
2969 4150 3086 4187 non
3124 4136 3486 4187 consecretur
3537 4129 3657 4183 sine
3713 4127 3894 4181 tribus

2284 4225 2585 4294 episcopis.

2212 4314 2435 4368 XXVIII.
2476 4313 2543 4367 Ut
2583 4311 2882 4381 episcopus
2914 4326 3029 4363 non
3078 4308 3268 4362 minus
3316 4323 3488 4378 quam
3522 4323 3554 4359 a
3583 4304 3763 4359 tribus
3797 4319 3895 4357 or-

2291 4401 2540 4465 dinetur,
2570 4405 2639 4462 et.
2674 4400 2719 4453 si
2749 4400 2869 4453 ﬁeri
2901 4398 3093 4469 possit,
3126 4396 3584 4465 archiepiscopus
3616 4392 3685 4446 ab
3719 4391 3898 4445 omni-

2288 4489 2396 4542 bus
2422 4486 3011 4557 comprOvincialibus.

2217 4577 2390 4631 XXIX.
2449 4577 2525 4630 De
2576 4575 2840 4644 episcopo
2895 4573 2995 4643 qui
3046 4572 3222 4626 alium
3276 4569 3395 4623 sine
3452 4585 3553 4623 sua
3609 4568 3896 4621 voluntate

2288 4663 2615 4733 episcopum
2651 4661 3030 4715 ordinaverat.

2217 4770 2342 4823 XXX
2396 4770 2470 4822 De
2518 4768 2830 4837 abjectione
2862 4766 3003 4836 ejus,
3050 4780 3222 4835 quem
3271 4764 3382 4819 duo
3429 4760 3898 4834 praesumpserint

2287 4856 2550 4909 ordinare
2580 4853 2850 4925 episcopi.

2213 4963 2381 5017 XXXI.
2419 4962 2495 5015 De
2524 4978 2633 5015 non
2679 4958 3012 5014 ordinandis
3043 4958 3323 5029 episcopis
3369 4975 3472 5030 per
3506 4958 3652 5012 vicos
3683 4960 3739 5011 et
3783 4972 3898 5009 mo—

2286 5050 2436 5104 dicas
2462 5050 2733 5104 civitates.

2214 5154 2413 5208 XXXII.
2452 5154 2526 5206 De
2557 5153 2754 5206 eadem
2782 5168 2864 5205 re.

2215 5260 2441 5315 XXXIII.
2479 5261 2556 5314 De
2608 5260 2845 5313 Waniba
2888 5275 3021 5329 rege
3062 5258 3372 5322 Gallorum,
3416 5254 3516 5325 qui
3563 5257 3761 5308 contra
3791 5253 3894 5307 Ca-

2286 5364 2464 5402 nones
2524 5348 2585 5402 in
2647 5348 2893 5418 quadam
2962 5347 3155 5400 villula
3214 5345 3604 5415 episcopatum
3664 5342 3897 5407 fecerat,

2284 5436 2577 5508 quomodo
2606 5436 2967 5490 annullatum
2992 5440 3092 5488 est.

2213 5543 2428 5596 XXXIV.
2478 5543 2546 5595 Ut
2577 5542 2735 5611 plebs
2780 5557 2907 5609 qua:
2954 5554 3250 5608 nunquam
3298 5537 3498 5591 habuit
3535 5536 3885 5608 episcopum,

2284 5630 2392 5683 nisi
2424 5646 2488 5683 ex
2522 5644 2801 5683 consensu
2840 5643 2956 5681 non
2986 5627 3209 5680 habeat.
