3950 6410
203 412 305 466 543
1285 411 1689 466 BUBCHARDI
1731 410 2265 467 WORMACIENSIS
2304 409 2637 466 EPISCOPI.
3612 410 3721 464 544

203 532 396 587 ΧΧΧν.
433 531 502 587 Ut
541 546 912 604 nequaquam
953 529 1017 585 in
1055 531 1201 586 duos
1247 531 1726 604 metropolitanos
1764 548 1901 602 pro-
1931 535 1978 588 Δ
2085 531 2654 605 comprovincialium
2694 530 3096 604 episcoporum
3143 531 3454 602 praesentia
3491 531 3719 604 aliquo-

276 621 461 675 vincia
491 620 802 675 dividatur.
2086 638 2214 676 rum
2249 622 2446 676 audiat
2473 637 2688 675 causas.

204 710 427 766 XXXVI.
482 710 561 764 De
607 709 720 764 illis
766 707 1050 780 episcopis
1091 708 1192 780 qui
1234 723 1351 764 non
1397 713 1531 763 sunt
1575 705 1788 779 recepti
1834 707 1906 762 ab
2016 709 2188 765 LXVI.
2227 711 2296 764 Ut
2343 710 2537 763 nullus
2585 709 2802 780 primas
2833 709 2920 763 vel
2968 708 3450 779 metropolitanus
3498 707 3718 779 aliquid

274 798 408 863 illis,
441 797 511 855 ad
542 814 687 870 quos
717 803 852 852 sunt
881 798 1155 864 ordinati,
1187 797 1274 851 vel
1304 796 1677 852 denominati.
2087 803 2220 870 agat
2245 799 2316 853 de
2358 797 2642 864 Ecclesiis,
2675 799 2760 852 vel
2803 797 3093 866 parochiis
3141 797 3721 868 comprovincialium

201 886 452 942 XXXVII.
488 886 567 940 De
597 886 866 957 episcopo
897 886 996 957 qui
1043 885 1371 954 Ecclesium,
1404 885 1472 939 ad
1521 901 1694 956 quam
1747 884 1906 938 ordi-
2087 887 2492 958 episcoporum
2539 892 2599 940 et
2645 885 2716 940 de
2769 886 3026 957 ipsorum
3083 884 3292 951 causis,
3342 885 3466 940 sine
3514 901 3721 940 eorum

277 979 445 1029 natus
475 979 582 1041 est,
619 974 780 1030 adire
811 974 1154 1046 neglexerit.
2087 975 2326 1030 consilio
2365 975 2648 1036 omnium.
2700 978 2758 1028 et
2802 990 2908 1028 nec
2955 973 3066 1045 ipsi
3110 973 3327 1044 aliquid
3379 979 3552 1045 agant
3594 973 3721 1027 sine

203 1063 476 1117 XXXVIII.
530 1063 608 1116 De
654 1064 920 1134 episcopo
975 1062 1076 1133 qui
1124 1077 1242 1117 non
1289 1061 1606 1132 susceperit
1651 1061 1907 1117 ofﬁcium
2087 1064 2210 1135 ejus
2255 1063 2515 1124 consilio,
2563 1061 2673 1115 nisi
2716 1067 3001 1133 quantum
3045 1061 3118 1116 ad
3165 1061 3428 1133 praprias
3471 1060 3724 1133 pertinet

277 1150 386 1204 sibi
420 1151 814 1205 commissum.
2087 1151 2406 1223 parochias.

205 1238 422 1292 XXXIX.
466 1238 545 1291 De
593 1236 858 1308 episcopo
900 1240 1157 1304 vacante,
1199 1235 1299 1308 qui
1334 1236 1642 1291 Ecclesium
1702 1253 1906 1291 vacan-
2018 1241 2218 1295 LXVII.
2252 1243 2328 1296 De
2358 1240 2726 1295 contentione
2755 1240 3063 1311 parochias.

278 1329 394 1379 tem
425 1325 719 1379 invaserit.
2023 1331 2248 1385 LXVIII.
2286 1331 2353 1384 Ut
2382 1329 2637 1400 episcopi
2663 1329 2764 1400 qui
2810 1330 3117 1400 negligunt
3146 1329 3272 1383 loca
3299 1345 3422 1390 sua.
3455 1345 3488 1382 a
3519 1327 3723 1383 vicinis

206 1414 312 1470 XL.
363 1414 442 1468 De
494 1413 764 1485 episcOpo
824 1414 926 1485 qui
970 1424 1057 1469 est
1104 1413 1404 1468 ordinatus
1457 1413 1531 1468 ad
1578 1413 1910 1480 Ecclesiam,
2091 1419 2376 1489 episcopis
2404 1423 2469 1472 ut
2497 1434 2555 1472 se
2576 1418 2887 1487 corrigant,
2921 1419 3358 1473 admoneantur.

281 1507 337 1554 et
368 1517 482 1554 non
513 1507 599 1555 est
626 1507 908 1573 receptus.
2021 1507 2191 1562 LXIX.
2249 1508 2326 1561 De
2375 1507 2599 1561 duobus
2645 1506 2928 1578 episcopis
2979 1507 3392 1561 altercantibus
3434 1506 3505 1560 de
3551 1520 3722 1576 paro-

206 1592 339 1647 XLI.
378 1593 452 1646 De
485 1591 574 1646 bis
624 1592 725 1663 qui
773 1597 1188 1663 promoventur
1228 1593 1301 1648 ad
1343 1592 1760 1666 episcopatum,
1809 1609 1914 1648 nec
2092 1595 2218 1650 chia
2244 1595 2537 1664 cujusdam
2570 1595 2840 1649 basilicae.

279 1679 660 1750 recipiuntur.
2024 1686 2176 1742 LXX.
2237 1686 2314 1740 De
2374 1684 2659 1756 episcopis
2720 1684 2822 1756 qui
2885 1683 3241 1738 contendunt
3301 1683 3370 1738 de
3433 1681 3728 1754 parocbiis

209 1768 369 1824 XLII.
423 1769 582 1865 Quod
632 1768 944 1865 auctoritas
983 1770 1519 1842 congregandarum
1560 1770 1910 1841 synodorum
1945 1810 1986 1865 Β
2094 1773 2234 1828 suis.

281 1857 612 1927 apostolicae
638 1857 757 1912 sedi
788 1858 1094 1912 commissa
1124 1859 1216 1913 sit.
1945 1853 1986 1865 ”
2025 1862 2196 1917 LXXI.
2234 1862 2302 1916 Ut
2327 1861 2388 1914 in
2420 1862 2598 1914 altera
2647 1859 2920 1931 parochia
2964 1853 3202 1914 clericos
3231 1859 3466 1915 alterius
3512 1859 3725 1915 dicece-

209 1946 395 2002 XLIII.
431 1945 592 2010 Quod
626 1945 746 2000 bini
784 1950 1102 2000 conventus
1145 1945 1496 2018 episcopales
1540 1946 1782 2017 singulis
1810 1961 1911 2001 an-
2095 1951 2171 2003 sis
2201 1950 2503 2021 episcopus
2536 1949 2862 2002 nullatenus
2887 1948 3132 2002 ordinet.

283 2035 374 2088 nis
404 2033 528 2088 ﬁeri
558 2033 825 2089 debeant.
2025 2039 2220 2094 LXXII.
2273 2040 2341 2093 Ut
2395 2038 2554 2092 nullo
2613 2037 2784 2091 modo
2831 2037 2901 2092 de
2945 2052 3061 2090 una
3107 2035 3375 2107 parochia
3425 2035 3497 2090 ad
3551 2035 3728 2090 aliam

208 2123 389 2177 XLIV.
428 2122 503 2176 De
534 2121 790 2193 synodis,
821 2137 936 2191 quo
967 2125 1230 2192 tempore
1259 2122 1371 2176 sint
1398 2122 1697 2178 habenda.
2097 2127 2376 2197 episcopis
2402 2130 2675 2180 transeat.

212 2211 364 2266 XLV.
405 2211 482 2265 De
515 2210 732 2281 synodo
761 2211 1189 2280 congreganda.
2029 2216 2256 2270 LXXIII.
2289 2216 2363 2269 De
2393 2213 2846 2284 praesumptione
2877 2212 3080 2268 alienas.
3111 2211 3370 2267 dioecesis

213 2301 389 2354 XLVI.
442 2300 520 2353 De
580 2297 1012 2368 archiepiscopo
1067 2297 1167 2369 qui
1232 2302 1494 2369 tempore
1561 2299 1714 2370 pacis
1765 2299 1916 2354 ultra
2027 2305 2244 2360 LXXIV.
2279 2305 2358 2358 Ne
2389 2303 2712 2374 episcopus,
2755 2318 2858 2356 sua
2899 2301 3124 2356 civitate
3153 2301 3438 2372 despecta,
3475 2299 3732 2355 ambitus

287 2387 589 2443 biennium
620 2387 904 2458 synodum
934 2386 1278 2441 annuntiare
1310 2389 1646 2459 neglexerit.
2097 2409 2268 2448 causa
2291 2393 2362 2447 ad
2395 2391 2565 2446 aliam
2598 2395 2869 2444 transeat.

216 2476 420 2532 XLVII.
454 2476 533 2529 De
581 2474 866 2545 episcopis
895 2474 969 2529 ad
1013 2475 1296 2545 synodum
1347 2477 1580 2544 vocatis,
1613 2481 1677 2531 ut
1719 2477 1915 2531 venire
2029 2481 2220 2536 LXXV.
2287 2481 2357 2534 Ut
2422 2479 2492 2532 ab
2557 2479 2842 2549 episcopis
2887 2477 3094 2546 {aliena
3150 2475 3426 2547 parochia
3481 2475 3730 2531 minime

287 2579 403 2618 non
429 2568 824 2617 contemnant.
2099 2569 2464 2640 pervadatur.
2666 2577 2678 2584 '
3223 2564 3231 2571 ’

212 2651 448 2707 XLVIII.
498 2651 705 2715 Quales
743 2650 997 2721 epistolas
1023 2666 1056 2703 a
1091 2650 1529 2721 metropolitano
1575 2649 1690 2706 sint
1727 2649 1915 2707 fratri-
2029 2659 2250 2713 LXXVI,
2289 2659 2362 2711 De
2393 2656 2596 2710 eadem
2629 2671 2714 2711 re.

286 2739 393 2793 bus
423 2738 762 2809 dirigenda.
2031 2747 2272 2801 LXXVII.
2302 2746 2376 2800 De
2403 2744 2722 2798 mutatione
2753 2742 3176 2814 episcoporum.

219 2827 394 2883 XLIX.
427 2827 504 2880 De
533 2827 734 2880 eadem
766 2841 847 2880 re.
2028 2835 2300 2890 LXXVIII.
2336 2835 2413 2888 De
2445 2833 2645 2887 eadem
2669 2848 2750 2886 re.

217 2917 272 2970 L.
311 2916 386 2969 De
419 2915 686 2985 episcopo
717 2913 817 2984 qui
847 2914 1064 2984 synodo
1094 2913 1290 2969 adesse
1320 2914 1651 2985 neglexerit.
2031 2925 2248 2978 Lxx1x,
2285 2925 2360 2979 De
2391 2922 2588 2976 eadem
2621 2937 2700 2975 re.

220 3006 305 3062 LI.
341 3007 418 3060 De
461 3003 730 3075 episcopo
778 3003 881 3075 qui
919 3019 1024 3074 per
1071 3003 1474 3075 aegritudinem
1522 3004 1592 3059 ad
1630 3004 1918 3076 synodum
2031 3012 2219 3066 LXXX.
2257 3013 2334 3066 De
2366 3011 2636 3080 episcopo
2687 3009 2786 3080 qui
2817 3008 2874 3062 in
2906 3022 3010 3061 sua
3051 3006 3226 3061 fuerit
3255 3009 3585 3078 persecutus
3632 3006 3734 3060 Ec-

289 3109 405 3148 non
433 3091 674 3147 venerit.
1952 3085 1993 3139 Ο
2101 3099 2291 3166 clesia,
2326 3100 2483 3170 quod
2518 3098 2586 3151 ad
2611 3097 2784 3150 aliam
2815 3095 2869 3150 ci
2899 3095 2971 3148 sit
2996 3094 3359 3165 fugiendum.

220 3183 334 3238 LII.
375 3183 450 3236 De
481 3179 765 3252 episcopis
803 3179 874 3235 ad
909 3180 1195 3251 synodum
1226 3181 1456 3248 vocatis,
1503 3185 1562 3236 et
1601 3181 1818 3250 venire,
1863 3187 1921 3236 et
2032 3188 2246 3243 LXXXI.
2318 3189 2395 3242 De
2458 3186 2726 3257 episcopo
2803 3184 2902 3256 qui
2966 3183 3342 3256 principalem
3400 3181 3735 3236 cathedram

291 3271 494 3324 missos
524 3285 654 3324 suos
680 3268 908 3323 mittere
941 3269 1410 3339 dedignantibus.
2101 3293 2220 3331 suae
2251 3275 2511 3331 Ecclesiae
2541 3273 2802 3344 negligit.

222 3359 361 3414 LIII.
414 3357 735 3412 Concilium
779 3356 1096 3412 universale
1130 3373 1250 3412 non
1305 3357 1416 3412 nisi
1465 3357 1798 3412 necessitate
1844 3357 1922 3412 fa—
2036 3365 2275 3420 LXXXII.
2319 3365 2399 3418 De
2450 3363 2730 3433 episcopis
2777 3361 2878 3433 qui
2925 3361 3085 3414 sedes
3133 3375 3263 3414 suas
3313 3358 3637 3430 negligunt,
3679 3363 3740 3412 et

295 3446 584 3502 Ciendum-
2106 3455 2164 3508 in
2195 3452 2655 3525 possessionibus
2684 3450 2804 3505 suis
2831 3451 3002 3519 longe
3032 3448 3235 3520 positis
3279 3449 3379 3503 diu
3411 3452 3735 3502 morantur.

224 3536 356 3591 LIV.
393 3537 464 3591 Ut
502 3533 756 3606 episcopi
805 3533 1150 3604 posteriores
1197 3549 1256 3590 se
1301 3534 1591 3606 prioribus
1641 3534 1761 3590 suis
1805 3551 1923 3590 non
2036 3543 2304 3599 LXXXIII.
2360 3543 2437 3596 De
2469 3540 2766 3612 episcopis,
2799 3543 2866 3593 ut
2913 3537 3156 3608 singulis
3203 3537 3369 3590 annis
3397 3536 3740 3606 parochiam

295 3625 622 3696 praeferant.
2107 3648 2270 3687 suam
2300 3630 2610 3685 circueant.

225 3717 329 3770 LV.
367 3715 434 3769 Ut
466 3712 717 3785 episcopi
763 3712 852 3767 sui
883 3711 1104 3767 ordinis
1149 3715 1376 3784 tempus
1409 3713 1733 3781 observent,
1780 3714 1926 3770 alter
2039 3720 2300 3778 LXXXIV.
2358 3721 2434 3774 De
2477 3717 2761 3789 episcopis
2817 3715 2917 3787 qui
2969 3730 3099 3769 raro
3148 3718 3246 3768 aut
3291 3728 3592 3785 nunquam
3631 3727 3742 3783 per

297 3803 462 3859 alteri
491 3803 774 3858 honorﬁm
806 3801 1086 3874 prebet“.
2107 3809 2324 3880 seipsos
2343 3807 2539 3878 plebes
2567 3806 2677 3860 sibi
2707 3803 3040 3860 commissas
3067 3802 3316 3856 visitant.

227 3910 358 3964 LVI.
391 3910 468 3963 De
499 3908 900 3978 episcoporum
948 3906 1171 3976 ordine,
1210 3909 1277 3960 ut
1305 3905 1406 3977 qui
1450 3902 1740 3977 posterius
1769 3907 1924 3964 ordi-
2036 3898 2270 3952 LXXXV.
2320 3897 2390 3951 Ut
2418 3894 2673 3966 episcopi
2707 3893 3067 3964 presbyteros
3116 3907 3249 3945 suos
3279 3891 3349 3945 de
3399 3889 3740 3943 ministeriis

295 3997 414 4053 nati
447 4001 600 4061 sunt,
625 3996 917 4067 prioribus
942 4011 1000 4050 se
1024 4011 1138 4050 non
1165 3996 1414 4051 audeant
1441 3996 1745 4050 anteferre.
2109 3987 2342 4040 illorum
2371 3984 2679 4074 diligenter
2711 3981 3038 4038 discutiant.
3121 4067 3133 4074 .
3577 4065 3591 4074 -
3623 4064 3632 4074 .

228 4097 388 4154 LVII.
444 4097 520 4150 De
568 4065 740 4148 rebus
805 4094 993 4148 dubiis
1072 4093 1132 4147 in
1198 4092 1455 4148 conciliis
1521 4093 1753 4166 episcop

2114 4075 2300 4130 iXXVI.
2353 4074 2424 4128 Ut
2462 4073 2764 4144 episcopus
2805 4085 2934 4125 cum
2967 4067 3165 4141 paucis
3194 4082 3356 4122 suam
3403 4065 3739 4138 parochiam

299 4180 744 4250 emergentibus.
1560 4163 1571 4164 ί
1719 4163 1736 4166 ⁷
2109 4163 2437 4250 circumeat.

234 4277 412 4332 LVIII.
460 4243 540 4332 Ut
587 4275 839 4349 episcopi
885 4275 945 4330 iu
1005 4275 1225 4347 synodo
1283 4276 1618 4345 residentes,
1679 4295 1810 4351 qua:
1856 4281 1929 4336 ad
2040 4249 2421 4351 Ῑλχχξνηςιδί
2450 4246 3134 4351 ἐρίεοοριξεεῐξετοοξξίεω
3165 4243 3603 4351 εξοξξηῌξξξξξετθ
3634 4257 3742 4296 ηε·

303 4332 797 4422 εξιῑιθιιάιιιὶίίιππι]⁸
830 4371 958 4420 vlta:
1023 4332 1350 4438 pertineant
1414 4332 1753 4440 primum

2114 4338 2378 4410 quiverit,
2409 4337 2563 4392 viros
2596 4335 2908 4408 probabilis
2942 4335 3070 4390 vitae
3099 4349 3207 4405 pro
3235 4349 3295 4387 se
3325 4332 3533 4388 mittat.

301 4455 458 4510 dent.
1023 4424 1044 4438 ⁸
1414 4424 1434 4440 ⁸
1969 4424 1980 4425 ί
2041 4427 2356 4486 LXXXVIII.
2420 4426 2658 4490 Qualem
2719 4424 3047 4479 ministrum
3112 4424 3417 4493 episcopus
3462 4424 3628 4490 juxta
3682 4435 3745 4473 se

2110 4517 2321 4572 habere
2353 4515 2574 4570 debeat.

2043 4606 2300 4662 LXXXIX.
2353 4605 2431 4659 De
2480 4603 2768 4675 episcopo,
2817 4617 2891 4657 ne
2936 4600 3147 4656 laicum
3207 4602 3386 4670 ponat
3446 4596 3554 4651 sibi
3598 4594 3747 4650 vica-

2016 4741 2025 4751 .
2112 4710 2285 4749 rium.

2041 4782 2143 4838 XC.
2188 4783 2258 4836 Ut
2304 4780 2366 4835 in
2413 4779 2748 4835 circuitione
2801 4777 3080 4848 episcopi,
3131 4790 3333 4830 omnes
3371 4772 3472 4845 qui
3511 4776 3644 4826 sunt
3684 4772 3746 4826 in

2114 4867 2383 4940 parochia
2428 4868 2791 4938 singularum
2839 4865 3218 4920 Ecclesiarum
3275 4862 3601 4928 matricum,
3653 4877 3749 4914 ex-

233 4553 358 4610 LIX.
409 4555 485 4609 De
531 4553 978 4624 metropolitano
1027 4551 1073 4606 si
1121 4553 1663 4624 comprovincialem
1711 4555 1932 4628 episco-

301 4658 443 4714 pum
474 4642 533 4696 in
565 4658 669 4696 sua
695 4657 865 4696 causa
892 4641 1093 4696 audire
1126 4641 1432 4697 distulerit.

234 4740 335 4794 LX.
371 4740 437 4794 Ut
468 4738 718 4810 episc0pi
743 4739 897 4809 justa
915 4737 1134 4808 judicia
1162 4754 1388 4811 semper
1416 4739 1753 4811 dijudicent.

237 4839 364 4894 LXI.
413 4838 482 4892 Ut
531 4853 816 4891 canonum
873 4841 1083 4890 statuta
1133 4836 1201 4890 ab
1248 4837 1516 4892 omnibus
1572 4838 1682 4893 rite
1737 4844 1933 4894 custo-

303 4925 556 5028 diantur,
596 4930 653 4979 et
683 4925 874 4978 nullus
903 4941 970 4978 ea
1017 4941 1121 4979 suo
1153 4941 1324 4980 sensu
1354 4925 1668 4997 dijudicare
1717 4944 1936 4998 praesu-
2113 4925 2585 5028 Leptisinﬁrmg,
2613 4955 2681 5009 ad
2713 4955 2994 5024 synodum
3024 4953 3148 5024 ejus
3177 4951 3373 5005 venire
3408 4925 3671 5005 debeam.

306 5017 468 5119 Eat;
565 5110 598 5119 ,,
670 5109 720 5119 ,,
1057 5110 1066 5119 ,
1220 5110 1230 5119 _
2042 5017 2200 5102 XCI:
2231 5043 2540 5100 Decretalis
2572 5017 2924 5097 constitutio
2982 5017 3322 5112 Euvtycbiani
3369 5054 3554 5110 papae,
3605 5037 3746 5108 quid

236 5112 394 5168 [ιΧῙῙο
433 5112 512 5166 Πθ
545 5109 955 5166 άίθδίάθηιίδυδ
980 5110 1286 5182 εΡίεοορίθο
2116 5133 2374 5206 episcopi
2401 5132 2461 5186 in
2489 5131 2709 5202 synodo
2741 5131 3034 5201 inquirere
3067 5109 3332 5183 debeant.

236 5209 408 5263 LXIII.
449 5209 528 5262 De
566 5207 865 5262 inﬂatione
896 5208 1478 5277 metropolitanorum
1503 5213 1561 5263 et
1583 5209 1752 5275 fastu,
1785 5213 1842 5264 et
1865 5209 1936 5264 de
2042 5223 2200 5278 xc”,
2231 5220 2640 5291 Jusjurandum
2674 5219 2968 5289 synodale,

303 5296 585 5368 episcopis
634 5312 698 5350 ac
745 5296 984 5369 reliquis
1031 5297 1252 5350 clericis
1304 5296 1404 5368 qui
1434 5297 1726 5352 laeduntur
1755 5313 1935 5353 ame-
2044 5309 2242 5366 XCIII,
2269 5309 2667 5363 Juramentum
2701 5313 3061 5362 caaterorum.

304 5385 676 5456 tropolitano.

2114 5395 2220 5450 11V.
2262 5395 2398 5450 Post
2439 5394 2642 5448 datum
2689 5396 3115 5446 sacramentum
3161 5388 3418 5460 episcopi
3467 5387 3598 5441 illos
3647 5387 3749 5457 qui

239 5483 411 5537 LXIV.
447 5483 516 5537 Ut
565 5483 758 5552 plebes
807 5481 1023 5537 alienas
1064 5481 1209 5536 alius
1257 5480 1562 5553 episcopus
1602 5497 1720 5536 non
1766 5497 1936 5536 usur-
2111 5481 2436 5554 juraverint
2467 5498 2569 5552 per
2594 5479 2886 5551 octoginta
2914 5485 3042 5534 octo
3083 5476 3583 5544 interrogationes,
3617 5491 3752 5545 qua

309 5575 422 5636 νει.
2117 5571 2178 5625 in
2204 5575 2469 5624 contextu
2519 5569 2835 5624 secundum
2866 5568 3129 5624 ordinem
3179 5564 3570 5630 inveniuntur,
3622 5562 3752 5618 dili-

242 5658 386 5710 l.XV.
453 5657 522 5710 Ut
587 5657 780 5710 nullus
846 5657 1332 5727 metropolitanus
1396 5657 1614 5729 absque
1675 5657 1936 5712 omnium
2117 5657 2446 5730 gentissime
2476 5657 2853 5728 interrogent.
