3950 6398
207 354 311 406 545

205 475 356 532 XCV.
394 476 462 531 Ut
491 474 747 547 episcopi
772 474 950 530 libros
980 475 1285 546 gentilium
1316 494 1430 532 non
1461 478 1675 548 legant.

205 565 384 621 XCVI.
437 565 505 619 Ut
551 564 824 635 episcopi,
875 568 1050 635 prout
1086 566 1294 636 vulgus
1337 566 1661 637 intelligere
1711 566 1911 637 possit,

278 653 592 708 secundum
632 653 1046 724 proprietatem
1075 656 1395 709 communis
1423 655 1635 725 linguas
1679 655 1913 709 illorum

277 741 747 811 predicationem
782 749 1127 813 temperent.

205 831 410 885 XCVII.
472 831 863 901 Reprehensio
894 830 1151 901 episcopi
1198 831 1257 885 in
1289 832 1512 903 pulpito
1564 849 1817 904 paganos
1844 832 1914 886 li-

278 919 411 973 bros
469 920 831 989 exponentis,
898 937 966 973 eo
1024 921 1178 991 quod
1234 937 1364 975 cum
1427 922 1581 977 Iovis
1649 921 1934 994 laudibus~

281 1007 484 1061 Christi
510 1008 707 1062 Iaudes
738 1024 851 1062 non
880 1009 1240 1063 conveniant.

205 1095 437 1150 XCVIII.
496 1096 785 1160 Quantum
843 1097 1153 1151 discrimen
1203 1097 1508 1152 immineat
1563 1099 1914 1169 pastoribus,

277 1184 378 1254 qui
409 1185 706 1238 veritatem
739 1184 948 1239 Christi
974 1185 1285 1256 praedicare
1316 1188 1636 1258 negligant.
1718 1180 1725 1188 ’

206 1271 380 1326 XCIX.
415 1273 580 1334 Quod
628 1273 966 1344 episcopum
1018 1280 1283 1344 oporteat
1327 1276 1451 1330 sine
1489 1275 1916 1331 intermissione
1980 1298 1983 1299 ν

283 1361 586 1415 Ecclesium
615 1378 779 1416 suam
801 1362 1022 1429 docere,
1058 1368 1114 1416 et
1144 1379 1358 1418 amare.

208 1448 266 1503 C.
319 1449 396 1503 De
424 1449 749 1524 ignorantia
790 1451 1061 1505 omnibus
1108 1452 1354 1506 maxime
1405 1452 1795 1508 sacerdotibus
1824 1452 1917 1507 vi-

278 1538 472 1593 tande.

207 1625 295 1681 CI.
351 1627 418 1680 Ut
463 1626 765 1697 episcopus
816 1626 1155 1682 dissidentes
1192 1629 1539 1683 concordare
1585 1631 1911 1701 compellat.

209 1714 321 1769 CII.
366 1716 436 1769 Ut
480 1715 540 1769 in
582 1716 674 1771 die
726 1716 1023 1770 Dominica
1072 1733 1266 1771 rerum
1312 1718 1756 1789 dijudicationes
1796 1736 1911 1774 non

280 1802 442 1857 fiant.

208 1892 349 1947 CIII.
384 1893 463 1946 De
492 1892 805 1947 domestica
837 1896 896 1947 et
923 1893 1186 1948 interiori
1216 1895 1663 1950 conversatione.

208 1980 339 2035 CIV.
396 1982 464 2036 Ut
514 1981 816 2053 episcopus
866 1983 1031 2054 quasi
1084 1982 1294 2053 hospes
1350 2000 1409 2038 se
1467 1984 1761 2039 continere
1818 1985 1915 2040 de-

278 2070 428 2125 beat.

208 2158 315 2213 CV.
357 2160 424 2213 Ut
455 2158 707 2230 episcopi
733 2159 1063 2231 frequenter
1094 2159 1294 2215 missas
1321 2160 1629 2216 celebrent.

208 2247 341 2301 CVI.
381 2248 462 2301 Ne
514 2247 817 2319 episcopus
860 2248 1045 2319 pretio
1100 2254 1404 2320 corruptus
1458 2250 1696 2305 alterius
1742 2251 1915 2305 cleri-

279 2351 410 2389 cum
438 2336 705 2390 ordiuare
734 2343 1070 2406 praesumat.

205 2424 367 2480 CVII.
404 2425 472 2479 Ut
522 2426 829 2496 episcopus
878 2426 1113 2480 clericos
1144 2426 1379 2482 alterius
1412 2427 1702 2498 parochias
1728 2429 1913 2484 nulla-

276 2517 446 2566 tenus
475 2513 722 2570 ordinet.

207 2600 393 2656 CVIII.
442 2602 513 2656 Ut
550 2603 744 2656 nullus
785 2601 1106 2673 episcopus,
1149 2602 1208 2656 in
1245 2602 1482 2658 alterius
1516 2604 1770 2678 episcopi
1815 2624 1915 2678 pa-

278 2690 498 2757 rochia,
532 2689 604 2745 ad
645 2691 1069 2762 promotionem
1100 2692 1403 2747 ministerii
1449 2695 1718 2750 accedere
1765 2712 1914 2766 pre-

276 2784 486 2832 sumat.

205 2865 335 2921 CIX.
376 2868 456 2921 Ne
487 2867 793 2939 episcopus
839 2867 1072 2923 alterius
1106 2868 1364 2924 Ecclesiae
1416 2870 1685 2926 clericum
1735 2871 1910 2927 auda-

277 2958 395 3008 cter
423 2953 688 3009 invadere
720 2960 974 3011 attentet.
1856 2964 1875 2971 “

204 3041 307 3096 CX.
346 3042 421 3097 De
454 3059 567 3097 non
599 3044 1019 3115 praesumendis
1048 3043 1261 3098 illicitis
1291 3045 1772 3101 ordinationibus.

217 3130 347 3184 CXI.
384 3131 462 3185 De
495 3132 762 3201 episcopo
793 3148 963 3199 casco,
997 3133 1116 3203 qui,
1154 3148 1257 3203 per
1284 3135 1686 3206 presbyterum
1720 3152 1909 3204 suum,

277 3222 676 3290 presbyterum
708 3227 765 3274 et
794 3222 1064 3275 diaconos
1096 3222 1238 3277 duos
1279 3224 1660 3281 ordinaverat.

200 3308 357 3362 CXII.
404 3307 565 3372 Quod
605 3325 720 3363 non
764 3314 1027 3379 oporteat
1077 3311 1409 3383 episcopum
1457 3330 1563 3384 per
1607 3315 1911 3386 pecuniam

272 3399 607 3468 quempiam
641 3398 932 3453 ordinare.

197 3485 384 3540 CXIII.
422 3486 587 3551 Quod
616 3503 825 3541 munus
854 3488 1027 3543 etiam
1060 3489 1133 3543 sit
1162 3506 1193 3543 a
1218 3489 1416 3561 lingua
1449 3490 1766 3545 vitandum.

196 3574 378 3629 CXIV.
419 3576 489 3629 Ut
532 3591 647 3629 non
702 3576 888 3630 valeat
936 3578 1222 3631 sententia
1262 3579 1539 3650 episcopi,
1591 3579 1702 3633 nisi
1740 3580 1908 3634 cleri-

271 3678 473 3716 corum
506 3679 741 3718 suorum
776 3665 1084 3734 praesentia
1112 3666 1394 3720 firmetur.

196 3751 348 3805 CXV.
387 3751 456 3805 Ut
496 3751 803 3822 episcopus
853 3753 1168 3807 secundum
1220 3755 1470 3809 reditum
1500 3754 1907 3824 Ecclesiarum,

272 3854 581 3893 numerum
612 3839 952 3894 clericorum
985 3841 1172 3895 faciat.

196 3928 378 3983 CXVI.
410 3929 485 3982 De
512 3928 793 3999 episcopis
823 3930 1167 4000 peregrinis.

198 4017 404 4071 CXVII.
442 4017 511 4071 Ut
542 4018 767 4072 levitate
800 4024 1071 4089 vagantes
1107 4018 1385 4090 episcopi,
1431 4020 1501 4075 ad
1532 4019 1767 4091 propria
1814 4036 1905 4074 re-

274 4106 396 4159 dire
423 4107 863 4176 compellantur.

197 4194 428 4249 CXVIII.
485 4194 745 4259 Quandiu
781 4196 1083 4268 episc0pus
1108 4196 1171 4253 in
1222 4198 1412 4253 aliena
1453 4199 1682 4254 civitate
1711 4215 1907 4255 remo-

273 4290 451 4337 retur.

192 4371 377 4428 CXIX.
416 4373 493 4425 De
532 4372 913 4444 suscipiendis
959 4374 1244 4446 episcopis
1295 4376 1395 4447 qui
1447 4376 1904 4448 persecutionem

270 4460 592 4529 patiuntur.

192 4548 345 4604 CXX.
376 4548 452 4602 De
483 4548 598 4601 illis
627 4548 725 4619 qui
758 4565 818 4602 se
848 4548 1049 4604 dicunt
1076 4550 1375 4623 episcopos
1405 4568 1546 4607 esse.

192 4636 365 4691 CXXI.
389 4636 645 4701 Qualiter
674 4638 970 4708 peregrini
1010 4640 1261 4711 episcopi
1291 4641 1661 4711 recipiantur.

190 4725 395 4781 CXXII.
438 4726 516 4779 De
546 4725 828 4796 episcopis
867 4727 953 4780 vel
1002 4729 1348 4800 presbyteris
1387 4730 1617 4800 ignotis,
1659 4734 1722 4784 ut
1770 4734 1905 4785 ante

264 4814 665 4884 probationem
717 4815 1048 4886 synodalem
1114 4818 1443 4873 ministrare
1496 4834 1615 4873 non
1660 4819 1905 4889 permit-

269 4907 486 4957 tantur.

190 4991 421 5047 CXXIII.
466 4992 538 5045 Ut
587 4990 892 5061 episcopus
924 4993 1235 5049 hostilitate
1285 4994 1558 5065 expulsus
1609 4995 1677 5051 ad
1728 4996 1903 5050 aliam

265 5084 563 5133 vacantem
594 5086 847 5134 transeat
881 5082 1210 5137 Ecclesiam.

186 5168 413 5225 CXXIV.
480 5169 556 5221 De
630 5168 917 5239 episcopis
993 5172 1150 5242 quod
1227 5188 1429 5226 omnes
1496 5172 1762 5227 homines
1818 5173 1902 5227 eis

258 5258 390 5327 jure
413 5255 645 5310 obedire
686 5258 954 5313 debeant.

187 5346 384 5401 CXXV.
436 5344 599 5409 Quod
649 5346 901 5418 episcopi
959 5348 1145 5403 claves
1181 5348 1297 5402 sint
1353 5349 1635 5417 Ecclesiae,
1689 5353 1746 5404 et
1799 5349 1902 5403 ha-

260 5435 438 5490 beant
470 5439 816 5506 potestatem
846 5435 1114 5492 claudere
1153 5440 1382 5505 caelum,
1425 5443 1484 5493 et
1512 5440 1735 5510 aperire
1762 5454 1900 5511 por-

262 5528 349 5575 tas
378 5524 522 5593 ejus.

186 5608 409 5668 CXXVI.
462 5612 621 5677 Quod
674 5613 970 5685 episcopos
1022 5613 1298 5669 Dominus
1342 5613 1416 5670 ad
1459 5613 1901 5685 gloriﬁcandum

1201 353 1675 411 DECRETORUM
1720 354 1903 410 LIBRI
1942 356 2051 411 XX.
2087 386 2156 395 --
2200 358 2409 413 LIBER
2452 358 2735 416 PRIMUS.
3625 370 3726 422 546

1936 479 1983 535 Α
2092 496 2152 533 se
2202 480 2460 551 elegerit,
2520 486 2577 536 et
2627 483 2785 554 quod
2836 500 3038 541 omnes
3088 486 3375 559 principes
3421 492 3589 544 teme
3650 490 3734 545 eis

2097 569 2330 622 obedire
2358 575 2642 640 oporteat,
2675 577 2732 625 et
2761 572 2946 643 capita
2978 590 3080 627 sua
3106 575 3475 632 submittere.

2024 658 2261 714 CXXVII.
2308 659 2386 713 De
2430 660 2732 732 episcopis,
2767 662 2925 733 quod
2972 679 3031 716 se
3068 663 3313 719 invicem
3363 665 3605 737 diligere
3636 667 3733 721 de-

2095 745 2290 801 beant.

2027 834 2295 889 CXXVIII.
2339 836 2406 889 Ut
2447 836 2753 907 episcopus
2805 838 3142 910 episcopum
3193 839 3370 895 alium
3427 858 3546 896 non
3594 860 3731 898 cou-

2095 922 2297 976 culcet.

2025 1009 2235 1064 CXXIX.
2276 1010 2353 1063 De
2386 1010 2668 1082 episcopis
2697 1013 2797 1084 qui
2832 1029 2867 1068 a
2895 1031 2953 1068 se
2982 1015 3228 1071 fratrum
3267 1017 3551 1088 adjutorio
3589 1020 3731 1075 sub-

2096 1098 2395 1154 traxerint.

2027 1186 2217 1242 CXXX.
2253 1189 2331 1241 De
2372 1188 2656 1259 episcopis
2687 1189 2787 1262 qui
2828 1207 2911 1258 se,
2945 1192 3111 1263 quasi
3154 1192 3361 1249 canino
3409 1194 3602 1262 dente,
3636 1196 3731 1250 in-

2096 1276 2276 1330 vicem
2307 1278 2675 1332 corroserint.

2026 1365 2244 1419 CXXXI.
2310 1366 2387 1420 De
2460 1366 2741 1439 episcopis
2808 1369 2909 1440 qui
2973 1369 3246 1426 fratribus
3310 1387 3516 1427 nocere
3584 1372 3735 1428 desi-

2097 1453 2323 1508 derant.

2027 1542 2265 1597 CXXXII.
2305 1543 2376 1597 Ut
2417 1542 2488 1597 de
2519 1543 2782 1616 episcopo
2822 1562 2925 1600 suo
2973 1547 3168 1601 nullus
3213 1547 3509 1619 querelam
3538 1547 3731 1615 faciat,

2098 1629 2206 1682 nisi
2237 1630 2398 1699 prius
2429 1646 2561 1684 eum
2586 1632 2655 1686 de
2686 1633 2887 1687 eadem
2917 1649 3070 1704 saepe
3100 1634 3448 1705 interpellet.

2025 1718 2293 1773 CXXXIII.
2349 1720 2418 1773 Ut
2468 1719 2722 1792 episcopi
2771 1737 2805 1776 a
2854 1722 2975 1776 solo
3033 1723 3281 1778 Domino
3336 1724 3453 1778 sint
3513 1723 3729 1794 dijudi-

2097 1806 2283 1860 candi.

2027 1893 2288 1949 CXXXIV.
2347 1894 2526 1949 Nimis
2579 1896 2901 1953 timendum
2951 1903 3008 1953 et
3052 1899 3484 1971 praevidendum
3532 1916 3606 1953 ne
3654 1900 3731 1955 of-

2096 1980 2409 2036 fendantur
2427 1982 2705 2054 episcopi.

2026 2068 2260 2122 CXXXV.
2312 2070 2391 2123 De
2421 2069 2705 2140 episcopis
2748 2071 2847 2141 qui
2900 2073 2971 2127 ab
3023 2074 3227 2129 ovibus
3266 2076 3381 2130 suis
3428 2075 3732 2130 criminan-

2096 2162 2208 2222 tur,
2255 2161 2316 2211 ut
2343 2173 2545 2211 eorum
2575 2157 2903 2214 criminatio
2929 2176 3043 2214 non
3074 2162 3407 2233 recipiatur.

2026 2244 2286 2299 CXXXVI.
2359 2245 2667 2317 Episcopos
2727 2263 2760 2300 a
2816 2249 2935 2302 suis
2987 2251 3187 2305 ovibus
3244 2268 3358 2306 non
3411 2252 3730 2323 reprehen-

2095 2333 2332 2400 dendos,
2367 2334 2520 2405 quod
2559 2335 2729 2401 absit,
2763 2336 2874 2391 nisi
2904 2337 2963 2392 in
3002 2339 3114 2394 ﬁde
3154 2340 3489 2397 erraverint.

2026 2421 2319 2477 CXXXVII.
2354 2422 2432 2476 De
2465 2422 2664 2476 eadem
2696 2439 2777 2477 re.

2025 2509 2345 2564 CXXXVIII.
2382 2510 2461 2563 De
2492 2510 2692 2565 eadem
2722 2527 2805 2565 re.

2025 2598 2285 2654 CXXXIX.
2330 2599 2409 2653 De
2440 2599 2642 2653 eadem
2669 2616 2748 2654 re.

2025 2686 2171 2739 CXL.
2204 2687 2281 2740 De
2309 2686 2601 2741 infamatis
2632 2693 2688 2742 et
2728 2688 3051 2745 dilaceratis
3094 2690 3399 2763 episcopis,
3447 2696 3505 2746 et
3533 2708 3567 2746 a
3593 2692 3726 2746 civi-

2095 2774 2309 2829 tatibus
2339 2775 2585 2846 propriis
2615 2776 2818 2846 pulsis.

2023 2863 2197 2918 CXLI.
2252 2864 2322 2917 Ut
2351 2865 2653 2935 episcopus
2700 2881 2819 2919 non
2863 2865 3231 2935 dijudicetur,
3263 2866 3364 2937 qui
3410 2867 3527 2920 suis
3560 2866 3730 2921 rebus

2093 2958 2178 3006 est
2207 2953 2573 3023 exspoliatus.

1941 3049 1984 3105 c
2022 3041 2221 3095 CXLII.
2257 3042 2332 3094 De
2357 3041 2554 3095 eadem
2588 3058 2666 3095 re.

2023 3131 2254 3185 CXLIII.
2292 3131 2370 3184 De
2404 3132 2604 3185 eadem
2632 3148 2712 3185 re.

2023 3220 2241 3274 CXLIV.
2314 3220 2384 3274 Ut
2446 3220 2701 3290 episcopi
2746 3220 3040 3275 criminati
3106 3220 3284 3274 libere
3353 3222 3727 3291 apostolicam

2094 3308 2392 3378 appellent
2438 3308 2655 3376 sedem,
2688 3314 2744 3363 et
2791 3311 3066 3379 pleraque
3104 3310 3215 3363 alia
3245 3309 3395 3363 circa
3438 3310 3725 3380 judicium

2093 3397 2467 3451 observanda.

2021 3487 2208 3542 CXLV.
2273 3487 2583 3559 Episcopus
2642 3486 2688 3540 si
2738 3486 2807 3541 ab
2861 3487 3057 3558 aliquo
3109 3486 3394 3557 pulsatur,
3447 3502 3554 3557 per
3604 3489 3725 3560 epi-

2090 3591 2290 3645 scopos
2314 3574 2537 3645 judices
2558 3590 2729 3629 causa
2757 3574 3012 3629 finiatur.

2019 3664 2237 3719 CXLVI.
2326 3664 2405 3717 De
2475 3663 2755 3733 episcopis
2818 3662 3110 3733 judicibus
3182 3678 3327 3733 quos
3400 3665 3726 3718 communis

2089 3769 2291 3807 sensus
2325 3752 2585 3822 elegerit.

2018 3841 2262 3895 CXLVII.
2353 3842 2423 3895 Ut
2496 3839 2749 3911 episcopi
2824 3839 3338 3912 comprovinciales
3418 3842 3726 3911 peregrina

2082 3929 2302 4000 judicia
2327 3946 2443 3984 non
2474 3930 2794 4001 patiuntur.

2018 4018 2285 4073 CXLVIII.
2340 4019 2417 4073 De
2466 4018 2738 4089 episcopo
2776 4017 3101 4083 criminato,
3134 4018 3181 4072 si
3222 4017 3473 4090 iudicem
3521 4034 3724 4091 suspe-

2089 4112 2244 4161 ctum
2278 4107 2560 4161 habuerit.

2017 4195 2234 4251 CXLIX.
2269 4195 2328 4250 Si
2374 4196 2505 4267 quis
2543 4194 2847 4266 episcopus
2878 4194 2937 4249 in
2990 4194 3231 4249 crimine
3285 4195 3553 4250 detentus
3597 4196 3727 4251 fue—

2089 4286 2185 4353 rit,
2237 4289 2294 4339 et
2340 4301 2457 4339 non
2500 4290 2687 4355 potest
2736 4284 3020 4354 plurimos
3067 4299 3442 4355 congregare,
3494 4300 3528 4337 a
3580 4284 3724 4339 duo-

2089 4373 2273 4429 decim
2304 4372 2588 4443 episcopis
2620 4372 2911 4425 audiatur.

2016 4461 2119 4517 CL.
2156 4462 2232 4515 De
2279 4461 2551 4531 episcopo
2596 4459 2920 4524 criminato,
2957 4458 3004 4512 si
3047 4457 3303 4529 episcopi
3355 4459 3727 4529 comprovin-

2085 4550 2257 4604 ciales
2287 4549 2347 4603 in
2374 4550 2499 4620 ejus
2527 4548 2932 4603 criminatione
2958 4547 3353 4601 dissenserint.

2015 4639 2146 4694 CLI.
2202 4638 2272 4692 Ut
2329 4636 2613 4708 episcopis
2666 4636 2856 4690 nullus
2913 4635 3093 4689 laicus
3151 4635 3369 4689 crimen
3422 4635 3723 4707 imponere

2085 4726 2285 4796 possit.

2014 4816 2168 4871 CLII.
2200 4814 2364 4880 Quod
2392 4812 2614 4868 inimici
2643 4816 3001 4866 accusatores
3040 4828 3159 4867 esse
3196 4829 3311 4868 non
3342 4814 3587 4886 possint.

2013 4906 2198 4959 CLIII.
2237 4904 2306 4958 Ut
2350 4902 2605 4973 episcopi
2645 4906 3044 4956 accusatorum
3071 4903 3475 4975 episcoporum
3504 4904 3725 4975 judices

2083 5008 2205 5047 esse
2227 4992 2490 5046 debeant.

2012 5082 2186 5137 CLIV.
2239 5080 2497 5145 Qualiter
2537 5083 2835 5134 accusatus
2873 5079 3180 5151 episcopus
3224 5080 3620 5136 discutiendus
3650 5082 3725 5136 sit

2084 5170 2235 5242 apud
2296 5170 2646 5241 patriarchas
2702 5170 2791 5223 vel
2833 5170 3129 5239 primates,
3182 5175 3239 5223 et
3292 5176 3432 5241 quot
3481 5171 3721 5225 testibus

2083 5259 2344 5314 convinci
2374 5258 2602 5314 debeat.

2012 5348 2163 5405 CLV.
2202 5350 2277 5403 De
2304 5347 2642 5419 patriarchis
2680 5351 2738 5401 et
2757 5346 3117 5417 primatibus.

2013 5439 2192 5493 CLVI.
2228 5438 2306 5491 De
2345 5438 2638 5491 vocatione
2666 5435 2914 5489 accusati
2946 5434 3225 5505 episcopi.

2012 5526 2217 5583 CLVII.
2257 5525 2326 5580 Ut
2369 5525 2644 5594 primates
2676 5525 2746 5577 de
2788 5528 3052 5577 accusata
3100 5520 3372 5592 episcopo
3417 5538 3535 5577 non
3585 5530 3717 5579 ante

2082 5614 2429 5671 sententiam
2456 5612 2754 5686 proferant
2780 5610 3185 5677 damnationis,
3217 5626 3391 5683 quam
3422 5616 3522 5667 aut
3548 5628 3715 5668 reum
