4200 6426
460 375 562 428 547
1538 369 1866 426 BURCIIAR
1879 369 1949 425 ιη
1990 369 2147 425 WOR
2160 369 2520 425 HACIENSIS
2561 366 2895 424 EPISCOPI.
3861 367 3957 420 5i8

527 495 779 566 seipsum
818 492 1178 560 conﬁteatur,
1221 498 1324 547 aut
1365 493 1638 547 canonice
1678 509 1782 564 per
1827 493 2154 547 innocentes
2182 495 2228 547 Α
2269 492 2542 546 CLXXXV.
2584 492 2660 544 De
2691 490 2974 560 episcOpis
3016 489 3138 560 qui,
3191 505 3250 543 se
3281 489 3628 557 viventibus,
3678 507 3964 545 successo-

530 590 701 638 testes
726 582 1116 637 convincatur.

458 674 690 728 CLVIII.
727 671 925 736 Qualis
955 671 1171 741 primas
1200 686 1342 731 esse,
1373 671 1458 724 vel
1487 669 1623 740 quid
1659 685 1826 739 agere
1857 669 2080 723 debeat.

458 762 628 816 CLIX.
672 761 742 814 Ut
790 760 1044 830 episcopi
1093 760 1453 830 singularum
1503 758 1762 827 gentium
1802 758 1984 812 sciant
2029 757 2155 828 quis

525 849 680 903 inter
707 865 807 903 eos
837 847 910 902 sit
939 847 1183 916 primus.

460 938 607 994 CLX.
643 938 712 992 Ut
741 937 1046 1007 episcopus
1086 939 1377 989 accusatus
1415 950 1530 988 non
1580 934 1989 988 communione
2039 932 2151 1005 pri-

528 1031 712 1090 vetur,
743 1023 855 1078 nisi
886 1024 979 1078 die
1007 1027 1219 1076 statuta
1249 1022 1440 1075 venire
1473 1022 1741 1075 noluerit.

459 1115 628 1169 CLXI.
667 1115 744 1168 De
785 1113 1026 1167 Maximo
1075 1113 1361 1181 episcopo,
1416 1111 1585 1163 variis
1616 1109 1956 1164 criminibus
2004 1110 2156 1164 infa-

532 1209 711 1265 mato,
753 1206 809 1254 et
849 1200 919 1254 ad
951 1200 1232 1270 synodum
1289 1198 1502 1268 sapius
1551 1205 1770 1263 vocato,
1819 1199 1919 1269 qui
1967 1199 2158 1252 venire

531 1297 586 1345 et
615 1306 674 1344 se
705 1304 971 1342 excusare
1000 1289 1353 1357 neglexerat.

460 1379 658 1434 CLXII.
705 1379 780 1431 De
812 1376 1081 1446 episcopo
1111 1376 1406 1446 inculpato
1439 1375 1538 1446 qui
1570 1375 1640 1428 ad
1674 1375 1955 1445 synodum
1993 1391 2156 1429 voca-

525 1473 616 1521 tus
641 1465 833 1519 venire
868 1471 1312 1533 contempserat.

457 1555 686 1609 CLXIII.
718 1552 823 1616 Qui
857 1554 1129 1621 primates
1159 1553 1292 1614 sint,
1329 1551 1426 1621 qui
1459 1552 1906 1621 metropolitani.

458 1643 652 1696 CIXIV.
703 1641 861 1704 Quod
918 1642 1179 1709 neganda
1230 1640 1304 1692 sit
1353 1640 1628 1693 accusatis
1684 1641 1914 1693 licentia
1963 1640 2156 1694 crimi-

526 1729 722 1793 nandi,
755 1728 1092 1799 priusquam
1123 1745 1181 1780 se
1213 1728 1452 1781 crimine
1503 1729 1784 1793 exuerint,
1819 1738 1874 1782 et
1904 1729 2156 1783 familia-

529 1818 686 1870 ribus
717 1822 890 1886 atque
922 1821 1126 1884 sponte
1173 1815 1464 1878 confessis,
1515 1820 1572 1867 et
1602 1816 1691 1867 his
1744 1815 1842 1885 qui
1892 1815 2156 1868 hesterno

523 1912 622 1958 aut
655 1904 943 1976 perendie,
977 1910 1075 1956 aut
1095 1910 1226 1956 ante
1256 1903 1492 1956 fuerunt
1515 1903 1756 1956 inimici.

457 1995 648 2048 CLXV.
709 1994 786 2047 De
836 1991 1337 2045 criminationibus
1397 1992 1669 2045 adversus
1733 1991 1992 2044 doctores
2041 2006 2156 2044 non

525 2080 923 2151 suscipiendis,
957 2086 1013 2132 et
1034 2079 1103 2132 de
1133 2079 1453 2149 peregrinis
1478 2078 1728 2149 judiciis.

456 2170 670 2223 CLXVI.
734 2169 803 2222 Ut
855 2169 1129 2222 adversus
1185 2166 1475 2220 doctorem
1543 2165 1932 2220 accusationes
1988 2181 2156 2220 nemo

528 2257 822 2327 suscipiat.

453 2346 702 2400 CLXVII.
765 2344 832 2397 Ut
882 2359 1054 2399 nemo
1104 2343 1439 2414 episcopum
1498 2343 1650 2414 apud
1709 2343 2004 2397 saeculares
2061 2359 2152 2396 ac-

530 2439 708 2488 cuset.

459 2523 736 2578 CLXVIII.
793 2523 870 2577 De
924 2520 1207 2591 episcopis
1262 2521 1322 2574 in
1369 2519 1651 2590 judicium
1713 2520 1981 2574 saeculare
2043 2536 2155 2574 non

529 2611 818 2665 vocandis.

457 2699 672 2753 CLXIX.
711 2699 781 2752 Ut
811 2713 928 2752 non
955 2701 1252 2750 accusetur
1281 2695 1584 2766 episcopus
1614 2712 1648 2749 a
1677 2695 2013 2749 criminosis.

458 2787 646 2842 CLXX.
726 2786 889 2850 Quod
960 2786 1153 2839 nullus
1229 2784 1529 2855 episcopus
1581 2791 1740 2839 extra
1795 2801 1958 2838 suam
2023 2801 2156 2855 pro-

524 2875 769 2928 vinciam
801 2875 870 2928 ad
895 2873 1182 2944 judicium
1216 2873 1507 2926 invitetur.

454 2963 671 3019 CLXXI.
742 2964 821 3018 De
887 2963 1334 3028 accusatoribus,
1413 2967 1470 3016 et
1541 2961 1786 3016 testibus
1860 2961 2156 3032 episcopo-

526 3067 675 3105 rum.

454 3140 697 3194 CLXXII.
733 3140 811 3194 De
841 3139 1040 3194 eadem
1075 3155 1157 3194 re.

455 3229 722 3282 CLXXIII.
757 3228 894 3291 Quae
921 3229 1038 3282 sint
1065 3226 1309 3281 infames
1336 3243 1620 3298 personas.

457 3317 720 3371 CLXXIV.
773 3317 850 3369 De
897 3316 1165 3386 episcopo
1214 3321 1498 3382 accusato,
1532 3321 1586 3369 et
1617 3316 1688 3369 ab
1732 3315 2154 3370 accusatoribus

528 3404 890 3474 recipiendis,
919 3409 975 3457 et
1004 3405 1322 3458 vocatione.

456 3493 691 3548 CLXXV.
746 3493 825 3546 De
872 3493 1246 3547 damnatione
1290 3493 1712 3563 episcoporum,
1763 3493 2152 3547 accusantium

529 3581 862 3650 episcopum
903 3581 1119 3651 absque
1150 3581 1488 3634 auctoritate
1517 3581 1845 3651 apostolica:
1877 3581 2042 3635 sedis.

458 3670 720 3726 CLXXVI.
787 3670 854 3723 Ut
909 3675 1206 3722 accusatus
1266 3669 1354 3723 vel
1405 3669 1695 3740 judicatus
1747 3671 1817 3723 ab
1873 3669 2152 3740 episcopis

526 3757 1119 3828 comprovincialibus,
1169 3758 1409 3813 licenter
1441 3760 1709 3829 appellet,
1742 3764 1799 3813 et
1842 3759 2009 3814 adeat
2039 3760 2150 3813 Ilo-

525 3862 759 3900 manum
793 3846 1144 3916 pontiﬁcem.

457 3933 742 3988 CLXXVII.
788 3936 854 3988 Ut
893 3951 996 4004 per
1031 3935 1240 4004 scripta
1287 3936 1504 3990 nullius
1549 3935 1832 3990 accusatio
1877 3935 2150 4006 suscipia-

528 4029 624 4074 tur
651 4038 718 4074 eo
751 4021 982 4075 absente
1013 4025 1109 4092 qui
1143 4029 1455 4076 accusatur.

457 4109 770 4163 CLXXVIII.
826 4111 894 4163 Ut
937 4110 1288 4163 difliciliores
1307 4126 1492 4163 causas
1525 4111 1595 4164 ad
1629 4109 1848 4178 apicem
1882 4111 2153 4164 Romamn

525 4200 675 4253 sedis
707 4199 1050 4266 referantur,
1083 4205 1145 4252 ut
1172 4201 1490 4270 apostolico
1510 4199 1895 4253 terminentur
1907 4199 2151 4270 judicio,

525 4289 689 4358 cujus
745 4289 893 4342 sedis
961 4289 1299 4343 auctoritate
1351 4305 1552 4343 omnes
1618 4288 1880 4342 Ecclesia:
1938 4304 2148 4358 regun-

523 4380 636 4430 tur.

456 4465 714 4519 CLXXIX.
775 4465 939 4530 Quod
1007 4481 1209 4519 omnes
1272 4465 1527 4536 episcopi
1587 4465 1810 4535 possint
1861 4465 2153 4535 appellare

525 4554 843 4607 Romanam
873 4553 1068 4608 sedem
1097 4553 1158 4606 in
1196 4553 1631 4606 necessitatibus
1662 4553 1853 4623 positi.

455 4643 687 4696 CLXXX.
755 4643 832 4696 De
903 4642 1152 4696 induciis
1221 4641 1660 4695 criminatorum
1729 4641 2149 4712 episcoporum,

529 4733 726 4800 quales
757 4747 877 4784 esse
905 4730 1132 4784 debent.

455 4817 714 4870 CLXXXI.
751 4819 830 4870 De
857 4817 1129 4886 episcopo
1169 4816 1552 4884 Centuriensi,
1600 4819 1698 4888 qui
1729 4833 1959 4872 causam
1990 4834 2151 4872 suam

525 4904 584 4956 in
617 4905 830 4973 synodo
859 4920 1029 4974 agere
1060 4910 1348 4958 renuerat.

458 4991 744 5046 CLXXXII.
779 4992 1065 5046 Iudicium
1096 4992 1349 5063 episcopi
1380 4994 1479 5063 qui
1511 5010 1614 5063 pro
1667 4993 1906 5048 crimine
1940 4993 2153 5064 ejectus

525 5081 596 5134 ab
650 5079 861 5147 ofﬁcio,
921 5085 1119 5150 postea
1185 5081 1577 5151 episcopatum
1644 5099 1803 5136 more
1869 5083 2154 5154 pmdonis

525 5168 754 5222 invasit.

457 5257 761 5312 CLXXXIII.
805 5257 920 5312 Cur
968 5258 1148 5312 sancti
1179 5257 1426 5328 apostoli
1454 5275 1771 5329 eorumque
1804 5275 2155 5319 successores

522 5345 812 5400 voluerint
877 5345 1170 5419 difficilem
1236 5360 1359 5399 esse
1413 5347 1834 5401 accusationem
1898 5347 2156 5401 sacerdo-

525 5437 670 5487 tum.

457 5520 762 5574 CLXXXIV.
823 5521 884 5575 Si
939 5521 1246 5594 episcopus
1301 5520 1567 5592 expulsus
1626 5537 1799 5577 ausus
1847 5521 2020 5578 fuerit
2067 5523 2154 5578 in-

527 5607 693 5676 gredi
721 5607 1034 5665 civitatem.

2340 597 2428 634 res
2454 582 2669 650 eligere
2691 580 3036 634 desiderant.

2268 669 2572 724 CLXXXVI.
2627 670 2696 722 Ut
2723 670 2992 739 episcopo
3043 667 3268 720 vivente
3320 666 3514 723 nullus
3562 669 3969 739 superordine-

2339 763 2451 810 tur.

2269 845 2596 900 CLXXXVII.
2647 844 2807 910 Quod
2867 860 2983 898 non
3045 844 3212 898 liceat
3259 844 3527 915 episcopo
3586 861 3965 899 successorem

2339 935 2570 1004 eligere.

2268 1024 2627 1078 CLXXXVIII.
2678 1022 2838 1086 Quod
2878 1037 3164 1092 nusquam
3214 1037 3466 1075 canones
3515 1023 3874 1094 praecipiant,
3910 1029 3970 1076 ut

2337 1129 2440 1182 pro
2470 1112 2814 1179 aegritudine
2853 1111 3127 1181 episcopi,
3174 1111 3318 1163 alius
3349 1113 3632 1176 succedat,
3665 1118 3720 1164 et
3754 1113 3799 1165 si
3845 1112 3965 1182 ipse

2339 1217 2441 1269 pro
2473 1217 2574 1252 sua
2607 1199 2868 1254 molestia
2900 1200 3148 1269 petierit,
3182 1200 3433 1270 qualiter
3462 1200 3586 1252 fieri
3619 1200 3816 1269 possit.

2269 1289 2569 1344 CLXXXIX.
2631 1290 2705 1342 De
2759 1288 3099 1343 Ariminensi
3173 1289 3465 1358 episcopo,
3519 1289 3715 1342 dolore
3765 1288 3965 1358 capitis

2341 1377 2656 1442 laborante,
2689 1382 2745 1430 et
2785 1377 2842 1430 in
2877 1378 3000 1446 ejus
3027 1377 3152 1430 loco
3185 1377 3363 1430 altero
3385 1377 3716 1446 subrogato.

2271 1484 2413 1538 CXC.
2451 1484 2526 1537 De
2553 1483 2823 1553 episcopo
2856 1483 2955 1553 qui
3002 1500 3104 1552 per
3133 1482 3528 1536 infirmitatem
3574 1483 3633 1536 in
3663 1483 3966 1537 hebetudi-

2340 1589 2469 1625 nem
2506 1573 2712 1624 mentis
2744 1572 3034 1624 inciderit.

2269 1661 2440 1716 CXCI.
2480 1661 2554 1713 De
2581 1660 2850 1729 episcopo
2891 1660 2992 1728 qui
3023 1665 3257 1730 propter
3288 1659 3549 1712 dolorem
3580 1660 3784 1729 capitis
3816 1675 3968 1729 saape

2342 1750 2399 1802 in
2433 1749 2741 1802 amentiam
2769 1750 3092 1802 devenerat.

2271 1839 2464 1893 CXCII.
2515 1839 2591 1891 De
2631 1837 2906 1891 restitutis
2951 1837 3232 1906 episcopis
3278 1853 3380 1906 per
3421 1839 3740 1891 Romanum
3774 1837 3968 1907 ponti-

2336 1927 2520 1979 Iicem.

2264 2015 2484 2069 CXCIII.
2546 2015 2615 2068 Ut
2661 2014 2982 2066 sacerdotes
3034 2013 3279 2078 Domini,
3327 2013 3475 2066 sicut
3517 2013 3721 2082 vulgus
3771 2013 3957 2068 facere

2336 2103 2500 2167 solet,
2527 2103 2720 2172 jurare
2757 2119 2869 2154 non
2905 2107 3273 2171 prmsumanl,
3305 2102 3389 2154 vel
3432 2102 3870 2171 compellantur.

2266 2191 2488 2245 CXCIV.
2551 2192 2627 2244 De
2678 2190 2944 2260 episcopo
3001 2189 3231 2242 sinistro
3263 2205 3493 2243 rumore
3553 2207 3804 2260 asperso,
3861 2207 3964 2261 per

2336 2283 2755 2332 sacramentum
2786 2285 2979 2332 autem
3015 2284 3071 2331 et
3102 2283 3345 2348 purgato
3379 2284 3435 2330 et
3467 2277 3748 2332 absoluto.

2265 2386 2456 2440 CXCV.

2337 2474 2478 2527 buit.

2267 2563 2482 2617 CXCVI.
2537 2563 2612 2616 De
2659 2562 2928 2632 episcopo
2979 2577 3083 2631 per
3133 2566 3555 2615 sacramentum
3611 2565 3856 2632 purgato
3914 2567 3974 2614 et

2338 2651 2620 2703 absoluto.

2269 2739 2506 2792 CXCVII.
2547 2736 2805 2801 Qualiter
2855 2753 3021 2789 senex
3073 2735 3373 2806 episcopus
3420 2736 3818 2806 corripiendus
3873 2737 3966 2801 sit,

2339 2833 2397 2881 et
2480 2827 2770 2898 quomodo
2828 2825 2964 2879 mali
3033 2827 3160 2896 ejus
3220 2825 3510 2880 consiliari
3574 2825 3970 2879 excommuni-

2538 2384 2827 2439 Correctio
2897 2383 3151 2455 episcopi
3231 2383 3330 2454 qui
3405 2383 3786 2438 concubinam
3861 2384 3970 2437 ba-

2339 2916 2531 2970 candi.

2209 3053 2225 3068 ,
2269 3005 2516 3057 CXCVIII
2575 3005 2650 3056 De
2682 3003 3023 3072 purgatione
3050 3002 3247 3056 Leonis
3277 3018 3460 3072 papm.

2213 3088 2226 3102 ‘
2265 3093 2482 3146 CXCIX.
2534 3091 2590 3146 Si
2641 3092 2769 3162 quis
2821 3108 2885 3144 ex
2945 3091 3325 3145 ecclesiastico
3383 3091 3586 3144 ordine
3661 3090 3969 3144 damnatus

2333 3181 2505 3234 fuerit
2531 3198 2562 3233 a
2591 3180 2827 3250 synodo,
2877 3185 2932 3233 et
2963 3196 3133 3232 ausus
3182 3180 3355 3233 fuerit
3387 3179 3456 3233 de
3489 3194 3647 3234 sacro
3700 3178 3957 3232 ministe-

2333 3268 2417 3320 rio
2449 3267 2668 3338 aliquid
2698 3267 3050 3338 contingere.
3906 3253 3908 3255 i

2263 3375 2364 3430 CC.
2417 3374 2473 3429 Si
2521 3374 2730 3444 aliquis
2777 3390 2844 3427 ex
2892 3373 3268 3427 ecclesiastico
3316 3374 3519 3427 ordine
3563 3373 3960 3427 excommuni-

2333 3468 2492 3516 catus
2508 3463 2696 3528 fuerit,
2719 3468 2776 3516 et
2791 3462 3218 3517 communicare
3236 3463 3686 3533 prmsumpserit,
3702 3463 3963 3532 seipsum

2331 3551 2586 3604 damnat.

2261 3639 2388 3693 CCI.
2424 3639 2500 3692 De
2531 3637 2810 3692 ordinatis
2849 3637 2898 3692 si
2930 3638 3138 3709 aliquis
3186 3638 3416 3693 illorum
3450 3653 3750 3710 percussor
3788 3638 3966 3692 exsti-

2331 3727 2482 3780 terit.

2261 3816 2413 3870 CCII.
2451 3816 2527 3868 De
2557 3814 2840 3885 episcopis
2867 3831 2969 3868 sua
2998 3830 3171 3868 manu
3204 3814 3572 3869 caedentibus.

2261 3905 2434 3959 CCIII.
2472 3905 2548 3956 De
2597 3903 2694 3956 illo
2725 3904 2824 3973 qui
2873 3904 3125 3973 seipsum
3154 3907 3210 3957 et
3255 3903 3364 3957 sibi
3405 3903 3733 3958 commissos
3781 3904 3965 3957 corrio

2331 4009 2466 4062 gere
2499 3992 2837 4061 neglexerit.

2263 4082 2435 4137 CCIV.
2468 4082 2545 4134 De
2577 4081 2776 4134 eadem
2811 4097 2890 4133 re.

2261 4189 2409 4243 CCV.
2444 4182 2522 4242 De
2549 4189 2700 4257 malo
2726 4192 2954 4256 pastore
2987 4203 3162 4257 quem
3190 4204 3305 4240 sua:
3334 4204 3466 4241 oves
3496 4187 3744 4256 fugiunt.

2265 4276 2434 4330 CCVI.
2472 4275 2550 4330 De
2581 4277 2678 4328 illo
2706 4276 2804 4345 qui
2838 4275 3195 4328 nobilitatem
3224 4275 3320 4328 Dei
3356 4291 3389 4328 a
3427 4292 3483 4327 se
3519 4276 3690 4344 ejicit.

2182 4338 2226 4392 Β
2267 4364 2463 4419 CCVII.
2517 4363 2679 4428 Quod
2724 4338 2845 4416 non
2893 4369 3028 4417 sunt
3077 4379 3273 4417 omnes
3318 4363 3420 4417 filii
3470 4338 3820 4431 sanctorum,
3866 4365 3971 4435 qui

2335 4458 2530 4506 tenent
2560 4452 2680 4505 loca
2709 4457 3059 4505 sanctorum.

2265 4542 2483 4596 CCVIII.
2513 4541 2671 4604 Quod
2704 4541 2896 4594 nullus
2941 4557 3007 4594 ex
3042 4557 3274 4610 genere,
3307 4556 3411 4594 nec
3453 4556 3516 4593 ex
3565 4541 3686 4594 loco
3729 4541 3974 4610 gloriari

2373 4630 2557 4682 ebeat.

2480 4646 2511 4680 a
2544 4669 2557 4682 .

2264 4629 2546 4771 C5360:
2573 4715 2960 4770 sacerdotibus
2991 4715 3091 4786 qui
3119 4716 3319 4771 ovibus
3349 4716 3467 4770 suis
3509 4717 3656 4770 mala
3701 4717 3974 4786 exempla

2334 4804 2609 4875 praebent.

2264 4910 2409 4966 CCX.
2459 4911 2529 4964 Ut
2575 4915 2797 4964 tantum
2841 4925 3037 4964 curam
3078 4925 3270 4964 rerum
3302 4910 3810 4964 ecclesiasticarum
3840 4912 3972 4981 epi-

2336 5014 2542 5068 scopus
2571 4998 2796 5052 habeat.

2265 5087 2436 5141 CCXI.
2490 5087 2567 5141 De
2618 5103 2725 5140 usu
2777 5085 2956 5157 pallii,
2988 5103 3060 5141 ne
3103 5102 3137 5140 a
3184 5086 3645 5157 metropolitanis
3691 5102 3976 5156 praesum-

2333 5174 2491 5244 ptive
2523 5179 2735 5227 utatur.

2267 5259 2458 5314 CCXII.
2504 5258 2666 5322 Quod
2716 5259 3015 5330 episcopus
3061 5276 3149 5313 res
3181 5276 3299 5314 sua:
3343 5261 3627 5326 Ecclesiae,
3673 5261 3785 5314 nisi
3831 5276 3972 5316 cum

2334 5364 2436 5400 suo
2465 5348 2626 5417 prius
2656 5354 2990 5414 commutet,
3031 5354 3441 5403 testamentare
3474 5365 3590 5403 non
3619 5350 3822 5419 possit.

2265 5435 2488 5491 CCXIII.
2527 5435 2605 5489 De
2655 5436 2926 5507 episcopo
2956 5437 3054 5508 qui
3105 5454 3195 5491 res
3249 5453 3367 5492 sua
3408 5437 3671 5493 Ecclesia
3718 5440 3980 5510 parenti-

2340 5524 2445 5578 bus
2474 5523 2592 5576 suis
2631 5523 2935 5578 indiscrete
2969 5525 3190 5580 tribuit.

2270 5611 2488 5666 CCXIV.
2523 5611 2602 5665 De
2629 5613 2828 5666 eadem
2859 5629 2939 5669 re.
