4200 6450
515 384 610 435 551
1581 373 1986 430 BURCHARDI
2024 370 2551 430 WORHACIENSIS
2589 372 2905 430 EPISCOPI
2917 417 2932 431 .
3911 385 4003 436 552

514 503 727 575 sbyteri
749 518 853 575 per
879 502 1113 557 castella
1135 503 1192 556 et
1219 500 1474 555 modicas
1521 499 1776 553 civitates
1823 502 1993 568 atque
2024 497 2201 561 villas,
2233 502 2280 555 Α
2316 497 2528 563 omnia,
2562 497 2608 550 si
2640 497 2773 552 lidei
2807 499 3151 554 documenta
3174 499 3361 554 verbis
3397 499 3754 572 simplicibus
3784 507 4002 571 asserat,

515 591 730 646 debent
758 591 828 645 ab
867 591 1146 662 episcopis
1190 590 1444 645 ordinari
1477 593 1533 643 et
1575 588 1710 659 poni
1755 586 1969 657 singuli
2017 589 2208 638 tamen

514 696 620 752 per
667 681 924 750 singulos
981 679 1172 734 titulos
1220 695 1373 732 suos.
1433 678 1693 747 Amplius
1751 691 1922 746 quam
1957 673 2046 726 isti
2094 673 2207 727 duo

515 769 747 824 ordines
779 768 1157 829 sacerdotum,
1189 783 1296 822 nec
1332 765 1492 821 nobis
1529 765 1716 819 collati
1753 769 1906 828 sunt,
1941 777 2044 816 nec
2072 777 2207 831 apo-

513 857 646 912 stoli
676 859 1012 912 docuerunt.

509 948 638 1002 Car.
671 946 734 1001 V.
770 949 929 1001 -—Ut
973 961 1080 1000 non
1126 946 1276 1011 laici,
1330 960 1421 998 nec
1477 943 1705 1008 biqami,
1754 957 1846 994 nec
1912 939 2207 1002 viduarum

578 1020 785 1073 mariti.
816 1018 911 1072 sed
941 1017 1428 1086 irreprehensibiles
1456 1015 1776 1068 ordinentur
1805 1013 2060 1080 episcopi.

580 1107 689 1176 (Ea:
737 1106 882 1160 decr.
942 1107 1130 1160 Leo-nis
1181 1119 1360 1173 papz,
1419 1103 1573 1156 titulo
1608 1103 1715 1166 33.)
1776 1101 1840 1154 In
1880 1098 2208 1153 civitatibus

510 1211 756 1268 quarum
782 1199 1030 1249 rectores
1085 1193 1352 1258 obierint,
1392 1191 1460 1245 de
1517 1189 1928 1244 substituendis
1981 1188 2208 1258 episco-

509 1283 599 1354 pis
627 1283 748 1337 haec
786 1283 972 1336 forma
1023 1285 1299 1345 servetur,
1357 1284 1418 1332 ut
1441 1278 1488 1331 is
1537 1277 1639 1348 qui
1689 1275 2044 1330 ordinandus
2102 1279 2204 1341 est,

510 1372 676 1427 etiam
707 1371 754 1423 si
785 1370 950 1424 bona:
980 1369 1107 1422 vitae
1146 1367 1472 1421 testimonio
1513 1366 1802 1430 fulciatur,
1859 1381 1978 1419 non
2009 1363 2204 1429 laicus,

507 1477 610 1515 nec
633 1459 956 1530 neophitus,
989 1473 1092 1512 nec
1117 1456 1378 1511 secunda:
1407 1455 1670 1525 conjugis
1699 1454 1773 1508 sit
1799 1453 2060 1518 maritus,
2108 1456 2209 1506 aut

508 1550 607 1620 qui
636 1564 810 1603 unam
845 1546 1078 1619 quidem
1106 1546 1316 1600 habeat
1344 1545 1429 1598 vel
1460 1543 1748 1609 habuerit,
1790 1547 1847 1598 et
1891 1558 2066 1612 quam
2099 1541 2206 1594 sibi

510 1637 728 1692 viduam
782 1635 1083 1707 copularit.
1127 1633 1496 1688 Sacerdotum
1537 1632 1692 1686 enim
1740 1637 1858 1685 tam
1922 1630 2204 1684 excellens

2317 585 2374 638 id
2402 591 2506 653 est,
2534 587 2778 652 Patrem,
2805 593 2860 641 et
2890 589 3118 656 Filium,
3151 588 3495 659 etSpiritum
3527 596 3809 657 sanctum,
3834 609 4003 648 unum

2319 674 2624 727 Dominum
2653 691 2773 728 esse
2801 676 3170 744 conﬁrmans,
3189 682 3484 748 totamque
3505 679 3564 732 in
3590 679 3863 735 Trinitate
3894 681 4006 735 Dei-

2315 767 2513 827 tatem,
2572 765 3022 828 coessentialem,
3076 771 3130 818 et
3181 766 3719 835 consubtantialem,
3764 774 3822 823 et
3867 785 4002 824 coar-

2316 851 2616 915 ternalem,
2650 857 2705 904 et
2735 853 3258 923 coomnipotentem
3311 855 3651 924 praedicans,
3693 857 4002 928 singulam-

2315 955 2428 1010 que
2455 939 2513 993 in
2569 940 2846 994 Trinitate
2887 957 3191 1010 personam
3235 943 3473 1012 plenum
3523 945 3726 1013 Deum,
3775 953 3831 1000 et
3869 951 4004 1001 totas

2313 1032 2429 1081 tres
2485 1044 2773 1099 personas,
2834 1045 3016 1084 unum
3068 1032 3267 1085 Deum.
3328 1032 3381 1086 Si
3429 1033 3881 1090 incarnationem
3919 1037 4002 1091 di-

2314 1116 2504 1170 vinam
2536 1133 2655 1170 non
2689 1119 2743 1170 in
2767 1119 2930 1172 Patre
2955 1135 3138 1190 neque
3168 1120 3226 1173 in
3241 1120 3451 1190 Spiritu
3483 1129 3680 1176 sancto
3711 1124 3872 1192 facta,
3913 1126 4004 1180 sed

2315 1205 2373 1259 in
2411 1206 2547 1260 Filio
2578 1211 2800 1261 tantum
2829 1208 3042 1273 credat,
3073 1213 3137 1262 ut
3185 1209 3285 1280 qui
3338 1216 3461 1264 erat
3505 1210 3563 1264 in
3595 1211 3886 1267 divinitate
3915 1215 4008 1268 Dei

2316 1295 2500 1348 Patris
2533 1295 2725 1357 Filius,
2760 1296 2880 1365 ipse
2911 1297 3072 1351 tieret
3128 1297 3187 1352 in
3220 1299 3453 1353 homine
3510 1300 3766 1355 hominis
3819 1304 4008 1358 matris

2314 1383 2468 1436 ﬁlius
2499 1400 2512 1438 :
2549 1385 2695 1437 Deus
2725 1400 2892 1437 verus
2925 1401 2992 1439 ex
3024 1387 3208 1452 Patre,
3261 1387 3436 1441 homo
3493 1404 3659 1443 verus
3690 1406 3752 1443 ex
3785 1396 3958 1445 matre
3991 1408 4004 1445 :

2315 1487 2542 1526 carnem
2576 1489 2638 1525 ex
2673 1473 2870 1526 matris
2898 1473 3206 1528 visceribus
3239 1475 3474 1540 habens,
3525 1481 3581 1530 et
3623 1478 3874 1533 animam
3905 1480 4006 1534 bu-

2317 1577 2545 1615 manam
2579 1561 2913 1615 rationalem
2950 1577 2962 1616 :
2996 1563 3165 1617 simul
3198 1564 3255 1618 in
3291 1581 3358 1618 eo
3389 1570 3694 1638 utramque
3726 1575 4006 1634 naturam,

2314 1649 2373 1705 id
2395 1657 2500 1717 est,
2517 1650 2766 1704 hominis
2786 1655 2842 1704 et
2859 1651 2957 1704 Dei
2983 1667 3300 1721 :personna
3322 1669 3456 1720 una,
3477 1669 3626 1709 unus
3651 1656 3845 1720 Filius,
3864 1673 4010 1710 unus

503 1731 583 1781 Θεί
614 1726 861 1833 electioyj
877 1729 940 1778 ιη
977 1741 1116 1833 ,Ψιῖθ
1178 1723 1238 1822 il}
1283 1723 1411 1833 alii?
1466 1719 2056 1833 membrisLEfdeSim
2089 1734 2205 1833 ‘1?“
2236 1779 2276 1833 Β
2316 1741 2592 1808 Christus,
2632 1755 2782 1794 unus
2830 1741 3104 1794 Dominus
3143 1746 3533 1797 creaturarum
3584 1745 3844 1798 omnium
3885 1761 4009 1815 quin

503 1813 866 1869 vocanturad
902 1813 1152 1882 culpam,
1211 1811 1273 1866 in
1322 1811 1436 1865 illis
1495 1815 1691 1864 tamen
1751 1808 2036 1863 habentur
2096 1806 2204 1860 illi-

504 1904 632 1958 cita.

505 1993 637 2048 CAP.
685 1990 774 2044 Vl.
824 2019 893 2029 —
941 1991 1008 2044 Ut
1057 1989 1188 2042 dum
1231 1991 1510 2057 episcopus
1557 1988 1802 2052 eligitur,
1841 1986 1890 2039 si
1927 1982 2202 2038 contradi-

570 2068 736 2116 ctores
786 2061 1000 2126 habeat,
1032 2063 1272 2130 quinque
1302 2061 1539 2128 episcopi
1577 2059 1916 2111 conveniant.

574 2151 681 2221 (Em
711 2150 899 2204 concil.
937 2151 1229 2214 Africano,
1271 2163 1392 2216 cap.
1430 2145 1537 2215 l7.)
1580 2145 1686 2200 Sed
1723 2149 1778 2198 et
1807 2143 1946 2197 illud
1976 2146 2059 2196 est
2092 2146 2207 2195 sta-

499 2239 806 2304 tuendum,
830 2244 893 2292 ut
919 2238 1150 2308 quando
1184 2237 1249 2291 ad
1273 2236 1600 2306 eligendum
1633 2235 1964 2304 episcopum
2005 2247 2204 2285 conve-

504 2328 780 2391 nerimus,
813 2327 858 2379 si
891 2343 1004 2397 qua
1035 2325 1409 2379 contradictio
1459 2324 1632 2378 fuerit
1687 2323 1908 2388 oborta,
1957 2321 2091 2391 quia
2122 2326 2202 2373 ta-

503 2416 580 2469 lia
610 2415 756 2469 facta
781 2419 914 2468 sunt
940 2414 1091 2483 apud
1130 2430 1254 2478 nos,
1297 2429 1408 2465 non
1436 2415 1808 2482 praesumant,
1859 2407 1927 2462 ad
1959 2424 2206 2480 purgan-

504 2503 644 2557 dum
684 2519 838 2570 eum,
897 2501 997 2572 qui
1056 2501 1428 2566 ordinandus
1464 2504 1569 2564 est,
1633 2504 1748 2550 tres
1780 2496 2204 2565 episcopijam,

501 2591 599 2645 sed
628 2593 990 2661 postulentur
1038 2589 1109 2642 ad
1153 2603 1458 2641 numerum
1512 2585 1972 2655 supradictorum
2005 2584 2051 2636 si
2103 2583 2202 2636 ha-

501 2678 626 2733 beri
672 2683 912 2749 possunt
961 2677 1094 2742 duo,
1150 2675 1208 2729 in
1241 2675 1438 2729 eadem
1485 2675 1651 2744 plebe
1699 2673 1792 2726 cui
1851 2670 2205 2725 ordinandus

500 2773 603 2831 est,
631 2773 687 2820 et
717 2766 1098 2821 discutiantur
1128 2765 1316 2834 primo
1363 2779 1623 2833 persona:
1659 2760 2199 2815 contradicentium.

500 2857 788 2909 Postremo
821 2855 992 2908 etiam
1022 2852 1121 2907 illa
1161 2867 1291 2923 qua
1335 2851 1710 2920 objiciuntur,
1757 2852 2199 2919 pertractentur.

501 2944 565 2998 Et
606 2959 736 2997 cum
777 2951 1053 3014 purgatus
1098 2941 1275 2995 fuerit
1326 2940 1430 2993 sub
1481 2943 1786 3009 conspectu
1837 2937 2088 3008 publico.
2127 2936 2205 2989 ita

497 3031 728 3086 demum
781 3032 1100 3085 ordinetur.
1151 3028 1210 3083 Si
1272 3027 1380 3081 hoc
1438 3044 1566 3081 cum
1619 3033 1815 3079 vestrm
1889 3023 2202 3078 sanctitatis

498 3120 689 3174 animo
747 3119 1076 3185 concordat,
1123 3118 1425 3171 roboretur
1470 3123 1670 3169 vestrae
1723 3113 2072 3184 dignationis
2105 3127 2200 3164 re-

495 3208 825 3277 sponsione.
857 3206 940 3261 Ab
975 3205 1255 3260 universis
1288 3203 1572 3275 episcopis
1619 3203 1834 3256 dictum
1891 3205 1977 3254 est
2005 3216 2018 3253 :
2051 3199 2200 3253 Satis

496 3295 705 3366 placet.

495 3383 624 3438 Car.
660 3385 774 3438 VII.
808 3411 878 3424 -—
899 3381 1078 3449 Quod,
1107 3381 1410 3436 nolentibus
1439 3381 1648 3434 clericis
1676 3379 1758 3432 vel
1775 3377 2012 3447 populis,
2045 3392 2195 3431 nemo

965 3455 1154 3508 debeat
1182 3454 1460 3522 episcopus
1490 3451 1757 3504 ordinari.

565 3534 688 3604 (Ea:
717 3533 861 3588 decr.
899 3533 1167 3589 Caelestini
1191 3547 1369 3600 papae,
1413 3546 1530 3599 cap.
1591 3531 1692 3597 l8.)
1756 3528 1955 3582 Nullus
2009 3525 2200 3579 invitis

495 3621 664 3678 detur
694 3622 1024 3692 episcopus;
1068 3619 1224 3686 cleri,
1277 3619 1462 3690 plebis
1517 3623 1571 3672 et
1600 3616 1816 3672 ordinis
1864 3631 2194 3682 consensus,

495 3717 552 3767 et
580 3710 929 3768 desiderium
961 3709 1308 3780 requiratur.
1337 3707 1492 3762 Tunc
1539 3709 1680 3761 alter
1711 3707 1780 3760 de
1807 3706 1985 3759 altera
2014 3705 2198 3775 eliga-

493 3805 586 3856 tur
616 3800 879 3867 Ecclesia,
936 3799 983 3851 si
1039 3799 1110 3852 de
1141 3796 1386 3851 civitatis
1431 3796 1610 3868 ipsius
1656 3795 1898 3860 clericis,
1963 3793 2054 3848 cui
2113 3798 2198 3847 est

493 3890 791 3961 episcopus
828 3886 1200 3953 ordinandus,
1237 3885 1430 3939 nullus
1476 3884 1704 3955 dignus,
1763 3883 1917 3954 quod
1966 3881 2195 3936 evenire
2280 3906 2290 3915 -

493 3995 609 4034 non
647 3977 955 4040 credimus,
994 3975 1248 4046 potuerit
1296 3972 1564 4028 inveniri.
1619 3972 1878 4027 Primum
1926 3971 2081 4024 enim
2113 3970 2196 4023 illi

492 4065 844 4138 reprobandi
873 4070 1025 4129 sunt,
1061 4069 1122 4118 ut
1149 4061 1328 4134 aliqui
1359 4062 1429 4116 de
1460 4061 1663 4116 alienis
1697 4059 1958 4114 Ecclesiis
1989 4058 2194 4112 merito

490 4154 889 4225 praeferantur.
944 4151 1156 4205 Habeat
1195 4149 1592 4222 unusquisque
1647 4165 1762 4202 suae
1805 4147 2054 4200 fructum
2095 4147 2198 4199 mi-

492 4242 629 4296 litiae
659 4243 718 4295 in
742 4240 1004 4305 Ecclesia,
1028 4238 1087 4292 in
1108 4255 1221 4310 qua
1251 4255 1413 4292 suam
1445 4254 1547 4308 per
1576 4236 1775 4290 omnia
1803 4235 1994 4288 officia
2020 4240 2198 4287 trans-

493 4331 610 4402 egit
638 4336 883 4384 aatatem.
920 4328 982 4382 In
1005 4328 1191 4381 aliena
1239 4326 1521 4398 stipendia
1576 4324 1815 4379 minime
1843 4323 1988 4376 alter
2031 4322 2194 4376 obre-
2228 4340 2270 4393 ι)

489 4424 753 4491 pat,nec_
791 4417 889 4471 alii
942 4414 1194 4470 debitam
1252 4416 1397 4469 alter
1453 4412 1564 4467 sibi
1629 4412 1836 4466 audeat
1903 4409 2201 4463 vendicare

491 4507 836 4562 mercedem.
885 4504 972 4559 Sit
1020 4504 1258 4558 facultas
1305 4501 1526 4556 clericis
1569 4499 1874 4563 renitendi,
1928 4498 1974 4551 si
2013 4514 2074 4552 se
2110 4497 2196 4551 vi-

493 4596 679 4652 derint
709 4593 1077 4666 praagravari.
1112 4593 1180 4646 Et
1206 4607 1350 4663 quos
1381 4590 1490 4645 sibi
1548 4589 1735 4660 ingeri
1766 4604 1832 4642 ex
1872 4593 2196 4642 transverso

491 4683 882 4758 cognoverint,
925 4699 1041 4736 non
1072 4681 1317 4736 timeant
1371 4679 1646 4744 refutare,
1703 4677 1804 4747 qui
1833 4675 1880 4729 si
1912 4691 2049 4737 non,
2089 4675 2194 4729 de-

487 4773 675 4828 bitum
707 4775 1032 4843 praemium,
1065 4771 1153 4824 vel
1178 4769 1426 4822 liberum
1455 4766 1524 4821 de
1571 4782 1638 4820 eo
1683 4765 1783 4836 qui
1814 4781 1909 4818 eos
1935 4769 2196 4818 recturus

491 4868 594 4929 est,
629 4862 842 4916 debent
877 4858 1088 4913 habere
1111 4855 1414 4926 judicium.

561 4952 692 5011 Car,
740 4949 883 5002 Vill.
931 4976 1000 4986 —
1053 4947 1161 5011 Qui
1207 4945 1448 5014 episcopi
1490 4947 1617 4997 sunt
1677 4941 1992 5008 ordinandi,
2053 4939 2198 5010 quod

958 5017 1186 5070 debeant
1212 5018 1371 5083 prius
1401 5015 1732 5068 examinari:

561 5100 670 5170 (Ea:
709 5096 898 5152 concil.
952 5096 1388 5163 Carthaginensi,
1449 5109 1570 5161 cap.
1626 5091 1698 5161 l.)
1747 5090 1851 5155 Qui
1893 5091 2197 5162 episcopus

491 5185 849 5242 ordinandus
876 5185 982 5248 est,
1010 5188 1178 5235 antea
1208 5180 1594 5245 examinetur,
1626 5179 1672 5232 si
1704 5185 1911 5232 natura
1945 5179 2197 5248 prudens

490 5282 596 5343 est,
636 5275 684 5328 si
737 5271 1017 5336 docibilis,
1077 5269 1337 5324 moribus
1389 5272 1759 5337 temperatus,
1813 5266 1926 5320 vita
1981 5272 2194 5333 castus,

489 5365 537 5418 si
561 5363 807 5428 sobrius,
838 5361 886 5414 si
912 5374 1141 5430 semper
1184 5357 1273 5410 sui
1302 5355 1529 5426 negocii
1581 5371 1805 5421 cavens,
1862 5355 1910 5408 si
1940 5353 2197 5422 humilis,

489 5453 534 5507 si
562 5450 828 5517 alfabilis,
860 5448 906 5503 si
938 5447 1288 5510 misericors,
1320 5446 1366 5498 si
1404 5445 1707 5509 litteratus,
1740 5444 1787 5497 si
1827 5443 1888 5497 in
1932 5443 2061 5513 lege
2094 5443 2198 5497 Do-

489 5541 634 5596 mini
667 5537 993 5600 instructus,
1022 5537 1071 5590 si
1120 5536 1184 5589 in
1213 5533 1639 5604 Scripturarum
1670 5531 1931 5586 sensibus
1972 5535 2194 5595 cautus,

487 5631 534 5685 si
593 5629 654 5683 in
719 5625 1080 5696 dogmatibus
1119 5621 1512 5678 ecclesiasticis
1559 5622 1914 5677 exercitatus.
1947 5619 2016 5674 Et
2065 5624 2197 5673 ante

2315 1832 2467 1895 sunt,
2494 1833 2550 1881 et
2572 1831 2897 1894 Auctorem,
2939 1833 2994 1882 et
3046 1829 3374 1898 Dominum,
3429 1836 3488 1885 et
3525 1833 3844 1887 Creatorem
3883 1849 4009 1887 cum

2314 1917 2479 1970 Patre
2523 1919 2579 1969 et
2619 1915 2835 1985 Spiritu
2883 1921 3076 1970 sancto
3129 1917 3392 1970 omnium
3440 1922 3853 1972 creaturarum.
3903 1919 4009 1983 Qui

2311 2019 2512 2074 passus
2555 2003 2629 2058 sit
2660 2020 2790 2058 vera
2845 2005 3032 2058 carnis
3061 2004 3342 2076 passione,
3405 2010 3664 2059 mortuus
3693 2022 3826 2062 vera
3888 2024 4014 2062 cor-

2313 2092 2470 2162 poris
2498 2092 2586 2146 sui
2640 2096 2840 2159 morte,
2898 2094 3234 2147 ressurrexit
3275 2109 3406 2147 vera
3438 2095 3624 2148 carnis
3676 2111 3792 2150 sua:
3830 2111 4013 2152 resur-

2315 2181 2587 2245 rectione,
2621 2185 2676 2234 et
2696 2197 2827 2234 vera
2868 2182 3075 2236 animm
3109 2183 3520 2252 resumptione,
3562 2183 3619 2236 in
3665 2199 3777 2254 qua
3827 2185 4015 2239 veniet

2307 2269 2564 2338 judicare
2593 2270 2749 2323 vivos
2779 2274 2835 2323 et
2862 2276 3139 2324 mortuos.
3169 2271 3553 2335 Quaerendum
3593 2271 3764 2326 etiam
3819 2272 3888 2326 ab
3919 2289 4010 2340 eo,

2313 2358 2358 2410 si
2384 2358 2521 2411 Novi
2553 2363 2607 2411 et
2642 2358 2856 2412 Veteris
2886 2359 3250 2423 Testamenti,
3281 2359 3336 2412 id
3370 2365 3472 2424 est,
3504 2359 3646 2429 legis
3677 2365 3731 2412 et
3764 2361 4014 2430 prophe-

2313 2452 2524 2513 tarum,
2581 2452 2637 2499 et
2682 2448 3094 2517 apostolorum,
3163 2464 3343 2501 unum
3394 2448 3776 2517 eumdemque
3825 2449 4017 2502 credat

2313 2538 2618 2589 Auctorem
2652 2541 2707 2589 et
2743 2537 3066 2590 Dominum.
3119 2536 3174 2590 Si
3225 2536 3486 2590 diabolus
3532 2553 3646 2590 non
3680 2553 3780 2607 per
3817 2537 4014 2591 condi-

2312 2623 2552 2687 tionem,
2587 2624 2680 2676 sed
2724 2641 2828 2694 per
2875 2625 3176 2678 arbitrium
3233 2641 3399 2679 suum
3451 2625 3632 2679 factus
3679 2626 3752 2679 sit
3805 2627 4009 2680 malus.

2313 2712 2698 2776 Quaerendum
2731 2713 2903 2766 etiam
2941 2714 3012 2767 ab
3043 2730 3132 2779 eo,
3167 2713 3212 2766 si
3245 2714 3436 2767 credat
3479 2713 3668 2784 hujus,
3702 2730 3872 2784 quam
3913 2731 4013 2785 ge-

2313 2806 2548 2868 stamus,
2599 2806 2810 2855 etnon
2861 2802 3095 2855 alterius
3150 2802 3339 2856 carnis
3400 2804 3897 2856 resurrectionem.
3953 2803 4014 2858 Si

2311 2888 2503 2941 credat
2551 2888 2831 2957 judicium
2891 2888 3174 2951 futurum.
3229 2894 3558 2960 recepturos
3599 2889 3854 2960 singulos
3907 2906 4013 2961 pro

2314 2977 2401 3030 his
2458 2992 2586 3046 qua:
2637 2977 2695 3030 in
2757 2976 2859 3030 hac
2916 2994 3085 3031 carne
3143 2983 3461 3048 gesserunt,
3519 2978 3607 3031 vel
3665 2994 3883 3048 paruas,
3924 2977 4012 3031 vel

2241 3065 2278 3120 C
2316 3064 2573 3135 praemia.
2607 3065 2664 3118 Si
2697 3065 2926 3135 nuptias
2959 3083 3072 3120 non
3130 3066 3439 3137 improbet.
3473 3065 3528 3120 Si
3578 3067 3822 3121 secunda
3881 3083 4014 3120 ma-

2313 3154 2584 3207 trimonia
2620 3170 2733 3206 non
2765 3153 3128 3208 condemnet.
3166 3155 3223 3208 Si
3269 3155 3527 3209 carnium
3575 3155 4013 3226 perceptionem

2311 3254 2427 3292 non
2483 3240 2694 3308 culpet.
2754 3238 2810 3292 Si
2866 3239 3276 3309 paenitentibus
3321 3240 3707 3295 reconciliatis
3752 3257 4014 3296 commu-

2312 3327 2482 3380 nicet.
2545 3327 2601 3380 Si
2661 3327 2720 3380 in
2777 3327 3064 3397 baptismo
3123 3329 3317 3383 omnia
3377 3334 3594 3399 pecata,
3655 3329 3711 3384 id
3761 3335 3845 3384 est
3893 3335 4018 3385 tam

2311 3414 2450 3468 illud
2483 3415 2760 3484 originale
2783 3421 3139 3470 contractum
3171 3433 3345 3487 quam
3393 3419 3490 3470 illa
3520 3434 3648 3488 quin
3691 3419 4019 3473 voluntarie

2311 3503 2557 3557 admissa
2589 3509 2738 3569 sunt,
2775 3504 3164 3569 dimittantur;
3202 3506 3248 3558 si
3296 3511 3451 3559 extra
3483 3506 3783 3560 Ecclesium
3813 3507 4015 3562 catho-

2309 3593 2476 3646 licam
2523 3593 2670 3646 ullus
2717 3594 2981 3647 salvetur.
3041 3594 3181 3648 Cum
3229 3594 3287 3648 in
3336 3595 3424 3648 his
3490 3595 3758 3649 omnibus
3799 3596 4021 3650 exami-

2309 3687 2497 3746 natus,
2547 3681 2905 3751 pleniterque
2955 3681 3264 3736 instructus
3327 3689 3590 3753 repertus
3633 3683 3826 3750 fuerit,
3876 3688 4022 3738 tunc

2308 3769 2607 3822 ordinetur
2639 3769 2962 3840 episcopus.

2414 3875 2544 3930 CAP.
2578 3876 2662 3929 IX.
2695 3905 2763 3915 —
2798 3877 2864 3929 Ut
2893 3875 3131 3943 episcopi
3160 3875 3580 3942 diligentissime
3604 3878 3902 3947 probentur

2831 3953 3120 4016 antequam
3146 3947 3482 4002 ordinentur.

2380 4034 2492 4101 (Ea:
2532 4035 2700 4088 conc-il
2749 4035 3054 4096 Aureliam,
3087 4051 3208 4104 cap.
3255 4036 3362 4104 l2.)
3415 4037 3483 4090 Ut
3502 4035 3755 4107 episcopi
3781 4035 4016 4106 judicio

2308 4122 2906 4191 metropolitanorum,
2961 4128 3017 4176 et
3057 4139 3256 4177 eorum
3303 4124 3704 4195 episcoporum
3750 4125 3852 4195 qui
3897 4126 4020 4178 cir-

2305 4211 2558 4264 cumcisa
2597 4217 2749 4274 sunt,
2796 4213 3188 4280 provehantur
3236 4213 3305 4267 ad
3364 4213 3802 4267 ecclesiasticam
3854 4220 4023 4284 pote-

2311 4301 2534 4361 statem,
2559 4296 2618 4350 hi
2653 4295 2935 4364 videlicet,
2966 4297 3067 4366 qui
3096 4297 3348 4367 plurimo
3374 4303 3635 4369 tempore
3665 4299 4018 4368 probantur,

2309 4391 2427 4439 tam
2450 4385 2624 4439 verbo
2657 4384 2811 4451 iidei,
2843 4401 3017 4456 quam
3051 4391 3220 4439 rectae
3248 4387 3692 4440 conversationis
3721 4389 4018 4456 exemplo.

2305 4491 2434 4546 CAP.
2469 4491 2528 4545 X.
2553 4521 2622 4531 —
2673 4491 2826 4557 Quod
2867 4491 3065 4560 populo
3106 4507 3210 4544 non
3259 4493 3416 4546 liceat
3462 4508 3558 4562 per
3590 4507 3645 4547 se
3672 4492 4025 4548 sacerdotum

2897 4565 3075 4628 facere
3115 4565 3410 4617 electiones.

2376 4648 2497 4719 (Ex'
2533 4651 2721 4704 consil.
2762 4649 3020 4716 Bracar.,
3079 4667 3200 4719 cap.
3258 4653 3330 4714 l.)
3385 4651 3505 4705 Non
3563 4651 3729 4705 liceat
3793 4653 4025 4722 populo

2306 4738 2639 4792 electionem
2673 4738 2854 4792 facere
2903 4755 3005 4808 per
3037 4755 3116 4803 se,
3148 4755 3347 4792 eorum
3376 4739 3476 4809 qui
3526 4739 3598 4793 ad
3625 4739 4024 4794 sacerdotium

2305 4832 2705 4895 provocantur,
2733 4826 2827 4880 sed
2861 4827 2918 4880 in
2949 4827 3167 4896 judicio
3214 4829 3612 4897 episcoporum
3663 4845 3784 4882 esse
3815 4827 4026 4893 debet,

2306 4920 2368 4968 ut
2394 4914 2501 4985 ipsi
2535 4931 2688 4982 eum,
2722 4915 2821 4986 qui
2863 4914 3212 4969 ordinandus
3242 4921 3345 4982 est,
3385 4916 3647 4987 probent,
3690 4916 3737 4970 si
3789 4916 3849 4970 in
3890 4933 4030 4970 ser-

2305 5018 2497 5070 mone,
2528 5008 2583 5056 et
2613 5003 2746 5070 lide,
2779 5009 2835 5057 et
2859 5003 3099 5074 spiritali
3132 5005 3247 5057 vita
3280 5005 3517 5058 edoctus
3554 5005 3644 5058 sit.

2305 5110 2434 5164 Car.
2491 5108 2578 5161 Χῐ.
2634 5138 2700 5145 -
2734 5107 2890 5172 Quod
2946 5123 3050 5160 non
3099 5108 3402 5161 habeantur
3462 5110 3717 5176 episcopi.
3751 5123 3885 5176 quos
3917 5125 4026 5162 nec

2367 5180 2561 5242 clerus,
2623 5194 2716 5231 nec
2763 5179 2997 5247 populus
3038 5179 3216 5246 elegit,
3265 5195 3358 5232 nec
3382 5181 3851 5248 comprovinciales
3902 5183 4032 5249 epi-

2376 5251 2525 5317 scopi
2549 5254 2954 5303 consecrarunt.

2379 5355 2532 5422 (Can.
2556 5355 2745 5408 Leonis
2791 5370 2952 5423 papz
3006 5357 3114 5420 l5.)
3165 5355 3331 5409 Nulla
3387 5355 3535 5409 ratio
3589 5355 3724 5408 sinit
3753 5362 3817 5409 ut
3856 5355 4034 5412 inter

2305 5443 2600 5513 episcopos
2653 5443 2973 5496 habeantur
3027 5442 3127 5513 qui
3171 5459 3275 5497 nec
3319 5460 3350 5497 a
3397 5444 3618 5498 clericis
3654 5449 3788 5498 sunt
3819 5445 4029 5513 electi,

2307 5546 2411 5584 nec
2467 5547 2500 5584 a
2554 5531 2818 5602 plebibus
2869 5531 3123 5601 expetiti,
3179 5547 3283 5586 nec
3337 5547 3372 5586 a
3431 5532 4038 5603 comprovincialibus

2307 5618 2589 5690 episcopis
2619 5634 2750 5674 cum
2780 5618 3207 5690 metropolitani
3228 5620 3448 5690 judicio
3478 5622 3812 5676 consecrati.
3847 5623 4034 5678 Unde
