  <div class='ocr_page' id='page_1' title='image "/cluster/home/n/w/nwhite01/storage/ocr_20150623/140-141/uc1.31175018559917/284.png"; bbox 0 0 4200 6380; ppageno 0'>
   <div class='ocr_carea' id='block_1_1' title="bbox 252 314 2758 373">
    <p class='ocr_par' dir='ltr' id='par_1_1' title="bbox 252 314 2758 373">
     <span class='ocr_line' id='line_1_1' title="bbox 252 314 2758 373; baseline 0.001 -8"><span class='ocrx_word' id='word_1_1' title='bbox 252 317 347 369; x_wconf 67' lang='lat'>353</span> <span class='ocrx_word' id='word_1_2' title='bbox 1238 314 1714 373; x_wconf 79' lang='lat' dir='ltr'>DECRETORUM</span> <span class='ocrx_word' id='word_1_3' title='bbox 1756 315 1937 373; x_wconf 82' lang='lat' dir='ltr'><strong>LIBRI</strong></span> <span class='ocrx_word' id='word_1_4' title='bbox 1977 316 2081 372; x_wconf 78' lang='lat' dir='ltr'><strong>XX.</strong></span> <span class='ocrx_word' id='word_1_5' title='bbox 2128 344 2195 354; x_wconf 94' lang='lat'><strong><em>—</em></strong></span> <span class='ocrx_word' id='word_1_6' title='bbox 2235 315 2441 371; x_wconf 82' lang='lat' dir='ltr'><strong>LIBER</strong></span> <span class='ocrx_word' id='word_1_7' title='bbox 2485 315 2758 369; x_wconf 80' lang='lat' dir='ltr'>PRIMUS.</span> 
     </span>
    </p>
   </div>
   <div class='ocr_carea' id='block_1_2' title="bbox 251 436 2015 508">
    <p class='ocr_par' dir='ltr' id='par_1_2' title="bbox 251 436 2015 508">
     <span class='ocr_line' id='line_1_2' title="bbox 251 436 2015 508; baseline 0.001 -18"><span class='ocrx_word' id='word_1_8' title='bbox 251 452 377 490; x_wconf 89' lang='lat' dir='ltr'>cum</span> <span class='ocrx_word' id='word_1_9' title='bbox 407 451 565 507; x_wconf 59' lang='lat' dir='ltr'>saepe</span> <span class='ocrx_word' id='word_1_10' title='bbox 595 436 838 508; x_wconf 63' lang='lat' dir='ltr'>quaestio</span> <span class='ocrx_word' id='word_1_11' title='bbox 869 437 937 491; x_wconf 92' lang='lat' dir='ltr'>de</span> <span class='ocrx_word' id='word_1_12' title='bbox 966 436 1114 490; x_wconf 90' lang='lat' dir='ltr'>male</span> <span class='ocrx_word' id='word_1_13' title='bbox 1145 442 1375 506; x_wconf 90' lang='lat' dir='ltr'>accepto</span> <span class='ocrx_word' id='word_1_14' title='bbox 1413 437 1626 492; x_wconf 85' lang='lat' dir='ltr'>honore</span> <span class='ocrx_word' id='word_1_15' title='bbox 1656 443 1938 503; x_wconf 88' lang='lat' dir='ltr'>nascatur,</span> <span class='ocrx_word' id='word_1_16' title='bbox 1968 439 2015 491; x_wconf 87' lang='lat' dir='ltr'>A</span> 
     </span>
    </p>
   </div>
   <div class='ocr_carea' id='block_1_3' title="bbox 250 523 1948 595">
    <p class='ocr_par' dir='ltr' id='par_1_3' title="bbox 250 523 1948 595">
     <span class='ocr_line' id='line_1_3' title="bbox 250 523 1948 595; baseline 0.001 -18"><span class='ocrx_word' id='word_1_17' title='bbox 250 524 371 594; x_wconf 83' lang='lat' dir='ltr'>quis</span> <span class='ocrx_word' id='word_1_18' title='bbox 402 524 668 594; x_wconf 82' lang='lat' dir='ltr'>ambigat</span> <span class='ocrx_word' id='word_1_19' title='bbox 718 538 1083 595; x_wconf 85' lang='lat' dir='ltr'>nequaquam</span> <span class='ocrx_word' id='word_1_20' title='bbox 1136 528 1191 577; x_wconf 90' lang='lat' dir='ltr'>et</span> <span class='ocrx_word' id='word_1_21' title='bbox 1234 523 1303 577; x_wconf 92' lang='lat' dir='ltr'>ab</span> <span class='ocrx_word' id='word_1_22' title='bbox 1351 524 1471 577; x_wconf 80' lang='lat' dir='ltr'>istis</span> <span class='ocrx_word' id='word_1_23' title='bbox 1523 541 1645 579; x_wconf 91' lang='lat' dir='ltr'>esse</span> <span class='ocrx_word' id='word_1_24' title='bbox 1684 525 1948 579; x_wconf 88' lang='lat' dir='ltr'>tribuen-</span> 
     </span>
    </p>
   </div>
   <div class='ocr_carea' id='block_1_4' title="bbox 251 610 1947 683">
    <p class='ocr_par' dir='ltr' id='par_1_4' title="bbox 251 610 1947 683">
     <span class='ocr_line' id='line_1_4' title="bbox 251 610 1947 683; baseline 0.001 -18"><span class='ocrx_word' id='word_1_25' title='bbox 251 612 384 665; x_wconf 91' lang='lat' dir='ltr'>dum</span> <span class='ocrx_word' id='word_1_26' title='bbox 418 612 578 683; x_wconf 88' lang='lat' dir='ltr'>quod</span> <span class='ocrx_word' id='word_1_27' title='bbox 619 628 734 665; x_wconf 89' lang='lat' dir='ltr'>non</span> <span class='ocrx_word' id='word_1_28' title='bbox 766 612 1037 666; x_wconf 90' lang='lat' dir='ltr'>doceatur</span> <span class='ocrx_word' id='word_1_29' title='bbox 1068 610 1240 664; x_wconf 91' lang='lat' dir='ltr'>fuisse</span> <span class='ocrx_word' id='word_1_30' title='bbox 1279 612 1549 665; x_wconf 86' lang='lat' dir='ltr'>collatum</span> <span class='ocrx_word' id='word_1_31' title='bbox 1575 613 1602 667; x_wconf 85' lang='lat'><strong>?</strong></span> <span class='ocrx_word' id='word_1_32' title='bbox 1632 612 1686 666; x_wconf 90' lang='lat' dir='ltr'>Si</span> <span class='ocrx_word' id='word_1_33' title='bbox 1717 613 1815 683; x_wconf 90' lang='lat' dir='ltr'>qui</span> <span class='ocrx_word' id='word_1_34' title='bbox 1846 629 1947 666; x_wconf 92' lang='lat' dir='ltr'>au-</span> 
     </span>
    </p>
   </div>
   <div class='ocr_carea' id='block_1_5' title="bbox 250 698 1948 769">
    <p class='ocr_par' dir='ltr' id='par_1_5' title="bbox 250 698 1948 769">
     <span class='ocr_line' id='line_1_5' title="bbox 250 698 1948 769; baseline 0.001 -17"><span class='ocrx_word' id='word_1_35' title='bbox 250 705 359 753; x_wconf 90' lang='lat' dir='ltr'>tem</span> <span class='ocrx_word' id='word_1_36' title='bbox 409 700 609 753; x_wconf 84' lang='lat' dir='ltr'>clerici</span> <span class='ocrx_word' id='word_1_37' title='bbox 664 699 733 753; x_wconf 92' lang='lat' dir='ltr'>ab</span> <span class='ocrx_word' id='word_1_38' title='bbox 772 699 896 752; x_wconf 91' lang='lat' dir='ltr'>istis</span> <span class='ocrx_word' id='word_1_39' title='bbox 946 698 1414 769; x_wconf 89' lang='lat' dir='ltr'>pseudepiscopis</span> <span class='ocrx_word' id='word_1_40' title='bbox 1454 700 1513 753; x_wconf 90' lang='lat' dir='ltr'>in</span> <span class='ocrx_word' id='word_1_41' title='bbox 1558 699 1639 754; x_wconf 91' lang='lat' dir='ltr'>eis</span> <span class='ocrx_word' id='word_1_42' title='bbox 1689 700 1948 755; x_wconf 87' lang='lat' dir='ltr'>Ecclesiis</span> 
     </span>
    </p>
   </div>
   <div class='ocr_carea' id='block_1_6' title="bbox 253 786 1944 858">
    <p class='ocr_par' dir='ltr' id='par_1_6' title="bbox 253 786 1944 858">
     <span class='ocr_line' id='line_1_6' title="bbox 253 786 1944 858; baseline 0.001 -17"><span class='ocrx_word' id='word_1_43' title='bbox 253 788 498 841; x_wconf 83' lang='lat' dir='ltr'>ordinati</span> <span class='ocrx_word' id='word_1_44' title='bbox 530 791 683 855; x_wconf 87' lang='lat' dir='ltr'>sunt,</span> <span class='ocrx_word' id='word_1_45' title='bbox 708 803 835 858; x_wconf 66' lang='lat' dir='ltr'>qum</span> <span class='ocrx_word' id='word_1_46' title='bbox 858 787 925 840; x_wconf 90' lang='lat' dir='ltr'>ad</span> <span class='ocrx_word' id='word_1_47' title='bbox 954 786 1217 857; x_wconf 87' lang='lat' dir='ltr'>proprios</span> <span class='ocrx_word' id='word_1_48' title='bbox 1249 787 1540 858; x_wconf 81' lang='lat' dir='ltr'>episcopos</span> <span class='ocrx_word' id='word_1_49' title='bbox 1561 788 1944 858; x_wconf 86' lang='lat' dir='ltr'>pertinebant,</span> 
     </span>
    </p>
   </div>
   <div class='ocr_carea' id='block_1_7' title="bbox 253 875 1947 945">
    <p class='ocr_par' dir='ltr' id='par_1_7' title="bbox 253 875 1947 945">
     <span class='ocr_line' id='line_1_7' title="bbox 253 875 1947 945; baseline 0 -16"><span class='ocrx_word' id='word_1_50' title='bbox 253 880 305 929; x_wconf 89' lang='lat' dir='ltr'>et</span> <span class='ocrx_word' id='word_1_51' title='bbox 330 875 627 930; x_wconf 86' lang='lat' dir='ltr'>ordinatio</span> <span class='ocrx_word' id='word_1_52' title='bbox 658 890 859 929; x_wconf 90' lang='lat' dir='ltr'>eorum</span> <span class='ocrx_word' id='word_1_53' title='bbox 905 889 1032 927; x_wconf 91' lang='lat' dir='ltr'>cum</span> <span class='ocrx_word' id='word_1_54' title='bbox 1067 889 1346 928; x_wconf 88' lang='lat' dir='ltr'>consensu</span> <span class='ocrx_word' id='word_1_55' title='bbox 1386 880 1443 928; x_wconf 87' lang='lat' dir='ltr'>et</span> <span class='ocrx_word' id='word_1_56' title='bbox 1479 876 1718 929; x_wconf 89' lang='lat' dir='ltr'>consilio</span> <span class='ocrx_word' id='word_1_57' title='bbox 1750 876 1947 945; x_wconf 71' lang='lat' dir='ltr'>praesi-</span> 
     </span>
    </p>
   </div>
   <div class='ocr_carea' id='block_1_8' title="bbox 254 961 1947 1032">
    <p class='ocr_par' dir='ltr' id='par_1_8' title="bbox 254 961 1947 1032">
     <span class='ocr_line' id='line_1_8' title="bbox 254 961 1947 1032; baseline -0.001 -16"><span class='ocrx_word' id='word_1_58' title='bbox 254 962 513 1016; x_wconf 90' lang='lat' dir='ltr'>dentium</span> <span class='ocrx_word' id='word_1_59' title='bbox 554 963 701 1016; x_wconf 90' lang='lat' dir='ltr'>facta</span> <span class='ocrx_word' id='word_1_60' title='bbox 731 968 835 1026; x_wconf 89' lang='lat' dir='ltr'>est,</span> <span class='ocrx_word' id='word_1_61' title='bbox 862 966 1048 1032; x_wconf 91' lang='lat' dir='ltr'>potest</span> <span class='ocrx_word' id='word_1_62' title='bbox 1074 965 1197 1014; x_wconf 89' lang='lat' dir='ltr'>rata</span> <span class='ocrx_word' id='word_1_63' title='bbox 1230 961 1449 1027; x_wconf 90' lang='lat' dir='ltr'>haberi,</span> <span class='ocrx_word' id='word_1_64' title='bbox 1498 963 1576 1017; x_wconf 90' lang='lat' dir='ltr'>ita</span> <span class='ocrx_word' id='word_1_65' title='bbox 1620 967 1683 1016; x_wconf 89' lang='lat' dir='ltr'>ut</span> <span class='ocrx_word' id='word_1_66' title='bbox 1721 964 1780 1017; x_wconf 88' lang='lat' dir='ltr'>in</span> <span class='ocrx_word' id='word_1_67' title='bbox 1810 963 1947 1032; x_wconf 89' lang='lat' dir='ltr'>ipsis</span> 
     </span>
    </p>
   </div>
   <div class='ocr_carea' id='block_1_9' title="bbox 251 1051 1947 1123">
    <p class='ocr_par' dir='ltr' id='par_1_9' title="bbox 251 1051 1947 1123">
     <span class='ocr_line' id='line_1_9' title="bbox 251 1051 1947 1123; baseline -0.001 -19"><span class='ocrx_word' id='word_1_68' title='bbox 251 1051 503 1105; x_wconf 90' lang='lat' dir='ltr'>ecclesiis</span> <span class='ocrx_word' id='word_1_69' title='bbox 528 1056 914 1123; x_wconf 80' lang='lat' dir='ltr'>perseverent.</span> <span class='ocrx_word' id='word_1_70' title='bbox 949 1051 1131 1104; x_wconf 86' lang='lat' dir='ltr'>Aliter</span> <span class='ocrx_word' id='word_1_71' title='bbox 1162 1055 1348 1103; x_wconf 91' lang='lat' dir='ltr'>autem</span> <span class='ocrx_word' id='word_1_72' title='bbox 1377 1067 1520 1105; x_wconf 91' lang='lat' dir='ltr'>vana</span> <span class='ocrx_word' id='word_1_73' title='bbox 1569 1051 1829 1105; x_wconf 90' lang='lat' dir='ltr'>habenda</span> <span class='ocrx_word' id='word_1_74' title='bbox 1863 1057 1947 1104; x_wconf 89' lang='lat' dir='ltr'>est</span> 
     </span>
    </p>
   </div>
   <div class='ocr_carea' id='block_1_10' title="bbox 252 1138 1945 1211">
    <p class='ocr_par' dir='ltr' id='par_1_10' title="bbox 252 1138 1945 1211">
     <span class='ocr_line' id='line_1_10' title="bbox 252 1138 1945 1211; baseline 0.001 -19"><span class='ocrx_word' id='word_1_75' title='bbox 252 1140 623 1206; x_wconf 87' lang='lat' dir='ltr'>consecratio,</span> <span class='ocrx_word' id='word_1_76' title='bbox 658 1138 796 1211; x_wconf 86' lang='lat' dir='ltr'>quia</span> <span class='ocrx_word' id='word_1_77' title='bbox 826 1154 930 1193; x_wconf 90' lang='lat' dir='ltr'>nec</span> <span class='ocrx_word' id='word_1_78' title='bbox 975 1139 1099 1192; x_wconf 90' lang='lat' dir='ltr'>loco</span> <span class='ocrx_word' id='word_1_79' title='bbox 1144 1138 1376 1192; x_wconf 83' lang='lat' dir='ltr'>fundata</span> <span class='ocrx_word' id='word_1_80' title='bbox 1410 1143 1512 1205; x_wconf 89' lang='lat' dir='ltr'>est,</span> <span class='ocrx_word' id='word_1_81' title='bbox 1566 1155 1669 1192; x_wconf 91' lang='lat' dir='ltr'>nec</span> <span class='ocrx_word' id='word_1_82' title='bbox 1699 1140 1945 1193; x_wconf 87' lang='lat' dir='ltr'>auctori-</span> 
     </span>
    </p>
   </div>
   <div class='ocr_carea' id='block_1_11' title="bbox 250 1229 638 1283">
    <p class='ocr_par' dir='ltr' id='par_1_11' title="bbox 250 1229 638 1283">
     <span class='ocr_line' id='line_1_11' title="bbox 250 1229 638 1283; baseline 0.003 -1"><span class='ocrx_word' id='word_1_83' title='bbox 250 1234 361 1282; x_wconf 87' lang='lat' dir='ltr'>tate</span> <span class='ocrx_word' id='word_1_84' title='bbox 388 1229 638 1283; x_wconf 90' lang='lat' dir='ltr'>munita.</span> 
     </span>
    </p>
   </div>
   <div class='ocr_carea' id='block_1_12' title="bbox 251 1333 1940 1405">
    <p class='ocr_par' dir='ltr' id='par_1_12' title="bbox 251 1333 1940 1405">
     <span class='ocr_line' id='line_1_12' title="bbox 251 1333 1940 1405; baseline -0.001 -16"><span class='ocrx_word' id='word_1_85' title='bbox 251 1335 378 1389; x_wconf 80' lang='lat' dir='ltr'>CAP.</span> <span class='ocrx_word' id='word_1_86' title='bbox 420 1336 533 1389; x_wconf 88' lang='lat' dir='ltr'><strong>XII.</strong></span> <span class='ocrx_word' id='word_1_87' title='bbox 571 1365 639 1373; x_wconf 93' lang='lat'><strong>—</strong></span> <span class='ocrx_word' id='word_1_88' title='bbox 683 1333 840 1399; x_wconf 86' lang='lat' dir='ltr'>Quod</span> <span class='ocrx_word' id='word_1_89' title='bbox 889 1334 1071 1387; x_wconf 89' lang='lat' dir='ltr'>nullus</span> <span class='ocrx_word' id='word_1_90' title='bbox 1115 1333 1365 1387; x_wconf 84' lang='lat' dir='ltr'>ordinari</span> <span class='ocrx_word' id='word_1_91' title='bbox 1406 1336 1686 1405; x_wconf 81' lang='lat' dir='ltr'>episcopus</span> <span class='ocrx_word' id='word_1_92' title='bbox 1733 1334 1940 1401; x_wconf 83' lang='lat' dir='ltr'>debeat,</span> 
     </span>
    </p>
   </div>
   <div class='ocr_carea' id='block_1_13' title="bbox 804 1405 1397 1457">
    <p class='ocr_par' dir='ltr' id='par_1_13' title="bbox 804 1405 1397 1457">
     <span class='ocr_line' id='line_1_13' title="bbox 804 1405 1397 1457; baseline -0.003 0"><span class='ocrx_word' id='word_1_93' title='bbox 804 1406 917 1457; x_wconf 94' lang='lat' dir='ltr'>nisi</span> <span class='ocrx_word' id='word_1_94' title='bbox 942 1419 1009 1457; x_wconf 81' lang='lat' dir='ltr'>ea:</span> <span class='ocrx_word' id='word_1_95' title='bbox 1038 1405 1397 1457; x_wconf 80' lang='lat' dir='ltr'>conventione.</span> 
     </span>
    </p>
   </div>
   <div class='ocr_carea' id='block_1_14' title="bbox 317 1491 1943 1561">
    <p class='ocr_par' dir='ltr' id='par_1_14' title="bbox 317 1491 1943 1561">
     <span class='ocr_line' id='line_1_14' title="bbox 317 1491 1943 1561; baseline -0.001 -14"><span class='ocrx_word' id='word_1_96' title='bbox 317 1492 429 1561; x_wconf 80' lang='lat' dir='ltr'>(Ea:</span> <span class='ocrx_word' id='word_1_97' title='bbox 460 1508 605 1547; x_wconf 89' lang='lat' dir='ltr'>conc.</span> <span class='ocrx_word' id='word_1_98' title='bbox 638 1492 951 1559; x_wconf 90' lang='lat' dir='ltr'>Aurelian.,</span> <span class='ocrx_word' id='word_1_99' title='bbox 973 1507 1093 1559; x_wconf 87' lang='lat' dir='ltr'>cap.</span> <span class='ocrx_word' id='word_1_100' title='bbox 1135 1495 1213 1558; x_wconf 80' lang='lat'>2.)</span> <span class='ocrx_word' id='word_1_101' title='bbox 1246 1492 1449 1545; x_wconf 88' lang='lat' dir='ltr'>Nullus</span> <span class='ocrx_word' id='word_1_102' title='bbox 1479 1496 1561 1545; x_wconf 90' lang='lat' dir='ltr'>est</span> <span class='ocrx_word' id='word_1_103' title='bbox 1590 1491 1943 1545; x_wconf 89' lang='lat' dir='ltr'>ordinandus</span> 
     </span>
    </p>
   </div>
   <div class='ocr_carea' id='block_1_15' title="bbox 250 1578 1943 1651">
    <p class='ocr_par' dir='ltr' id='par_1_15' title="bbox 250 1578 1943 1651">
     <span class='ocr_line' id='line_1_15' title="bbox 250 1578 1943 1651; baseline -0.001 -16"><span class='ocrx_word' id='word_1_104' title='bbox 250 1581 576 1651; x_wconf 89' lang='lat' dir='ltr'>episcopus,</span> <span class='ocrx_word' id='word_1_105' title='bbox 612 1580 723 1634; x_wconf 89' lang='lat' dir='ltr'>nisi</span> <span class='ocrx_word' id='word_1_106' title='bbox 773 1580 1092 1634; x_wconf 87' lang='lat' dir='ltr'>convocatis</span> <span class='ocrx_word' id='word_1_107' title='bbox 1122 1578 1341 1634; x_wconf 86' lang='lat' dir='ltr'>clericis</span> <span class='ocrx_word' id='word_1_108' title='bbox 1370 1584 1427 1634; x_wconf 90' lang='lat' dir='ltr'>et</span> <span class='ocrx_word' id='word_1_109' title='bbox 1470 1580 1853 1650; x_wconf 87' lang='lat' dir='ltr'>parochianis,</span> <span class='ocrx_word' id='word_1_110' title='bbox 1889 1586 1943 1634; x_wconf 89' lang='lat' dir='ltr'>et</span> 
     </span>
    </p>
   </div>
   <div class='ocr_carea' id='block_1_16' title="bbox 246 1667 1067 1723">
    <p class='ocr_par' dir='ltr' id='par_1_16' title="bbox 246 1667 1067 1723">
     <span class='ocr_line' id='line_1_16' title="bbox 246 1667 1067 1723; baseline 0.001 -1"><span class='ocrx_word' id='word_1_111' title='bbox 246 1669 305 1723; x_wconf 89' lang='lat' dir='ltr'>in</span> <span class='ocrx_word' id='word_1_112' title='bbox 336 1685 525 1723; x_wconf 92' lang='lat' dir='ltr'>unum</span> <span class='ocrx_word' id='word_1_113' title='bbox 557 1667 1067 1723; x_wconf 80' lang='lat' dir='ltr'>consentientibus.</span> 
     </span>
    </p>
   </div>
   <div class='ocr_carea' id='block_1_17' title="bbox 246 1774 1942 1842">
    <p class='ocr_par' dir='ltr' id='par_1_17' title="bbox 246 1774 1942 1842">
     <span class='ocr_line' id='line_1_17' title="bbox 246 1774 1942 1842; baseline -0.002 -12"><span class='ocrx_word' id='word_1_114' title='bbox 246 1776 373 1830; x_wconf 69' lang='lat' dir='ltr'>Car.</span> <span class='ocrx_word' id='word_1_115' title='bbox 410 1776 557 1829; x_wconf 92' lang='lat' dir='ltr'><strong>XIII.</strong></span> <span class='ocrx_word' id='word_1_116' title='bbox 588 1802 661 1815; x_wconf 92' lang='lat'><strong>—</strong></span> <span class='ocrx_word' id='word_1_117' title='bbox 690 1777 763 1827; x_wconf 91' lang='lat' dir='ltr'>De</span> <span class='ocrx_word' id='word_1_118' title='bbox 792 1775 903 1827; x_wconf 86' lang='lat' dir='ltr'>illis</span> <span class='ocrx_word' id='word_1_119' title='bbox 951 1775 1049 1842; x_wconf 89' lang='lat' dir='ltr'>qui</span> <span class='ocrx_word' id='word_1_120' title='bbox 1078 1776 1350 1841; x_wconf 84' lang='lat' dir='ltr'>accipiunt</span> <span class='ocrx_word' id='word_1_121' title='bbox 1394 1775 1662 1839; x_wconf 81' lang='lat' dir='ltr'>regimina</span> <span class='ocrx_word' id='word_1_122' title='bbox 1689 1774 1942 1827; x_wconf 85' lang='lat' dir='ltr'>ecclesia-</span> 
     </span>
    </p>
   </div>
   <div class='ocr_carea' id='block_1_18' title="bbox 387 1844 1780 1914">
    <p class='ocr_par' dir='ltr' id='par_1_18' title="bbox 387 1844 1780 1914">
     <span class='ocr_line' id='line_1_18' title="bbox 387 1844 1780 1914; baseline 0.001 -17"><span class='ocrx_word' id='word_1_123' title='bbox 387 1847 530 1914; x_wconf 69' lang='lat' dir='ltr'>{rum</span> <span class='ocrx_word' id='word_1_124' title='bbox 560 1850 611 1899; x_wconf 93' lang='lat' dir='ltr'>et</span> <span class='ocrx_word' id='word_1_125' title='bbox 649 1849 862 1898; x_wconf 86' lang='lat' dir='ltr'>cunctos</span> <span class='ocrx_word' id='word_1_126' title='bbox 889 1846 1042 1910; x_wconf 85' lang='lat' dir='ltr'>fastu</span> <span class='ocrx_word' id='word_1_127' title='bbox 1072 1845 1333 1913; x_wconf 75' lang='lat' dir='ltr'>superbiae</span> <span class='ocrx_word' id='word_1_128' title='bbox 1358 1844 1780 1912; x_wconf 81' lang='lat' dir='ltr'>parvipendunt.</span> 
     </span>
    </p>
   </div>
   <div class='ocr_carea' id='block_1_19' title="bbox 317 1931 1945 2002">
    <p class='ocr_par' dir='ltr' id='par_1_19' title="bbox 317 1931 1945 2002">
     <span class='ocr_line' id='line_1_19' title="bbox 317 1931 1945 2002; baseline -0.002 -13"><span class='ocrx_word' id='word_1_129' title='bbox 317 1935 619 2002; x_wconf 83' lang='lat' dir='ltr'>(Origenes</span> <span class='ocrx_word' id='word_1_130' title='bbox 667 1932 802 1985; x_wconf 83' lang='lat' dir='ltr'>dicit</span> <span class='ocrx_word' id='word_1_131' title='bbox 835 1935 891 2000; x_wconf 90' lang='lat'>:)</span> <span class='ocrx_word' id='word_1_132' title='bbox 947 1931 1188 1995; x_wconf 87' lang='lat' dir='ltr'>Quidam</span> <span class='ocrx_word' id='word_1_133' title='bbox 1244 1936 1535 2001; x_wconf 86' lang='lat' dir='ltr'>assumpta</span> <span class='ocrx_word' id='word_1_134' title='bbox 1586 1932 1831 1985; x_wconf 86' lang='lat' dir='ltr'>Ecclesia</span> <span class='ocrx_word' id='word_1_135' title='bbox 1888 1936 1945 1986; x_wconf 92' lang='lat' dir='ltr'>et</span> 
     </span>
    </p>
   </div>
   <div class='ocr_carea' id='block_1_20' title="bbox 243 2019 1943 2090">
    <p class='ocr_par' dir='ltr' id='par_1_20' title="bbox 243 2019 1943 2090">
     <span class='ocr_line' id='line_1_20' title="bbox 243 2019 1943 2090; baseline -0.002 -14"><span class='ocrx_word' id='word_1_136' title='bbox 243 2022 416 2076; x_wconf 90' lang='lat' dir='ltr'>rebus</span> <span class='ocrx_word' id='word_1_137' title='bbox 470 2020 681 2075; x_wconf 88' lang='lat' dir='ltr'>divinis</span> <span class='ocrx_word' id='word_1_138' title='bbox 730 2020 1043 2085; x_wconf 85' lang='lat' dir='ltr'>elevantur,</span> <span class='ocrx_word' id='word_1_139' title='bbox 1094 2024 1149 2073; x_wconf 89' lang='lat' dir='ltr'>et</span> <span class='ocrx_word' id='word_1_140' title='bbox 1195 2025 1429 2073; x_wconf 91' lang='lat' dir='ltr'>cunctos</span> <span class='ocrx_word' id='word_1_141' title='bbox 1468 2019 1617 2073; x_wconf 88' lang='lat' dir='ltr'>fastu</span> <span class='ocrx_word' id='word_1_142' title='bbox 1660 2020 1943 2090; x_wconf 64' lang='lat' dir='ltr'>superbiae</span> 
     </span>
    </p>
   </div>
   <div class='ocr_carea' id='block_1_21' title="bbox 242 2107 1943 2181">
    <p class='ocr_par' dir='ltr' id='par_1_21' title="bbox 242 2107 1943 2181">
     <span class='ocr_line' id='line_1_21' title="bbox 242 2107 1943 2181; baseline -0.001 -17"><span class='ocrx_word' id='word_1_143' title='bbox 242 2109 679 2181; x_wconf 86' lang='lat' dir='ltr'>parvipeudunt</span> <span class='ocrx_word' id='word_1_144' title='bbox 711 2124 723 2164; x_wconf 91' lang='lat'>:</span> <span class='ocrx_word' id='word_1_145' title='bbox 777 2107 835 2161; x_wconf 91' lang='lat' dir='ltr'>hi</span> <span class='ocrx_word' id='word_1_146' title='bbox 883 2124 1049 2162; x_wconf 90' lang='lat' dir='ltr'>canes</span> <span class='ocrx_word' id='word_1_147' title='bbox 1080 2108 1261 2178; x_wconf 90' lang='lat' dir='ltr'>magis</span> <span class='ocrx_word' id='word_1_148' title='bbox 1293 2124 1465 2179; x_wconf 90' lang='lat' dir='ltr'>quam</span> <span class='ocrx_word' id='word_1_149' title='bbox 1503 2108 1789 2178; x_wconf 88' lang='lat' dir='ltr'>principes</span> <span class='ocrx_word' id='word_1_150' title='bbox 1832 2125 1943 2163; x_wconf 89' lang='lat' dir='ltr'>no-</span> 
     </span>
    </p>
   </div>
   <div class='ocr_carea' id='block_1_22' title="bbox 243 2199 568 2251">
    <p class='ocr_par' dir='ltr' id='par_1_22' title="bbox 243 2199 568 2251">
     <span class='ocr_line' id='line_1_22' title="bbox 243 2199 568 2251; baseline 0 0"><span class='ocrx_word' id='word_1_151' title='bbox 243 2199 568 2251; x_wconf 91' lang='lat' dir='ltr'>minantur.</span> 
     </span>
    </p>
   </div>
   <div class='ocr_carea' id='block_1_23' title="bbox 243 2294 1939 2364">
    <p class='ocr_par' dir='ltr' id='par_1_23' title="bbox 243 2294 1939 2364">
     <span class='ocr_line' id='line_1_23' title="bbox 243 2294 1939 2364; baseline -0.002 -12"><span class='ocrx_word' id='word_1_152' title='bbox 243 2299 368 2352; x_wconf 78' lang='lat' dir='ltr'>CAP.</span> <span class='ocrx_word' id='word_1_153' title='bbox 405 2297 544 2351; x_wconf 94' lang='lat' dir='ltr'><strong>XIV.</strong></span> <span class='ocrx_word' id='word_1_154' title='bbox 582 2326 651 2335; x_wconf 92' lang='lat'><strong><em>—</em></strong></span> <span class='ocrx_word' id='word_1_155' title='bbox 684 2295 763 2348; x_wconf 90' lang='lat' dir='ltr'>De</span> <span class='ocrx_word' id='word_1_156' title='bbox 790 2296 901 2348; x_wconf 90' lang='lat' dir='ltr'>illis</span> <span class='ocrx_word' id='word_1_157' title='bbox 930 2295 1193 2363; x_wconf 85' lang='lat' dir='ltr'>episcopis</span> <span class='ocrx_word' id='word_1_158' title='bbox 1216 2296 1314 2364; x_wconf 90' lang='lat' dir='ltr'>qui</span> <span class='ocrx_word' id='word_1_159' title='bbox 1341 2294 1618 2363; x_wconf 80' lang='lat' dir='ltr'>superbire</span> <span class='ocrx_word' id='word_1_160' title='bbox 1647 2296 1939 2363; x_wconf 86' lang='lat' dir='ltr'>incipiunt.</span> 
     </span>
    </p>
   </div>
   <div class='ocr_carea' id='block_1_24' title="bbox 311 2365 1942 2434">
    <p class='ocr_par' dir='ltr' id='par_1_24' title="bbox 311 2365 1942 2434">
     <span class='ocr_line' id='line_1_24' title="bbox 311 2365 1942 2434; baseline -0.002 -13"><span class='ocrx_word' id='word_1_161' title='bbox 311 2370 427 2433; x_wconf 81' lang='lat' dir='ltr'>(Ea:</span> <span class='ocrx_word' id='word_1_162' title='bbox 464 2367 628 2421; x_wconf 88' lang='lat' dir='ltr'>dictis</span> <span class='ocrx_word' id='word_1_163' title='bbox 674 2367 928 2432; x_wconf 79' lang='lat' dir='ltr'>Gregorii</span> <span class='ocrx_word' id='word_1_164' title='bbox 950 2380 1110 2434; x_wconf 59' lang='lat' dir='ltr'>papa</span> <span class='ocrx_word' id='word_1_165' title='bbox 1156 2370 1205 2418; x_wconf 88' lang='lat' dir='ltr'>et</span> <span class='ocrx_word' id='word_1_166' title='bbox 1246 2366 1477 2433; x_wconf 78' lang='lat' dir='ltr'>apostoli</span> <span class='ocrx_word' id='word_1_167' title='bbox 1514 2365 1716 2434; x_wconf 89' lang='lat' dir='ltr'>Pauli.)</span> <span class='ocrx_word' id='word_1_168' title='bbox 1747 2367 1942 2419; x_wconf 83' lang='lat' dir='ltr'>Humi-</span> 
     </span>
    </p>
   </div>
   <div class='ocr_carea' id='block_1_25' title="bbox 238 2451 1942 2523">
    <p class='ocr_par' dir='ltr' id='par_1_25' title="bbox 238 2451 1942 2523">
     <span class='ocr_line' id='line_1_25' title="bbox 238 2451 1942 2523; baseline 0 -17"><span class='ocrx_word' id='word_1_169' title='bbox 238 2453 306 2506; x_wconf 90' lang='lat' dir='ltr'>lis</span> <span class='ocrx_word' id='word_1_170' title='bbox 335 2453 517 2507; x_wconf 88' lang='lat' dir='ltr'>debet</span> <span class='ocrx_word' id='word_1_171' title='bbox 563 2468 685 2507; x_wconf 89' lang='lat' dir='ltr'>esse</span> <span class='ocrx_word' id='word_1_172' title='bbox 734 2452 1044 2523; x_wconf 88' lang='lat' dir='ltr'>episcopus.</span> <span class='ocrx_word' id='word_1_173' title='bbox 1079 2451 1329 2507; x_wconf 89' lang='lat' dir='ltr'>Gradum</span> <span class='ocrx_word' id='word_1_174' title='bbox 1360 2452 1513 2506; x_wconf 90' lang='lat' dir='ltr'>enim</span> <span class='ocrx_word' id='word_1_175' title='bbox 1545 2453 1942 2506; x_wconf 82' lang='lat' dir='ltr'>mansuetudi-</span> 
     </span>
    </p>
   </div>
   <div class='ocr_carea' id='block_1_26' title="bbox 237 2539 1941 2609">
    <p class='ocr_par' dir='ltr' id='par_1_26' title="bbox 237 2539 1941 2609">
     <span class='ocr_line' id='line_1_26' title="bbox 237 2539 1941 2609; baseline 0.002 -17"><span class='ocrx_word' id='word_1_176' title='bbox 237 2542 325 2593; x_wconf 88' lang='lat' dir='ltr'>nis</span> <span class='ocrx_word' id='word_1_177' title='bbox 357 2539 591 2609; x_wconf 78' lang='lat' dir='ltr'>accipit,</span> <span class='ocrx_word' id='word_1_178' title='bbox 642 2556 760 2593; x_wconf 92' lang='lat' dir='ltr'>non</span> <span class='ocrx_word' id='word_1_179' title='bbox 811 2540 1114 2609; x_wconf 74' lang='lat' dir='ltr'>superbiae.</span> <span class='ocrx_word' id='word_1_180' title='bbox 1167 2541 1375 2593; x_wconf 87' lang='lat' dir='ltr'>Paulus</span> <span class='ocrx_word' id='word_1_181' title='bbox 1405 2540 1585 2594; x_wconf 90' lang='lat' dir='ltr'>dicit:</span> <span class='ocrx_word' id='word_1_182' title='bbox 1642 2542 1809 2595; x_wconf 89' lang='lat' dir='ltr'>Decet</span> <span class='ocrx_word' id='word_1_183' title='bbox 1834 2541 1941 2595; x_wconf 89' lang='lat' dir='ltr'>hu-</span> 
     </span>
    </p>
   </div>
   <div class='ocr_carea' id='block_1_27' title="bbox 230 2628 1944 2697">
    <p class='ocr_par' dir='ltr' id='par_1_27' title="bbox 230 2628 1944 2697">
     <span class='ocr_line' id='line_1_27' title="bbox 230 2628 1944 2697; baseline 0.001 -16"><span class='ocrx_word' id='word_1_184' title='bbox 230 2628 499 2697; x_wconf 91' lang='lat' dir='ltr'>jusmodi</span> <span class='ocrx_word' id='word_1_185' title='bbox 520 2628 818 2682; x_wconf 88' lang='lat' dir='ltr'>hominem</span> <span class='ocrx_word' id='word_1_186' title='bbox 844 2633 1205 2683; x_wconf 87' lang='lat' dir='ltr'>mansuetum</span> <span class='ocrx_word' id='word_1_187' title='bbox 1239 2645 1379 2696; x_wconf 85' lang='lat' dir='ltr'>esse,</span> <span class='ocrx_word' id='word_1_188' title='bbox 1422 2646 1535 2683; x_wconf 89' lang='lat' dir='ltr'>non</span> <span class='ocrx_word' id='word_1_189' title='bbox 1573 2629 1807 2695; x_wconf 85' lang='lat' dir='ltr'>elatum,</span> <span class='ocrx_word' id='word_1_190' title='bbox 1840 2645 1944 2683; x_wconf 90' lang='lat' dir='ltr'>nec</span> 
     </span>
    </p>
   </div>
   <div class='ocr_carea' id='block_1_28' title="bbox 240 2716 584 2786">
    <p class='ocr_par' dir='ltr' id='par_1_28' title="bbox 240 2716 584 2786">
     <span class='ocr_line' id='line_1_28' title="bbox 240 2716 584 2786; baseline 0.006 -19"><span class='ocrx_word' id='word_1_191' title='bbox 240 2716 584 2786; x_wconf 85' lang='lat' dir='ltr'>superbum.</span> 
     </span>
    </p>
   </div>
   <div class='ocr_carea' id='block_1_29' title="bbox 238 2820 1945 2891">
    <p class='ocr_par' dir='ltr' id='par_1_29' title="bbox 238 2820 1945 2891">
     <span class='ocr_line' id='line_1_29' title="bbox 238 2820 1945 2891; baseline 0.001 -15"><span class='ocrx_word' id='word_1_192' title='bbox 238 2823 365 2876; x_wconf 74' lang='lat' dir='ltr'>CAP.</span> <span class='ocrx_word' id='word_1_193' title='bbox 421 2822 535 2876; x_wconf 90' lang='lat' dir='ltr'>XV.</span> <span class='ocrx_word' id='word_1_194' title='bbox 585 2851 654 2860; x_wconf 91' lang='lat'>-—</span> <span class='ocrx_word' id='word_1_195' title='bbox 701 2822 864 2886; x_wconf 87' lang='lat' dir='ltr'>Quod</span> <span class='ocrx_word' id='word_1_196' title='bbox 909 2820 1275 2876; x_wconf 84' lang='lat' dir='ltr'>ordinationes</span> <span class='ocrx_word' id='word_1_197' title='bbox 1322 2823 1689 2891; x_wconf 87' lang='lat' dir='ltr'>episcoporum</span> <span class='ocrx_word' id='word_1_198' title='bbox 1735 2828 1945 2891; x_wconf 83' lang='lat' dir='ltr'>aposto-</span> 
     </span>
    </p>
   </div>
   <div class='ocr_carea' id='block_1_30' title="bbox 306 2892 1943 2962">
    <p class='ocr_par' dir='ltr' id='par_1_30' title="bbox 306 2892 1943 2962">
     <span class='ocr_line' id='line_1_30' title="bbox 306 2892 1943 2962; baseline 0.002 -17"><span class='ocrx_word' id='word_1_199' title='bbox 306 2896 417 2945; x_wconf 88' lang='lat' dir='ltr'>lica</span> <span class='ocrx_word' id='word_1_200' title='bbox 468 2894 797 2947; x_wconf 85' lang='lat' dir='ltr'>auctoritate</span> <span class='ocrx_word' id='word_1_201' title='bbox 856 2908 891 2946; x_wconf 91' lang='lat' dir='ltr'>a</span> <span class='ocrx_word' id='word_1_202' title='bbox 934 2896 1138 2945; x_wconf 89' lang='lat' dir='ltr'>cunctis</span> <span class='ocrx_word' id='word_1_203' title='bbox 1184 2892 1617 2962; x_wconf 84' lang='lat' dir='ltr'>provincialibus</span> <span class='ocrx_word' id='word_1_204' title='bbox 1674 2896 1795 2962; x_wconf 79' lang='lat' dir='ltr'>ﬁeri</span> <span class='ocrx_word' id='word_1_205' title='bbox 1849 2895 1943 2949; x_wconf 90' lang='lat' dir='ltr'>de-</span> 
     </span>
    </p>
   </div>
   <div class='ocr_carea' id='block_1_31' title="bbox 306 2964 499 3016">
    <p class='ocr_par' dir='ltr' id='par_1_31' title="bbox 306 2964 499 3016">
     <span class='ocr_line' id='line_1_31' title="bbox 306 2964 499 3016; baseline 0 -1"><span class='ocrx_word' id='word_1_206' title='bbox 306 2964 499 3016; x_wconf 80' lang='lat' dir='ltr'>beant.</span> 
     </span>
    </p>
   </div>
   <div class='ocr_carea' id='block_1_32' title="bbox 312 3069 1936 3139">
    <p class='ocr_par' dir='ltr' id='par_1_32' title="bbox 312 3069 1936 3139">
     <span class='ocr_line' id='line_1_32' title="bbox 312 3069 1936 3139; baseline 0.001 -16"><span class='ocrx_word' id='word_1_207' title='bbox 312 3072 423 3135; x_wconf 71' lang='lat' dir='ltr'>(Ea:</span> <span class='ocrx_word' id='word_1_208' title='bbox 451 3070 688 3138; x_wconf 86' lang='lat' dir='ltr'>cpistola</span> <span class='ocrx_word' id='word_1_209' title='bbox 716 3069 961 3124; x_wconf 88' lang='lat' dir='ltr'>Anaclet.</span> <span class='ocrx_word' id='word_1_210' title='bbox 1002 3084 1164 3138; x_wconf 67' lang='lat' dir='ltr'>papz</span> <span class='ocrx_word' id='word_1_211' title='bbox 1190 3071 1395 3138; x_wconf 85' lang='lat' dir='ltr'>scripta</span> <span class='ocrx_word' id='word_1_212' title='bbox 1438 3070 1703 3139; x_wconf 85' lang='lat' dir='ltr'>episcopis</span> <span class='ocrx_word' id='word_1_213' title='bbox 1744 3072 1936 3139; x_wconf 77' lang='lat' dir='ltr'>Italiae,</span> 
     </span>
    </p>
   </div>
   <div class='ocr_carea' id='block_1_33' title="bbox 233 3157 1938 3229">
    <p class='ocr_par' dir='ltr' id='par_1_33' title="bbox 233 3157 1938 3229">
     <span class='ocr_line' id='line_1_33' title="bbox 233 3157 1938 3229; baseline 0.001 -18"><span class='ocrx_word' id='word_1_214' title='bbox 233 3175 353 3211; x_wconf 88' lang='lat' dir='ltr'>can.</span> <span class='ocrx_word' id='word_1_215' title='bbox 415 3158 610 3227; x_wconf 85' lang='lat' dir='ltr'>nono.)</span> <span class='ocrx_word' id='word_1_216' title='bbox 672 3157 1073 3212; x_wconf 90' lang='lat' dir='ltr'>Ordinationes</span> <span class='ocrx_word' id='word_1_217' title='bbox 1137 3157 1538 3229; x_wconf 91' lang='lat' dir='ltr'>episcoporum</span> <span class='ocrx_word' id='word_1_218' title='bbox 1610 3160 1938 3214; x_wconf 86' lang='lat' dir='ltr'>auctoritate</span> 
     </span>
    </p>
   </div>
   <div class='ocr_carea' id='block_1_34' title="bbox 232 3244 1941 3317">
    <p class='ocr_par' dir='ltr' id='par_1_34' title="bbox 232 3244 1941 3317">
     <span class='ocr_line' id='line_1_34' title="bbox 232 3244 1941 3317; baseline 0.002 -19"><span class='ocrx_word' id='word_1_219' title='bbox 232 3245 557 3315; x_wconf 89' lang='lat' dir='ltr'>apostolica</span> <span class='ocrx_word' id='word_1_220' title='bbox 604 3245 675 3299; x_wconf 90' lang='lat' dir='ltr'>ab</span> <span class='ocrx_word' id='word_1_221' title='bbox 725 3244 989 3299; x_wconf 88' lang='lat' dir='ltr'>omnibus</span> <span class='ocrx_word' id='word_1_222' title='bbox 1037 3245 1135 3316; x_wconf 89' lang='lat' dir='ltr'>qui</span> <span class='ocrx_word' id='word_1_223' title='bbox 1190 3245 1248 3298; x_wconf 90' lang='lat' dir='ltr'>in</span> <span class='ocrx_word' id='word_1_224' title='bbox 1294 3245 1492 3299; x_wconf 88' lang='lat' dir='ltr'>eadem</span> <span class='ocrx_word' id='word_1_225' title='bbox 1538 3245 1752 3300; x_wconf 88' lang='lat' dir='ltr'>fuerint</span> <span class='ocrx_word' id='word_1_226' title='bbox 1810 3264 1941 3317; x_wconf 85' lang='lat' dir='ltr'>pro-</span> 
     </span>
    </p>
   </div>
   <div class='ocr_carea' id='block_1_35' title="bbox 230 3332 1938 3403">
    <p class='ocr_par' dir='ltr' id='par_1_35' title="bbox 230 3332 1938 3403">
     <span class='ocr_line' id='line_1_35' title="bbox 230 3332 1938 3403; baseline 0.001 -19"><span class='ocrx_word' id='word_1_227' title='bbox 230 3334 423 3386; x_wconf 88' lang='lat' dir='ltr'>vincia</span> <span class='ocrx_word' id='word_1_228' title='bbox 482 3337 620 3385; x_wconf 88' lang='lat' dir='ltr'>sunt</span> <span class='ocrx_word' id='word_1_229' title='bbox 674 3332 1047 3397; x_wconf 62' lang='lat' dir='ltr'>celebranda,</span> <span class='ocrx_word' id='word_1_230' title='bbox 1131 3332 1231 3403; x_wconf 88' lang='lat' dir='ltr'>qui</span> <span class='ocrx_word' id='word_1_231' title='bbox 1288 3332 1458 3385; x_wconf 89' lang='lat' dir='ltr'>simul</span> <span class='ocrx_word' id='word_1_232' title='bbox 1517 3333 1938 3402; x_wconf 90' lang='lat' dir='ltr'>convenientes,</span> 
     </span>
    </p>
   </div>
   <div class='ocr_carea' id='block_1_36' title="bbox 230 3419 1937 3490">
    <p class='ocr_par' dir='ltr' id='par_1_36' title="bbox 230 3419 1937 3490">
     <span class='ocr_line' id='line_1_36' title="bbox 230 3419 1937 3490; baseline 0.001 -17"><span class='ocrx_word' id='word_1_233' title='bbox 230 3419 589 3474; x_wconf 89' lang='lat' dir='ltr'>scrutiuium</span> <span class='ocrx_word' id='word_1_234' title='bbox 621 3419 929 3489; x_wconf 81' lang='lat' dir='ltr'>diligenter</span> <span class='ocrx_word' id='word_1_235' title='bbox 967 3424 1157 3489; x_wconf 90' lang='lat' dir='ltr'>agant,</span> <span class='ocrx_word' id='word_1_236' title='bbox 1191 3419 1598 3490; x_wconf 86' lang='lat' dir='ltr'>jejuniumque</span> <span class='ocrx_word' id='word_1_237' title='bbox 1640 3436 1768 3474; x_wconf 90' lang='lat' dir='ltr'>cum</span> <span class='ocrx_word' id='word_1_238' title='bbox 1798 3438 1937 3475; x_wconf 84' lang='lat' dir='ltr'>con-</span> 
     </span>
    </p>
   </div>
   <div class='ocr_carea' id='block_1_37' title="bbox 227 3507 1941 3577">
    <p class='ocr_par' dir='ltr' id='par_1_37' title="bbox 227 3507 1941 3577">
     <span class='ocr_line' id='line_1_37' title="bbox 227 3507 1941 3577; baseline 0.001 -16"><span class='ocrx_word' id='word_1_239' title='bbox 227 3508 605 3562; x_wconf 86' lang='lat' dir='ltr'>venientibus</span> <span class='ocrx_word' id='word_1_240' title='bbox 631 3507 897 3577; x_wconf 90' lang='lat' dir='ltr'>precibus</span> <span class='ocrx_word' id='word_1_241' title='bbox 930 3507 1236 3572; x_wconf 88' lang='lat' dir='ltr'>celebrent,</span> <span class='ocrx_word' id='word_1_242' title='bbox 1289 3512 1344 3561; x_wconf 89' lang='lat' dir='ltr'>et</span> <span class='ocrx_word' id='word_1_243' title='bbox 1390 3524 1595 3561; x_wconf 91' lang='lat' dir='ltr'>manus</span> <span class='ocrx_word' id='word_1_244' title='bbox 1641 3524 1769 3563; x_wconf 91' lang='lat' dir='ltr'>cum</span> <span class='ocrx_word' id='word_1_245' title='bbox 1818 3525 1941 3563; x_wconf 87' lang='lat' dir='ltr'>san-</span> 
     </span>
    </p>
   </div>
   <div class='ocr_carea' id='block_1_38' title="bbox 228 3595 1933 3667">
    <p class='ocr_par' dir='ltr' id='par_1_38' title="bbox 228 3595 1933 3667">
     <span class='ocr_line' id='line_1_38' title="bbox 228 3595 1933 3667; baseline 0 -17"><span class='ocrx_word' id='word_1_246' title='bbox 228 3600 331 3650; x_wconf 90' lang='lat' dir='ltr'>ctis</span> <span class='ocrx_word' id='word_1_247' title='bbox 389 3595 723 3666; x_wconf 85' lang='lat' dir='ltr'>Evangeliis</span> <span class='ocrx_word' id='word_1_248' title='bbox 768 3612 897 3666; x_wconf 71' lang='lat' dir='ltr'>qua:</span> <span class='ocrx_word' id='word_1_249' title='bbox 955 3595 1321 3665; x_wconf 69' lang='lat' dir='ltr'>praedicaturi</span> <span class='ocrx_word' id='word_1_250' title='bbox 1374 3601 1505 3649; x_wconf 88' lang='lat' dir='ltr'>sunt</span> <span class='ocrx_word' id='word_1_251' title='bbox 1553 3595 1933 3667; x_wconf 88' lang='lat' dir='ltr'>imponentes,</span> 
     </span>
    </p>
   </div>
   <div class='ocr_carea' id='block_1_39' title="bbox 231 3684 1938 3755">
    <p class='ocr_par' dir='ltr' id='par_1_39' title="bbox 231 3684 1938 3755">
     <span class='ocr_line' id='line_1_39' title="bbox 231 3684 1938 3755; baseline 0.001 -18"><span class='ocrx_word' id='word_1_252' title='bbox 231 3686 541 3738; x_wconf 85' lang='lat' dir='ltr'>Dominica</span> <span class='ocrx_word' id='word_1_253' title='bbox 586 3685 677 3737; x_wconf 91' lang='lat' dir='ltr'>die</span> <span class='ocrx_word' id='word_1_254' title='bbox 722 3685 865 3738; x_wconf 89' lang='lat' dir='ltr'>hora</span> <span class='ocrx_word' id='word_1_255' title='bbox 893 3684 1060 3737; x_wconf 90' lang='lat' dir='ltr'>tertia</span> <span class='ocrx_word' id='word_1_256' title='bbox 1089 3689 1337 3752; x_wconf 90' lang='lat' dir='ltr'>orantes,</span> <span class='ocrx_word' id='word_1_257' title='bbox 1371 3700 1641 3755; x_wconf 88' lang='lat' dir='ltr'>sacraque</span> <span class='ocrx_word' id='word_1_258' title='bbox 1672 3685 1938 3738; x_wconf 89' lang='lat' dir='ltr'>unctione</span> 
     </span>
    </p>
   </div>
   <div class='ocr_carea' id='block_1_40' title="bbox 226 3772 1937 3842">
    <p class='ocr_par' dir='ltr' id='par_1_40' title="bbox 226 3772 1937 3842">
     <span class='ocr_line' id='line_1_40' title="bbox 226 3772 1937 3842; baseline 0.001 -17"><span class='ocrx_word' id='word_1_259' title='bbox 226 3776 504 3842; x_wconf 86' lang='lat' dir='ltr'>exemplo</span> <span class='ocrx_word' id='word_1_260' title='bbox 537 3772 955 3842; x_wconf 88' lang='lat' dir='ltr'>prophetarum</span> <span class='ocrx_word' id='word_1_261' title='bbox 993 3776 1049 3824; x_wconf 90' lang='lat' dir='ltr'>et</span> <span class='ocrx_word' id='word_1_262' title='bbox 1077 3788 1295 3841; x_wconf 90' lang='lat' dir='ltr'>regum,</span> <span class='ocrx_word' id='word_1_263' title='bbox 1334 3772 1519 3841; x_wconf 86' lang='lat' dir='ltr'>capita</span> <span class='ocrx_word' id='word_1_264' title='bbox 1551 3788 1747 3825; x_wconf 90' lang='lat' dir='ltr'>eorum</span> <span class='ocrx_word' id='word_1_265' title='bbox 1780 3787 1937 3827; x_wconf 85' lang='lat' dir='ltr'>more</span> 
     </span>
    </p>
   </div>
   <div class='ocr_carea' id='block_1_41' title="bbox 226 3857 1937 3929">
    <p class='ocr_par' dir='ltr' id='par_1_41' title="bbox 226 3857 1937 3929">
     <span class='ocr_line' id='line_1_41' title="bbox 226 3857 1937 3929; baseline 0.001 -18"><span class='ocrx_word' id='word_1_266' title='bbox 226 3863 637 3929; x_wconf 71' lang='lat' dir='ltr'>apostolorum</span> <span class='ocrx_word' id='word_1_267' title='bbox 668 3864 725 3912; x_wconf 91' lang='lat' dir='ltr'>et</span> <span class='ocrx_word' id='word_1_268' title='bbox 756 3857 894 3912; x_wconf 86' lang='lat' dir='ltr'>Mosi</span> <span class='ocrx_word' id='word_1_269' title='bbox 925 3866 1201 3928; x_wconf 90' lang='lat' dir='ltr'>ungentes</span> <span class='ocrx_word' id='word_1_270' title='bbox 1234 3874 1248 3912; x_wconf 89' lang='lat'>:</span> <span class='ocrx_word' id='word_1_271' title='bbox 1283 3858 1416 3928; x_wconf 91' lang='lat' dir='ltr'>quia</span> <span class='ocrx_word' id='word_1_272' title='bbox 1463 3859 1649 3912; x_wconf 90' lang='lat' dir='ltr'>omnis</span> <span class='ocrx_word' id='word_1_273' title='bbox 1692 3860 1937 3913; x_wconf 74' lang='lat' dir='ltr'>sanctifi-</span> 
     </span>
    </p>
   </div>
   <div class='ocr_carea' id='block_1_42' title="bbox 225 3945 1934 4016">
    <p class='ocr_par' dir='ltr' id='par_1_42' title="bbox 225 3945 1934 4016">
     <span class='ocr_line' id='line_1_42' title="bbox 225 3945 1934 4016; baseline 0.001 -17"><span class='ocrx_word' id='word_1_274' title='bbox 225 3948 376 4001; x_wconf 89' lang='lat' dir='ltr'>catio</span> <span class='ocrx_word' id='word_1_275' title='bbox 410 3950 647 4000; x_wconf 83' lang='lat' dir='ltr'>constat</span> <span class='ocrx_word' id='word_1_276' title='bbox 697 3946 757 3999; x_wconf 92' lang='lat' dir='ltr'>in</span> <span class='ocrx_word' id='word_1_277' title='bbox 805 3945 1017 4016; x_wconf 87' lang='lat' dir='ltr'>Spiritu</span> <span class='ocrx_word' id='word_1_278' title='bbox 1064 3951 1279 4011; x_wconf 88' lang='lat' dir='ltr'>sancto,</span> <span class='ocrx_word' id='word_1_279' title='bbox 1332 3946 1493 4016; x_wconf 85' lang='lat' dir='ltr'>cujus</span> <span class='ocrx_word' id='word_1_280' title='bbox 1533 3946 1712 4000; x_wconf 87' lang='lat' dir='ltr'>virtus</span> <span class='ocrx_word' id='word_1_281' title='bbox 1742 3946 1934 4000; x_wconf 90' lang='lat' dir='ltr'>invisi-</span> 
     </span>
    </p>
   </div>
   <div class='ocr_carea' id='block_1_43' title="bbox 225 4032 1936 4103">
    <p class='ocr_par' dir='ltr' id='par_1_43' title="bbox 225 4032 1936 4103">
     <span class='ocr_line' id='line_1_43' title="bbox 225 4032 1936 4103; baseline -0.001 -15"><span class='ocrx_word' id='word_1_282' title='bbox 225 4037 357 4089; x_wconf 85' lang='lat' dir='ltr'>bilis</span> <span class='ocrx_word' id='word_1_283' title='bbox 419 4038 626 4088; x_wconf 89' lang='lat' dir='ltr'>sancto</span> <span class='ocrx_word' id='word_1_284' title='bbox 661 4038 741 4088; x_wconf 89' lang='lat' dir='ltr'>est</span> <span class='ocrx_word' id='word_1_285' title='bbox 790 4032 1095 4087; x_wconf 86' lang='lat' dir='ltr'>chrismate</span> <span class='ocrx_word' id='word_1_286' title='bbox 1126 4033 1504 4103; x_wconf 84' lang='lat' dir='ltr'>promulgata,</span> <span class='ocrx_word' id='word_1_287' title='bbox 1535 4034 1643 4087; x_wconf 92' lang='lat' dir='ltr'>hoc</span> <span class='ocrx_word' id='word_1_288' title='bbox 1695 4034 1809 4088; x_wconf 90' lang='lat' dir='ltr'>ritu</span> <span class='ocrx_word' id='word_1_289' title='bbox 1851 4052 1936 4087; x_wconf 88' lang='lat' dir='ltr'>so-</span> 
     </span>
    </p>
   </div>
   <div class='ocr_carea' id='block_1_44' title="bbox 222 4112 2003 4182">
    <p class='ocr_par' dir='ltr' id='par_1_44' title="bbox 222 4112 2003 4182">
     <span class='ocr_line' id='line_1_44' title="bbox 222 4112 2003 4182; baseline -0.003 -4"><span class='ocrx_word' id='word_1_290' title='bbox 222 4125 489 4177; x_wconf 88' lang='lat' dir='ltr'>lemnem</span> <span class='ocrx_word' id='word_1_291' title='bbox 525 4122 818 4176; x_wconf 88' lang='lat' dir='ltr'>celebrent</span> <span class='ocrx_word' id='word_1_292' title='bbox 847 4120 1286 4174; x_wconf 90' lang='lat' dir='ltr'>ordinationem.</span> <span class='ocrx_word' id='word_1_293' title='bbox 1337 4118 1499 4182; x_wconf 89' lang='lat' dir='ltr'>Quod</span> <span class='ocrx_word' id='word_1_294' title='bbox 1530 4118 1576 4171; x_wconf 89' lang='lat' dir='ltr'>si</span> <span class='ocrx_word' id='word_1_295' title='bbox 1627 4136 1823 4173; x_wconf 85' lang='lat' dir='ltr'>omnes</span> <span class='ocrx_word' id='word_1_296' title='bbox 1862 4120 1935 4173; x_wconf 90' lang='lat' dir='ltr'>si-</span> <span class='ocrx_word' id='word_1_297' title='bbox 1996 4112 2003 4117; x_wconf 75' lang='grc'><strong>’</strong></span> 
     </span>
    </p>
   </div>
   <div class='ocr_carea' id='block_1_45' title="bbox 224 4208 1934 4277">
    <p class='ocr_par' dir='ltr' id='par_1_45' title="bbox 224 4208 1934 4277">
     <span class='ocr_line' id='line_1_45' title="bbox 224 4208 1934 4277; baseline -0.004 -10"><span class='ocrx_word' id='word_1_298' title='bbox 224 4216 348 4267; x_wconf 91' lang='lat' dir='ltr'>mul</span> <span class='ocrx_word' id='word_1_299' title='bbox 410 4210 728 4265; x_wconf 89' lang='lat' dir='ltr'>convenire</span> <span class='ocrx_word' id='word_1_300' title='bbox 778 4208 1018 4262; x_wconf 89' lang='lat' dir='ltr'>minime</span> <span class='ocrx_word' id='word_1_301' title='bbox 1039 4208 1351 4277; x_wconf 90' lang='lat' dir='ltr'>potuerint,</span> <span class='ocrx_word' id='word_1_302' title='bbox 1409 4222 1703 4260; x_wconf 87' lang='lat' dir='ltr'>assensum</span> <span class='ocrx_word' id='word_1_303' title='bbox 1744 4214 1934 4262; x_wconf 87' lang='lat' dir='ltr'>tamen</span> 
     </span>
    </p>
   </div>
   <div class='ocr_carea' id='block_1_46' title="bbox 220 4294 1931 4371">
    <p class='ocr_par' dir='ltr' id='par_1_46' title="bbox 220 4294 1931 4371">
     <span class='ocr_line' id='line_1_46' title="bbox 220 4294 1931 4371; baseline -0.004 -17"><span class='ocrx_word' id='word_1_304' title='bbox 220 4302 339 4354; x_wconf 88' lang='lat' dir='ltr'>suis</span> <span class='ocrx_word' id='word_1_305' title='bbox 370 4298 656 4371; x_wconf 85' lang='lat' dir='ltr'>precibus</span> <span class='ocrx_word' id='word_1_306' title='bbox 706 4302 763 4351; x_wconf 88' lang='lat' dir='ltr'>et</span> <span class='ocrx_word' id='word_1_307' title='bbox 810 4296 1033 4365; x_wconf 88' lang='lat' dir='ltr'>scriptis</span> <span class='ocrx_word' id='word_1_308' title='bbox 1074 4295 1385 4365; x_wconf 55' lang='lat' dir='ltr'>praebeant,</span> <span class='ocrx_word' id='word_1_309' title='bbox 1421 4299 1483 4347; x_wconf 91' lang='lat' dir='ltr'>ut</span> <span class='ocrx_word' id='word_1_310' title='bbox 1511 4294 1582 4348; x_wconf 93' lang='lat' dir='ltr'>ab</span> <span class='ocrx_word' id='word_1_311' title='bbox 1614 4295 1736 4365; x_wconf 88' lang='lat' dir='ltr'>ipsa</span> <span class='ocrx_word' id='word_1_312' title='bbox 1782 4295 1931 4348; x_wconf 90' lang='lat' dir='ltr'>ordi-</span> 
     </span>
    </p>
   </div>
   <div class='ocr_carea' id='block_1_47' title="bbox 217 4381 1941 4452">
    <p class='ocr_par' dir='ltr' id='par_1_47' title="bbox 217 4381 1941 4452">
     <span class='ocr_line' id='line_1_47' title="bbox 217 4381 1941 4452; baseline -0.005 -9"><span class='ocrx_word' id='word_1_313' title='bbox 217 4390 465 4443; x_wconf 88' lang='lat' dir='ltr'>natione</span> <span class='ocrx_word' id='word_1_314' title='bbox 504 4387 705 4441; x_wconf 90' lang='lat' dir='ltr'>animo</span> <span class='ocrx_word' id='word_1_315' title='bbox 755 4400 873 4438; x_wconf 91' lang='lat' dir='ltr'>non</span> <span class='ocrx_word' id='word_1_316' title='bbox 919 4384 1125 4437; x_wconf 91' lang='lat' dir='ltr'>desint.</span> <span class='ocrx_word' id='word_1_317' title='bbox 1155 4385 1329 4437; x_wconf 89' lang='lat' dir='ltr'>Porro</span> <span class='ocrx_word' id='word_1_318' title='bbox 1380 4387 1433 4437; x_wconf 89' lang='lat' dir='ltr'>et</span> <span class='ocrx_word' id='word_1_319' title='bbox 1481 4381 1941 4452; x_wconf 53' lang='lat' dir='ltr'>IIierosolymita;</span> 
     </span>
    </p>
   </div>
   <div class='ocr_carea' id='block_1_48' title="bbox 215 4468 1935 4545">
    <p class='ocr_par' dir='ltr' id='par_1_48' title="bbox 215 4468 1935 4545">
     <span class='ocr_line' id='line_1_48' title="bbox 215 4468 1935 4545; baseline -0.004 -16"><span class='ocrx_word' id='word_1_320' title='bbox 215 4492 353 4529; x_wconf 89' lang='lat' dir='ltr'>rum</span> <span class='ocrx_word' id='word_1_321' title='bbox 423 4474 664 4545; x_wconf 91' lang='lat' dir='ltr'>primus</span> <span class='ocrx_word' id='word_1_322' title='bbox 716 4470 1182 4540; x_wconf 88' lang='lat' dir='ltr'>archiepiscopus</span> <span class='ocrx_word' id='word_1_323' title='bbox 1237 4469 1437 4523; x_wconf 90' lang='lat' dir='ltr'>beatus</span> <span class='ocrx_word' id='word_1_324' title='bbox 1486 4469 1729 4523; x_wconf 79' lang='lat' dir='ltr'>Iacobus</span> <span class='ocrx_word' id='word_1_325' title='bbox 1762 4510 1778 4531; x_wconf 89' lang='lat'>,</span> <span class='ocrx_word' id='word_1_326' title='bbox 1836 4468 1935 4540; x_wconf 90' lang='lat' dir='ltr'>qui</span> 
     </span>
    </p>
   </div>
   <div class='ocr_carea' id='block_1_49' title="bbox 212 4556 1936 4627">
    <p class='ocr_par' dir='ltr' id='par_1_49' title="bbox 212 4556 1936 4627">
     <span class='ocr_line' id='line_1_49' title="bbox 212 4556 1936 4627; baseline -0.004 -10"><span class='ocrx_word' id='word_1_327' title='bbox 212 4566 416 4617; x_wconf 85' lang='lat' dir='ltr'>Justus</span> <span class='ocrx_word' id='word_1_328' title='bbox 451 4561 780 4627; x_wconf 89' lang='lat' dir='ltr'>dicebatur,</span> <span class='ocrx_word' id='word_1_329' title='bbox 822 4563 880 4612; x_wconf 91' lang='lat' dir='ltr'>et</span> <span class='ocrx_word' id='word_1_330' title='bbox 905 4558 1218 4612; x_wconf 89' lang='lat' dir='ltr'>secundum</span> <span class='ocrx_word' id='word_1_331' title='bbox 1247 4572 1477 4611; x_wconf 89' lang='lat' dir='ltr'>carnem</span> <span class='ocrx_word' id='word_1_332' title='bbox 1510 4556 1736 4610; x_wconf 91' lang='lat' dir='ltr'>Domini</span> <span class='ocrx_word' id='word_1_333' title='bbox 1784 4572 1936 4610; x_wconf 90' lang='lat' dir='ltr'>nuu-</span> 
     </span>
    </p>
   </div>
   <div class='ocr_carea' id='block_1_50' title="bbox 215 4644 1935 4723">
    <p class='ocr_par' dir='ltr' id='par_1_50' title="bbox 215 4644 1935 4723">
     <span class='ocr_line' id='line_1_50' title="bbox 215 4644 1935 4723; baseline -0.005 -18"><span class='ocrx_word' id='word_1_334' title='bbox 215 4658 470 4723; x_wconf 88' lang='lat' dir='ltr'>cupatus</span> <span class='ocrx_word' id='word_1_335' title='bbox 506 4653 596 4703; x_wconf 89' lang='lat' dir='ltr'>est</span> <span class='ocrx_word' id='word_1_336' title='bbox 625 4648 821 4713; x_wconf 89' lang='lat' dir='ltr'>frater,</span> <span class='ocrx_word' id='word_1_337' title='bbox 856 4664 887 4700; x_wconf 90' lang='lat' dir='ltr'>a</span> <span class='ocrx_word' id='word_1_338' title='bbox 922 4647 1109 4711; x_wconf 89' lang='lat' dir='ltr'>Petro,</span> <span class='ocrx_word' id='word_1_339' title='bbox 1136 4644 1343 4699; x_wconf 78' lang='lat' dir='ltr'>Iacobo</span> <span class='ocrx_word' id='word_1_340' title='bbox 1384 4649 1440 4698; x_wconf 89' lang='lat' dir='ltr'>et</span> <span class='ocrx_word' id='word_1_341' title='bbox 1468 4645 1685 4699; x_wconf 84' lang='lat' dir='ltr'>Joanne</span> <span class='ocrx_word' id='word_1_342' title='bbox 1715 4648 1935 4714; x_wconf 88' lang='lat' dir='ltr'>aposto-</span> 
     </span>
    </p>
   </div>
   <div class='ocr_carea' id='block_1_51' title="bbox 214 4731 1934 4801">
    <p class='ocr_par' dir='ltr' id='par_1_51' title="bbox 214 4731 1934 4801">
     <span class='ocr_line' id='line_1_51' title="bbox 214 4731 1934 4801; baseline -0.005 -8"><span class='ocrx_word' id='word_1_343' title='bbox 214 4740 283 4793; x_wconf 87' lang='lat' dir='ltr'>lis</span> <span class='ocrx_word' id='word_1_344' title='bbox 314 4744 404 4794; x_wconf 88' lang='lat' dir='ltr'>est</span> <span class='ocrx_word' id='word_1_345' title='bbox 456 4736 794 4801; x_wconf 89' lang='lat' dir='ltr'>ordinatus,</span> <span class='ocrx_word' id='word_1_346' title='bbox 823 4732 1243 4787; x_wconf 89' lang='lat' dir='ltr'>successoribus</span> <span class='ocrx_word' id='word_1_347' title='bbox 1273 4731 1540 4785; x_wconf 89' lang='lat' dir='ltr'>videlicet</span> <span class='ocrx_word' id='word_1_348' title='bbox 1571 4732 1768 4786; x_wconf 90' lang='lat' dir='ltr'>dantes</span> <span class='ocrx_word' id='word_1_349' title='bbox 1812 4731 1934 4785; x_wconf 86' lang='lat' dir='ltr'>for-</span> 
     </span>
    </p>
   </div>
   <div class='ocr_carea' id='block_1_52' title="bbox 216 4817 1933 4890">
    <p class='ocr_par' dir='ltr' id='par_1_52' title="bbox 216 4817 1933 4890">
     <span class='ocr_line' id='line_1_52' title="bbox 216 4817 1933 4890; baseline -0.006 -9"><span class='ocrx_word' id='word_1_350' title='bbox 216 4843 373 4879; x_wconf 90' lang='lat' dir='ltr'>mam</span> <span class='ocrx_word' id='word_1_351' title='bbox 419 4838 660 4888; x_wconf 90' lang='lat' dir='ltr'>eorum,</span> <span class='ocrx_word' id='word_1_352' title='bbox 693 4825 757 4873; x_wconf 88' lang='lat' dir='ltr'>ut</span> <span class='ocrx_word' id='word_1_353' title='bbox 789 4820 979 4874; x_wconf 89' lang='lat' dir='ltr'>minus</span> <span class='ocrx_word' id='word_1_354' title='bbox 1017 4836 1191 4890; x_wconf 89' lang='lat' dir='ltr'>quam</span> <span class='ocrx_word' id='word_1_355' title='bbox 1226 4836 1260 4873; x_wconf 91' lang='lat' dir='ltr'>a</span> <span class='ocrx_word' id='word_1_356' title='bbox 1297 4818 1482 4873; x_wconf 84' lang='lat' dir='ltr'>tribus</span> <span class='ocrx_word' id='word_1_357' title='bbox 1525 4817 1806 4889; x_wconf 88' lang='lat' dir='ltr'>episcopis</span> <span class='ocrx_word' id='word_1_358' title='bbox 1844 4833 1933 4872; x_wconf 89' lang='lat' dir='ltr'>re-</span> 
     </span>
    </p>
   </div>
   <div class='ocr_carea' id='block_1_53' title="bbox 211 4906 1935 4986">
    <p class='ocr_par' dir='ltr' id='par_1_53' title="bbox 211 4906 1935 4986">
     <span class='ocr_line' id='line_1_53' title="bbox 211 4906 1935 4986; baseline -0.006 -17"><span class='ocrx_word' id='word_1_359' title='bbox 211 4916 521 4986; x_wconf 86' lang='lat' dir='ltr'>liquisque</span> <span class='ocrx_word' id='word_1_360' title='bbox 560 4909 833 4965; x_wconf 91' lang='lat' dir='ltr'>omnibus</span> <span class='ocrx_word' id='word_1_361' title='bbox 865 4923 1157 4961; x_wconf 88' lang='lat' dir='ltr'>assensum</span> <span class='ocrx_word' id='word_1_362' title='bbox 1188 4906 1580 4977; x_wconf 67' lang='lat' dir='ltr'>praebentibus</span> <span class='ocrx_word' id='word_1_363' title='bbox 1610 4906 1935 4961; x_wconf 88' lang='lat' dir='ltr'>nullatenus</span> 
     </span>
    </p>
   </div>
   <div class='ocr_carea' id='block_1_54' title="bbox 213 4994 1933 5069">
    <p class='ocr_par' dir='ltr' id='par_1_54' title="bbox 213 4994 1933 5069">
     <span class='ocr_line' id='line_1_54' title="bbox 213 4994 1933 5069; baseline -0.006 -12"><span class='ocrx_word' id='word_1_364' title='bbox 213 5004 555 5069; x_wconf 87' lang='lat' dir='ltr'>ordinetur,</span> <span class='ocrx_word' id='word_1_365' title='bbox 615 5004 672 5053; x_wconf 90' lang='lat' dir='ltr'>et</span> <span class='ocrx_word' id='word_1_366' title='bbox 731 5012 863 5052; x_wconf 91' lang='lat' dir='ltr'>cum</span> <span class='ocrx_word' id='word_1_367' title='bbox 921 4996 1215 5050; x_wconf 91' lang='lat' dir='ltr'>communi</span> <span class='ocrx_word' id='word_1_368' title='bbox 1268 4999 1399 5050; x_wconf 87' lang='lat' dir='ltr'>voto</span> <span class='ocrx_word' id='word_1_369' title='bbox 1455 4994 1735 5049; x_wconf 90' lang='lat' dir='ltr'>ordinatio</span> <span class='ocrx_word' id='word_1_370' title='bbox 1789 4994 1933 5049; x_wconf 85' lang='lat' dir='ltr'>cele-</span> 
     </span>
    </p>
   </div>
   <div class='ocr_carea' id='block_1_55' title="bbox 214 5092 443 5146">
    <p class='ocr_par' dir='ltr' id='par_1_55' title="bbox 214 5092 443 5146">
     <span class='ocr_line' id='line_1_55' title="bbox 214 5092 443 5146; baseline -0.004 0"><span class='ocrx_word' id='word_1_371' title='bbox 214 5092 443 5146; x_wconf 90' lang='lat' dir='ltr'>bretur.</span> 
     </span>
    </p>
   </div>
   <div class='ocr_carea' id='block_1_56' title="bbox 212 5188 1933 5257">
    <p class='ocr_par' dir='ltr' id='par_1_56' title="bbox 212 5188 1933 5257">
     <span class='ocr_line' id='line_1_56' title="bbox 212 5188 1933 5257; baseline -0.005 -7"><span class='ocrx_word' id='word_1_372' title='bbox 212 5200 345 5252; x_wconf 74' lang='lat' dir='ltr'>CAP.</span> <span class='ocrx_word' id='word_1_373' title='bbox 389 5195 539 5251; x_wconf 90' lang='lat' dir='ltr'><strong>XVI.</strong></span> <span class='ocrx_word' id='word_1_374' title='bbox 580 5221 649 5234; x_wconf 88' lang='lat'>—-</span> <span class='ocrx_word' id='word_1_375' title='bbox 679 5192 760 5247; x_wconf 89' lang='lat' dir='ltr'>Ne</span> <span class='ocrx_word' id='word_1_376' title='bbox 791 5190 963 5243; x_wconf 89' lang='lat' dir='ltr'>laicus</span> <span class='ocrx_word' id='word_1_377' title='bbox 994 5191 1094 5257; x_wconf 80' lang='lat' dir='ltr'>ﬁat</span> <span class='ocrx_word' id='word_1_378' title='bbox 1136 5188 1417 5257; x_wconf 86' lang='lat' dir='ltr'>episcopus</span> <span class='ocrx_word' id='word_1_379' title='bbox 1458 5191 1584 5242; x_wconf 89' lang='lat' dir='ltr'>ante</span> <span class='ocrx_word' id='word_1_380' title='bbox 1620 5203 1727 5241; x_wconf 88' lang='lat' dir='ltr'><strong>xxx</strong></span> <span class='ocrx_word' id='word_1_381' title='bbox 1765 5201 1933 5241; x_wconf 87' lang='lat' dir='ltr'>annos</span> 
     </span>
    </p>
   </div>
   <div class='ocr_carea' id='block_1_57' title="bbox 657 5260 1523 5316">
    <p class='ocr_par' dir='ltr' id='par_1_57' title="bbox 657 5260 1523 5316">
     <span class='ocr_line' id='line_1_57' title="bbox 657 5260 1523 5316; baseline -0.005 0"><span class='ocrx_word' id='word_1_382' title='bbox 657 5266 709 5316; x_wconf 86' lang='lat' dir='ltr'>et</span> <span class='ocrx_word' id='word_1_383' title='bbox 734 5264 860 5314; x_wconf 89' lang='lat' dir='ltr'>ante</span> <span class='ocrx_word' id='word_1_384' title='bbox 887 5262 1021 5313; x_wconf 89' lang='lat' dir='ltr'>anni</span> <span class='ocrx_word' id='word_1_385' title='bbox 1050 5260 1523 5314; x_wconf 87' lang='lat' dir='ltr'>conversationem.</span> 
     </span>
    </p>
   </div>
   <div class='ocr_carea' id='block_1_58' title="bbox 282 5345 1933 5422">
    <p class='ocr_par' dir='ltr' id='par_1_58' title="bbox 282 5345 1933 5422">
     <span class='ocr_line' id='line_1_58' title="bbox 282 5345 1933 5422; baseline -0.008 -11"><span class='ocrx_word' id='word_1_386' title='bbox 282 5360 397 5422; x_wconf 75' lang='lat' dir='ltr'>(Ea:</span> <span class='ocrx_word' id='word_1_387' title='bbox 455 5352 661 5409; x_wconf 88' lang='lat' dir='ltr'>concil.</span> <span class='ocrx_word' id='word_1_388' title='bbox 719 5348 1049 5413; x_wconf 83' lang='lat' dir='ltr'>Arelatensi,</span> <span class='ocrx_word' id='word_1_389' title='bbox 1103 5362 1222 5401; x_wconf 85' lang='lat' dir='ltr'>cun.</span> <span class='ocrx_word' id='word_1_390' title='bbox 1280 5347 1361 5415; x_wconf 89' lang='lat'>7.)</span> <span class='ocrx_word' id='word_1_391' title='bbox 1403 5345 1769 5415; x_wconf 87' lang='lat' dir='ltr'>Episcopatus</span> <span class='ocrx_word' id='word_1_392' title='bbox 1802 5360 1933 5398; x_wconf 89' lang='lat' dir='ltr'>vero</span> 
     </span>
    </p>
   </div>
   <div class='ocr_carea' id='block_1_59' title="bbox 211 5431 1933 5516">
    <p class='ocr_par' dir='ltr' id='par_1_59' title="bbox 211 5431 1933 5516">
     <span class='ocr_line' id='line_1_59' title="bbox 211 5431 1933 5516; baseline -0.008 -16"><span class='ocrx_word' id='word_1_393' title='bbox 211 5446 299 5500; x_wconf 88' lang='lat' dir='ltr'>vel</span> <span class='ocrx_word' id='word_1_394' title='bbox 331 5437 700 5516; x_wconf 78' lang='lat' dir='ltr'>presbyterii</span> <span class='ocrx_word' id='word_1_395' title='bbox 724 5437 1003 5491; x_wconf 90' lang='lat' dir='ltr'>honorem</span> <span class='ocrx_word' id='word_1_396' title='bbox 1037 5434 1228 5488; x_wconf 89' lang='lat' dir='ltr'>nullus</span> <span class='ocrx_word' id='word_1_397' title='bbox 1259 5432 1433 5487; x_wconf 89' lang='lat' dir='ltr'>laicus</span> <span class='ocrx_word' id='word_1_398' title='bbox 1462 5437 1591 5486; x_wconf 89' lang='lat' dir='ltr'>ante</span> <span class='ocrx_word' id='word_1_399' title='bbox 1624 5431 1759 5486; x_wconf 91' lang='lat' dir='ltr'>anni</span> <span class='ocrx_word' id='word_1_400' title='bbox 1797 5448 1933 5487; x_wconf 89' lang='lat' dir='ltr'>con-</span> 
     </span>
    </p>
   </div>
   <div class='ocr_carea' id='block_1_60' title="bbox 209 5520 1695 5593">
    <p class='ocr_par' dir='ltr' id='par_1_60' title="bbox 209 5520 1695 5593">
     <span class='ocr_line' id='line_1_60' title="bbox 209 5520 1695 5593; baseline -0.008 -6"><span class='ocrx_word' id='word_1_401' title='bbox 209 5532 643 5593; x_wconf 80' lang='lat' dir='ltr'>versationem,</span> <span class='ocrx_word' id='word_1_402' title='bbox 677 5525 768 5579; x_wconf 90' lang='lat' dir='ltr'>vel</span> <span class='ocrx_word' id='word_1_403' title='bbox 802 5527 932 5578; x_wconf 88' lang='lat' dir='ltr'>ante</span> <span class='ocrx_word' id='word_1_404' title='bbox 960 5521 1200 5591; x_wconf 89' lang='lat' dir='ltr'>triginta</span> <span class='ocrx_word' id='word_1_405' title='bbox 1228 5536 1406 5576; x_wconf 89' lang='lat' dir='ltr'>annos</span> <span class='ocrx_word' id='word_1_406' title='bbox 1436 5520 1695 5591; x_wconf 86' lang='lat' dir='ltr'>accipiat.</span> 
     </span>
    </p>
   </div>
   <div class='ocr_carea' id='block_1_61' title="bbox 596 5627 1114 5698">
    <p class='ocr_par' dir='ltr' id='par_1_61' title="bbox 596 5627 1114 5698">
     <span class='ocr_line' id='line_1_61' title="bbox 596 5627 1114 5698; baseline -0.014 0"><span class='ocrx_word' id='word_1_407' title='bbox 596 5631 883 5698; x_wconf 78' lang='lat' dir='ltr'>PATBOL.</span> <span class='ocrx_word' id='word_1_408' title='bbox 937 5627 1114 5694; x_wconf 87' lang='lat' dir='ltr'>CXL.</span> 
     </span>
    </p>
   </div>
   <div class='ocr_carea' id='block_1_62' title="bbox 3634 320 3738 374">
    <p class='ocr_par' dir='ltr' id='par_1_62' title="bbox 3634 320 3738 374">
     <span class='ocr_line' id='line_1_62' title="bbox 3634 320 3738 374; baseline 0.019 -2"><span class='ocrx_word' id='word_1_409' title='bbox 3634 320 3738 374; x_wconf 75' lang='grc'>554</span> 
     </span>
    </p>
   </div>
   <div class='ocr_carea' id='block_1_63' title="bbox 2195 436 3597 517">
    <p class='ocr_par' dir='ltr' id='par_1_63' title="bbox 2195 436 3597 517">
     <span class='ocr_line' id='line_1_63' title="bbox 2195 436 3597 517; baseline 0.005 -27"><span class='ocrx_word' id='word_1_410' title='bbox 2195 436 2320 490; x_wconf 80' lang='lat' dir='ltr'>CAP.</span> <span class='ocrx_word' id='word_1_411' title='bbox 2349 436 2512 491; x_wconf 85' lang='lat' dir='ltr'><strong>XVII.</strong></span> <span class='ocrx_word' id='word_1_412' title='bbox 2542 466 2610 474; x_wconf 97' lang='lat'>—</span> <span class='ocrx_word' id='word_1_413' title='bbox 2641 436 2723 490; x_wconf 88' lang='lat' dir='ltr'>De</span> <span class='ocrx_word' id='word_1_414' title='bbox 2752 437 2905 517; x_wconf 78' lang='lat' dir='ltr'>laicis</span> <span class='ocrx_word' id='word_1_415' title='bbox 2936 452 3037 490; x_wconf 90' lang='lat' dir='ltr'>non</span> <span class='ocrx_word' id='word_1_416' title='bbox 3070 442 3260 492; x_wconf 83' lang='lat' dir='ltr'>temere</span> <span class='ocrx_word' id='word_1_417' title='bbox 3284 440 3597 506; x_wconf 84' lang='lat' dir='ltr'>faciendum</span> 
     </span>
    </p>
   </div>
   <div class='ocr_carea' id='block_1_64' title="bbox 2751 522 3040 575">
    <p class='ocr_par' dir='ltr' id='par_1_64' title="bbox 2751 522 3040 575">
     <span class='ocr_line' id='line_1_64' title="bbox 2751 522 3040 575; baseline 0.007 -17"><span class='ocrx_word' id='word_1_418' title='bbox 2751 522 3040 575; x_wconf 79' lang='lat' dir='ltr'>episcopos.</span> 
     </span>
    </p>
   </div>
   <div class='ocr_carea' id='block_1_65' title="bbox 2128 611 3741 687">
    <p class='ocr_par' dir='ltr' id='par_1_65' title="bbox 2128 611 3741 687">
     <span class='ocr_line' id='line_1_65' title="bbox 2128 611 3741 687; baseline 0.003 -21"><span class='ocrx_word' id='word_1_419' title='bbox 2128 614 2237 677; x_wconf 78' lang='lat' dir='ltr'>(Ea:</span> <span class='ocrx_word' id='word_1_420' title='bbox 2278 613 2464 666; x_wconf 90' lang='lat' dir='ltr'>concil.</span> <span class='ocrx_word' id='word_1_421' title='bbox 2518 611 2854 677; x_wconf 87' lang='lat' dir='ltr'>Sardicensi,</span> <span class='ocrx_word' id='word_1_422' title='bbox 2904 628 3023 682; x_wconf 91' lang='lat' dir='ltr'>cap.</span> <span class='ocrx_word' id='word_1_423' title='bbox 3072 613 3186 679; x_wconf 84' lang='grc'>13.)</span> <span class='ocrx_word' id='word_1_424' title='bbox 3236 614 3397 669; x_wconf 89' lang='lat' dir='ltr'>Osius</span> <span class='ocrx_word' id='word_1_425' title='bbox 3446 616 3741 687; x_wconf 90' lang='lat' dir='ltr'>episcopus</span> 
     </span>
    </p>
   </div>
   <div class='ocr_carea' id='block_1_66' title="bbox 2055 700 3741 774">
    <p class='ocr_par' dir='ltr' id='par_1_66' title="bbox 2055 700 3741 774">
     <span class='ocr_line' id='line_1_66' title="bbox 2055 700 3741 774; baseline 0.004 -22"><span class='ocrx_word' id='word_1_426' title='bbox 2055 700 2241 753; x_wconf 81' lang='lat' dir='ltr'>dixit:</span> <span class='ocrx_word' id='word_1_427' title='bbox 2298 702 2363 754; x_wconf 85' lang='lat' dir='ltr'>Et</span> <span class='ocrx_word' id='word_1_428' title='bbox 2402 700 2509 753; x_wconf 91' lang='lat' dir='ltr'>hoc</span> <span class='ocrx_word' id='word_1_429' title='bbox 2552 701 2937 754; x_wconf 89' lang='lat' dir='ltr'>necessarium</span> <span class='ocrx_word' id='word_1_430' title='bbox 2990 700 3257 768; x_wconf 87' lang='lat' dir='ltr'>arbitror,</span> <span class='ocrx_word' id='word_1_431' title='bbox 3310 708 3375 756; x_wconf 89' lang='lat' dir='ltr'>ut</span> <span class='ocrx_word' id='word_1_432' title='bbox 3416 704 3741 774; x_wconf 83' lang='lat' dir='ltr'>diligentis-</span> 
     </span>
    </p>
   </div>
   <div class='ocr_carea' id='block_1_67' title="bbox 2053 788 3740 855">
    <p class='ocr_par' dir='ltr' id='par_1_67' title="bbox 2053 788 3740 855">
     <span class='ocr_line' id='line_1_67' title="bbox 2053 788 3740 855; baseline 0.004 -14"><span class='ocrx_word' id='word_1_433' title='bbox 2053 788 2192 841; x_wconf 88' lang='lat' dir='ltr'>sime</span> <span class='ocrx_word' id='word_1_434' title='bbox 2224 788 2495 854; x_wconf 90' lang='lat' dir='ltr'>tractetis,</span> <span class='ocrx_word' id='word_1_435' title='bbox 2538 788 2584 841; x_wconf 92' lang='lat' dir='ltr'>si</span> <span class='ocrx_word' id='word_1_436' title='bbox 2611 789 2754 842; x_wconf 88' lang='lat' dir='ltr'>forte</span> <span class='ocrx_word' id='word_1_437' title='bbox 2793 794 2889 843; x_wconf 90' lang='lat' dir='ltr'>aut</span> <span class='ocrx_word' id='word_1_438' title='bbox 2940 788 3113 855; x_wconf 87' lang='lat' dir='ltr'>dives,</span> <span class='ocrx_word' id='word_1_439' title='bbox 3162 796 3262 844; x_wconf 89' lang='lat' dir='ltr'>aut</span> <span class='ocrx_word' id='word_1_440' title='bbox 3304 792 3626 846; x_wconf 89' lang='lat' dir='ltr'>scolasticus</span> <span class='ocrx_word' id='word_1_441' title='bbox 3671 794 3740 848; x_wconf 87' lang='lat' dir='ltr'>de</span> 
     </span>
    </p>
   </div>
   <div class='ocr_carea' id='block_1_68' title="bbox 2053 876 3742 951">
    <p class='ocr_par' dir='ltr' id='par_1_68' title="bbox 2053 876 3742 951">
     <span class='ocr_line' id='line_1_68' title="bbox 2053 876 3742 951; baseline 0.002 -22"><span class='ocrx_word' id='word_1_442' title='bbox 2053 876 2196 944; x_wconf 83' lang='lat' dir='ltr'>foro,</span> <span class='ocrx_word' id='word_1_443' title='bbox 2246 886 2343 930; x_wconf 91' lang='lat' dir='ltr'>aut</span> <span class='ocrx_word' id='word_1_444' title='bbox 2389 893 2457 929; x_wconf 88' lang='lat' dir='ltr'>ex</span> <span class='ocrx_word' id='word_1_445' title='bbox 2497 876 2960 930; x_wconf 90' lang='lat' dir='ltr'>administratore</span> <span class='ocrx_word' id='word_1_446' title='bbox 3014 878 3311 948; x_wconf 87' lang='lat' dir='ltr'>episcopus</span> <span class='ocrx_word' id='word_1_447' title='bbox 3344 879 3511 933; x_wconf 86' lang='lat' dir='ltr'>fuerit</span> <span class='ocrx_word' id='word_1_448' title='bbox 3555 886 3742 951; x_wconf 85' lang='lat' dir='ltr'>postu-</span> 
     </span>
    </p>
   </div>
   <div class='ocr_carea' id='block_1_69' title="bbox 2052 964 3741 1032">
    <p class='ocr_par' dir='ltr' id='par_1_69' title="bbox 2052 964 3741 1032">
     <span class='ocr_line' id='line_1_69' title="bbox 2052 964 3741 1032; baseline 0.003 -15"><span class='ocrx_word' id='word_1_449' title='bbox 2052 965 2222 1029; x_wconf 86' lang='lat' dir='ltr'>latus,</span> <span class='ocrx_word' id='word_1_450' title='bbox 2254 968 2321 1017; x_wconf 91' lang='lat' dir='ltr'>ut</span> <span class='ocrx_word' id='word_1_451' title='bbox 2356 979 2474 1017; x_wconf 90' lang='lat' dir='ltr'>non</span> <span class='ocrx_word' id='word_1_452' title='bbox 2520 965 2680 1032; x_wconf 89' lang='lat' dir='ltr'>prius</span> <span class='ocrx_word' id='word_1_453' title='bbox 2729 964 3047 1030; x_wconf 88' lang='lat' dir='ltr'>ordinetur,</span> <span class='ocrx_word' id='word_1_454' title='bbox 3082 965 3192 1018; x_wconf 91' lang='lat' dir='ltr'>nisi</span> <span class='ocrx_word' id='word_1_455' title='bbox 3238 972 3371 1020; x_wconf 89' lang='lat' dir='ltr'>ante</span> <span class='ocrx_word' id='word_1_456' title='bbox 3420 973 3477 1021; x_wconf 89' lang='lat' dir='ltr'>et</span> <span class='ocrx_word' id='word_1_457' title='bbox 3515 968 3741 1022; x_wconf 88' lang='lat' dir='ltr'>lectoris</span> 
     </span>
    </p>
   </div>
   <div class='ocr_carea' id='block_1_70' title="bbox 2052 1051 3743 1127">
    <p class='ocr_par' dir='ltr' id='par_1_70' title="bbox 2052 1051 3743 1127">
     <span class='ocr_line' id='line_1_70' title="bbox 2052 1051 3743 1127; baseline 0.004 -23"><span class='ocrx_word' id='word_1_458' title='bbox 2052 1067 2313 1119; x_wconf 88' lang='lat' dir='ltr'>munere,</span> <span class='ocrx_word' id='word_1_459' title='bbox 2350 1056 2405 1105; x_wconf 90' lang='lat' dir='ltr'>et</span> <span class='ocrx_word' id='word_1_460' title='bbox 2434 1051 2622 1105; x_wconf 86' lang='lat' dir='ltr'>ofﬁcio</span> <span class='ocrx_word' id='word_1_461' title='bbox 2653 1051 2874 1105; x_wconf 90' lang='lat' dir='ltr'>diaconi</span> <span class='ocrx_word' id='word_1_462' title='bbox 2906 1058 3006 1105; x_wconf 92' lang='lat' dir='ltr'>aut</span> <span class='ocrx_word' id='word_1_463' title='bbox 3035 1054 3353 1124; x_wconf 88' lang='lat' dir='ltr'>presbyteri</span> <span class='ocrx_word' id='word_1_464' title='bbox 3380 1054 3570 1122; x_wconf 90' lang='lat' dir='ltr'>fuerit,</span> <span class='ocrx_word' id='word_1_465' title='bbox 3614 1073 3743 1127; x_wconf 86' lang='lat' dir='ltr'>per-</span> 
     </span>
    </p>
   </div>
   <div class='ocr_carea' id='block_1_71' title="bbox 2051 1139 3737 1213">
    <p class='ocr_par' dir='ltr' id='par_1_71' title="bbox 2051 1139 3737 1213">
     <span class='ocr_line' id='line_1_71' title="bbox 2051 1139 3737 1213; baseline 0.004 -21"><span class='ocrx_word' id='word_1_466' title='bbox 2051 1139 2278 1193; x_wconf 85' lang='lat' dir='ltr'>functus</span> <span class='ocrx_word' id='word_1_467' title='bbox 2313 1155 2325 1192; x_wconf 93' lang='lat'>:</span> <span class='ocrx_word' id='word_1_468' title='bbox 2360 1145 2414 1191; x_wconf 89' lang='lat' dir='ltr'>et</span> <span class='ocrx_word' id='word_1_469' title='bbox 2442 1140 2521 1192; x_wconf 91' lang='lat' dir='ltr'>ita</span> <span class='ocrx_word' id='word_1_470' title='bbox 2550 1155 2652 1209; x_wconf 91' lang='lat' dir='ltr'>per</span> <span class='ocrx_word' id='word_1_471' title='bbox 2679 1139 2935 1210; x_wconf 89' lang='lat' dir='ltr'>singulos</span> <span class='ocrx_word' id='word_1_472' title='bbox 2961 1140 3192 1210; x_wconf 88' lang='lat' dir='ltr'>gradus,</span> <span class='ocrx_word' id='word_1_473' title='bbox 3226 1142 3271 1195; x_wconf 88' lang='lat' dir='ltr'>si</span> <span class='ocrx_word' id='word_1_474' title='bbox 3311 1142 3517 1213; x_wconf 91' lang='lat' dir='ltr'>dignus</span> <span class='ocrx_word' id='word_1_475' title='bbox 3547 1144 3737 1208; x_wconf 87' lang='lat' dir='ltr'>fuerit,</span> 
     </span>
    </p>
   </div>
   <div class='ocr_carea' id='block_1_72' title="bbox 2051 1226 3743 1300">
    <p class='ocr_par' dir='ltr' id='par_1_72' title="bbox 2051 1226 3743 1300">
     <span class='ocr_line' id='line_1_72' title="bbox 2051 1226 3743 1300; baseline 0.004 -21"><span class='ocrx_word' id='word_1_476' title='bbox 2051 1226 2320 1280; x_wconf 90' lang='lat' dir='ltr'>ascendat</span> <span class='ocrx_word' id='word_1_477' title='bbox 2357 1227 2427 1279; x_wconf 88' lang='lat' dir='ltr'>ad</span> <span class='ocrx_word' id='word_1_478' title='bbox 2482 1226 2709 1280; x_wconf 87' lang='lat' dir='ltr'>culmen</span> <span class='ocrx_word' id='word_1_479' title='bbox 2754 1226 3133 1297; x_wconf 86' lang='lat' dir='ltr'>episcopatus.</span> <span class='ocrx_word' id='word_1_480' title='bbox 3187 1230 3378 1283; x_wconf 78' lang='lat' dir='ltr'>Potest</span> <span class='ocrx_word' id='word_1_481' title='bbox 3423 1231 3577 1285; x_wconf 92' lang='lat' dir='ltr'>enim</span> <span class='ocrx_word' id='word_1_482' title='bbox 3638 1248 3743 1300; x_wconf 89' lang='lat' dir='ltr'>per</span> 
     </span>
    </p>
   </div>
   <div class='ocr_carea' id='block_1_73' title="bbox 2051 1314 3741 1387">
    <p class='ocr_par' dir='ltr' id='par_1_73' title="bbox 2051 1314 3741 1387">
     <span class='ocr_line' id='line_1_73' title="bbox 2051 1314 3741 1387; baseline 0.003 -19"><span class='ocrx_word' id='word_1_483' title='bbox 2051 1314 2153 1368; x_wconf 88' lang='lat' dir='ltr'>has</span> <span class='ocrx_word' id='word_1_484' title='bbox 2207 1314 2619 1383; x_wconf 88' lang='lat' dir='ltr'>promotiones,</span> <span class='ocrx_word' id='word_1_485' title='bbox 2682 1331 2810 1385; x_wconf 71' lang='lat' dir='ltr'>quae</span> <span class='ocrx_word' id='word_1_486' title='bbox 2859 1315 3153 1369; x_wconf 89' lang='lat' dir='ltr'>habebunt</span> <span class='ocrx_word' id='word_1_487' title='bbox 3206 1316 3405 1387; x_wconf 90' lang='lat' dir='ltr'>utique</span> <span class='ocrx_word' id='word_1_488' title='bbox 3452 1318 3741 1387; x_wconf 87' lang='lat' dir='ltr'>prolixum</span> 
     </span>
    </p>
   </div>
   <div class='ocr_carea' id='block_1_74' title="bbox 2050 1402 3741 1476">
    <p class='ocr_par' dir='ltr' id='par_1_74' title="bbox 2050 1402 3741 1476">
     <span class='ocr_line' id='line_1_74' title="bbox 2050 1402 3741 1476; baseline 0.002 -21"><span class='ocrx_word' id='word_1_489' title='bbox 2050 1406 2295 1472; x_wconf 89' lang='lat' dir='ltr'>tempus,</span> <span class='ocrx_word' id='word_1_490' title='bbox 2330 1402 2561 1472; x_wconf 87' lang='lat' dir='ltr'>probari</span> <span class='ocrx_word' id='word_1_491' title='bbox 2604 1418 2717 1472; x_wconf 89' lang='lat' dir='ltr'>qua</span> <span class='ocrx_word' id='word_1_492' title='bbox 2747 1403 2857 1456; x_wconf 85' lang='lat' dir='ltr'>ﬁde</span> <span class='ocrx_word' id='word_1_493' title='bbox 2887 1402 2978 1469; x_wconf 91' lang='lat' dir='ltr'>sit,</span> <span class='ocrx_word' id='word_1_494' title='bbox 3012 1420 3124 1473; x_wconf 89' lang='lat' dir='ltr'>qua</span> <span class='ocrx_word' id='word_1_495' title='bbox 3153 1405 3451 1470; x_wconf 83' lang='lat' dir='ltr'>modestia,</span> <span class='ocrx_word' id='word_1_496' title='bbox 3486 1422 3597 1476; x_wconf 91' lang='lat' dir='ltr'>qua</span> <span class='ocrx_word' id='word_1_497' title='bbox 3617 1422 3741 1476; x_wconf 89' lang='lat' dir='ltr'>gra-</span> 
     </span>
    </p>
   </div>
   <div class='ocr_carea' id='block_1_75' title="bbox 2049 1489 3807 1561">
    <p class='ocr_par' dir='ltr' id='par_1_75' title="bbox 2049 1489 3807 1561">
     <span class='ocr_line' id='line_1_75' title="bbox 2049 1489 3807 1561; baseline 0.004 -20"><span class='ocrx_word' id='word_1_498' title='bbox 2049 1489 2221 1543; x_wconf 84' lang='lat' dir='ltr'>vitate</span> <span class='ocrx_word' id='word_1_499' title='bbox 2254 1494 2309 1543; x_wconf 89' lang='lat' dir='ltr'>et</span> <span class='ocrx_word' id='word_1_500' title='bbox 2345 1489 2724 1555; x_wconf 83' lang='lat' dir='ltr'>verecundia;</span> <span class='ocrx_word' id='word_1_501' title='bbox 2771 1494 2826 1543; x_wconf 90' lang='lat' dir='ltr'>et</span> <span class='ocrx_word' id='word_1_502' title='bbox 2868 1491 2914 1542; x_wconf 90' lang='lat' dir='ltr'>si</span> <span class='ocrx_word' id='word_1_503' title='bbox 2964 1490 3173 1560; x_wconf 89' lang='lat' dir='ltr'>dignus</span> <span class='ocrx_word' id='word_1_504' title='bbox 3226 1491 3395 1545; x_wconf 87' lang='lat' dir='ltr'>fuerit</span> <span class='ocrx_word' id='word_1_505' title='bbox 3443 1493 3738 1561; x_wconf 88' lang='lat' dir='ltr'>probatus,</span> <span class='ocrx_word' id='word_1_506' title='bbox 3800 1540 3807 1549; x_wconf 44' lang='grc' dir='ltr'><em>ί</em></span> 
     </span>
    </p>
   </div>
   <div class='ocr_carea' id='block_1_76' title="bbox 2049 1577 3737 1649">
    <p class='ocr_par' dir='ltr' id='par_1_76' title="bbox 2049 1577 3737 1649">
     <span class='ocr_line' id='line_1_76' title="bbox 2049 1577 3737 1649; baseline 0.002 -18"><span class='ocrx_word' id='word_1_507' title='bbox 2049 1578 2241 1631; x_wconf 89' lang='lat' dir='ltr'>divino</span> <span class='ocrx_word' id='word_1_508' title='bbox 2294 1578 2610 1632; x_wconf 89' lang='lat' dir='ltr'>sacerdotio</span> <span class='ocrx_word' id='word_1_509' title='bbox 2656 1577 3020 1632; x_wconf 89' lang='lat' dir='ltr'>illustretur:</span> <span class='ocrx_word' id='word_1_510' title='bbox 3066 1578 3201 1649; x_wconf 86' lang='lat' dir='ltr'>quia</span> <span class='ocrx_word' id='word_1_511' title='bbox 3237 1580 3579 1634; x_wconf 87' lang='lat' dir='ltr'>conveniens</span> <span class='ocrx_word' id='word_1_512' title='bbox 3623 1598 3737 1635; x_wconf 90' lang='lat' dir='ltr'>non</span> 
     </span>
    </p>
   </div>
   <div class='ocr_carea' id='block_1_77' title="bbox 2051 1665 3742 1735">
    <p class='ocr_par' dir='ltr' id='par_1_77' title="bbox 2051 1665 3742 1735">
     <span class='ocr_line' id='line_1_77' title="bbox 2051 1665 3742 1735; baseline 0.002 -16"><span class='ocrx_word' id='word_1_513' title='bbox 2051 1669 2152 1729; x_wconf 88' lang='lat' dir='ltr'>est,</span> <span class='ocrx_word' id='word_1_514' title='bbox 2215 1682 2319 1719; x_wconf 91' lang='lat' dir='ltr'>uec</span> <span class='ocrx_word' id='word_1_515' title='bbox 2369 1665 2513 1719; x_wconf 85' lang='lat' dir='ltr'>ratio</span> <span class='ocrx_word' id='word_1_516' title='bbox 2558 1666 2644 1719; x_wconf 90' lang='lat' dir='ltr'>vel</span> <span class='ocrx_word' id='word_1_517' title='bbox 2677 1665 2977 1735; x_wconf 91' lang='lat' dir='ltr'>disciplina</span> <span class='ocrx_word' id='word_1_518' title='bbox 3024 1667 3260 1735; x_wconf 89' lang='lat' dir='ltr'>patitur,</span> <span class='ocrx_word' id='word_1_519' title='bbox 3309 1672 3376 1721; x_wconf 91' lang='lat' dir='ltr'>ut</span> <span class='ocrx_word' id='word_1_520' title='bbox 3422 1672 3635 1722; x_wconf 86' lang='lat' dir='ltr'>temere</span> <span class='ocrx_word' id='word_1_521' title='bbox 3685 1673 3742 1723; x_wconf 87' lang='lat' dir='ltr'>et</span> 
     </span>
    </p>
   </div>
   <div class='ocr_carea' id='block_1_78' title="bbox 2053 1752 3741 1825">
    <p class='ocr_par' dir='ltr' id='par_1_78' title="bbox 2053 1752 3741 1825">
     <span class='ocr_line' id='line_1_78' title="bbox 2053 1752 3741 1825; baseline 0.002 -20"><span class='ocrx_word' id='word_1_522' title='bbox 2053 1752 2248 1806; x_wconf 90' lang='lat' dir='ltr'>leviter</span> <span class='ocrx_word' id='word_1_523' title='bbox 2287 1752 2583 1806; x_wconf 88' lang='lat' dir='ltr'>ordinetur</span> <span class='ocrx_word' id='word_1_524' title='bbox 2623 1757 2722 1806; x_wconf 90' lang='lat' dir='ltr'>aut</span> <span class='ocrx_word' id='word_1_525' title='bbox 2768 1753 3086 1823; x_wconf 89' lang='lat' dir='ltr'>episcopus,</span> <span class='ocrx_word' id='word_1_526' title='bbox 3138 1758 3237 1807; x_wconf 90' lang='lat' dir='ltr'>aut</span> <span class='ocrx_word' id='word_1_527' title='bbox 3283 1754 3601 1825; x_wconf 90' lang='lat' dir='ltr'>presbyter,</span> <span class='ocrx_word' id='word_1_528' title='bbox 3640 1761 3741 1809; x_wconf 91' lang='lat' dir='ltr'>aut</span> 
     </span>
    </p>
   </div>
   <div class='ocr_carea' id='block_1_79' title="bbox 2050 1839 3740 1913">
    <p class='ocr_par' dir='ltr' id='par_1_79' title="bbox 2050 1839 3740 1913">
     <span class='ocr_line' id='line_1_79' title="bbox 2050 1839 3740 1913; baseline 0.002 -20"><span class='ocrx_word' id='word_1_529' title='bbox 2050 1839 2343 1905; x_wconf 88' lang='lat' dir='ltr'>diaconus,</span> <span class='ocrx_word' id='word_1_530' title='bbox 2385 1840 2485 1909; x_wconf 89' lang='lat' dir='ltr'>qui</span> <span class='ocrx_word' id='word_1_531' title='bbox 2514 1839 2832 1910; x_wconf 80' lang='lat' dir='ltr'>neopbytus</span> <span class='ocrx_word' id='word_1_532' title='bbox 2864 1845 2948 1893; x_wconf 91' lang='lat' dir='ltr'>est</span> <span class='ocrx_word' id='word_1_533' title='bbox 2979 1855 2994 1909; x_wconf 90' lang='lat'><strong>;</strong></span> <span class='ocrx_word' id='word_1_534' title='bbox 3028 1841 3273 1894; x_wconf 86' lang='lat' dir='ltr'>maxime</span> <span class='ocrx_word' id='word_1_535' title='bbox 3302 1857 3432 1895; x_wconf 92' lang='lat' dir='ltr'>cum</span> <span class='ocrx_word' id='word_1_536' title='bbox 3464 1847 3519 1895; x_wconf 90' lang='lat' dir='ltr'>et</span> <span class='ocrx_word' id='word_1_537' title='bbox 3563 1844 3740 1913; x_wconf 90' lang='lat' dir='ltr'>magi-</span> 
     </span>
    </p>
   </div>
   <div class='ocr_carea' id='block_1_80' title="bbox 2051 1926 3739 1996">
    <p class='ocr_par' dir='ltr' id='par_1_80' title="bbox 2051 1926 3739 1996">
     <span class='ocr_line' id='line_1_80' title="bbox 2051 1926 3739 1996; baseline 0.003 -17"><span class='ocrx_word' id='word_1_538' title='bbox 2051 1931 2167 1979; x_wconf 92' lang='lat' dir='ltr'>ster</span> <span class='ocrx_word' id='word_1_539' title='bbox 2197 1926 2456 1996; x_wconf 90' lang='lat' dir='ltr'>gentium</span> <span class='ocrx_word' id='word_1_540' title='bbox 2488 1926 2689 1980; x_wconf 89' lang='lat' dir='ltr'>beatus</span> <span class='ocrx_word' id='word_1_541' title='bbox 2723 1928 3014 1996; x_wconf 89' lang='lat' dir='ltr'>apostolus</span> <span class='ocrx_word' id='word_1_542' title='bbox 3054 1929 3282 1993; x_wconf 88' lang='lat' dir='ltr'>Paulus,</span> <span class='ocrx_word' id='word_1_543' title='bbox 3325 1946 3395 1982; x_wconf 90' lang='lat' dir='ltr'>ne</span> <span class='ocrx_word' id='word_1_544' title='bbox 3442 1930 3547 1983; x_wconf 88' lang='lat' dir='ltr'>hoc</span> <span class='ocrx_word' id='word_1_545' title='bbox 3578 1930 3739 1985; x_wconf 83' lang='lat' dir='ltr'>ﬁeret</span> 
     </span>
    </p>
   </div>
   <div class='ocr_carea' id='block_1_81' title="bbox 2052 2013 3736 2087">
    <p class='ocr_par' dir='ltr' id='par_1_81' title="bbox 2052 2013 3736 2087">
     <span class='ocr_line' id='line_1_81' title="bbox 2052 2013 3736 2087; baseline 0.002 -20"><span class='ocrx_word' id='word_1_546' title='bbox 2052 2013 2418 2068; x_wconf 89' lang='lat' dir='ltr'>denuntiasse</span> <span class='ocrx_word' id='word_1_547' title='bbox 2469 2019 2524 2068; x_wconf 93' lang='lat' dir='ltr'>et</span> <span class='ocrx_word' id='word_1_548' title='bbox 2553 2014 2909 2084; x_wconf 90' lang='lat' dir='ltr'>prohibuisse</span> <span class='ocrx_word' id='word_1_549' title='bbox 2940 2015 3221 2084; x_wconf 91' lang='lat' dir='ltr'>videatur,</span> <span class='ocrx_word' id='word_1_550' title='bbox 3268 2016 3362 2070; x_wconf 89' lang='lat' dir='ltr'>sed</span> <span class='ocrx_word' id='word_1_551' title='bbox 3397 2016 3455 2069; x_wconf 92' lang='lat' dir='ltr'>hi</span> <span class='ocrx_word' id='word_1_552' title='bbox 3492 2033 3736 2087; x_wconf 90' lang='lat' dir='ltr'>quorum</span> 
     </span>
    </p>
   </div>
   <div class='ocr_carea' id='block_1_82' title="bbox 2049 2101 3738 2171">
    <p class='ocr_par' dir='ltr' id='par_1_82' title="bbox 2049 2101 3738 2171">
     <span class='ocr_line' id='line_1_82' title="bbox 2049 2101 3738 2171; baseline 0.002 -18"><span class='ocrx_word' id='word_1_553' title='bbox 2049 2116 2154 2170; x_wconf 90' lang='lat' dir='ltr'>per</span> <span class='ocrx_word' id='word_1_554' title='bbox 2211 2101 2447 2171; x_wconf 89' lang='lat' dir='ltr'>longum</span> <span class='ocrx_word' id='word_1_555' title='bbox 2495 2104 2721 2171; x_wconf 87' lang='lat' dir='ltr'>tempus</span> <span class='ocrx_word' id='word_1_556' title='bbox 2765 2101 3088 2155; x_wconf 89' lang='lat' dir='ltr'>examinata</span> <span class='ocrx_word' id='word_1_557' title='bbox 3129 2102 3202 2156; x_wconf 90' lang='lat' dir='ltr'>sit</span> <span class='ocrx_word' id='word_1_558' title='bbox 3245 2102 3377 2169; x_wconf 88' lang='lat' dir='ltr'>vita,</span> <span class='ocrx_word' id='word_1_559' title='bbox 3428 2108 3485 2157; x_wconf 91' lang='lat' dir='ltr'>et</span> <span class='ocrx_word' id='word_1_560' title='bbox 3538 2103 3738 2158; x_wconf 89' lang='lat' dir='ltr'>merita</span> 
     </span>
    </p>
   </div>
   <div class='ocr_carea' id='block_1_83' title="bbox 2050 2188 2688 2258">
    <p class='ocr_par' dir='ltr' id='par_1_83' title="bbox 2050 2188 2688 2258">
     <span class='ocr_line' id='line_1_83' title="bbox 2050 2188 2688 2258; baseline 0 -16"><span class='ocrx_word' id='word_1_561' title='bbox 2050 2188 2267 2242; x_wconf 84' lang='lat' dir='ltr'>fuerint</span> <span class='ocrx_word' id='word_1_562' title='bbox 2296 2189 2688 2258; x_wconf 89' lang='lat' dir='ltr'>comprobata.</span> 
     </span>
    </p>
   </div>
   <div class='ocr_carea' id='block_1_84' title="bbox 2090 2294 3704 2363">
    <p class='ocr_par' dir='ltr' id='par_1_84' title="bbox 2090 2294 3704 2363">
     <span class='ocr_line' id='line_1_84' title="bbox 2090 2294 3704 2363; baseline 0.002 -15"><span class='ocrx_word' id='word_1_563' title='bbox 2090 2295 2218 2349; x_wconf 79' lang='lat' dir='ltr'>CAP.</span> <span class='ocrx_word' id='word_1_564' title='bbox 2251 2295 2440 2349; x_wconf 85' lang='lat' dir='ltr'><strong>XVIII.</strong></span> <span class='ocrx_word' id='word_1_565' title='bbox 2486 2325 2557 2334; x_wconf 88' lang='lat'>—-</span> <span class='ocrx_word' id='word_1_566' title='bbox 2604 2294 2760 2359; x_wconf 87' lang='lat' dir='ltr'>Quod</span> <span class='ocrx_word' id='word_1_567' title='bbox 2803 2309 2903 2363; x_wconf 90' lang='lat' dir='ltr'>per</span> <span class='ocrx_word' id='word_1_568' title='bbox 2960 2294 3166 2361; x_wconf 86' lang='lat' dir='ltr'>gradus</span> <span class='ocrx_word' id='word_1_569' title='bbox 3211 2296 3591 2350; x_wconf 84' lang='lat' dir='ltr'>ecclesiasticos</span> <span class='ocrx_word' id='word_1_570' title='bbox 3630 2297 3704 2352; x_wconf 82' lang='lat' dir='ltr'>ad</span> 
     </span>
    </p>
   </div>
   <div class='ocr_carea' id='block_1_85' title="bbox 2317 2366 3467 2434">
    <p class='ocr_par' dir='ltr' id='par_1_85' title="bbox 2317 2366 3467 2434">
     <span class='ocr_line' id='line_1_85' title="bbox 2317 2366 3467 2434; baseline 0.003 -17"><span class='ocrx_word' id='word_1_571' title='bbox 2317 2368 2657 2433; x_wconf 87' lang='lat' dir='ltr'>episcopatus</span> <span class='ocrx_word' id='word_1_572' title='bbox 2686 2366 2875 2419; x_wconf 87' lang='lat' dir='ltr'>debeat</span> <span class='ocrx_word' id='word_1_573' title='bbox 2909 2367 3150 2433; x_wconf 82' lang='lat' dir='ltr'>ofﬁcium</span> <span class='ocrx_word' id='word_1_574' title='bbox 3173 2368 3467 2434; x_wconf 81' lang='lat' dir='ltr'>perveniri.</span> 
     </span>
    </p>
   </div>
   <div class='ocr_carea' id='block_1_86' title="bbox 2121 2452 3736 2522">
    <p class='ocr_par' dir='ltr' id='par_1_86' title="bbox 2121 2452 3736 2522">
     <span class='ocr_line' id='line_1_86' title="bbox 2121 2452 3736 2522; baseline 0.002 -16"><span class='ocrx_word' id='word_1_575' title='bbox 2121 2452 2234 2518; x_wconf 75' lang='lat' dir='ltr'>(Ea:</span> <span class='ocrx_word' id='word_1_576' title='bbox 2280 2452 2423 2506; x_wconf 89' lang='lat' dir='ltr'>decr.</span> <span class='ocrx_word' id='word_1_577' title='bbox 2456 2453 2658 2508; x_wconf 67' lang='lat' dir='ltr'>Coalest.</span> <span class='ocrx_word' id='word_1_578' title='bbox 2707 2468 2870 2521; x_wconf 59' lang='lat' dir='ltr'>papa</span> <span class='ocrx_word' id='word_1_579' title='bbox 2899 2452 3204 2508; x_wconf 86' lang='lat' dir='ltr'>Galliarum</span> <span class='ocrx_word' id='word_1_580' title='bbox 3230 2454 3496 2522; x_wconf 86' lang='lat' dir='ltr'>episcopis</span> <span class='ocrx_word' id='word_1_581' title='bbox 3533 2457 3736 2518; x_wconf 84' lang='lat' dir='ltr'>missis,</span> 
     </span>
    </p>
   </div>
   <div class='ocr_carea' id='block_1_87' title="bbox 2050 2540 3739 2610">
    <p class='ocr_par' dir='ltr' id='par_1_87' title="bbox 2050 2540 3739 2610">
     <span class='ocr_line' id='line_1_87' title="bbox 2050 2540 3739 2610; baseline 0.002 -18"><span class='ocrx_word' id='word_1_582' title='bbox 2050 2555 2171 2594; x_wconf 89' lang='lat' dir='ltr'>can.</span> <span class='ocrx_word' id='word_1_583' title='bbox 2206 2540 2313 2609; x_wconf 78' lang='lat' dir='ltr'>l6.)</span> <span class='ocrx_word' id='word_1_584' title='bbox 2341 2540 2641 2594; x_wconf 91' lang='lat' dir='ltr'>Ordinatos</span> <span class='ocrx_word' id='word_1_585' title='bbox 2670 2555 2802 2593; x_wconf 88' lang='lat' dir='ltr'>vero</span> <span class='ocrx_word' id='word_1_586' title='bbox 2833 2540 3129 2610; x_wconf 91' lang='lat' dir='ltr'>quosdam,</span> <span class='ocrx_word' id='word_1_587' title='bbox 3162 2540 3365 2594; x_wconf 89' lang='lat' dir='ltr'>fratres</span> <span class='ocrx_word' id='word_1_588' title='bbox 3399 2541 3739 2607; x_wconf 91' lang='lat' dir='ltr'>charissimi,</span> 
     </span>
    </p>
   </div>
   <div class='ocr_carea' id='block_1_88' title="bbox 2050 2627 3739 2698">
    <p class='ocr_par' dir='ltr' id='par_1_88' title="bbox 2050 2627 3739 2698">
     <span class='ocr_line' id='line_1_88' title="bbox 2050 2627 3739 2698; baseline 0.002 -18"><span class='ocrx_word' id='word_1_589' title='bbox 2050 2628 2364 2697; x_wconf 90' lang='lat' dir='ltr'>episcopos,</span> <span class='ocrx_word' id='word_1_590' title='bbox 2396 2627 2496 2698; x_wconf 89' lang='lat' dir='ltr'>qui</span> <span class='ocrx_word' id='word_1_591' title='bbox 2526 2627 2699 2681; x_wconf 92' lang='lat' dir='ltr'>nullis</span> <span class='ocrx_word' id='word_1_592' title='bbox 2738 2628 3124 2681; x_wconf 88' lang='lat' dir='ltr'>ecclesiasticis</span> <span class='ocrx_word' id='word_1_593' title='bbox 3150 2628 3446 2683; x_wconf 89' lang='lat' dir='ltr'>ordinibus</span> <span class='ocrx_word' id='word_1_594' title='bbox 3477 2630 3542 2683; x_wconf 93' lang='lat' dir='ltr'>ad</span> <span class='ocrx_word' id='word_1_595' title='bbox 3569 2634 3739 2683; x_wconf 66' lang='lat' dir='ltr'>tantae</span> 
     </span>
    </p>
   </div>
   <div class='ocr_carea' id='block_1_89' title="bbox 2050 2714 3737 2785">
    <p class='ocr_par' dir='ltr' id='par_1_89' title="bbox 2050 2714 3737 2785">
     <span class='ocr_line' id='line_1_89' title="bbox 2050 2714 3737 2785; baseline 0.001 -16"><span class='ocrx_word' id='word_1_596' title='bbox 2050 2714 2344 2785; x_wconf 85' lang='lat' dir='ltr'>dignitatis</span> <span class='ocrx_word' id='word_1_597' title='bbox 2372 2714 2665 2785; x_wconf 87' lang='lat' dir='ltr'>fastigium</span> <span class='ocrx_word' id='word_1_598' title='bbox 2697 2715 2909 2769; x_wconf 88' lang='lat' dir='ltr'>fuerint</span> <span class='ocrx_word' id='word_1_599' title='bbox 2961 2714 3231 2782; x_wconf 88' lang='lat' dir='ltr'>instituti,</span> <span class='ocrx_word' id='word_1_600' title='bbox 3269 2722 3465 2770; x_wconf 89' lang='lat' dir='ltr'>contra</span> <span class='ocrx_word' id='word_1_601' title='bbox 3505 2719 3737 2771; x_wconf 86' lang='lat' dir='ltr'>Patrum</span> 
     </span>
    </p>
   </div>
   <div class='ocr_carea' id='block_1_90' title="bbox 2052 2802 3738 2879">
    <p class='ocr_par' dir='ltr' id='par_1_90' title="bbox 2052 2802 3738 2879">
     <span class='ocr_line' id='line_1_90' title="bbox 2052 2802 3738 2879; baseline 0.002 -23"><span class='ocrx_word' id='word_1_602' title='bbox 2052 2802 2296 2879; x_wconf 87' lang='lat' dir='ltr'>decreta,</span> <span class='ocrx_word' id='word_1_603' title='bbox 2338 2802 2509 2872; x_wconf 90' lang='lat' dir='ltr'>hujus</span> <span class='ocrx_word' id='word_1_604' title='bbox 2532 2802 2902 2873; x_wconf 90' lang='lat' dir='ltr'>usurpatione</span> <span class='ocrx_word' id='word_1_605' title='bbox 2927 2802 3026 2873; x_wconf 91' lang='lat' dir='ltr'>qui</span> <span class='ocrx_word' id='word_1_606' title='bbox 3048 2819 3105 2857; x_wconf 91' lang='lat' dir='ltr'>se</span> <span class='ocrx_word' id='word_1_607' title='bbox 3132 2804 3239 2857; x_wconf 90' lang='lat' dir='ltr'>hoc</span> <span class='ocrx_word' id='word_1_608' title='bbox 3271 2805 3625 2874; x_wconf 89' lang='lat' dir='ltr'>recognoscit</span> <span class='ocrx_word' id='word_1_609' title='bbox 3655 2806 3738 2860; x_wconf 87' lang='lat' dir='ltr'>fe-</span> 
     </span>
    </p>
   </div>
   <div class='ocr_carea' id='block_1_91' title="bbox 2050 2889 3740 2963">
    <p class='ocr_par' dir='ltr' id='par_1_91' title="bbox 2050 2889 3740 2963">
     <span class='ocr_line' id='line_1_91' title="bbox 2050 2889 3740 2963; baseline 0.002 -20"><span class='ocrx_word' id='word_1_610' title='bbox 2050 2890 2191 2944; x_wconf 89' lang='lat' dir='ltr'>cisse</span> <span class='ocrx_word' id='word_1_611' title='bbox 2212 2889 2541 2956; x_wconf 88' lang='lat' dir='ltr'>didicimus;</span> <span class='ocrx_word' id='word_1_612' title='bbox 2567 2906 2695 2944; x_wconf 90' lang='lat' dir='ltr'>cum</span> <span class='ocrx_word' id='word_1_613' title='bbox 2717 2890 2787 2944; x_wconf 94' lang='lat' dir='ltr'>ad</span> <span class='ocrx_word' id='word_1_614' title='bbox 2807 2889 3196 2960; x_wconf 90' lang='lat' dir='ltr'>episcopatum</span> <span class='ocrx_word' id='word_1_615' title='bbox 3218 2890 3307 2945; x_wconf 91' lang='lat' dir='ltr'>his</span> <span class='ocrx_word' id='word_1_616' title='bbox 3326 2892 3596 2962; x_wconf 89' lang='lat' dir='ltr'>gradibus</span> <span class='ocrx_word' id='word_1_617' title='bbox 3616 2894 3740 2963; x_wconf 85' lang='lat' dir='ltr'>qui-</span> 
     </span>
    </p>
   </div>
   <div class='ocr_carea' id='block_1_92' title="bbox 1973 2970 3739 3050">
    <p class='ocr_par' dir='ltr' id='par_1_92' title="bbox 1973 2970 3739 3050">
     <span class='ocr_line' id='line_1_92' title="bbox 1973 2970 3739 3050; baseline 0.005 -24"><span class='ocrx_word' id='word_1_618' title='bbox 1973 2970 2013 3026; x_wconf 88' lang='lat' dir='ltr'>C</span> <span class='ocrx_word' id='word_1_619' title='bbox 2051 2978 2157 3032; x_wconf 89' lang='lat' dir='ltr'>bus</span> <span class='ocrx_word' id='word_1_620' title='bbox 2186 2978 2648 3048; x_wconf 88' lang='lat' dir='ltr'>frequentissime</span> <span class='ocrx_word' id='word_1_621' title='bbox 2694 2983 2926 3031; x_wconf 89' lang='lat' dir='ltr'>cautum</span> <span class='ocrx_word' id='word_1_622' title='bbox 2966 2982 3051 3032; x_wconf 91' lang='lat' dir='ltr'>est</span> <span class='ocrx_word' id='word_1_623' title='bbox 3080 2978 3285 3033; x_wconf 87' lang='lat' dir='ltr'>debeat</span> <span class='ocrx_word' id='word_1_624' title='bbox 3322 2980 3629 3050; x_wconf 89' lang='lat' dir='ltr'>perveniri,</span> <span class='ocrx_word' id='word_1_625' title='bbox 3674 2987 3739 3035; x_wconf 93' lang='lat' dir='ltr'>ut</span> 
     </span>
    </p>
   </div>
   <div class='ocr_carea' id='block_1_93' title="bbox 2049 3065 3738 3136">
    <p class='ocr_par' dir='ltr' id='par_1_93' title="bbox 2049 3065 3738 3136">
     <span class='ocr_line' id='line_1_93' title="bbox 2049 3065 3738 3136; baseline 0.003 -17"><span class='ocrx_word' id='word_1_626' title='bbox 2049 3065 2370 3120; x_wconf 90' lang='lat' dir='ltr'>minoribus</span> <span class='ocrx_word' id='word_1_627' title='bbox 2391 3066 2602 3120; x_wconf 87' lang='lat' dir='ltr'>initiati</span> <span class='ocrx_word' id='word_1_628' title='bbox 2629 3066 2847 3131; x_wconf 80' lang='lat' dir='ltr'>officiis,</span> <span class='ocrx_word' id='word_1_629' title='bbox 2877 3066 2945 3121; x_wconf 90' lang='lat' dir='ltr'>ad</span> <span class='ocrx_word' id='word_1_630' title='bbox 2971 3066 3189 3136; x_wconf 87' lang='lat' dir='ltr'>majora</span> <span class='ocrx_word' id='word_1_631' title='bbox 3208 3066 3529 3123; x_wconf 84' lang='lat' dir='ltr'>ﬁrmentur.</span> <span class='ocrx_word' id='word_1_632' title='bbox 3564 3070 3738 3125; x_wconf 88' lang='lat' dir='ltr'>Debet</span> 
     </span>
    </p>
   </div>
   <div class='ocr_carea' id='block_1_94' title="bbox 2049 3154 3738 3225">
    <p class='ocr_par' dir='ltr' id='par_1_94' title="bbox 2049 3154 3738 3225">
     <span class='ocr_line' id='line_1_94' title="bbox 2049 3154 3738 3225; baseline 0.002 -16"><span class='ocrx_word' id='word_1_633' title='bbox 2049 3154 2205 3209; x_wconf 90' lang='lat' dir='ltr'>enim</span> <span class='ocrx_word' id='word_1_634' title='bbox 2232 3156 2398 3209; x_wconf 85' lang='lat' dir='ltr'>antea</span> <span class='ocrx_word' id='word_1_635' title='bbox 2429 3170 2550 3208; x_wconf 89' lang='lat' dir='ltr'>esse</span> <span class='ocrx_word' id='word_1_636' title='bbox 2580 3154 2892 3224; x_wconf 91' lang='lat' dir='ltr'>discipulus</span> <span class='ocrx_word' id='word_1_637' title='bbox 2925 3154 3185 3225; x_wconf 91' lang='lat' dir='ltr'>quisquis</span> <span class='ocrx_word' id='word_1_638' title='bbox 3215 3155 3413 3210; x_wconf 89' lang='lat' dir='ltr'>doctor</span> <span class='ocrx_word' id='word_1_639' title='bbox 3444 3172 3564 3211; x_wconf 88' lang='lat' dir='ltr'>esse</span> <span class='ocrx_word' id='word_1_640' title='bbox 3595 3158 3738 3212; x_wconf 91' lang='lat' dir='ltr'>desi-</span> 
     </span>
    </p>
   </div>
   <div class='ocr_carea' id='block_1_95' title="bbox 2050 3241 3737 3312">
    <p class='ocr_par' dir='ltr' id='par_1_95' title="bbox 2050 3241 3737 3312">
     <span class='ocr_line' id='line_1_95' title="bbox 2050 3241 3737 3312; baseline 0.003 -18"><span class='ocrx_word' id='word_1_641' title='bbox 2050 3241 2225 3305; x_wconf 87' lang='lat' dir='ltr'>derat,</span> <span class='ocrx_word' id='word_1_642' title='bbox 2254 3246 2315 3295; x_wconf 92' lang='lat' dir='ltr'>ut</span> <span class='ocrx_word' id='word_1_643' title='bbox 2334 3241 2512 3312; x_wconf 87' lang='lat' dir='ltr'>possit</span> <span class='ocrx_word' id='word_1_644' title='bbox 2531 3242 2729 3295; x_wconf 90' lang='lat' dir='ltr'>docere</span> <span class='ocrx_word' id='word_1_645' title='bbox 2767 3241 2917 3312; x_wconf 92' lang='lat' dir='ltr'>quod</span> <span class='ocrx_word' id='word_1_646' title='bbox 2952 3241 3169 3296; x_wconf 84' lang='lat' dir='ltr'>didicit.</span> <span class='ocrx_word' id='word_1_647' title='bbox 3200 3243 3397 3297; x_wconf 91' lang='lat' dir='ltr'>Omnis</span> <span class='ocrx_word' id='word_1_648' title='bbox 3419 3244 3551 3298; x_wconf 74' lang='lat' dir='ltr'>vitae</span> <span class='ocrx_word' id='word_1_649' title='bbox 3573 3244 3737 3299; x_wconf 91' lang='lat' dir='ltr'>insti-</span> 
     </span>
    </p>
   </div>
   <div class='ocr_carea' id='block_1_96' title="bbox 2048 3328 3736 3400">
    <p class='ocr_par' dir='ltr' id='par_1_96' title="bbox 2048 3328 3736 3400">
     <span class='ocr_line' id='line_1_96' title="bbox 2048 3328 3736 3400; baseline 0.002 -17"><span class='ocrx_word' id='word_1_650' title='bbox 2048 3329 2195 3383; x_wconf 89' lang='lat' dir='ltr'>tutio</span> <span class='ocrx_word' id='word_1_651' title='bbox 2224 3328 2330 3383; x_wconf 92' lang='lat' dir='ltr'>hac</span> <span class='ocrx_word' id='word_1_652' title='bbox 2361 3330 2429 3383; x_wconf 89' lang='lat' dir='ltr'>ad</span> <span class='ocrx_word' id='word_1_653' title='bbox 2469 3329 2525 3383; x_wconf 92' lang='lat' dir='ltr'>id</span> <span class='ocrx_word' id='word_1_654' title='bbox 2560 3345 2689 3400; x_wconf 84' lang='lat' dir='ltr'>quo</span> <span class='ocrx_word' id='word_1_655' title='bbox 2718 3329 2904 3383; x_wconf 87' lang='lat' dir='ltr'>tendit</span> <span class='ocrx_word' id='word_1_656' title='bbox 2934 3346 2992 3383; x_wconf 91' lang='lat' dir='ltr'>se</span> <span class='ocrx_word' id='word_1_657' title='bbox 3024 3330 3246 3384; x_wconf 89' lang='lat' dir='ltr'>ratione</span> <span class='ocrx_word' id='word_1_658' title='bbox 3276 3332 3595 3386; x_wconf 79' lang='lat' dir='ltr'>confirmat.</span> <span class='ocrx_word' id='word_1_659' title='bbox 3629 3333 3736 3398; x_wconf 85' lang='lat' dir='ltr'>Qui</span> 
     </span>
    </p>
   </div>
   <div class='ocr_carea' id='block_1_97' title="bbox 2049 3416 3739 3491">
    <p class='ocr_par' dir='ltr' id='par_1_97' title="bbox 2049 3416 3739 3491">
     <span class='ocr_line' id='line_1_97' title="bbox 2049 3416 3739 3491; baseline 0.002 -20"><span class='ocrx_word' id='word_1_660' title='bbox 2049 3416 2287 3471; x_wconf 90' lang='lat' dir='ltr'>minime</span> <span class='ocrx_word' id='word_1_661' title='bbox 2318 3416 2522 3471; x_wconf 91' lang='lat' dir='ltr'>litteris</span> <span class='ocrx_word' id='word_1_662' title='bbox 2553 3432 2787 3487; x_wconf 90' lang='lat' dir='ltr'>operam</span> <span class='ocrx_word' id='word_1_663' title='bbox 2809 3417 3051 3484; x_wconf 91' lang='lat' dir='ltr'>dederit,</span> <span class='ocrx_word' id='word_1_664' title='bbox 3077 3424 3397 3489; x_wconf 67' lang='lat' dir='ltr'>prmceptor</span> <span class='ocrx_word' id='word_1_665' title='bbox 3418 3436 3530 3474; x_wconf 91' lang='lat' dir='ltr'>non</span> <span class='ocrx_word' id='word_1_666' title='bbox 3555 3427 3739 3491; x_wconf 88' lang='lat' dir='ltr'>potest</span> 
     </span>
    </p>
   </div>
   <div class='ocr_carea' id='block_1_98' title="bbox 2048 3504 3736 3577">
    <p class='ocr_par' dir='ltr' id='par_1_98' title="bbox 2048 3504 3736 3577">
     <span class='ocr_line' id='line_1_98' title="bbox 2048 3504 3736 3577; baseline 0.003 -20"><span class='ocrx_word' id='word_1_667' title='bbox 2048 3520 2168 3558; x_wconf 91' lang='lat' dir='ltr'>esse</span> <span class='ocrx_word' id='word_1_668' title='bbox 2195 3504 2531 3559; x_wconf 89' lang='lat' dir='ltr'>litterarum.</span> <span class='ocrx_word' id='word_1_669' title='bbox 2562 3504 2669 3567; x_wconf 89' lang='lat' dir='ltr'>Qui</span> <span class='ocrx_word' id='word_1_670' title='bbox 2717 3520 2835 3558; x_wconf 89' lang='lat' dir='ltr'>non</span> <span class='ocrx_word' id='word_1_671' title='bbox 2864 3521 2969 3574; x_wconf 90' lang='lat' dir='ltr'>per</span> <span class='ocrx_word' id='word_1_672' title='bbox 3025 3505 3249 3575; x_wconf 87' lang='lat' dir='ltr'>singula</span> <span class='ocrx_word' id='word_1_673' title='bbox 3288 3507 3567 3577; x_wconf 87' lang='lat' dir='ltr'>stipendia</span> <span class='ocrx_word' id='word_1_674' title='bbox 3616 3524 3736 3562; x_wconf 90' lang='lat' dir='ltr'>cre-</span> 
     </span>
    </p>
   </div>
   <div class='ocr_carea' id='block_1_99' title="bbox 2047 3592 3737 3665">
    <p class='ocr_par' dir='ltr' id='par_1_99' title="bbox 2047 3592 3737 3665">
     <span class='ocr_line' id='line_1_99' title="bbox 2047 3592 3737 3665; baseline 0.002 -19"><span class='ocrx_word' id='word_1_675' title='bbox 2047 3592 2210 3661; x_wconf 87' lang='lat' dir='ltr'>verit,</span> <span class='ocrx_word' id='word_1_676' title='bbox 2277 3592 2345 3646; x_wconf 92' lang='lat' dir='ltr'>ad</span> <span class='ocrx_word' id='word_1_677' title='bbox 2400 3592 2668 3646; x_wconf 88' lang='lat' dir='ltr'>meritum</span> <span class='ocrx_word' id='word_1_678' title='bbox 2728 3592 2997 3662; x_wconf 88' lang='lat' dir='ltr'>stipendii</span> <span class='ocrx_word' id='word_1_679' title='bbox 3054 3594 3314 3647; x_wconf 88' lang='lat' dir='ltr'>ordinem</span> <span class='ocrx_word' id='word_1_680' title='bbox 3380 3610 3498 3648; x_wconf 90' lang='lat' dir='ltr'>non</span> <span class='ocrx_word' id='word_1_681' title='bbox 3551 3600 3737 3665; x_wconf 90' lang='lat' dir='ltr'>potest</span> 
     </span>
    </p>
   </div>
   <div class='ocr_carea' id='block_1_100' title="bbox 2046 3679 3733 3752">
    <p class='ocr_par' dir='ltr' id='par_1_100' title="bbox 2046 3679 3733 3752">
     <span class='ocr_line' id='line_1_100' title="bbox 2046 3679 3733 3752; baseline 0.002 -18"><span class='ocrx_word' id='word_1_682' title='bbox 2046 3680 2364 3750; x_wconf 90' lang='lat' dir='ltr'>pervenire.</span> <span class='ocrx_word' id='word_1_683' title='bbox 2397 3679 2591 3734; x_wconf 89' lang='lat' dir='ltr'>Solum</span> <span class='ocrx_word' id='word_1_684' title='bbox 2621 3679 2994 3733; x_wconf 87' lang='lat' dir='ltr'>sacerdotium</span> <span class='ocrx_word' id='word_1_685' title='bbox 3042 3679 3194 3733; x_wconf 89' lang='lat' dir='ltr'>inter</span> <span class='ocrx_word' id='word_1_686' title='bbox 3223 3681 3346 3744; x_wconf 87' lang='lat' dir='ltr'>ista,</span> <span class='ocrx_word' id='word_1_687' title='bbox 3394 3697 3534 3752; x_wconf 89' lang='lat' dir='ltr'>rogo</span> <span class='ocrx_word' id='word_1_688' title='bbox 3564 3683 3733 3737; x_wconf 85' lang='lat' dir='ltr'>vilius</span> 
     </span>
    </p>
   </div>
   <div class='ocr_carea' id='block_1_101' title="bbox 2048 3767 3733 3838">
    <p class='ocr_par' dir='ltr' id='par_1_101' title="bbox 2048 3767 3733 3838">
     <span class='ocr_line' id='line_1_101' title="bbox 2048 3767 3733 3838; baseline 0.002 -16"><span class='ocrx_word' id='word_1_689' title='bbox 2048 3774 2178 3836; x_wconf 91' lang='lat' dir='ltr'>est,</span> <span class='ocrx_word' id='word_1_690' title='bbox 2234 3768 2385 3838; x_wconf 89' lang='lat' dir='ltr'>quod</span> <span class='ocrx_word' id='word_1_691' title='bbox 2443 3767 2666 3821; x_wconf 91' lang='lat' dir='ltr'>facilius</span> <span class='ocrx_word' id='word_1_692' title='bbox 2721 3767 3035 3835; x_wconf 89' lang='lat' dir='ltr'>tribuitur,</span> <span class='ocrx_word' id='word_1_693' title='bbox 3094 3785 3225 3822; x_wconf 91' lang='lat' dir='ltr'>cum</span> <span class='ocrx_word' id='word_1_694' title='bbox 3281 3769 3567 3824; x_wconf 79' lang='lat' dir='ltr'>difficilius</span> <span class='ocrx_word' id='word_1_695' title='bbox 3625 3771 3733 3825; x_wconf 89' lang='lat' dir='ltr'>im-</span> 
     </span>
    </p>
   </div>
   <div class='ocr_carea' id='block_1_102' title="bbox 2045 3855 2319 3927">
    <p class='ocr_par' dir='ltr' id='par_1_102' title="bbox 2045 3855 2319 3927">
     <span class='ocr_line' id='line_1_102' title="bbox 2045 3855 2319 3927; baseline 0 -18"><span class='ocrx_word' id='word_1_696' title='bbox 2045 3857 2272 3927; x_wconf 92' lang='lat' dir='ltr'>pleatur</span> <span class='ocrx_word' id='word_1_697' title='bbox 2290 3855 2319 3909; x_wconf 78' lang='lat' dir='ltr'>‘I</span> 
     </span>
    </p>
   </div>
   <div class='ocr_carea' id='block_1_103' title="bbox 2048 3960 3731 4034">
    <p class='ocr_par' dir='ltr' id='par_1_103' title="bbox 2048 3960 3731 4034">
     <span class='ocr_line' id='line_1_103' title="bbox 2048 3960 3731 4034; baseline 0.002 -18"><span class='ocrx_word' id='word_1_698' title='bbox 2048 3962 2175 4017; x_wconf 79' lang='lat' dir='ltr'>CAP.</span> <span class='ocrx_word' id='word_1_699' title='bbox 2207 3962 2335 4015; x_wconf 87' lang='lat' dir='ltr'><strong>XIX.</strong></span> <span class='ocrx_word' id='word_1_700' title='bbox 2386 3990 2454 4000; x_wconf 91' lang='lat'><strong><em>—</em></strong></span> <span class='ocrx_word' id='word_1_701' title='bbox 2509 3962 2575 4015; x_wconf 89' lang='lat' dir='ltr'>Ut</span> <span class='ocrx_word' id='word_1_702' title='bbox 2600 3960 2810 4034; x_wconf 75' lang='lat' dir='ltr'>laicam</span> <span class='ocrx_word' id='word_1_703' title='bbox 2855 3962 3271 4034; x_wconf 85' lang='lat' dir='ltr'>communionem</span> <span class='ocrx_word' id='word_1_704' title='bbox 3324 3978 3428 4015; x_wconf 89' lang='lat' dir='ltr'>non</span> <span class='ocrx_word' id='word_1_705' title='bbox 3477 3968 3731 4034; x_wconf 81' lang='lat' dir='ltr'>accipiat,</span> 
     </span>
    </p>
   </div>
   <div class='ocr_carea' id='block_1_104' title="bbox 2262 4031 3529 4102">
    <p class='ocr_par' dir='ltr' id='par_1_104' title="bbox 2262 4031 3529 4102">
     <span class='ocr_line' id='line_1_104' title="bbox 2262 4031 3529 4102; baseline 0.002 -18"><span class='ocrx_word' id='word_1_706' title='bbox 2262 4033 2358 4099; x_wconf 85' lang='lat' dir='ltr'>qui</span> <span class='ocrx_word' id='word_1_707' title='bbox 2378 4047 2473 4100; x_wconf 85' lang='lat' dir='ltr'>per</span> <span class='ocrx_word' id='word_1_708' title='bbox 2502 4031 2845 4085; x_wconf 85' lang='lat' dir='ltr'>ambitionem</span> <span class='ocrx_word' id='word_1_709' title='bbox 2864 4033 3228 4100; x_wconf 85' lang='lat' dir='ltr'>episcopatum</span> <span class='ocrx_word' id='word_1_710' title='bbox 3248 4036 3529 4102; x_wconf 82' lang='lat' dir='ltr'>acceperit.</span> 
     </span>
    </p>
   </div>
   <div class='ocr_carea' id='block_1_105' title="bbox 2118 4118 3735 4191">
    <p class='ocr_par' dir='ltr' id='par_1_105' title="bbox 2118 4118 3735 4191">
     <span class='ocr_line' id='line_1_105' title="bbox 2118 4118 3735 4191; baseline 0.002 -18"><span class='ocrx_word' id='word_1_711' title='bbox 2118 4119 2225 4189; x_wconf 80' lang='lat' dir='ltr'>(Ea:</span> <span class='ocrx_word' id='word_1_712' title='bbox 2275 4120 2461 4173; x_wconf 88' lang='lat' dir='ltr'>concil.</span> <span class='ocrx_word' id='word_1_713' title='bbox 2521 4118 2850 4185; x_wconf 83' lang='lat' dir='ltr'>Sardicensi,</span> <span class='ocrx_word' id='word_1_714' title='bbox 2902 4134 3021 4190; x_wconf 89' lang='lat' dir='ltr'>cap.</span> <span class='ocrx_word' id='word_1_715' title='bbox 3069 4119 3159 4190; x_wconf 33' lang='lat'>2.)</span> <span class='ocrx_word' id='word_1_716' title='bbox 3219 4120 3383 4174; x_wconf 90' lang='lat' dir='ltr'>Osius</span> <span class='ocrx_word' id='word_1_717' title='bbox 3437 4122 3735 4191; x_wconf 88' lang='lat' dir='ltr'>episcopus</span> 
     </span>
    </p>
   </div>
   <div class='ocr_carea' id='block_1_106' title="bbox 2047 4206 3737 4278">
    <p class='ocr_par' dir='ltr' id='par_1_106' title="bbox 2047 4206 3737 4278">
     <span class='ocr_line' id='line_1_106' title="bbox 2047 4206 3737 4278; baseline 0.002 -17"><span class='ocrx_word' id='word_1_718' title='bbox 2047 4207 2229 4261; x_wconf 91' lang='lat' dir='ltr'>dixit:</span> <span class='ocrx_word' id='word_1_719' title='bbox 2283 4206 2467 4260; x_wconf 87' lang='lat' dir='ltr'>Etiam</span> <span class='ocrx_word' id='word_1_720' title='bbox 2508 4206 2553 4259; x_wconf 91' lang='lat' dir='ltr'>si</span> <span class='ocrx_word' id='word_1_721' title='bbox 2594 4207 2725 4260; x_wconf 89' lang='lat' dir='ltr'>talis</span> <span class='ocrx_word' id='word_1_722' title='bbox 2756 4207 2964 4278; x_wconf 89' lang='lat' dir='ltr'>aliquis</span> <span class='ocrx_word' id='word_1_723' title='bbox 2995 4207 3243 4261; x_wconf 89' lang='lat' dir='ltr'>extiterit</span> <span class='ocrx_word' id='word_1_724' title='bbox 3283 4210 3642 4276; x_wconf 90' lang='lat' dir='ltr'>temerarius,</span> <span class='ocrx_word' id='word_1_725' title='bbox 3675 4216 3737 4264; x_wconf 92' lang='lat' dir='ltr'>ut</span> 
     </span>
    </p>
   </div>
   <div class='ocr_carea' id='block_1_107' title="bbox 2046 4294 3737 4352">
    <p class='ocr_par' dir='ltr' id='par_1_107' title="bbox 2046 4294 3737 4352">
     <span class='ocr_line' id='line_1_107' title="bbox 2046 4294 3737 4352; baseline 0.002 -4"><span class='ocrx_word' id='word_1_726' title='bbox 2046 4294 2301 4349; x_wconf 89' lang='lat' dir='ltr'>fortassis</span> <span class='ocrx_word' id='word_1_727' title='bbox 2375 4296 2549 4348; x_wconf 83' lang='lat' dir='ltr'>talem</span> <span class='ocrx_word' id='word_1_728' title='bbox 2630 4295 3052 4349; x_wconf 83' lang='lat' dir='ltr'>excusationem</span> <span class='ocrx_word' id='word_1_729' title='bbox 3141 4295 3381 4350; x_wconf 75' lang='lat' dir='ltr'>all‘erens</span> <span class='ocrx_word' id='word_1_730' title='bbox 3457 4304 3737 4352; x_wconf 86' lang='lat' dir='ltr'>asseveret</span> 
     </span>
    </p>
   </div>
   <div class='ocr_carea' id='block_1_108' title="bbox 2045 4382 3735 4453">
    <p class='ocr_par' dir='ltr' id='par_1_108' title="bbox 2045 4382 3735 4453">
     <span class='ocr_line' id='line_1_108' title="bbox 2045 4382 3735 4453; baseline 0.002 -18"><span class='ocrx_word' id='word_1_731' title='bbox 2045 4383 2197 4453; x_wconf 89' lang='lat' dir='ltr'>quod</span> <span class='ocrx_word' id='word_1_732' title='bbox 2231 4382 2447 4436; x_wconf 88' lang='lat' dir='ltr'>litteras</span> <span class='ocrx_word' id='word_1_733' title='bbox 2477 4382 2674 4453; x_wconf 89' lang='lat' dir='ltr'>populi</span> <span class='ocrx_word' id='word_1_734' title='bbox 2727 4383 3026 4453; x_wconf 90' lang='lat' dir='ltr'>acceperit,</span> <span class='ocrx_word' id='word_1_735' title='bbox 3078 4400 3206 4436; x_wconf 90' lang='lat' dir='ltr'>cum</span> <span class='ocrx_word' id='word_1_736' title='bbox 3258 4384 3621 4438; x_wconf 90' lang='lat' dir='ltr'>manifestum</span> <span class='ocrx_word' id='word_1_737' title='bbox 3662 4387 3735 4440; x_wconf 90' lang='lat' dir='ltr'>sit</span> 
     </span>
    </p>
   </div>
   <div class='ocr_carea' id='block_1_109' title="bbox 2042 4462 3729 4541">
    <p class='ocr_par' dir='ltr' id='par_1_109' title="bbox 2042 4462 3729 4541">
     <span class='ocr_line' id='line_1_109' title="bbox 2042 4462 3729 4541; baseline 0.002 -18"><span class='ocrx_word' id='word_1_738' title='bbox 2042 4470 2296 4541; x_wconf 88' lang='lat' dir='ltr'>potuisse</span> <span class='ocrx_word' id='word_1_739' title='bbox 2321 4471 2515 4540; x_wconf 88' lang='lat' dir='ltr'>plures</span> <span class='ocrx_word' id='word_1_740' title='bbox 2545 4462 2783 4539; x_wconf 66' lang='lat' dir='ltr'>praemio</span> <span class='ocrx_word' id='word_1_741' title='bbox 2811 4476 2866 4523; x_wconf 91' lang='lat' dir='ltr'>et</span> <span class='ocrx_word' id='word_1_742' title='bbox 2910 4470 3169 4524; x_wconf 89' lang='lat' dir='ltr'>mercede</span> <span class='ocrx_word' id='word_1_743' title='bbox 3209 4471 3501 4541; x_wconf 89' lang='lat' dir='ltr'>corrumpi</span> <span class='ocrx_word' id='word_1_744' title='bbox 3531 4488 3729 4527; x_wconf 90' lang='lat' dir='ltr'>eorum</span> 
     </span>
    </p>
   </div>
   <div class='ocr_carea' id='block_1_110' title="bbox 2044 4556 3734 4628">
    <p class='ocr_par' dir='ltr' id='par_1_110' title="bbox 2044 4556 3734 4628">
     <span class='ocr_line' id='line_1_110' title="bbox 2044 4556 3734 4628; baseline 0.002 -17"><span class='ocrx_word' id='word_1_745' title='bbox 2044 4558 2144 4628; x_wconf 91' lang='lat' dir='ltr'>qui</span> <span class='ocrx_word' id='word_1_746' title='bbox 2191 4557 2469 4611; x_wconf 89' lang='lat' dir='ltr'>sinceram</span> <span class='ocrx_word' id='word_1_747' title='bbox 2522 4556 2695 4610; x_wconf 78' lang='lat' dir='ltr'>fidem</span> <span class='ocrx_word' id='word_1_748' title='bbox 2748 4572 2865 4610; x_wconf 91' lang='lat' dir='ltr'>non</span> <span class='ocrx_word' id='word_1_749' title='bbox 2912 4557 3145 4620; x_wconf 87' lang='lat' dir='ltr'>habent,</span> <span class='ocrx_word' id='word_1_750' title='bbox 3200 4562 3263 4610; x_wconf 92' lang='lat' dir='ltr'>ut</span> <span class='ocrx_word' id='word_1_751' title='bbox 3315 4559 3624 4613; x_wconf 88' lang='lat' dir='ltr'>clamarent</span> <span class='ocrx_word' id='word_1_752' title='bbox 3673 4560 3734 4615; x_wconf 91' lang='lat' dir='ltr'>in</span> 
     </span>
    </p>
   </div>
   <div class='ocr_carea' id='block_1_111' title="bbox 2045 4643 3728 4717">
    <p class='ocr_par' dir='ltr' id='par_1_111' title="bbox 2045 4643 3728 4717">
     <span class='ocr_line' id='line_1_111' title="bbox 2045 4643 3728 4717; baseline 0.002 -18"><span class='ocrx_word' id='word_1_753' title='bbox 2045 4644 2299 4709; x_wconf 91' lang='lat' dir='ltr'>ecclesia,</span> <span class='ocrx_word' id='word_1_754' title='bbox 2369 4649 2425 4699; x_wconf 91' lang='lat' dir='ltr'>et</span> <span class='ocrx_word' id='word_1_755' title='bbox 2481 4643 2671 4714; x_wconf 87' lang='lat' dir='ltr'>ipsum</span> <span class='ocrx_word' id='word_1_756' title='bbox 2727 4648 2920 4714; x_wconf 88' lang='lat' dir='ltr'>petere</span> <span class='ocrx_word' id='word_1_757' title='bbox 2978 4643 3311 4698; x_wconf 88' lang='lat' dir='ltr'>viderentur</span> <span class='ocrx_word' id='word_1_758' title='bbox 3376 4646 3728 4717; x_wconf 88' lang='lat' dir='ltr'>episcopum,</span> 
     </span>
    </p>
   </div>
   <div class='ocr_carea' id='block_1_112' title="bbox 2044 4730 3735 4801">
    <p class='ocr_par' dir='ltr' id='par_1_112' title="bbox 2044 4730 3735 4801">
     <span class='ocr_line' id='line_1_112' title="bbox 2044 4730 3735 4801; baseline 0.002 -16"><span class='ocrx_word' id='word_1_759' title='bbox 2044 4731 2279 4785; x_wconf 90' lang='lat' dir='ltr'>omuiuo</span> <span class='ocrx_word' id='word_1_760' title='bbox 2308 4730 2409 4784; x_wconf 89' lang='lat' dir='ltr'>has</span> <span class='ocrx_word' id='word_1_761' title='bbox 2456 4730 2682 4784; x_wconf 87' lang='lat' dir='ltr'>fraudes</span> <span class='ocrx_word' id='word_1_762' title='bbox 2712 4730 3064 4784; x_wconf 89' lang='lat' dir='ltr'>damnandas</span> <span class='ocrx_word' id='word_1_763' title='bbox 3094 4746 3214 4784; x_wconf 87' lang='lat' dir='ltr'>esse</span> <span class='ocrx_word' id='word_1_764' title='bbox 3247 4732 3515 4801; x_wconf 87' lang='lat' dir='ltr'>arbitror,</span> <span class='ocrx_word' id='word_1_765' title='bbox 3550 4734 3629 4788; x_wconf 87' lang='lat' dir='ltr'>ita</span> <span class='ocrx_word' id='word_1_766' title='bbox 3669 4741 3735 4789; x_wconf 91' lang='lat' dir='ltr'>ut</span> 
     </span>
    </p>
   </div>
   <div class='ocr_carea' id='block_1_113' title="bbox 2044 4817 3733 4892">
    <p class='ocr_par' dir='ltr' id='par_1_113' title="bbox 2044 4817 3733 4892">
     <span class='ocr_line' id='line_1_113' title="bbox 2044 4817 3733 4892; baseline 0.003 -19"><span class='ocrx_word' id='word_1_767' title='bbox 2044 4835 2148 4874; x_wconf 89' lang='lat' dir='ltr'>nec</span> <span class='ocrx_word' id='word_1_768' title='bbox 2190 4819 2391 4873; x_wconf 89' lang='lat' dir='ltr'>laicam</span> <span class='ocrx_word' id='word_1_769' title='bbox 2420 4818 2481 4872; x_wconf 91' lang='lat' dir='ltr'>in</span> <span class='ocrx_word' id='word_1_770' title='bbox 2529 4817 2642 4872; x_wconf 83' lang='lat' dir='ltr'>ﬁne</span> <span class='ocrx_word' id='word_1_771' title='bbox 2690 4817 3156 4872; x_wconf 90' lang='lat' dir='ltr'>communionem</span> <span class='ocrx_word' id='word_1_772' title='bbox 3196 4819 3324 4873; x_wconf 88' lang='lat' dir='ltr'>talis</span> <span class='ocrx_word' id='word_1_773' title='bbox 3371 4822 3625 4892; x_wconf 90' lang='lat' dir='ltr'>accipiat.</span> <span class='ocrx_word' id='word_1_774' title='bbox 3677 4824 3733 4878; x_wconf 89' lang='lat' dir='ltr'>Si</span> 
     </span>
    </p>
   </div>
   <div class='ocr_carea' id='block_1_114' title="bbox 2044 4906 3734 4982">
    <p class='ocr_par' dir='ltr' id='par_1_114' title="bbox 2044 4906 3734 4982">
     <span class='ocr_line' id='line_1_114' title="bbox 2044 4906 3734 4982; baseline 0.005 -23"><span class='ocrx_word' id='word_1_775' title='bbox 2044 4906 2204 4961; x_wconf 89' lang='lat' dir='ltr'>vobis</span> <span class='ocrx_word' id='word_1_776' title='bbox 2252 4906 2520 4961; x_wconf 90' lang='lat' dir='ltr'>omnibus</span> <span class='ocrx_word' id='word_1_777' title='bbox 2567 4907 2771 4977; x_wconf 87' lang='lat' dir='ltr'>placet,</span> <span class='ocrx_word' id='word_1_778' title='bbox 2818 4907 3071 4962; x_wconf 88' lang='lat' dir='ltr'>statuite.</span> <span class='ocrx_word' id='word_1_779' title='bbox 3105 4908 3362 4978; x_wconf 76' lang='lat' dir='ltr'>Synodus</span> <span class='ocrx_word' id='word_1_780' title='bbox 3392 4912 3687 4982; x_wconf 89' lang='lat' dir='ltr'>respondit</span> <span class='ocrx_word' id='word_1_781' title='bbox 3720 4929 3734 4966; x_wconf 88' lang='lat'>:</span> 
     </span>
    </p>
   </div>
   <div class='ocr_carea' id='block_1_115' title="bbox 2044 4997 2249 5050">
    <p class='ocr_par' dir='ltr' id='par_1_115' title="bbox 2044 4997 2249 5050">
     <span class='ocr_line' id='line_1_115' title="bbox 2044 4997 2249 5050; baseline -0.01 0"><span class='ocrx_word' id='word_1_782' title='bbox 2044 4997 2249 5050; x_wconf 80' lang='lat' dir='ltr'>Placet.</span> 
     </span>
    </p>
   </div>
   <div class='ocr_carea' id='block_1_116' title="bbox 2043 5100 3731 5173">
    <p class='ocr_par' dir='ltr' id='par_1_116' title="bbox 2043 5100 3731 5173">
     <span class='ocr_line' id='line_1_116' title="bbox 2043 5100 3731 5173; baseline 0.001 -16"><span class='ocrx_word' id='word_1_783' title='bbox 2043 5101 2169 5157; x_wconf 73' lang='lat' dir='ltr'>CAP.</span> <span class='ocrx_word' id='word_1_784' title='bbox 2200 5101 2303 5155; x_wconf 88' lang='lat' dir='ltr'>XX.</span> <span class='ocrx_word' id='word_1_785' title='bbox 2348 5130 2406 5173; x_wconf 55' lang='grc' dir='ltr'>έ-</span> <span class='ocrx_word' id='word_1_786' title='bbox 2454 5100 2607 5170; x_wconf 77' lang='lat' dir='ltr'>Quod</span> <span class='ocrx_word' id='word_1_787' title='bbox 2638 5103 2916 5170; x_wconf 88' lang='lat' dir='ltr'>episcopus</span> <span class='ocrx_word' id='word_1_788' title='bbox 2955 5116 3065 5156; x_wconf 87' lang='lat' dir='ltr'>esse</span> <span class='ocrx_word' id='word_1_789' title='bbox 3107 5118 3213 5156; x_wconf 90' lang='lat' dir='ltr'>non</span> <span class='ocrx_word' id='word_1_790' title='bbox 3243 5106 3419 5173; x_wconf 83' lang='lat' dir='ltr'>possit</span> <span class='ocrx_word' id='word_1_791' title='bbox 3474 5106 3588 5173; x_wconf 89' lang='lat' dir='ltr'>qui,</span> <span class='ocrx_word' id='word_1_792' title='bbox 3637 5121 3731 5159; x_wconf 87' lang='lat' dir='ltr'>ne-</span> 
     </span>
    </p>
   </div>
   <div class='ocr_carea' id='block_1_117' title="bbox 2280 5172 3486 5241">
    <p class='ocr_par' dir='ltr' id='par_1_117' title="bbox 2280 5172 3486 5241">
     <span class='ocr_line' id='line_1_117' title="bbox 2280 5172 3486 5241; baseline 0.002 -16"><span class='ocrx_word' id='word_1_793' title='bbox 2280 5172 2474 5225; x_wconf 88' lang='lat' dir='ltr'>sciente</span> <span class='ocrx_word' id='word_1_794' title='bbox 2500 5173 2906 5241; x_wconf 87' lang='lat' dir='ltr'>metropolitano</span> <span class='ocrx_word' id='word_1_795' title='bbox 2935 5172 3270 5227; x_wconf 78' lang='lat' dir='ltr'>consecratus</span> <span class='ocrx_word' id='word_1_796' title='bbox 3298 5177 3486 5238; x_wconf 76' lang='lat' dir='ltr'>fuerit.</span> 
     </span>
    </p>
   </div>
   <div class='ocr_carea' id='block_1_118' title="bbox 2112 5259 3732 5328">
    <p class='ocr_par' dir='ltr' id='par_1_118' title="bbox 2112 5259 3732 5328">
     <span class='ocr_line' id='line_1_118' title="bbox 2112 5259 3732 5328; baseline 0.001 -15"><span class='ocrx_word' id='word_1_797' title='bbox 2112 5259 2233 5326; x_wconf 75' lang='lat' dir='ltr'>(Ea:</span> <span class='ocrx_word' id='word_1_798' title='bbox 2280 5260 2463 5314; x_wconf 90' lang='lat' dir='ltr'>concil.</span> <span class='ocrx_word' id='word_1_799' title='bbox 2515 5260 2841 5324; x_wconf 85' lang='lat' dir='ltr'>Arelatensi,</span> <span class='ocrx_word' id='word_1_800' title='bbox 2890 5276 3010 5328; x_wconf 87' lang='lat' dir='ltr'>cap.</span> <span class='ocrx_word' id='word_1_801' title='bbox 3044 5264 3121 5327; x_wconf 82' lang='lat'>6.)</span> <span class='ocrx_word' id='word_1_802' title='bbox 3169 5260 3314 5313; x_wconf 91' lang='lat' dir='ltr'>Illud</span> <span class='ocrx_word' id='word_1_803' title='bbox 3359 5266 3550 5315; x_wconf 87' lang='lat' dir='ltr'>autem</span> <span class='ocrx_word' id='word_1_804' title='bbox 3598 5267 3732 5315; x_wconf 88' lang='lat' dir='ltr'>ante</span> 
     </span>
    </p>
   </div>
   <div class='ocr_carea' id='block_1_119' title="bbox 2044 5345 3735 5417">
    <p class='ocr_par' dir='ltr' id='par_1_119' title="bbox 2044 5345 3735 5417">
     <span class='ocr_line' id='line_1_119' title="bbox 2044 5345 3735 5417; baseline 0.001 -16"><span class='ocrx_word' id='word_1_805' title='bbox 2044 5346 2239 5401; x_wconf 90' lang='lat' dir='ltr'>omnia</span> <span class='ocrx_word' id='word_1_806' title='bbox 2275 5345 2471 5413; x_wconf 91' lang='lat' dir='ltr'>claret,</span> <span class='ocrx_word' id='word_1_807' title='bbox 2506 5346 2659 5415; x_wconf 89' lang='lat' dir='ltr'>quod</span> <span class='ocrx_word' id='word_1_808' title='bbox 2705 5363 2835 5400; x_wconf 90' lang='lat' dir='ltr'>eum</span> <span class='ocrx_word' id='word_1_809' title='bbox 2881 5346 2981 5417; x_wconf 91' lang='lat' dir='ltr'>qui</span> <span class='ocrx_word' id='word_1_810' title='bbox 3015 5346 3135 5399; x_wconf 91' lang='lat' dir='ltr'>siue</span> <span class='ocrx_word' id='word_1_811' title='bbox 3166 5348 3488 5401; x_wconf 89' lang='lat' dir='ltr'>conscentia</span> <span class='ocrx_word' id='word_1_812' title='bbox 3517 5354 3735 5402; x_wconf 86' lang='lat' dir='ltr'>metro-</span> 
     </span>
    </p>
   </div>
   <div class='ocr_carea' id='block_1_120' title="bbox 2041 5433 3731 5506">
    <p class='ocr_par' dir='ltr' id='par_1_120' title="bbox 2041 5433 3731 5506">
     <span class='ocr_line' id='line_1_120' title="bbox 2041 5433 3731 5506; baseline 0.002 -19"><span class='ocrx_word' id='word_1_813' title='bbox 2041 5433 2285 5504; x_wconf 89' lang='lat' dir='ltr'>politani</span> <span class='ocrx_word' id='word_1_814' title='bbox 2323 5433 2662 5488; x_wconf 92' lang='lat' dir='ltr'>constitutus</span> <span class='ocrx_word' id='word_1_815' title='bbox 2708 5433 2880 5488; x_wconf 86' lang='lat' dir='ltr'>fuerit</span> <span class='ocrx_word' id='word_1_816' title='bbox 2908 5433 3227 5503; x_wconf 89' lang='lat' dir='ltr'>episcopus,</span> <span class='ocrx_word' id='word_1_817' title='bbox 3270 5433 3433 5503; x_wconf 89' lang='lat' dir='ltr'>juxta</span> <span class='ocrx_word' id='word_1_818' title='bbox 3463 5451 3731 5506; x_wconf 78' lang='lat' dir='ltr'>magnam</span> 
     </span>
    </p>
   </div>
   <div class='ocr_carea' id='block_1_121' title="bbox 2044 5520 3245 5593">
    <p class='ocr_par' dir='ltr' id='par_1_121' title="bbox 2044 5520 3245 5593">
     <span class='ocr_line' id='line_1_121' title="bbox 2044 5520 3245 5593; baseline 0 -19"><span class='ocrx_word' id='word_1_819' title='bbox 2044 5520 2329 5591; x_wconf 88' lang='lat' dir='ltr'>synodum</span> <span class='ocrx_word' id='word_1_820' title='bbox 2361 5536 2484 5578; x_wconf 87' lang='lat' dir='ltr'>esse</span> <span class='ocrx_word' id='word_1_821' title='bbox 2514 5521 2843 5593; x_wconf 86' lang='lat' dir='ltr'>episcopum</span> <span class='ocrx_word' id='word_1_822' title='bbox 2876 5538 2989 5574; x_wconf 90' lang='lat' dir='ltr'>non</span> <span class='ocrx_word' id='word_1_823' title='bbox 3022 5521 3245 5574; x_wconf 87' lang='lat' dir='ltr'>debere.</span> 
     </span>
    </p>
   </div>
   <div class='ocr_carea' id='block_1_122' title="bbox 3341 5632 3423 5690">
    <p class='ocr_par' dir='ltr' id='par_1_122' title="bbox 3341 5632 3423 5690">
     <span class='ocr_line' id='line_1_122' title="bbox 3341 5632 3423 5690; baseline -0.012 0"><span class='ocrx_word' id='word_1_824' title='bbox 3341 5632 3423 5690; x_wconf 84' lang='grc'>18</span> 
     </span>
    </p>
   </div>
  </div>
