3950 6412
1255 351 1664 407 BURCHARDI
1703 347 2240 404 WORMACIENSIS
2279 346 2618 403 EPISCOPI.

3600 348 3713 400 556

184 486 312 541 CAP.
370 483 498 538 XXI.
551 511 618 522 ~—
657 480 747 535 Ne
795 479 1038 548 episcopi
1081 492 1182 547 per
1231 475 1590 531 Simoniacam
1640 473 1886 528 haeresim
1925 475 1970 526 Α
1998 470 2133 525 bere
2165 487 2281 525 non
2307 470 2552 525 dilI'erat.
2582 457 2748 534 Quod
2783 468 2831 522 si
2867 467 3020 522 ultra
3049 467 3308 538 quinque
3338 482 3571 521 menses
3602 482 3717 536 per

633 551 916 616 regiminis
948 551 1120 602 locum
1141 549 1435 602 obtineant.

257 643 367 712 (Ea:
419 641 610 696 concil.
656 639 926 701 Jledensi,
959 653 1080 706 cap.
1130 635 1243 705 43.)
1293 633 1615 689 Cavendum
1654 635 1712 686 et
1740 647 1891 684 sum-

187 747 423 802 mopere
473 728 914 800 praecavendum
963 741 1028 778 ac
1069 741 1171 795 per
1200 723 1467 776 virtutem
1502 721 1711 776 Christi
1761 735 1890 772 san-

188 820 379 890 guinis
410 817 871 872 interdicendum
920 813 1202 884 episc0pis
1236 818 1292 866 et
1323 811 1573 881 regibus,
1611 814 1668 863 et
1713 807 1892 861 omni-

189 911 296 964 bus
328 905 759 962 sublimioribus
799 903 1193 974 potestatibus,
1227 905 1396 971 atque
1443 898 1661 953 cunctis
1705 898 1889 952 fauto-

189 998 347 1052 ribus
375 1003 432 1050 et
459 993 823 1058 electoribus,
848 1005 1365 1061 quorumcumque,
1387 992 1559 1058 atque
1585 1001 1892 1040 consenso-

191 1087 366 1151 ribus,
416 1101 517 1137 seu
561 1080 982 1136 ordinatoribus
1034 1079 1092 1132 in
1138 1078 1320 1147 gradu
1383 1074 1782 1141 ecclesiastico,
1830 1079 1897 1128 ut

188 1189 361 1227 nemo
423 1187 528 1242 per
561 1168 936 1225 Simoniacam
989 1167 1276 1230 haresim,
1347 1163 1647 1233 regiminis
1704 1163 1893 1216 locum

190 1263 446 1316 obtineat
488 1273 847 1330 quacumque
887 1256 1158 1321 factione,
1204 1253 1533 1318 calliditate,
1568 1249 1892 1322 promissio-

193 1367 284 1414 ne,
318 1367 415 1403 seu
449 1346 860 1401 commoditate
893 1365 905 1409 ;
942 1349 1041 1397 aut
1078 1344 1368 1397 dationem
1411 1357 1515 1410 per
1553 1357 1632 1405 se,
1668 1344 1766 1394 aut
1794 1354 1897 1409 per

192 1438 456 1492 emissam
478 1451 803 1506 personam,
828 1449 959 1486 cum
991 1431 1238 1501 Spiritus
1259 1435 1487 1484 sanctus
1515 1429 1666 1482 inter
1690 1433 1897 1481 catera

191 1525 534 1582 documenta
561 1539 665 1594 per
695 1539 758 1576 os
807 1521 959 1576 dicat
985 1519 1244 1590 Gregorii
1279 1535 1292 1573 :
1338 1519 1450 1572 Cur
1491 1533 1604 1572 non
1655 1531 1897 1586 perpen-

188 1616 274 1669 dit
308 1614 442 1684 quia
490 1610 814 1667 benedictio
857 1610 940 1664 illi
990 1609 1049 1664 in
1106 1607 1566 1662 maledictionem
1621 1603 1897 1659 converti-

186 1702 326 1758 tur?
359 1703 423 1756 Et
451 1701 586 1756 alibi
619 1717 632 1755 :
669 1701 896 1765 Dolens,
945 1698 1152 1769 inquit,
1197 1697 1345 1763 dico,
1402 1711 1638 1766 gemens
1669 1695 1890 1749 denun-

188 1792 292 1859 tio,
324 1791 459 1862 quia
505 1788 887 1844 sacerdotium
939 1787 1089 1858 quod
1125 1785 1280 1857 apud
1331 1801 1430 1838 vos
1472 1784 1626 1838 intus
1663 1781 1886 1849 cecidit,

185 1880 323 1933 foris
351 1879 446 1931 diu
471 1883 620 1931 stare
653 1894 764 1930 non
797 1876 1030 1944 poterit.

188 1969 316 2022 CAP.
349 1967 512 2021 XXII.
558 1995 627 2004 —
667 1965 751 2018 De
795 1965 878 2018 his
927 1965 1024 2031 qui
1049 1964 1222 2030 pretio
1258 1975 1471 2015 sacram
1513 1960 1739 2012 mercati
1765 1961 1891 2012 sunt

887 2034 1230 2099 dignitatem.

262 2111 366 2174 (Ea:
389 2107 620 2176 epistola
650 2106 864 2158 Getasii
908 2098 1090 2173 papa,
1149 2118 1264 2172 cap.
1313 2101 1384 2167 5.)
1419 2100 1572 2165 Quos
1620 2098 1888 2152 constite-

190 2197 265 2250 rit
321 2196 586 2265 indignos
647 2192 886 2256 meritis,
947 2207 1166 2244 sacram
1224 2194 1503 2243 mercatos
1549 2203 1670 2241 esse
1708 2186 1892 2256 pretio

187 2283 550 2353 dignitatem,
603 2280 892 2334 convictos
950 2283 1174 2350 oportet
1222 2277 1422 2341 arceri,
1472 2277 1608 2347 quia
1660 2276 1891 2330 dantem

191 2372 405 2442 pariter
460 2368 950 2438 accipientemque
1019 2365 1309 2420 damnatio
1382 2364 1650 2418 Simonis.
1717 2378 1891 2435 quam

191 2475 353 2513 sacra
385 2457 551 2511 lectio
577 2461 834 2520 testatur,
854 2455 1108 2508 involvit.

603 2545 733 2599 CAP.
768 2544 951 2598 XXIII.
987 2572 1048 2582 —
1085 2544 1163 2596 De
1191 2541 1375 2595 eadem
1407 2557 1480 2594 re.

267 2636 378 2703 (Ea:
408 2637 568 2704 epist.
620 2632 941 2687 Hormisda
984 2647 1162 2700 papae,
1214 2647 1334 2699 cap.
1391 2630 1495 2696 t0.)
1529 2629 1644 2682 Hoc
1700 2627 1893 2698 itaque

193 2723 262 2779 ad
293 2723 487 2794 priora
518 2721 945 2792 eonjungimus,
979 2735 1048 2773 ne
1077 2718 1402 2772 benedictio
1434 2733 1538 2788 per
1567 2715 1896 2787 impositio—

191 2828 324 2868 nem
361 2827 584 2876 manus,
619 2794 746 2879 qua
787 2825 820 2862 a
855 2809 969 2862 Deo
1002 2825 1122 2861 esse
1154 2805 1426 2874 creditur,
1456 2805 1640 2876 pretio
1670 2820 1897 2874 compa-

189 2906 387 2965 retur;
423 2899 557 2970 quia
597 2897 789 2952 Simon
835 2895 1108 2966 Spiritum
1159 2901 1418 2949 sanctum
1471 2894 1666 2948 volens
1707 2892 1894 2964 pretio

190 2987 452 3051 mercari,
487 2986 730 3055 apostoli
763 2985 865 3039 fuit
894 2983 1272 3038 detestatione
1303 2997 1625 3052 percussus.

192 3078 324 3133 CAP.
411 3076 594 3131 XXIV.
669 3104 739 3113 -—
787 3072 973 3138 .Quod
1041 3087 1147 3125 non
1219 3075 1463 3131 oporteat
1528 3069 1896 3124 ordinationes

661 3146 1032 3213 episcoporum
1059 3142 1158 3195 diu
1187 3141 1423 3209 differri.

267 3233 434 3304 (Cap.
470 3236 558 3287 25.
613 3231 887 3300 Chalced.)
921 3230 1203 3294 Quoniam
1264 3227 1502 3299 quidam
1562 3225 1897 3296 metropoli-

195 3327 488 3382 tanorum,
518 3325 798 3390 quantum
826 3317 1236 3387 comperimus,
1289 3316 1594 3384 negligunt
1631 3313 1897 3368 commis-

196 3426 288 3462 sos
318 3408 428 3463 sibi
457 3424 680 3478 greges,
722 3411 778 3460 et
809 3405 1202 3460 ordinationes
1259 3406 1658 3474 episcoporum
1713 3403 1898 3457 facere

194 3497 492 3562 differunt,
537 3495 753 3567 placuit
805 3500 1012 3548 sancta
1065 3493 1280 3564 synodo
1322 3491 1472 3546 intra
1505 3497 1620 3546 tres
1676 3508 1899 3546 mens-es

193 3585 592 3640 ordinationes
645 3583 1045 3652 episcoporum
1097 3580 1390 3646 celebrari,
1445 3580 1553 3634 nisi
1601 3580 1744 3634 forte
1794 3596 1899 3633 ne-

199 3674 430 3726 cessitas
487 3671 892 3726 inexcusabilis
946 3675 1230 3742 praparet
1298 3674 1527 3738 tempus
1606 3667 1897 3722 dilationis

195 3761 462 3814 extendi:
517 3760 671 3831 quod
729 3760 775 3814 si
825 3760 932 3814 hoc
985 3759 1223 3812 minime
1277 3757 1492 3823 fecerit,
1545 3755 1896 3826 correptioni

195 3849 600 3902 Ecclesiastica
655 3847 988 3918 subjacebit.
1053 3847 1457 3900 Verumtamen
1508 3843 1727 3898 reditus
1797 3844 1896 3897 Ec-

201 3935 391 3989 clesia
423 3936 670 3990 viduata
704 3950 880 4006 penes
933 3949 1296 3988 aconomum
1342 3930 1601 4002 ejusdem
1641 3930 1897 3985 Ecclesia

193 4024 405 4094 integri
442 4029 826 4077 reserventur.

195 4112 322 4166 CAP.
383 4112 542 4166 XXV.
615 4140 683 4151 —-
739 4114 814 4164 De
881 4109 1318 4164 ordinationibus
1371 4111 1744 4178 episcoporum
1797 4107 1896 4161 diu

746 4184 968 4234 minime
1006 4179 1346 4248 differendis.

1999 576 2163 614 suam
2204 559 2614 630 negligentiam
2677 555 2978 611 retinuerit
3021 555 3314 610 viduatam
3363 555 3716 620 Ecclesiam,

1999 665 2189 720 neque
2219 649 2299 702 ibi
2331 664 2519 718 neque
2551 646 2689 699 alibi
2711 643 3154 698 consecrationis
3175 644 3392 698 donum
3423 642 3723 714 percipiat

1999 739 2119 792 imo
2151 736 2576 808 metropolitani
2603 735 2689 788 sui
2711 733 2933 804 judicio
2966 733 3152 789 cedat.

2001 827 2128 882 CAP.
2161 827 2338 882 XXVI.
2371 857 2438 866 ——
2471 824 2700 891 Quando
2731 825 2852 893 quis
2882 823 3072 875 debeat
3107 838 3140 875 a
3169 823 3364 876 vicinis
3403 818 3725 892 provincia

2567 898 2830 964 episcopis
2857 894 3129 947 ordinari.

2073 987 2266 1056 (Can.
2313 985 2572 1050 Sardic.,
2641 985 2741 1049 5.)
2803 981 2968 1037 Osius
3019 981 3321 1051 episcopus
3378 980 3523 1036 dixit
3577 996 3594 1034 :
3658 979 3724 1034 Si

2001 1076 2304 1147 contigerit
2335 1077 2396 1129 in
2446 1091 2561 1129 una
2607 1071 2921 1143 provincia,
2976 1071 3035 1124 in
3081 1087 3192 1142 qua
3224 1069 3457 1139 plurimi
3490 1070 3727 1123 fuerint

2002 1165 2276 1236 episcopi,
2310 1179 2492 1219 unum
2524 1164 2666 1216 forte
2706 1177 3005 1215 remanere
3035 1160 3386 1230 episcopum,
3418 1164 3477 1213 et
3507 1159 3728 1229 populi

2002 1254 2394 1318 convenerint,
2427 1250 2680 1322 episcOpi
2711 1250 2914 1303 vicina
2945 1248 3250 1319 provincia
3281 1248 3494 1302 debent
3541 1248 3727 1302 illum

2001 1342 2162 1413 prius
2191 1341 2497 1396 convenire
2528 1340 2862 1410 episcopum
2909 1337 3010 1401 qui
3039 1337 3099 1390 in
3143 1352 3212 1391 ea
3240 1336 3534 1406 provincia
3589 1352 3726 1390 mo-

2002 1435 2181 1497 ratur,
2216 1434 2272 1483 et
2289 1428 2586 1484 ostendere
2617 1426 2773 1499 quod
2811 1424 3008 1496 populi
3046 1429 3245 1495 petant
3283 1424 3390 1478 sibi
3423 1430 3724 1478 rectorem

2003 1523 2060 1573 et
2091 1518 2200 1572 hoc
2245 1517 2464 1588 justum
2496 1533 2640 1584 esse,
2693 1520 2756 1569 ut
2792 1520 2851 1568 et
2895 1513 3004 1584 ipsi
3034 1514 3262 1567 veniant
3315 1519 3371 1568 et
3409 1529 3542 1567 cum
3581 1513 3725 1583 ipso

2005 1607 2271 1662 ordinent
2319 1606 2672 1677 episcopum.
2707 1603 2870 1668 Quod
2924 1603 2972 1656 si
3003 1608 3315 1656 conventus
3356 1602 3570 1656 litteris
3619 1609 3724 1656 ta—

2005 1695 2206 1762 cuerit,
2241 1699 2298 1749 et
2326 1693 2788 1758 dissimulaverit,
2822 1691 3080 1761 nihilque
3112 1690 3487 1761 rescripserit,
3533 1692 3726 1745 satis-

2003 1783 2330 1838 faciendum
2381 1799 2502 1836 esse
2546 1781 2798 1852 populis,
2854 1784 2918 1833 ut
2971 1780 3204 1834 veniant
3229 1796 3297 1834 ex
3337 1780 3522 1834 vicina
3568 1796 3726 1851 pro-

1999 1871 2186 1926 vincia
2212 1871 2490 1942 episcopi,
2520 1877 2576 1924 et
2604 1869 2874 1924 ordinent
2903 1869 3263 1940 episcopum.

2001 1961 2127 2014 CAP.
2184 1961 2388 2014 XXVII.
2447 1989 2516 1998 ——
2573 1961 2637 2013 Ut
2693 1960 2972 2025 episcopus
3029 1972 3136 2011 non
3192 1963 3528 2012 consecretur
3596 1961 3728 2012 sine

2606 2030 2780 2083 tribus
2813 2031 3096 2097 episcopis.

2075 2105 2180 2165 (Ea:
2229 2102 2450 2155 consilio
2491 2099 2824 2166 Arelatensi,
2858 2115 2980 2168 cap.
3031 2100 3110 2162 5.)
3157 2098 3356 2152 Nullus
3403 2098 3726 2170 episcopus

2004 2190 2127 2243 sine
2169 2187 2598 2258 metropolitani
2634 2187 2939 2257 permissu,
2988 2201 3093 2240 nec
3141 2186 3444 2257 episcopus
3508 2195 3728 2242 metro-

2005 2278 2297 2350 politanus
2349 2278 2470 2331 sine
2528 2276 2713 2330 tribus
2780 2275 3062 2346 episcopis
3109 2277 3726 2345 comprovincialibus,

2003 2371 2319 2438 prasumat
2364 2367 2701 2435 episcopum
2749 2364 3036 2431 ordinare,
3086 2363 3164 2418 ita
3197 2371 3257 2417 ut
3303 2363 3400 2417 alii
3445 2380 3725 2435 compro-

2002 2455 2276 2508 vinciales
2321 2453 2576 2524 epistolis
2625 2452 3065 2518 admoneantur,
3098 2456 3160 2505 ut
3201 2468 3259 2506 se
3303 2468 3406 2506 suo
3437 2469 3726 2523 responso

2003 2544 2356 2598 consensisse
2400 2541 2750 2612 signiﬁcent.
2791 2540 2949 2605 Quod
2999 2541 3044 2594 si
3089 2540 3238 2595 inter
3283 2547 3476 2611 partes
3514 2542 3724 2612 aliqua

2002 2631 2179 2686 fuerit
2215 2631 2523 2698 dubitatio,
2564 2631 2769 2700 majori
2813 2629 3294 2700 metropolitanus
3338 2629 3400 2683 in
3429 2629 3724 2684 electione

2002 2719 2338 2773 consentiat.

2005 2808 2133 2862 CAP.
2185 2806 2417 2861 XXVIII.
2476 2835 2545 2845 —
2599 2807 2664 2859 Ut
2711 2807 2990 2874 episcopus
3043 2820 3150 2858 non
3199 2805 3480 2859 ordinetur
3527 2809 3726 2861 minus

2077 2893 2241 2945 quam
2273 2893 2305 2929 a
2356 2875 2550 2942 tribus,
2601 2881 2653 2931 et
2696 2879 2746 2930 si
2792 2879 2914 2943 ﬁeri
2949 2878 3124 2945 possit
3153 2876 3593 2945 archiepiscopus
3643 2881 3723 2931 ab

2074 2949 2321 3001 omnibus
2346 2948 2908 3016 comprovinciatibus.

1935 3035 1976 3090 C
2078 3039 2186 3099 (Ea:
2214 3039 2371 3105 epist.
2410 3037 2597 3090 Anicii
2622 3050 2782 3105 papa
2814 3033 3062 3089 Ecclesiis
3086 3049 3186 3102 per
3239 3035 3481 3088 Galliam
3510 3040 3721 3091 consti-

2007 3127 2140 3178 tutis
2173 3123 2430 3194 directa.)
2476 3125 2553 3178 De
2597 3121 3057 3177 ordinationibus
3089 3122 3486 3192 episcoporum
3537 3141 3724 3195 super

2006 3213 2214 3284 quibus
2261 3229 2365 3266 nos
2413 3213 2708 3266 consulere
2740 3210 2990 3276 voluisti,
3041 3211 3178 3264 olim
3233 3211 3291 3264 in
3323 3212 3526 3281 spiritu
3559 3229 3719 3283 pra-

2005 3301 2244 3354 eessoris
2280 3300 2460 3354 nostri
2491 3300 2748 3355 Anacleti
2789 3301 3067 3369 'quadam
3111 3300 3232 3369 jam
3278 3299 3501 3353 decreta
3547 3318 3722 3372 repe-

2005 3389 2212 3444 rimus.
2260 3388 2480 3442 Scimus
2513 3388 2668 3442 enim
2710 3388 3103 3442 beatissimum
3151 3389 3438 3448 Jacobum,
3481 3390 3583 3460 qui
3632 3392 3722 3445 di-

2005 3478 2240 3531 cebatnr
2265 3476 2481 3542 Justus,
2515 3477 2615 3547 qui
2663 3477 2974 3531 secundum
3031 3476 3202 3530 etiam
3254 3492 3482 3530 carnem
3532 3477 3721 3533 frater

2008 3565 2236 3620 Domini
2280 3571 2644 3634 nuncupatus
2675 3571 2780 3631 est,
2826 3581 2858 3618 a
2908 3566 3095 3628 Petro,
3130 3565 3339 3618 Jacobo
3387 3571 3444 3619 et
3484 3567 3716 3622 Joanne

2006 3652 2298 3723 apostolis,
2351 3653 2762 3722 Hierosolymis
2813 3651 3149 3723 episcopum
3199 3669 3319 3706 esse
3350 3653 3710 3711 ordinatum.

2005 3742 2061 3797 Si
2087 3747 2278 3796 autem
2328 3758 2445 3796 non
2487 3741 2676 3795 minus
2707 3757 2879 3809 quam
2910 3758 2943 3794 a
2973 3740 3154 3794 tribus
3187 3740 3462 3812 apostolis
3511 3746 3716 3795 tantus

2004 3831 2091 3884 vir
2120 3831 2230 3884 fuit
2261 3830 2580 3896 ordinatus,
2613 3835 2771 3899 patet
2830 3829 3085 3900 profecto
3129 3845 3226 3884 eos
3263 3829 3508 3884 formam
3546 3829 3717 3884 insti-

2005 3923 2204 3974 tuente
2231 3919 2478 3973 Domino
2521 3917 2843 3984 tradidisse,
2875 3934 2990 3972 non
3027 3918 3216 3972 minus
3257 3935 3427 3990 quam
3463 3935 3491 3972 a
3521 3919 3712 3973 tribus

2004 4007 2288 4077 episcopis
2319 4007 2655 4077 episcopum
2686 4007 2939 4061 ordinari
2970 4006 3177 4061 debere
3220 4023 3234 4074 ;
3283 4007 3379 4061 sed
3412 4013 3711 4062 crescente

2004 4111 2247 4150 numero
2303 4095 2726 4165 episcOporum,
2780 4093 2890 4146 nisi
2948 4094 3252 4147 necessitas
3307 4092 3708 4160 intervenerit,

2004 4184 2213 4238 debent
2238 4185 2410 4236 etiam
2443 4184 2637 4252 plures
2665 4182 2884 4252 augeri.
2917 4181 2973 4236 Si
3006 4186 3198 4235 autem
3241 4181 3711 4252 archiepiscopus

264 4270 372 4340 (Ea:
395 4269 535 4362 decr.
578 4270 822 4362 Damasi
835 4284 1013 4362 papa,
1049 4283 1168 4336 cap.
1221 4269 1300 4335 2.)
1341 4266 1620 4362 Quoniam
1661 4265 1892 4336 quidam
1937 4308 1978 4362 Β
2005 4271 2231 4335 obierit,
2289 4275 2345 4323 et
2393 4269 2537 4324 alter
2588 4269 2942 4323 ordinandus
2997 4268 3458 4339 archiepiscopus
3508 4268 3705 4335 fuerit,

193 4357 766 4428 metropolitanorum
791 4357 963 4411 ﬁdem
987 4373 1147 4409 suam
1168 4356 1481 4409 secundum
1508 4355 1748 4426 priscam
1771 4372 1894 4408 con-

190 4447 554 4500 suetudinem
612 4451 819 4499 sancta
865 4444 1343 4514 sediapostolica
1389 4460 1674 4513 exponere
1704 4444 1889 4497 detre-

189 4539 425 4602 ctantes,
475 4550 642 4587 usum
690 4533 850 4604 pallii
903 4549 1091 4603 neque
1134 4536 1423 4603 expetunt,
1476 4548 1663 4602 neque
1701 4531 1890 4601 perci-

189 4624 375 4691 piunt,
426 4639 490 4676 ac
537 4639 639 4693 per
666 4623 771 4676 hoc
801 4623 1200 4692 episcoporum
1247 4620 1597 4674 consecratio
1645 4620 1890 4674 viduatis

188 4711 447 4764 Ecclesiis
471 4727 586 4765 non
613 4711 732 4764 sine
761 4711 1015 4781 periculo
1044 4710 1380 4781 protelatur,
1413 4709 1626 4779 placuit
1649 4713 1713 4762 ut
1737 4709 1889 4780 quis-

188 4799 316 4869 quis
349 4800 827 4860 metronolitanus
861 4800 1007 4852 ultra
1041 4805 1155 4852 tres
1189 4813 1411 4851 menses
1441 4796 1886 4851 consecrationis

187 4903 305 4940 sua
339 4889 406 4940 ad
439 4887 612 4941 tidem
653 4904 811 4941 suam
845 4886 1265 4957 exponendam,
1306 4887 1664 4956 palliumque
1704 4885 1885 4939 susci-

186 4975 485 5044 piendum,
519 4975 587 5028 ad
639 4976 1008 5042 apostolicam
1041 4974 1233 5027 sedem
1265 4990 1381 5026 non
1434 4973 1677 5039 miserit,
1727 4988 1882 5026 com-

186 5063 362 5116 missa
393 5062 499 5115 sibi
531 5068 720 5115 careat
746 5062 1042 5130 dignitate,
1077 5062 1262 5131 sitque
1289 5061 1542 5116 licientia
1592 5067 1882 5130 metropo-

181 5149 378 5202 litanis
409 5148 534 5202 aliis
561 5155 690 5219 post
719 5150 1026 5202 secundam
1050 5154 1102 5202 et
1121 5149 1349 5202 tertiam
1375 5148 1880 5203 commonitionem

182 5238 430 5292 viduatis
480 5238 740 5291 Ecclesiis
790 5254 920 5292 cum
985 5237 1222 5291 consilio
1279 5237 1524 5291 Romani
1596 5236 1882 5306 pontilicis

180 5326 501 5381 ordinando
532 5327 865 5396 episcopum
905 5326 1227 5379 subvenire.
1262 5326 1320 5380 Si
1346 5341 1477 5379 vero
1508 5325 1880 5379 consecrandi

180 5415 434 5485 episcopi
465 5415 818 5485 negligentia
849 5415 1198 5484 provenerit,
1241 5419 1305 5467 ut
1331 5414 1484 5468 ultra
1511 5418 1623 5467 tres
1654 5429 1879 5468 menses

180 5503 426 5556 Ecclesia
480 5504 712 5557 viduata
780 5502 1072 5569 consistat,
1129 5501 1539 5556 communione
1599 5501 1875 5571 privetur,

179 5605 481 5660 quousque
512 5596 611 5644 aut
639 5592 761 5645 loco
809 5591 990 5658 cedat,
1025 5596 1125 5644 aut
1162 5607 1221 5644 se
1256 5590 1705 5645 consecrandum
1729 5606 1876 5660 pra-

2004 4376 2202 4413 omnes
2237 4359 2494 4428 ejusdem
2535 4358 2840 4428 provincia
2881 4357 3138 4429 episcopi
3169 4358 3236 4411 ad
3270 4356 3463 4410 sedem
3498 4364 3708 4411 metro-

2004 4448 2316 4518 politanam
2375 4445 2738 4512 conveniant,
2794 4451 2859 4499 ut
2890 4445 2961 4499 ab
3006 4446 3273 4500 omnibus
3300 4445 3422 4513 ipse
3454 4445 3708 4513 eligatur

2001 4538 2058 4586 et
2085 4534 2403 4588 ordinetur.
2429 4535 2666 4604 Oportet
2694 4539 2884 4588 autem
2917 4533 3120 4604 utipse
3152 4535 3250 4604 qui
3290 4534 3402 4587 illis
3433 4534 3704 4588 omnibus

2001 4639 2244 4693 praesse
2277 4623 2466 4690 debet,
2519 4623 2588 4676 ab
2634 4624 2902 4677 omnibus
2946 4623 3058 4676 illis
3101 4623 3348 4693 eligatur
3388 4629 3446 4676 et
3480 4625 3706 4678 ordine-

1998 4716 2106 4765 tur.
2165 4712 2391 4782 Reliqui
2429 4729 2562 4765 vero
2611 4711 3114 4782 comprovinciales
3171 4711 3447 4782 episcopi,
3504 4710 3550 4764 si
3609 4728 3705 4766 ne-

1998 4814 2150 4853 cesse
2196 4799 2391 4865 fuerit,
2439 4801 2658 4853 cateris
2704 4799 3213 4863 consentientibus,
3246 4816 3279 4852 a
3309 4799 3492 4852 tribus
3533 4800 3702 4870 jussu

1999 4887 2411 4958 archiepiscopi
2441 4888 2761 4940 consecrari
2794 4893 3034 4958 possunt
3063 4887 3337 4958 episcopi,
3368 4887 3464 4940 sed
3492 4889 3701 4943 melius

1995 4980 2082 5029 est
2111 4975 2158 5029 si
2186 4976 2307 5046 ipse
2339 4992 2468 5029 cum
2498 4976 2766 5029 omnibus
2796 4991 2930 5028 eum
2979 4976 3077 5044 qui
3109 4976 3320 5045 dignus
3367 4981 3454 5028 est
3509 4976 3696 5046 elege-

1994 5063 2110 5128 rit,‘
2139 5068 2195 5117 et
2224 5065 2416 5118 cuncti
2470 5064 2686 5133 pariter
2734 5063 3196 5117 consecraverint
3245 5063 3604 5134 pontiﬁcem.
3639 5067 3699 5119 Et

1993 5151 2125 5206 licet
2170 5152 2321 5206 istud
2375 5152 2709 5206 necessitate
2741 5157 2981 5221 cogente
3021 5167 3354 5205 concessum
3411 5151 3505 5217 sit,
3555 5153 3698 5207 illud

1993 5245 2184 5293 autem
2213 5241 2365 5310 quod
2415 5240 2485 5294 de
2538 5241 2953 5311 archiepiscopi
3002 5239 3430 5294 consecratione
3479 5256 3698 5310 prace-

1990 5333 2155 5398 ptum
2197 5334 2364 5400 atque
2398 5329 2732 5398 pradictum
2783 5334 2887 5394 est,
2924 5328 2982 5382 id
3013 5333 3115 5393 est,
3153 5332 3215 5381 ut
3247 5343 3448 5381 omnes
3502 5329 3697 5385 suffra-

1990 5416 2159 5486 ganei
2185 5432 2312 5469 eum
2337 5417 2622 5482 ordinent,
2660 5417 2989 5470 nullatenus
3038 5416 3332 5470 immutari
3366 5417 3519 5484 licet,
3563 5421 3696 5490 quia

1989 5503 2089 5573 qui
2119 5503 2230 5556 illis
2285 5508 2518 5572 praest,
2549 5503 2620 5556 ab
2650 5503 2918 5556 omnibus
2958 5502 3238 5574 episcopis
3285 5503 3497 5573 quibus
3549 5521 3692 5574 pra-

1987 5595 2091 5658 est,
2125 5591 2291 5644 debet
2322 5591 2610 5645 constitui.
2668 5591 2766 5646 Sin
2815 5592 2982 5646 aliter
3027 5596 3449 5662 prasumptum
3500 5593 3689 5663 fuerit,
