3950 6432
60 406 170 456 557

1063 400 1543 457 DECRETORUM
1585 399 1770 455 LIBRI
1809 397 1916 453 XX.
1959 427 2027 435 -——
2074 397 2289 452 LIBER
2334 397 2614 453 PRIMUS.

3493 398 3598 449 558

58 525 287 581 viribus
308 541 501 581 carere
534 539 649 579 non
696 522 939 579 dubium
992 528 1096 591 est,
1129 525 1267 595 quia
1294 525 1457 579 irrita
1488 523 1597 578 erit
1640 522 1764 592 ejus
1796 524 1839 575 Α
1878 519 2009 574 CAP.
2042 519 2268 574 XXXIII.
2300 548 2371 595 έ-
2414 519 2493 572 De
2522 518 2949 595 Wambat‘rege
3000 518 3305 595 Gallorum,
3340 521 3438 595 qui
3466 535 3584 595 con-

57 632 233 671 secus
269 622 393 671 acta
415 615 724 670 ordinatio.

57 722 201 777 CAP.
235 724 408 779 XXIX.
439 752 508 762 —
547 725 622 777 De
659 724 905 790 episcopo
943 722 1041 789 qui
1078 721 1247 774 alium
1286 723 1402 775 sine
1442 735 1545 775 sua
1590 719 1776 774 volun-

495 799 606 848 tate
633 797 941 861 episcopum
970 791 1344 846 ordinaverat.

129 900 260 969 (Em
288 901 446 969 epist.
503 900 776 968 Simplicii
808 913 967 968 papae
1022 901 1189 951 missa
1232 900 1431 951 Joanni
1470 898 1777 953 Ravennati

48 992 301 1058 episcop.
335 1003 436 1057 cap
498 990 571 1055 t.)
599 987 656 1042 Si
714 987 843 1057 quis
901 990 1049 1040 esset
1109 986 1352 1040 intuitus
1407 985 1473 1039 ad
1510 1000 1771 1039 normam

46 1077 461 1131 ecclesiasticae
517 1076 967 1147 disciplinae,vel
1000 1074 1048 1128 si
1106 1076 1244 1146 quid
1298 1074 1446 1145 apud
1496 1078 1551 1127 te
1593 1089 1773 1127 sacer-

47 1166 269 1220 dotalis
302 1165 598 1220 modestizn
626 1170 938 1231 teneretur,
973 1180 1267 1234 nunquam
1302 1163 1619 1233 plectibiles
1648 1178 1772 1233 per-

47 1258 434 1322 petrarentur
467 1268 747 1307 excessus.
807 1255 852 1305 A
883 1251 1091 1323 quibus
1139 1252 1188 1304 si
1238 1252 1394 1304 nullo
1425 1257 1477 1303 te
1509 1255 1772 1320 paterna-

47 1357 191 1395 rum
223 1342 553 1412 regularum
604 1346 835 1411 poteras
884 1339 1181 1393 continere
1224 1343 1534 1409 praecepto,
1568 1339 1767 1391 saltem

8 1466 11 1471 ι
46 1434 276 1483 sancta:
309 1430 599 1484 memoria:
650 1429 1085 1499 praedecessoris
1130 1427 1213 1481 tui
1251 1428 1440 1481 fueras
1495 1442 1767 1480 revocan-

48 1515 167 1569 dus
201 1517 485 1585 exemplo,
520 1514 621 1586 qui
653 1530 783 1569 cum
838 1513 1098 1568 faciendo
1132 1512 1531 1583 presbyterum
1579 1512 1768 1566 minus

46 1604 402 1674 deliquisset
431 1604 697 1669 invitum,
737 1608 993 1657 senserat
1032 1608 1225 1655 tamen
1257 1602 1495 1672 dignum
1538 1617 1640 1671 pro
1667 1601 1766 1654 tali

47 1693 435 1763 usurpatione
494 1692 803 1762 judicium.
863 1690 971 1745 Ubi
1029 1690 1138 1744 ista
1196 1690 1465 1754 didicisti,
1520 1705 1649 1760 quas
1706 1689 1764 1741 in

40 1781 299 1835 fratrem
346 1785 402 1834 et
458 1781 862 1851 coepiscopum
917 1783 1179 1833 nostrum
1223 1778 1584 1847 Gregorium,
1646 1793 1761 1831 non
1798 1806 1837 1858 Β

42 1870 366 1937 electione,
409 1869 505 1923 sed
548 1868 766 1922 invidia
793 1867 1155 1938 perpetrasti,
1190 1882 1362 1937 quem
1393 1865 1767 1919 inexcusabili

41 1957 331 2011 violentia
357 1955 609 2026 pertrahi
670 1956 741 2009 ad
798 1961 851 2008 te
906 1970 1103 2025 passus
1137 1971 1216 2017 es,
1259 1959 1430 2025 atque
1461 1952 1673 2017 vexari,
1706 1957 1769 2005 ut

41 2046 94 2099 ei
129 2046 420 2099 honorem
450 2050 692 2107 tantum,
738 2060 856 2097 non
894 2060 998 2114 per
1056 2042 1233 2096 animi
1271 2042 1762 2112 tranquillitatem,

42 2134 146 2187 sed
209 2150 319 2205 per
371 2133 707 2199 amentiam,
768 2132 913 2186 sicut
967 2131 1272 2186 dicendum
1328 2136 1411 2184 est
1441 2128 1766 2200 irrogares?

46 2224 257 2293 Neque
314 2222 469 2276 enim
509 2221 646 2275 talia
695 2221 1015 2292 potuissent
1044 2219 1191 2287 ﬁeri,
1251 2219 1489 2273 sanitate
1521 2218 1760 2272 consilii.

46 2312 338 2365 Nolumus
369 2325 713 2380 exaggerare
765 2310 920 2380 quod
970 2314 1195 2380 gestum
1234 2312 1337 2375 est,
1373 2324 1442 2362 ne
1491 2322 1768 2377 cogamur

36 2398 313 2468 judicare
346 2398 499 2469 quod
532 2397 773 2467 dignum
808 2401 907 2450 est.
930 2397 1071 2450 Nam
1101 2394 1467 2467 privilegium
1512 2399 1767 2450 meretur

45 2488 345 2553 amittere,
380 2487 480 2558 qui
510 2486 786 2557 permissa
816 2486 926 2539 sibi
955 2486 1210 2539 abutitur
1247 2490 1547 2557 potestate.

44 2596 185 2649 CAP.
244 2595 394 2648 XXX.
455 2622 525 2633 —
561 2596 637 2647 De
684 2593 978 2662 abjectione
1006 2592 1122 2660 eius
1164 2607 1319 2659 quem
1362 2591 1467 2645 duo
1503 2606 1765 2661 presum-

0 2666 7 2677 '
520 2666 732 2733 pserint
753 2664 1013 2717 ordinare
1041 2665 1298 2731 episcopi.

121 2773 243 2837 (Ea:
275 2771 463 2825 concil.
507 2773 794 2836 Arausic.,
834 2784 956 2837 cap.
1006 2771 1121 2837 20.)
1164 2769 1243 2821 De
1292 2767 1610 2837 abjectione
1639 2767 1763 2837 ejus

44 2876 230 2931 quem
264 2858 380 2913 duo
426 2857 895 2929 praesumpserint
941 2856 1231 2911 ordinaire
1264 2855 1538 2926 episcopi,
1570 2855 1630 2908 in
1656 2871 1760 2909 no-

44 2948 186 3001 stris
219 2946 531 3017 provinciis
556 2946 767 3016 placuit
794 2946 865 2999 de
899 2944 1439 3015 praesumptoribus,
1482 2950 1547 2997 ut
1577 2944 1759 2998 sicubi

44 3034 365 3104 contigerit
410 3034 553 3089 duos
630 3034 925 3104 episcopos
982 3034 1218 3087 tertium
1269 3049 1630 3101 consecrare,
1702 3038 1758 3087 et

44 3123 175 3194 ipse
207 3127 269 3175 et
300 3126 559 3175 auctores
588 3120 1039 3185 damnabuntnr,
1089 3136 1205 3191 quo
1245 3119 1466 3174 cautius
1515 3135 1581 3172 ea
1629 3136 1758 3190 qua:

45 3216 185 3266 sunt
204 3210 527 3280 antiquitus
558 3213 767 3263 statuta
796 3213 1113 3263 serventur.

46 3320 185 3373 CAP.
228 3316 405 3371 XXXI.
448 3347 517 3357 —
545 3316 625 3370 De
668 3330 775 3369 non
817 3314 1142 3369 ordinandis
1182 3317 1447 3384 episcOpis
1490 3330 1587 3383 per
1616 3318 1759 3370 vicos

603 3392 653 3440 et
682 3386 922 3440 modicas
944 3388 1214 3441 civitates.

123 3498 238 3564 (Ea:
304 3494 494 3549 concil.
567 3492 908 3558 Sardicensi,
987 3508 1109 3561 cap.
1178 3492 1253 3561 6.)
1315 3490 1566 3545 Licentia
1628 3506 1762 3546 vero

48 3583 253 3639 danda
297 3598 417 3637 non
467 3587 553 3635 est
604 3580 912 3635 ordinandi
955 3580 1309 3650 episcopum,
1370 3584 1465 3633 aut
1524 3579 1583 3633 in
1639 3580 1763 3633 vico

47 3673 275 3743 aliquo,
306 3674 406 3723 aut
433 3668 493 3722 in
519 3667 744 3722 modica
782 3666 1032 3735 civitate,
1061 3666 1154 3721 cui
1197 3668 1409 3721 sufﬁcit
1447 3682 1598 3720 unus
1626 3683 1760 3737 pre-

46 3762 295 3829 sbyter:
329 3756 465 3827 quia
497 3772 613 3810 non
657 3760 742 3809 est
772 3772 1001 3810 necesse
1036 3754 1115 3809 ibi
1151 3754 1480 3826 episcopum
1514 3755 1662 3819 ﬁeri,
1692 3771 1763 3809 ne

44 3848 290 3900 vilescat
338 3860 551 3900 nomen
612 3844 868 3915 episcopi
917 3849 974 3898 et
1016 3843 1340 3898 auctoritas.
1381 3844 1503 3898 Non
1553 3843 1766 3898 debent

42 3936 131 3989 illi
165 3951 237 3989 ex
269 3934 380 3988 alia
424 3933 718 4004 provincia
768 3932 991 3987 invitati
1051 3933 1235 3987 facere
1265 3933 1621 4003 episcopum,
1654 3932 1763 3986 nisi

42 4028 153 4077 aut
180 4025 243 4076 in
284 4023 373 4076 his
404 4022 727 4077 civitatibus
756 4038 886 4091 quae
942 4020 1243 4091 episcopos
1285 4021 1633 4087 habuerunt,
1664 4025 1764 4074 aut

43 4115 88 4167 si
120 4129 244 4183 qua
277 4111 407 4165 talis
446 4115 543 4165 aut
597 4114 716 4165 tam
772 4110 1057 4181 populosa
1091 4115 1176 4163 est
1226 4109 1445 4172 civitas,
1489 4124 1619 4179 quae
1649 4122 1765 4161 me-

41 4204 256 4256 reatur
312 4199 523 4253 habere
591 4198 942 4269 episcopum.
999 4197 1055 4252 Si
1087 4199 1193 4253 hoc
1246 4197 1515 4253 omnibus
1553 4198 1761 4267 placet.

39 4288 321 4362 Synodus
368 4287 667 4358 respondit
697 4303 709 4340 :
743 4288 945 4341 Placet.

452 4384 583 4439 CAP.
616 4385 817 4439 XXXII.
855 4414 917 4425 —-
964 4387 1034 4439 De
1074 4384 1260 4438 eadem
1289 4400 1364 4437 re.

121 4496 235 4563 (Ea:
257 4491 454 4545 decret.
489 4493 679 4545 Leonis
710 4507 888 4560 papa,
924 4507 1046 4560 cap.
1090 4490 1204 4559 49.)
1238 4490 1384 4544 Illud
1430 4506 1567 4544 sane
1599 4491 1755 4562 quod

40 4584 123 4637 ad
182 4580 598 4635 sacerdotalem
645 4580 897 4650 pertinet
943 4579 1306 4649 dignitatem,
1368 4579 1518 4633 inter
1568 4578 1766 4633 omnia

41 4671 328 4724 volumus
349 4683 639 4722 canonum
671 4672 882 4721 statuta
911 4666 1148 4730 servari,
1188 4674 1375 4721 utnon
1407 4667 1465 4721 in
1525 4667 1766 4737 quibus-

42 4761 196 4813 libet
220 4756 361 4812 locis
392 4770 583 4825 neque
615 4753 1054 4826 quibuscunque
1084 4755 1348 4822 castellis,
1381 4760 1438 4809 et
1466 4754 1565 4809 ubi
1596 4760 1764 4809 antea

42 4862 175 4901 non
201 4846 441 4899 fuerunt
468 4843 749 4914 episcopi,
780 4848 1207 4910 consecrantur,
1241 4860 1371 4897 cum
1431 4843 1528 4897 ubi
1576 4843 1763 4897 mino-

44 4952 144 4989 res
178 4939 317 4988 sunt
346 4932 541 5004 plebes
574 4932 944 5003 minoresque
1002 4937 1338 5000 conventus,
1400 4931 1764 5002 presbytero-

44 5039 185 5079 rum
217 5036 355 5076 cura
384 5020 658 5086 sufﬁciat,
713 5020 1063 5091 episcopalis
1128 5025 1321 5075 autem
1355 5019 1764 5090 gubernacula,

44 5110 291 5168 nonnisi
323 5109 640 5181 majoribus
675 5109 902 5179 populis
933 5113 989 5162 et
1037 5108 1524 5179 frequentioribus
1568 5107 1766 5161 civita-

41 5202 206 5256 tibus
252 5202 517 5268 oporteat
571 5198 904 5267 prazsidere,
967 5214 1040 5252 ne
1092 5197 1246 5268 quod
1298 5203 1628 5252 sanctorum
1656 5197 1765 5251 Pa-

41 5296 208 5345 trum
242 5286 518 5340 divinitus
554 5285 835 5356 inspirata
866 5287 1096 5341 decreta
1126 5290 1451 5353 vetuerunt,
1480 5285 1682 5340 viculis
1712 5291 1768 5339 et

40 5375 534 5450 possessionibus,
568 5375 655 5428 vel
701 5374 959 5428 obscuris
1010 5380 1067 5429 et
1112 5375 1383 5430 solitariis
1438 5374 1769 5445 municipiis

42 5466 343 5522 tribuatur
363 5463 716 5519 sacerdotale
754 5464 1071 5535 fastigium,
1106 5468 1162 5518 et
1194 5463 1378 5518 honor
1428 5463 1519 5519 cui
1560 5463 1771 5519 debent

49 5554 466 5611 excellentiora
530 5553 833 5622 committi,
891 5552 1015 5624 ipse
1060 5552 1152 5608 sui
1205 5553 1623 5609 numerositate
1695 5552 1773 5607 vi-

52 5646 252 5700 lescat.

1957 597 2046 644 tra
2066 605 2293 644 canones
2323 592 2379 642 in
2421 590 2661 659 quadam
2716 590 2909 642 villula
2947 589 3313 658 episcopatum
3365 592 3590 656 fecerat,

1956 661 2219 731 quomodo
2254 661 2596 714 annullalum
2617 664 2715 714 est.

1957 788 2063 851 (Ea:
2088 787 2277 841 concil.
2331 787 2586 841 Toletano
2633 801 2752 848 xm,
2785 800 2905 839 can.
2940 784 3017 853 4.)
3072 784 3379 854 Majoribus
3425 784 3589 839 insti-

1882 874 2202 929 tutionibus
2252 873 2557 937 contraire,
2593 878 2649 928 et
2702 879 3027 927 sanctorum
3082 875 3315 928 Patrum
3362 873 3591 927 decreta

1880 962 2223 1027 convellere,
2251 961 2389 1031 quid
2417 961 2575 1015 aliud
2624 966 2707 1015 est
2758 976 2932 1032 quam
2963 961 3257 1015 vinculum
3297 962 3585 1016 societatis

1881 1049 2088 1103 Christi
2119 1050 2485 1120 abrumpere,
2518 1056 2573 1103 et
2605 1055 2893 1120 usurpatas
2940 1050 3343 1121 praeceptionis
3401 1051 3585 1105 licen-

1879 1137 1979 1203 tia,
2013 1143 2225 1192 statum
2284 1138 2543 1192 Ecclesia:
2592 1138 2907 1208 dissipare?
2970 1140 3357 1209 Prosequente
3410 1138 3592 1209 igitur

1879 1226 2195 1280 venerabili
2258 1230 2314 1279 et
2371 1225 2732 1279 sanctissimo
2791 1226 2916 1279 viro
2970 1226 3143 1280 fratre
3201 1232 3398 1280 nostro
3473 1228 3588 1281 Ste-

1876 1313 2071 1381 phano
2106 1313 2484 1367 Emeretensis
2518 1313 2668 1367 sedis
2698 1313 2980 1383 episcopo,
3028 1330 3121 1367 res
3147 1313 3311 1368 nobis
3342 1314 3583 1367 novellae

1878 1400 2344 1472 praesumptionis
2376 1402 2749 1472 usurpatione
2767 1418 2888 1455 sese
2919 1401 3117 1455 intulit
3163 1403 3585 1473 pertractanda,

1877 1494 2036 1543 tanto
2119 1490 2540 1542 communionis
2610 1494 2818 1542 nostra:
2882 1489 3099 1560 judicio
3188 1490 3583 1555 convellenda,

1878 1582 2095 1647 quanto
2128 1583 2182 1630 et
2212 1577 2505 1648 pravitatis
2548 1582 2753 1631 nostra:
2780 1577 3032 1630 noscitur
3061 1592 3203 1630 ausu
3226 1582 3578 1646 perpetrata.

1879 1665 2029 1719 Dixit
2058 1666 2213 1719 enim
2264 1664 2532 1719 violentia
2576 1664 2880 1735 principali
2908 1681 2969 1718 se
3016 1664 3334 1731 impulsum
3384 1664 3578 1727 fuisse,

1876 1754 2029 1807 utin
2077 1754 2425 1807 monasterio
2456 1754 2693 1821 villulae,
2726 1753 2783 1806 in
2842 1768 2957 1823 qua
3022 1752 3346 1806 venerabile
3377 1768 3584 1822 corpus

1878 1842 2221 1896 sanctissimi
2269 1841 2513 1896 Punenii
2567 1840 2909 1895 confessoris
2960 1840 3150 1895 debito
3207 1840 3451 1911 quiescit
3484 1842 3583 1894 ho-

1877 1946 2040 1998 nore,
2094 1946 2299 1984 novam
2334 1930 2677 2000 episcopalis
2734 1928 2972 1982 honoris
3003 1928 3427 1982 ordinationem
3468 1928 3584 1982 efﬁ-

1876 2023 2050 2084 ceret,
2093 2024 2150 2071 et
2172 2018 2297 2071 ideo
2337 2034 2406 2071 ex
2458 2017 2767 2071 indiscrete
2797 2021 2854 2070 et
2892 2015 3164 2070 facillimo
3192 2032 3448 2082 assensu,
3491 2016 3578 2069 in-

1868 2106 2040 2177 justis
2084 2106 2346 2161 Wambaa
2392 2105 2669 2177 principis
2714 2104 3073 2175 jussionibus
3106 2120 3334 2174 parens,
3370 2120 3574 2158 novam

1875 2200 1931 2249 et
1978 2194 2250 2264 injustam
2302 2194 2420 2247 illic
2468 2194 2811 2264 pontiﬁcalis
2831 2192 2981 2247 sedis
3022 2193 3433 2263 perlectionem
3486 2193 3577 2246 in-

1873 2283 2057 2352 duxit,
2103 2283 2203 2337 ubi
2268 2283 2542 2337 canonica
2594 2282 2925 2336 constitutio
2965 2282 3021 2335 id
3071 2280 3197 2335 ﬁeri
3239 2281 3575 2335 omnimoda

1874 2372 2099 2427 ratione
2138 2371 2369 2425 refellit.
2421 2372 2731 2425 Praedictus
2782 2370 2877 2424 ille
2922 2370 3008 2423 vir
3035 2376 3357 2441 prostratus
3392 2370 3571 2424 humo

1875 2460 2252 2515 medicamine
2284 2460 2464 2513 nostri
2500 2458 2792 2530 praecepti,
2821 2463 2874 2513 et
2905 2458 3010 2512 sibi
3052 2458 3175 2513 dari
3214 2458 3440 2512 veniam
3471 2474 3577 2529 pe-

1872 2548 1958 2613 tit,
2022 2552 2078 2601 et
2137 2548 2273 2618 quid
2328 2547 2693 2617 potissimum
2752 2547 2878 2601 ﬁeri
2907 2552 3173 2617 oporteat
3226 2546 3294 2601 de
3326 2562 3573 2617 persona

1871 2636 1996 2706 ejus
2027 2636 2127 2706 qui
2157 2637 2273 2689 illic
2313 2636 2610 2689 ordinatus
2658 2636 2863 2701 fuerat,
2911 2636 3093 2690 nostri
3151 2635 3266 2689 oris
3293 2635 3574 2689 sententia

1871 2724 2098 2780 decerni
2129 2724 2409 2795 poposcit.
2444 2724 2550 2779 Sed
2617 2725 2755 2795 quia
2812 2725 3108 2791 veraciter,
3163 2724 3279 2778 imo
3313 2740 3573 2779 commu-

1872 2812 2020 2867 niter
2044 2828 2389 2866 noveramus
2427 2812 2768 2882 prmdictum
2809 2812 3128 2883 principem
3160 2812 3403 2867 consilio
3437 2813 3574 2867 levi-

1868 2900 2001 2957 tatis
2020 2908 2307 2971 agentem,
2336 2917 2452 2954 non
2488 2900 2673 2953 solum
2717 2900 3053 2971 prmcepisse
3091 2904 3155 2954 ut
3194 2900 3254 2954 in
3290 2901 3567 2970 praedicto

1869 2990 1993 3043 loco
2055 2989 2263 3060 aliquis
2319 2990 2619 3061 episcopus
2677 2989 2859 3057 ﬁeret,
2915 2989 3013 3043 sed
3071 2989 3243 3043 etiam
3302 2989 3382 3043 ita
3439 3005 3571 3043 cum

1800 3081 1840 3136 C
1869 3078 2356 3133 obstinationibus
2409 3078 2700 3145 deﬁnisse,
2752 3078 2911 3133 utin
2959 3077 3238 3132 suburbio
3296 3078 3573 3133 Toletano

1870 3167 1931 3221 in
1983 3166 2220 3221 ecclesia
2268 3165 2634 3221 Prmtoriensi
2694 3171 3020 3221 sanctorum
3093 3166 3246 3221 Petri
3302 3171 3357 3221 et
3412 3168 3575 3222 Pauli

1870 3255 2204 3326 episcopum
2249 3255 2559 3321 ordinaret,
2620 3270 2845 3309 necnon
2908 3261 2967 3309 et
3017 3255 3076 3308 in
3126 3254 3265 3309 vicis
3322 3256 3409 3309 vel
3466 3242 3570 3309 vii;

1869 3344 1996 3398 lulis
2018 3343 2283 3397 similiter
2307 3343 2517 3397 faceret
2542 3360 2555 3397 :
2579 3343 2710 3396 ideo
2737 3360 2840 3414 pro
2868 3349 2982 3397 tam
3011 3344 3281 3397 insolenti
3314 3343 3575 3413 hujusce-

1871 3431 2030 3485 modi
2085 3430 2514 3501 exstirpationis
2573 3430 2823 3497 licentia,
2884 3430 3171 3501 quidquid
3224 3431 3293 3484 de
3349 3430 3454 3485 hac
3514 3447 3575 3484 re

1870 3519 2146 3574 haberent
2199 3535 2488 3573 canonum
2542 3518 2822 3585 instituta,
2895 3518 2955 3572 in
3015 3518 3270 3573 medium
3328 3519 3576 3589 proferri

1870 3608 2271 3680 praecepimus.
2329 3608 2487 3661 Tunc
2540 3607 2663 3661 haec
2685 3607 2744 3660 in
2776 3607 3041 3661 ordinem
3071 3607 3400 3672 constituta,
3433 3624 3579 3679 pra:-

1872 3699 2015 3751 lecta
2039 3702 2190 3749 sunt.
2220 3696 2283 3749 In
2335 3694 2539 3764 primis
2591 3695 2854 3764 exempla
2897 3695 3056 3749 Pauli
3103 3695 3203 3749 ubi
3252 3696 3377 3750 Tito
3408 3696 3577 3751 disci-

1871 3784 2029 3857 pulo,
2057 3787 2122 3838 ut
2146 3784 2440 3854 episcopos
2483 3798 2588 3853 per
2618 3782 2874 3836 civitates
2930 3783 3279 3838 constituere
3319 3784 3575 3851 deberet,

1871 3872 2164 3945 praecepit.
2199 3874 2347 3927 Item
2376 3888 2441 3926 ex
2477 3872 2718 3925 concilio
2741 3872 2990 3939 Nicecno,
3024 3872 3191 3926 titulo
3214 3876 3266 3938 8,
3301 3872 3397 3927 ubi
3427 3873 3579 3928 inter

1872 3966 2078 4017 caetera
2121 3961 2451 4033 praecipitur
2492 3966 2555 4015 nt
2602 3960 2663 4014 in
2704 3960 2927 4014 civitate
2978 3976 3095 4015 non
3136 3960 3442 4015 videantur
3463 3962 3578 4015 duo

1874 4049 2127 4120 episcopi
2156 4065 2295 4103 esse.
2332 4050 2471 4103 Item
2525 4065 2590 4102 ex
2643 4048 2883 4103 concilio
2915 4048 3273 4116 Laodicensi,
3312 4050 3482 4103 titulo
3525 4054 3577 4115 ‘7,

1872 4139 1974 4193 ubi
2003 4137 2139 4192 dicit
2171 4154 2183 4191 :
2218 4138 2339 4191 Non
2369 4141 2595 4208 oportet
2629 4137 2689 4191 in
2722 4137 2858 4190 vicis
2890 4143 2945 4192 et
2986 4137 3047 4190 in
3089 4137 3303 4192 villulis
3352 4138 3581 4208 episco-

1873 4243 1979 4299 pos
2009 4226 2284 4281 ordinari.
2337 4227 2477 4281 Item
2525 4242 2592 4279 ex
2622 4226 2863 4280 concilio
2911 4226 3137 4288 Africae,
3190 4226 3358 4281 titulo
3397 4230 3451 4293 2,
3484 4226 3581 4280 ubi

1877 4316 2029 4371 Felix
2081 4314 2388 4385 episcopus
2435 4314 2850 4370 Solemsitanus
2917 4315 3106 4369 dixit:
3151 4315 3331 4371 Etiam
3382 4316 3429 4370 si
3477 4317 3583 4370 hoc

1874 4404 2061 4476 placet
2103 4402 2391 4456 sanctitati
2443 4407 2667 4469 vestrm,
2724 4402 2955 4457 insinuo
3008 4408 3071 4456 ut
3125 4402 3395 4459 dimceses
3454 4421 3583 4475 quae

1872 4507 2169 4562 nunquam
2200 4491 2527 4545 habuerunt
2549 4490 2866 4560 episcopos,
2899 4506 3017 4544 non
3055 4490 3325 4545 habeant.
3373 4492 3585 4547 Dioece-

1872 4580 1950 4635 sis
1987 4595 2118 4650 quaa
2150 4578 2456 4650 aliquando
2488 4578 2705 4645 habuit,
2751 4578 2962 4632 habeat
3000 4579 3321 4649 proprium.
3368 4580 3581 4636 Secun-

1872 4668 2010 4723 dum
2065 4672 2257 4721 autem
2308 4667 2415 4720 hoc
2466 4666 2922 4736 prosecutionem
2985 4666 3302 4721 sanctitatis
3375 4673 3579 4721 vestrm

1873 4761 1960 4811 est
1983 4756 2271 4810 aestimare
2302 4755 2436 4825 quid
2469 4754 2595 4808 ﬁeri
2644 4754 2866 4808 debeat.
2900 4754 3239 4809 Genecletus
3283 4755 3585 4827 episcopus

1874 4845 2058 4900 dixit:
2094 4844 2154 4898 Si
2210 4843 2395 4914 placet
2447 4842 2761 4896 insinuatio
2804 4842 2983 4913 patris
3028 4843 3355 4915 coepiscopi
3402 4846 3585 4899 nostri

1879 4933 2100 4999 Felicis,
2125 4932 2196 4986 ab
2218 4930 2488 4985 omnibus
2517 4932 2911 4985 conﬁrmetur.
2937 4932 3021 4985 Ab
3054 4932 3339 4987 universis
3370 4934 3584 5005 episco-

1876 5023 1965 5093 pis
1988 5018 2201 5075 dictum
2231 5025 2333 5073 est.
2368 5021 2556 5074 Placet
2573 5020 2714 5073 Item
2737 5036 2800 5073 ex
2824 5020 3066 5075 concilio
3090 5020 3291 5076 Africte
3318 5039 3395 5089 ιιι,
3417 5022 3585 5077 titulo

1878 5113 1929 5176 2,
1955 5109 2055 5165 ubi
2087 5109 2225 5163 dicit
2256 5114 2321 5163 ut
2348 5125 2468 5163 non
2499 5107 2738 5179 accipiat
2758 5109 3005 5163 alterum
3045 5110 3379 5181 episcopum
3426 5112 3587 5181 plebs

1878 5214 2008 5269 quae
2032 5197 2092 5251 in
2122 5196 2351 5252 dioecesi
2373 5212 2601 5268 semper
2622 5197 2927 5268 subjacuit.
2956 5199 3263 5270 Epigenius
3296 5200 3450 5254 enim
3470 5200 3588 5270 epi-

1878 5302 2080 5357 scopus
2136 5285 2196 5339 in
2251 5290 2458 5339 cmtera
2506 5286 2585 5338 sic
2644 5285 2831 5339 dixit:
2868 5287 2991 5340 Non
3040 5286 3247 5342 debere
3305 5291 3585 5341 rectorem

1881 5374 2138 5445 accipere
2161 5390 2287 5429 eam
2328 5374 2559 5445 plebem
2590 5389 2720 5445 quae
2751 5373 2810 5428 in
2836 5374 3064 5429 dioecesi
3122 5391 3353 5445 semper
3390 5374 3582 5445 subja-

1879 5462 1998 5517 cuit
2031 5478 2136 5515 nec
2177 5478 2433 5533 unquam
2484 5463 2787 5533 proprium
2815 5462 3145 5534 episcopum
3183 5462 3402 5517 habuit.
3437 5463 3587 5528 Qua-

1882 5555 2116 5623 propter
2154 5550 2202 5604 si
2258 5550 2525 5605 universo
2570 5550 2926 5606 sanctissimo
2992 5550 3163 5605 εαξιοί
3230 5552 3417 5622 placet
3481 5554 3589 5607 hoc

1885 5640 2041 5712 quod
2072 5640 2349 5711 praefatus
2391 5656 2540 5707 sum,
2568 5641 2945 5695 conﬁrmetur
2991 5639 3255 5695 Aurelius
3285 5640 3588 5715 episcopus
