  <div class='ocr_page' id='page_1' title='image "/cluster/home/n/w/nwhite01/storage/ocr_20150623/140-141/uc1.31175018559917/287.png"; bbox 0 0 3950 6410; ppageno 0'>
   <div class='ocr_carea' id='block_1_1' title="bbox 442 390 545 442">
    <p class='ocr_par' dir='ltr' id='par_1_1' title="bbox 442 390 545 442">
     <span class='ocr_line' id='line_1_1' title="bbox 442 390 545 442; baseline -0.039 1"><span class='ocrx_word' id='word_1_1' title='bbox 442 390 545 442; x_wconf 85' lang='lat'><strong>559</strong></span> 
     </span>
    </p>
   </div>
   <div class='ocr_carea' id='block_1_2' title="bbox 1525 381 3934 442">
    <p class='ocr_par' dir='ltr' id='par_1_2' title="bbox 1525 381 3934 442">
     <span class='ocr_line' id='line_1_2' title="bbox 1525 381 3934 442; baseline -0.001 -2"><span class='ocrx_word' id='word_1_2' title='bbox 1525 384 1933 442; x_wconf 78' lang='lat' dir='ltr'><strong>BURCHARDI</strong></span> <span class='ocrx_word' id='word_1_3' title='bbox 1977 381 2511 439; x_wconf 78' lang='lat' dir='ltr'><strong>WORMACIENSIS</strong></span> <span class='ocrx_word' id='word_1_4' title='bbox 2551 384 2886 440; x_wconf 84' lang='lat' dir='ltr'><strong>EPISCOPI.</strong></span> <span class='ocrx_word' id='word_1_5' title='bbox 3872 389 3934 438; x_wconf 88' lang='lat'><strong>56</strong></span> 
     </span>
    </p>
   </div>
   <div class='ocr_carea' id='block_1_3' title="bbox 437 507 3933 581">
    <p class='ocr_par' dir='ltr' id='par_1_3' title="bbox 437 507 3933 581">
     <span class='ocr_line' id='line_1_3' title="bbox 437 507 3933 581; baseline -0.001 -15"><span class='ocrx_word' id='word_1_6' title='bbox 437 511 580 566; x_wconf 81' lang='lat' dir='ltr'><strong>dixit</strong></span> <span class='ocrx_word' id='word_1_7' title='bbox 614 527 627 566; x_wconf 92' lang='lat'>:</span> <span class='ocrx_word' id='word_1_8' title='bbox 660 509 870 566; x_wconf 81' lang='lat' dir='ltr'><strong>Fratris</strong></span> <span class='ocrx_word' id='word_1_9' title='bbox 925 512 983 564; x_wconf 90' lang='lat' dir='ltr'><strong>et</strong></span> <span class='ocrx_word' id='word_1_10' title='bbox 1041 507 1460 564; x_wconf 88' lang='lat' dir='ltr'><strong>consacerdotis</strong></span> <span class='ocrx_word' id='word_1_11' title='bbox 1524 507 1706 563; x_wconf 80' lang='lat' dir='ltr'><strong>nostri</strong></span> <span class='ocrx_word' id='word_1_12' title='bbox 1745 507 2134 579; x_wconf 90' lang='lat' dir='ltr'><strong>prosecutioni</strong></span> <span class='ocrx_word' id='word_1_13' title='bbox 2161 508 2209 561; x_wconf 83' lang='lat' dir='ltr'><strong>A</strong></span> <span class='ocrx_word' id='word_1_14' title='bbox 2247 507 2382 562; x_wconf 81' lang='lat' dir='ltr'><strong>CAP.</strong></span> <span class='ocrx_word' id='word_1_15' title='bbox 2415 507 2607 562; x_wconf 84' lang='lat' dir='ltr'><strong>XXXV.</strong></span> <span class='ocrx_word' id='word_1_16' title='bbox 2637 537 2706 548; x_wconf 91' lang='lat'>—</span> <span class='ocrx_word' id='word_1_17' title='bbox 2753 509 2819 563; x_wconf 84' lang='lat' dir='ltr'><strong>Ut</strong></span> <span class='ocrx_word' id='word_1_18' title='bbox 2866 522 3213 581; x_wconf 82' lang='lat' dir='ltr'><strong>nequaquam</strong></span> <span class='ocrx_word' id='word_1_19' title='bbox 3243 510 3303 581; x_wconf 82' lang='lat' dir='ltr'><strong>in</strong></span> <span class='ocrx_word' id='word_1_20' title='bbox 3349 508 3484 564; x_wconf 88' lang='lat' dir='ltr'><strong>duos</strong></span> <span class='ocrx_word' id='word_1_21' title='bbox 3513 511 3933 581; x_wconf 49' lang='lat' dir='ltr'><strong>metropolitani.</strong></span> 
     </span>
    </p>
   </div>
   <div class='ocr_carea' id='block_1_4' title="bbox 437 596 2140 666">
    <p class='ocr_par' dir='ltr' id='par_1_4' title="bbox 437 596 2140 666">
     <span class='ocr_line' id='line_1_4' title="bbox 437 596 2140 666; baseline -0.004 -11"><span class='ocrx_word' id='word_1_22' title='bbox 437 615 556 656; x_wconf 90' lang='lat' dir='ltr'><strong>non</strong></span> <span class='ocrx_word' id='word_1_23' title='bbox 587 599 820 666; x_wconf 80' lang='lat' dir='ltr'><strong>obsisto,</strong></span> <span class='ocrx_word' id='word_1_24' title='bbox 857 597 952 652; x_wconf 89' lang='lat' dir='ltr'><strong>sed</strong></span> <span class='ocrx_word' id='word_1_25' title='bbox 983 598 1091 653; x_wconf 95' lang='lat' dir='ltr'><strong>hoc</strong></span> <span class='ocrx_word' id='word_1_26' title='bbox 1129 615 1220 652; x_wconf 91' lang='lat' dir='ltr'><strong>me</strong></span> <span class='ocrx_word' id='word_1_27' title='bbox 1251 602 1308 652; x_wconf 92' lang='lat' dir='ltr'><strong>et</strong></span> <span class='ocrx_word' id='word_1_28' title='bbox 1361 597 1580 664; x_wconf 87' lang='lat' dir='ltr'><strong>fecisse,</strong></span> <span class='ocrx_word' id='word_1_29' title='bbox 1612 601 1666 652; x_wconf 91' lang='lat' dir='ltr'><strong>et</strong></span> <span class='ocrx_word' id='word_1_30' title='bbox 1691 596 1980 650; x_wconf 89' lang='lat' dir='ltr'><strong>facturum</strong></span> <span class='ocrx_word' id='word_1_31' title='bbox 2020 611 2140 650; x_wconf 91' lang='lat' dir='ltr'><strong>esse</strong></span> 
     </span>
    </p>
   </div>
   <div class='ocr_carea' id='block_1_5' title="bbox 436 685 2138 760">
    <p class='ocr_par' dir='ltr' id='par_1_5' title="bbox 436 685 2138 760">
     <span class='ocr_line' id='line_1_5' title="bbox 436 685 2138 760; baseline -0.002 -18"><span class='ocrx_word' id='word_1_32' title='bbox 436 688 737 760; x_wconf 79' lang='lat' dir='ltr'><strong>profiteor.</strong></span> <span class='ocrx_word' id='word_1_33' title='bbox 766 689 908 742; x_wconf 83' lang='lat' dir='ltr'><strong>Item</strong></span> <span class='ocrx_word' id='word_1_34' title='bbox 933 703 999 740; x_wconf 83' lang='lat' dir='ltr'><strong>ex</strong></span> <span class='ocrx_word' id='word_1_35' title='bbox 1037 687 1274 740; x_wconf 91' lang='lat' dir='ltr'><strong>concilio</strong></span> <span class='ocrx_word' id='word_1_36' title='bbox 1308 685 1650 750; x_wconf 89' lang='lat' dir='ltr'><strong>Sardicensi,</strong></span> <span class='ocrx_word' id='word_1_37' title='bbox 1697 685 1794 739; x_wconf 90' lang='lat' dir='ltr'><strong>ubi</strong></span> <span class='ocrx_word' id='word_1_38' title='bbox 1840 685 1993 739; x_wconf 89' lang='lat' dir='ltr'><strong>inter</strong></span> <span class='ocrx_word' id='word_1_39' title='bbox 2032 700 2138 738; x_wconf 70' lang='lat' dir='ltr'><strong>cas-</strong></span> 
     </span>
    </p>
   </div>
   <div class='ocr_carea' id='block_1_6' title="bbox 436 771 2140 846">
    <p class='ocr_par' dir='ltr' id='par_1_6' title="bbox 436 771 2140 846">
     <span class='ocr_line' id='line_1_6' title="bbox 436 771 2140 846; baseline -0.002 -17"><span class='ocrx_word' id='word_1_40' title='bbox 436 781 560 830; x_wconf 86' lang='lat' dir='ltr'><strong>tera</strong></span> <span class='ocrx_word' id='word_1_41' title='bbox 582 775 915 846; x_wconf 65' lang='lat' dir='ltr'><strong>principitur</strong></span> <span class='ocrx_word' id='word_1_42' title='bbox 947 791 959 829; x_wconf 93' lang='lat'>:</span> <span class='ocrx_word' id='word_1_43' title='bbox 986 775 1236 830; x_wconf 81' lang='lat' dir='ltr'><strong>Licentia</strong></span> <span class='ocrx_word' id='word_1_44' title='bbox 1265 773 1451 828; x_wconf 88' lang='lat' dir='ltr'><strong>danda</strong></span> <span class='ocrx_word' id='word_1_45' title='bbox 1510 773 1724 844; x_wconf 90' lang='lat' dir='ltr'><strong>passim</strong></span> <span class='ocrx_word' id='word_1_46' title='bbox 1780 788 1898 826; x_wconf 90' lang='lat' dir='ltr'><strong>non</strong></span> <span class='ocrx_word' id='word_1_47' title='bbox 1927 776 2032 827; x_wconf 91' lang='lat' dir='ltr'><strong>est.</strong></span> <span class='ocrx_word' id='word_1_48' title='bbox 2081 771 2140 826; x_wconf 92' lang='lat' dir='ltr'><strong>Si</strong></span> 
     </span>
    </p>
   </div>
   <div class='ocr_carea' id='block_1_7' title="bbox 442 861 2138 932">
    <p class='ocr_par' dir='ltr' id='par_1_7' title="bbox 442 861 2138 932">
     <span class='ocr_line' id='line_1_7' title="bbox 442 861 2138 932; baseline -0.002 -15"><span class='ocrx_word' id='word_1_49' title='bbox 442 863 598 917; x_wconf 92' lang='lat' dir='ltr'><strong>enim</strong></span> <span class='ocrx_word' id='word_1_50' title='bbox 629 863 818 917; x_wconf 88' lang='lat' dir='ltr'><strong>subito</strong></span> <span class='ocrx_word' id='word_1_51' title='bbox 863 867 962 917; x_wconf 90' lang='lat' dir='ltr'><strong>aut</strong></span> <span class='ocrx_word' id='word_1_52' title='bbox 1010 863 1166 916; x_wconf 91' lang='lat' dir='ltr'><strong>vicus</strong></span> <span class='ocrx_word' id='word_1_53' title='bbox 1215 861 1448 932; x_wconf 82' lang='lat' dir='ltr'><strong>aliquis,</strong></span> <span class='ocrx_word' id='word_1_54' title='bbox 1494 866 1592 915; x_wconf 89' lang='lat' dir='ltr'><strong>aut</strong></span> <span class='ocrx_word' id='word_1_55' title='bbox 1639 861 1866 916; x_wconf 88' lang='lat' dir='ltr'><strong>modica</strong></span> <span class='ocrx_word' id='word_1_56' title='bbox 1921 861 2138 926; x_wconf 82' lang='lat' dir='ltr'><strong>civitas,</strong></span> 
     </span>
    </p>
   </div>
   <div class='ocr_carea' id='block_1_8' title="bbox 439 950 2143 1022">
    <p class='ocr_par' dir='ltr' id='par_1_8' title="bbox 439 950 2143 1022">
     <span class='ocr_line' id='line_1_8' title="bbox 439 950 2143 1022; baseline -0.002 -16"><span class='ocrx_word' id='word_1_57' title='bbox 439 951 532 1006; x_wconf 91' lang='lat' dir='ltr'><strong>cui</strong></span> <span class='ocrx_word' id='word_1_58' title='bbox 585 952 721 1006; x_wconf 88' lang='lat' dir='ltr'><strong>satis</strong></span> <span class='ocrx_word' id='word_1_59' title='bbox 749 957 834 1006; x_wconf 92' lang='lat' dir='ltr'><strong>est</strong></span> <span class='ocrx_word' id='word_1_60' title='bbox 864 967 1014 1006; x_wconf 90' lang='lat' dir='ltr'><strong>unus</strong></span> <span class='ocrx_word' id='word_1_61' title='bbox 1043 950 1360 1022; x_wconf 84' lang='lat' dir='ltr'><strong>presbyter,</strong></span> <span class='ocrx_word' id='word_1_62' title='bbox 1384 950 1633 1004; x_wconf 91' lang='lat' dir='ltr'><strong>voluerit</strong></span> <span class='ocrx_word' id='word_1_63' title='bbox 1669 950 1776 1004; x_wconf 89' lang='lat' dir='ltr'><strong>sibi</strong></span> <span class='ocrx_word' id='word_1_64' title='bbox 1808 950 2143 1020; x_wconf 77' lang='lat' dir='ltr'><strong>episcopum</strong></span> 
     </span>
    </p>
   </div>
   <div class='ocr_carea' id='block_1_9' title="bbox 439 1038 2142 1110">
    <p class='ocr_par' dir='ltr' id='par_1_9' title="bbox 439 1038 2142 1110">
     <span class='ocr_line' id='line_1_9' title="bbox 439 1038 2142 1110; baseline -0.002 -16"><span class='ocrx_word' id='word_1_65' title='bbox 439 1041 716 1106; x_wconf 84' lang='lat' dir='ltr'><strong>ordinari,</strong></span> <span class='ocrx_word' id='word_1_66' title='bbox 745 1040 817 1094; x_wconf 89' lang='lat' dir='ltr'><strong>ad</strong></span> <span class='ocrx_word' id='word_1_67' title='bbox 839 1041 947 1094; x_wconf 92' lang='lat' dir='ltr'><strong>hoc</strong></span> <span class='ocrx_word' id='word_1_68' title='bbox 977 1045 1042 1094; x_wconf 90' lang='lat' dir='ltr'><strong>ut</strong></span> <span class='ocrx_word' id='word_1_69' title='bbox 1073 1040 1302 1093; x_wconf 85' lang='lat' dir='ltr'><strong>vilescat</strong></span> <span class='ocrx_word' id='word_1_70' title='bbox 1332 1054 1542 1092; x_wconf 88' lang='lat' dir='ltr'><strong>nomen</strong></span> <span class='ocrx_word' id='word_1_71' title='bbox 1588 1038 1838 1110; x_wconf 88' lang='lat' dir='ltr'><strong>episcopi</strong></span> <span class='ocrx_word' id='word_1_72' title='bbox 1862 1044 1920 1093; x_wconf 88' lang='lat' dir='ltr'><strong>et</strong></span> <span class='ocrx_word' id='word_1_73' title='bbox 1947 1042 2142 1092; x_wconf 88' lang='lat' dir='ltr'><strong>aucto-</strong></span> 
     </span>
    </p>
   </div>
   <div class='ocr_carea' id='block_1_10' title="bbox 436 1126 2144 1198">
    <p class='ocr_par' dir='ltr' id='par_1_10' title="bbox 436 1126 2144 1198">
     <span class='ocr_line' id='line_1_10' title="bbox 436 1126 2144 1198; baseline -0.001 -16"><span class='ocrx_word' id='word_1_74' title='bbox 436 1128 592 1196; x_wconf 83' lang='lat' dir='ltr'><strong>ritas,</strong></span> <span class='ocrx_word' id='word_1_75' title='bbox 626 1145 744 1183; x_wconf 90' lang='lat' dir='ltr'><strong>non</strong></span> <span class='ocrx_word' id='word_1_76' title='bbox 765 1128 972 1182; x_wconf 90' lang='lat' dir='ltr'><strong>debent</strong></span> <span class='ocrx_word' id='word_1_77' title='bbox 1020 1128 1106 1181; x_wconf 89' lang='lat' dir='ltr'><strong>illi</strong></span> <span class='ocrx_word' id='word_1_78' title='bbox 1145 1143 1213 1182; x_wconf 81' lang='lat' dir='ltr'><strong>ex</strong></span> <span class='ocrx_word' id='word_1_79' title='bbox 1270 1127 1382 1181; x_wconf 91' lang='lat' dir='ltr'><strong>alia</strong></span> <span class='ocrx_word' id='word_1_80' title='bbox 1433 1126 1728 1198; x_wconf 84' lang='lat' dir='ltr'><strong>provincia</strong></span> <span class='ocrx_word' id='word_1_81' title='bbox 1773 1127 2020 1192; x_wconf 83' lang='lat' dir='ltr'><strong>invitati,</strong></span> <span class='ocrx_word' id='word_1_82' title='bbox 2065 1126 2144 1180; x_wconf 87' lang='lat' dir='ltr'><strong>fa-</strong></span> 
     </span>
    </p>
   </div>
   <div class='ocr_carea' id='block_1_11' title="bbox 437 1215 2140 1288">
    <p class='ocr_par' dir='ltr' id='par_1_11' title="bbox 437 1215 2140 1288">
     <span class='ocr_line' id='line_1_11' title="bbox 437 1215 2140 1288; baseline -0.001 -18"><span class='ocrx_word' id='word_1_83' title='bbox 437 1233 565 1272; x_wconf 91' lang='lat' dir='ltr'><strong>cere</strong></span> <span class='ocrx_word' id='word_1_84' title='bbox 591 1218 944 1288; x_wconf 85' lang='lat' dir='ltr'><strong>episcOpum,</strong></span> <span class='ocrx_word' id='word_1_85' title='bbox 981 1216 1038 1270; x_wconf 86' lang='lat' dir='ltr'><strong>in</strong></span> <span class='ocrx_word' id='word_1_86' title='bbox 1070 1216 1280 1288; x_wconf 87' lang='lat' dir='ltr'><strong>quibus</strong></span> <span class='ocrx_word' id='word_1_87' title='bbox 1307 1215 1444 1269; x_wconf 91' lang='lat' dir='ltr'><strong>locis</strong></span> <span class='ocrx_word' id='word_1_88' title='bbox 1495 1220 1665 1270; x_wconf 88' lang='lat' dir='ltr'><strong>antea</strong></span> <span class='ocrx_word' id='word_1_89' title='bbox 1696 1231 1815 1270; x_wconf 90' lang='lat' dir='ltr'><strong>non</strong></span> <span class='ocrx_word' id='word_1_90' title='bbox 1844 1215 1969 1270; x_wconf 86' lang='lat' dir='ltr'><strong>fuit.</strong></span> <span class='ocrx_word' id='word_1_91' title='bbox 2001 1217 2140 1269; x_wconf 88' lang='lat' dir='ltr'><strong>Item</strong></span> 
     </span>
    </p>
   </div>
   <div class='ocr_carea' id='block_1_12' title="bbox 437 1303 2142 1376">
    <p class='ocr_par' dir='ltr' id='par_1_12' title="bbox 437 1303 2142 1376">
     <span class='ocr_line' id='line_1_12' title="bbox 437 1303 2142 1376; baseline -0.002 -16"><span class='ocrx_word' id='word_1_92' title='bbox 437 1305 507 1360; x_wconf 90' lang='lat' dir='ltr'><strong>de</strong></span> <span class='ocrx_word' id='word_1_93' title='bbox 535 1305 824 1360; x_wconf 79' lang='lat' dir='ltr'><strong>sententia</strong></span> <span class='ocrx_word' id='word_1_94' title='bbox 849 1320 1051 1358; x_wconf 88' lang='lat' dir='ltr'><strong>eorum</strong></span> <span class='ocrx_word' id='word_1_95' title='bbox 1085 1304 1184 1376; x_wconf 86' lang='lat' dir='ltr'><strong>qui</strong></span> <span class='ocrx_word' id='word_1_96' title='bbox 1239 1304 1574 1374; x_wconf 89' lang='lat' dir='ltr'><strong>hujusmodi</strong></span> <span class='ocrx_word' id='word_1_97' title='bbox 1619 1303 2008 1358; x_wconf 86' lang='lat' dir='ltr'><strong>ordinationes</strong></span> <span class='ocrx_word' id='word_1_98' title='bbox 2059 1303 2142 1357; x_wconf 86' lang='lat' dir='ltr'><strong>fa-</strong></span> 
     </span>
    </p>
   </div>
   <div class='ocr_carea' id='block_1_13' title="bbox 437 1391 2143 1464">
    <p class='ocr_par' dir='ltr' id='par_1_13' title="bbox 437 1391 2143 1464">
     <span class='ocr_line' id='line_1_13' title="bbox 437 1391 2143 1464; baseline -0.001 -17"><span class='ocrx_word' id='word_1_99' title='bbox 437 1394 615 1461; x_wconf 90' lang='lat' dir='ltr'><strong>ciunt,</strong></span> <span class='ocrx_word' id='word_1_100' title='bbox 648 1394 735 1448; x_wconf 88' lang='lat' dir='ltr'><strong>vel</strong></span> <span class='ocrx_word' id='word_1_101' title='bbox 767 1394 836 1448; x_wconf 91' lang='lat' dir='ltr'><strong>de</strong></span> <span class='ocrx_word' id='word_1_102' title='bbox 874 1393 964 1447; x_wconf 91' lang='lat' dir='ltr'><strong>his</strong></span> <span class='ocrx_word' id='word_1_103' title='bbox 1007 1393 1106 1464; x_wconf 88' lang='lat' dir='ltr'><strong>qui</strong></span> <span class='ocrx_word' id='word_1_104' title='bbox 1151 1397 1350 1446; x_wconf 90' lang='lat' dir='ltr'><strong>contra</strong></span> <span class='ocrx_word' id='word_1_105' title='bbox 1379 1391 1502 1446; x_wconf 62' lang='lat' dir='ltr'><strong>hinc</strong></span> <span class='ocrx_word' id='word_1_106' title='bbox 1565 1391 1828 1447; x_wconf 88' lang='lat' dir='ltr'><strong>instituta</strong></span> <span class='ocrx_word' id='word_1_107' title='bbox 1857 1408 2143 1446; x_wconf 90' lang='lat' dir='ltr'><strong>canonum</strong></span> 
     </span>
    </p>
   </div>
   <div class='ocr_carea' id='block_1_14' title="bbox 437 1479 2140 1548">
    <p class='ocr_par' dir='ltr' id='par_1_14' title="bbox 437 1479 2140 1548">
     <span class='ocr_line' id='line_1_14' title="bbox 437 1479 2140 1548; baseline -0.001 -12"><span class='ocrx_word' id='word_1_108' title='bbox 437 1483 804 1547; x_wconf 88' lang='lat' dir='ltr'><strong>ordinantur,</strong></span> <span class='ocrx_word' id='word_1_109' title='bbox 862 1497 932 1536; x_wconf 85' lang='lat' dir='ltr'><strong>ex</strong></span> <span class='ocrx_word' id='word_1_110' title='bbox 965 1481 1205 1535; x_wconf 92' lang='lat' dir='ltr'><strong>concilio</strong></span> <span class='ocrx_word' id='word_1_111' title='bbox 1240 1481 1571 1548; x_wconf 89' lang='lat' dir='ltr'><strong>Tauritano,</strong></span> <span class='ocrx_word' id='word_1_112' title='bbox 1622 1480 1791 1534; x_wconf 91' lang='lat' dir='ltr'><strong>titulo</strong></span> <span class='ocrx_word' id='word_1_113' title='bbox 1819 1479 1918 1534; x_wconf 88' lang='lat' dir='ltr'><strong>ubi</strong></span> <span class='ocrx_word' id='word_1_114' title='bbox 1957 1479 2095 1534; x_wconf 87' lang='lat' dir='ltr'><strong>dicit</strong></span> <span class='ocrx_word' id='word_1_115' title='bbox 2127 1495 2140 1534; x_wconf 91' lang='lat'>:</span> 
     </span>
    </p>
   </div>
   <div class='ocr_carea' id='block_1_15' title="bbox 438 1568 2146 1641">
    <p class='ocr_par' dir='ltr' id='par_1_15' title="bbox 438 1568 2146 1641">
     <span class='ocr_line' id='line_1_15' title="bbox 438 1568 2146 1641; baseline -0.002 -15"><span class='ocrx_word' id='word_1_116' title='bbox 438 1572 739 1626; x_wconf 87' lang='lat' dir='ltr'><strong>Gestorum</strong></span> <span class='ocrx_word' id='word_1_117' title='bbox 771 1587 1003 1641; x_wconf 87' lang='lat' dir='ltr'><strong>quoque</strong></span> <span class='ocrx_word' id='word_1_118' title='bbox 1031 1569 1236 1623; x_wconf 89' lang='lat' dir='ltr'><strong>seriem</strong></span> <span class='ocrx_word' id='word_1_119' title='bbox 1264 1569 1543 1623; x_wconf 90' lang='lat' dir='ltr'><strong>conscribi</strong></span> <span class='ocrx_word' id='word_1_120' title='bbox 1575 1569 1786 1640; x_wconf 88' lang='lat' dir='ltr'><strong>placuit</strong></span> <span class='ocrx_word' id='word_1_121' title='bbox 1815 1568 1887 1622; x_wconf 90' lang='lat' dir='ltr'><strong>ad</strong></span> <span class='ocrx_word' id='word_1_122' title='bbox 1936 1583 2146 1638; x_wconf 91' lang='lat' dir='ltr'><strong>perpe-</strong></span> 
     </span>
    </p>
   </div>
   <div class='ocr_carea' id='block_1_16' title="bbox 435 1657 2139 1730">
    <p class='ocr_par' dir='ltr' id='par_1_16' title="bbox 435 1657 2139 1730">
     <span class='ocr_line' id='line_1_16' title="bbox 435 1657 2139 1730; baseline -0.002 -16"><span class='ocrx_word' id='word_1_123' title='bbox 435 1666 554 1714; x_wconf 88' lang='lat' dir='ltr'><strong>tem</strong></span> <span class='ocrx_word' id='word_1_124' title='bbox 587 1659 982 1730; x_wconf 90' lang='lat' dir='ltr'><strong>disciplinam,</strong></span> <span class='ocrx_word' id='word_1_125' title='bbox 1059 1658 1214 1729; x_wconf 93' lang='lat' dir='ltr'><strong>quod</strong></span> <span class='ocrx_word' id='word_1_126' title='bbox 1274 1659 1422 1711; x_wconf 92' lang='lat' dir='ltr'><strong>circa</strong></span> <span class='ocrx_word' id='word_1_127' title='bbox 1472 1657 1770 1712; x_wconf 90' lang='lat' dir='ltr'><strong>Octabium</strong></span> <span class='ocrx_word' id='word_1_128' title='bbox 1823 1657 2139 1722; x_wconf 90' lang='lat' dir='ltr'><strong>Ursionem,</strong></span> 
     </span>
    </p>
   </div>
   <div class='ocr_carea' id='block_1_17' title="bbox 437 1745 2217 1839">
    <p class='ocr_par' dir='ltr' id='par_1_17' title="bbox 437 1745 2217 1839">
     <span class='ocr_line' id='line_1_17' title="bbox 437 1745 2217 1839; baseline -0.002 -38"><span class='ocrx_word' id='word_1_129' title='bbox 437 1748 788 1839; x_wconf 73' lang='lat' dir='ltr'><strong>Remigium,</strong></span> <span class='ocrx_word' id='word_1_130' title='bbox 809 1747 892 1839; x_wconf 78' lang='lat' dir='ltr'><strong>ad</strong></span> <span class='ocrx_word' id='word_1_131' title='bbox 919 1747 1081 1801; x_wconf 89' lang='lat' dir='ltr'><strong>Trefe</strong></span> <span class='ocrx_word' id='word_1_132' title='bbox 1123 1746 1479 1839; x_wconf 77' lang='lat' dir='ltr'><strong>episcopum,</strong></span> <span class='ocrx_word' id='word_1_133' title='bbox 1528 1746 1778 1839; x_wconf 75' lang='lat' dir='ltr'><strong>synodus</strong></span> <span class='ocrx_word' id='word_1_134' title='bbox 1808 1751 2001 1839; x_wconf 75' lang='lat' dir='ltr'><strong>sancta</strong></span> <span class='ocrx_word' id='word_1_135' title='bbox 2039 1745 2144 1798; x_wconf 91' lang='lat' dir='ltr'><strong>de-</strong></span> <span class='ocrx_word' id='word_1_136' title='bbox 2177 1786 2217 1839; x_wconf 76' lang='grc' dir='ltr'><strong>Β</strong></span> 
     </span>
    </p>
   </div>
   <div class='ocr_carea' id='block_1_18' title="bbox 435 1833 2144 1904">
    <p class='ocr_par' dir='ltr' id='par_1_18' title="bbox 435 1833 2144 1904">
     <span class='ocr_line' id='line_1_18' title="bbox 435 1833 2144 1904; baseline -0.001 -16"><span class='ocrx_word' id='word_1_137' title='bbox 435 1835 631 1889; x_wconf 91' lang='lat' dir='ltr'><strong>crevit.</strong></span> <span class='ocrx_word' id='word_1_138' title='bbox 666 1835 772 1896; x_wconf 88' lang='lat' dir='ltr'><strong>Oui</strong></span> <span class='ocrx_word' id='word_1_139' title='bbox 803 1835 864 1888; x_wconf 92' lang='lat' dir='ltr'><strong>in</strong></span> <span class='ocrx_word' id='word_1_140' title='bbox 894 1835 1332 1904; x_wconf 86' lang='lat' dir='ltr'><strong>usurpationem</strong></span> <span class='ocrx_word' id='word_1_141' title='bbox 1388 1834 1695 1904; x_wconf 85' lang='lat' dir='ltr'><strong>quamdam</strong></span> <span class='ocrx_word' id='word_1_142' title='bbox 1730 1833 1799 1887; x_wconf 92' lang='lat' dir='ltr'><strong>de</strong></span> <span class='ocrx_word' id='word_1_143' title='bbox 1831 1833 2030 1888; x_wconf 85' lang='lat' dir='ltr'><strong>ordine</strong></span> <span class='ocrx_word' id='word_1_144' title='bbox 2053 1849 2144 1886; x_wconf 88' lang='lat' dir='ltr'><strong>sa-</strong></span> 
     </span>
    </p>
   </div>
   <div class='ocr_carea' id='block_1_19' title="bbox 435 1921 2147 1986">
    <p class='ocr_par' dir='ltr' id='par_1_19' title="bbox 435 1921 2147 1986">
     <span class='ocr_line' id='line_1_19' title="bbox 435 1921 2147 1986; baseline -0.001 -11"><span class='ocrx_word' id='word_1_145' title='bbox 435 1923 755 1986; x_wconf 87' lang='lat' dir='ltr'><strong>cerdotum,</strong></span> <span class='ocrx_word' id='word_1_146' title='bbox 810 1923 878 1977; x_wconf 89' lang='lat' dir='ltr'><strong>ad</strong></span> <span class='ocrx_word' id='word_1_147' title='bbox 947 1923 1221 1976; x_wconf 87' lang='lat' dir='ltr'><strong>invidiam</strong></span> <span class='ocrx_word' id='word_1_148' title='bbox 1270 1922 1638 1976; x_wconf 87' lang='lat' dir='ltr'><strong>vocabantur.</strong></span> <span class='ocrx_word' id='word_1_149' title='bbox 1707 1921 1868 1985; x_wconf 86' lang='lat' dir='ltr'><strong>Quod</strong></span> <span class='ocrx_word' id='word_1_150' title='bbox 1925 1921 2003 1975; x_wconf 90' lang='lat' dir='ltr'><strong>ita</strong></span> <span class='ocrx_word' id='word_1_151' title='bbox 2058 1921 2147 1975; x_wconf 79' lang='lat' dir='ltr'><strong>liis</strong></span> 
     </span>
    </p>
   </div>
   <div class='ocr_carea' id='block_1_20' title="bbox 434 2009 2144 2077">
    <p class='ocr_par' dir='ltr' id='par_1_20' title="bbox 434 2009 2144 2077">
     <span class='ocr_line' id='line_1_20' title="bbox 434 2009 2144 2077; baseline -0.001 -13"><span class='ocrx_word' id='word_1_152' title='bbox 434 2011 665 2064; x_wconf 92' lang='lat' dir='ltr'><strong>videtur</strong></span> <span class='ocrx_word' id='word_1_153' title='bbox 693 2011 1007 2077; x_wconf 85' lang='lat' dir='ltr'><strong>indultum,</strong></span> <span class='ocrx_word' id='word_1_154' title='bbox 1041 2016 1103 2064; x_wconf 90' lang='lat' dir='ltr'><strong>ut</strong></span> <span class='ocrx_word' id='word_1_155' title='bbox 1132 2010 1200 2063; x_wconf 90' lang='lat' dir='ltr'><strong>de</strong></span> <span class='ocrx_word' id='word_1_156' title='bbox 1247 2016 1454 2063; x_wconf 60' lang='lat' dir='ltr'><strong>caitero</strong></span> <span class='ocrx_word' id='word_1_157' title='bbox 1484 2009 1590 2062; x_wconf 89' lang='lat' dir='ltr'><strong>hac</strong></span> <span class='ocrx_word' id='word_1_158' title='bbox 1621 2009 1958 2062; x_wconf 86' lang='lat' dir='ltr'><strong>auctoritate</strong></span> <span class='ocrx_word' id='word_1_159' title='bbox 1987 2025 2144 2062; x_wconf 87' lang='lat' dir='ltr'><strong>com-</strong></span> 
     </span>
    </p>
   </div>
   <div class='ocr_carea' id='block_1_21' title="bbox 436 2096 2146 2168">
    <p class='ocr_par' dir='ltr' id='par_1_21' title="bbox 436 2096 2146 2168">
     <span class='ocr_line' id='line_1_21' title="bbox 436 2096 2146 2168; baseline -0.001 -16"><span class='ocrx_word' id='word_1_160' title='bbox 436 2099 645 2152; x_wconf 90' lang='lat' dir='ltr'><strong>moniti</strong></span> <span class='ocrx_word' id='word_1_161' title='bbox 667 2099 832 2166; x_wconf 83' lang='lat' dir='ltr'><strong>nihil,</strong></span> <span class='ocrx_word' id='word_1_162' title='bbox 863 2114 1143 2168; x_wconf 89' lang='lat' dir='ltr'><strong>usurpare</strong></span> <span class='ocrx_word' id='word_1_163' title='bbox 1175 2104 1476 2152; x_wconf 89' lang='lat' dir='ltr'><strong>conentur.</strong></span> <span class='ocrx_word' id='word_1_164' title='bbox 1507 2096 1803 2168; x_wconf 91' lang='lat' dir='ltr'><strong>Siquidem</strong></span> <span class='ocrx_word' id='word_1_165' title='bbox 1834 2113 1892 2150; x_wconf 92' lang='lat' dir='ltr'><strong>se</strong></span> <span class='ocrx_word' id='word_1_166' title='bbox 1939 2097 2010 2150; x_wconf 89' lang='lat' dir='ltr'><strong>ab</strong></span> <span class='ocrx_word' id='word_1_167' title='bbox 2042 2097 2146 2151; x_wconf 86' lang='lat' dir='ltr'><strong>hac</strong></span> 
     </span>
    </p>
   </div>
   <div class='ocr_carea' id='block_1_22' title="bbox 437 2185 2148 2255">
    <p class='ocr_par' dir='ltr' id='par_1_22' title="bbox 437 2185 2148 2255">
     <span class='ocr_line' id='line_1_22' title="bbox 437 2185 2148 2255; baseline 0 -15"><span class='ocrx_word' id='word_1_168' title='bbox 437 2203 608 2240; x_wconf 90' lang='lat' dir='ltr'><strong>causa</strong></span> <span class='ocrx_word' id='word_1_169' title='bbox 659 2187 760 2241; x_wconf 89' lang='lat' dir='ltr'><strong>tali</strong></span> <span class='ocrx_word' id='word_1_170' title='bbox 813 2189 1175 2240; x_wconf 82' lang='lat' dir='ltr'><strong>excusatione</strong></span> <span class='ocrx_word' id='word_1_171' title='bbox 1233 2186 1634 2250; x_wconf 88' lang='lat' dir='ltr'><strong>defenderunt,</strong></span> <span class='ocrx_word' id='word_1_172' title='bbox 1694 2201 1808 2255; x_wconf 91' lang='lat' dir='ltr'><strong>qua</strong></span> <span class='ocrx_word' id='word_1_173' title='bbox 1893 2185 2148 2240; x_wconf 88' lang='lat' dir='ltr'><strong>dicerent</strong></span> 
     </span>
    </p>
   </div>
   <div class='ocr_carea' id='block_1_23' title="bbox 437 2271 2147 2343">
    <p class='ocr_par' dir='ltr' id='par_1_23' title="bbox 437 2271 2147 2343">
     <span class='ocr_line' id='line_1_23' title="bbox 437 2271 2147 2343; baseline 0.001 -17"><span class='ocrx_word' id='word_1_174' title='bbox 437 2274 602 2343; x_wconf 88' lang='lat' dir='ltr'><strong>prius</strong></span> <span class='ocrx_word' id='word_1_175' title='bbox 684 2289 744 2327; x_wconf 90' lang='lat' dir='ltr'><strong>se</strong></span> <span class='ocrx_word' id='word_1_176' title='bbox 816 2290 929 2327; x_wconf 89' lang='lat' dir='ltr'><strong>non</strong></span> <span class='ocrx_word' id='word_1_177' title='bbox 984 2289 1106 2327; x_wconf 87' lang='lat' dir='ltr'><strong>esse</strong></span> <span class='ocrx_word' id='word_1_178' title='bbox 1181 2278 1506 2337; x_wconf 89' lang='lat' dir='ltr'><strong>conventos,</strong></span> <span class='ocrx_word' id='word_1_179' title='bbox 1572 2271 1812 2342; x_wconf 89' lang='lat' dir='ltr'><strong>proinde</strong></span> <span class='ocrx_word' id='word_1_180' title='bbox 1872 2273 2147 2343; x_wconf 88' lang='lat' dir='ltr'><strong>judicavit</strong></span> 
     </span>
    </p>
   </div>
   <div class='ocr_carea' id='block_1_24' title="bbox 439 2361 2146 2432">
    <p class='ocr_par' dir='ltr' id='par_1_24' title="bbox 439 2361 2146 2432">
     <span class='ocr_line' id='line_1_24' title="bbox 439 2361 2146 2432; baseline 0.001 -18"><span class='ocrx_word' id='word_1_181' title='bbox 439 2362 692 2430; x_wconf 89' lang='lat' dir='ltr'><strong>synodus</strong></span> <span class='ocrx_word' id='word_1_182' title='bbox 743 2366 974 2416; x_wconf 88' lang='lat' dir='ltr'><strong>sancta:</strong></span> <span class='ocrx_word' id='word_1_183' title='bbox 1023 2367 1087 2415; x_wconf 91' lang='lat' dir='ltr'><strong>ut</strong></span> <span class='ocrx_word' id='word_1_184' title='bbox 1141 2362 1187 2415; x_wconf 94' lang='lat' dir='ltr'><strong>si</strong></span> <span class='ocrx_word' id='word_1_185' title='bbox 1243 2361 1371 2432; x_wconf 87' lang='lat' dir='ltr'><strong>quis</strong></span> <span class='ocrx_word' id='word_1_186' title='bbox 1429 2361 1537 2414; x_wconf 90' lang='lat' dir='ltr'><strong>hoc</strong></span> <span class='ocrx_word' id='word_1_187' title='bbox 1585 2361 1782 2414; x_wconf 83' lang='lat' dir='ltr'><strong>fecerit</strong></span> <span class='ocrx_word' id='word_1_188' title='bbox 1821 2365 2018 2415; x_wconf 90' lang='lat' dir='ltr'><strong>contra</strong></span> <span class='ocrx_word' id='word_1_189' title='bbox 2051 2362 2146 2415; x_wconf 84' lang='lat' dir='ltr'><strong>in—</strong></span> 
     </span>
    </p>
   </div>
   <div class='ocr_carea' id='block_1_25' title="bbox 441 2448 2144 2520">
    <p class='ocr_par' dir='ltr' id='par_1_25' title="bbox 441 2448 2144 2520">
     <span class='ocr_line' id='line_1_25' title="bbox 441 2448 2144 2520; baseline 0.001 -18"><span class='ocrx_word' id='word_1_190' title='bbox 441 2449 642 2502; x_wconf 89' lang='lat' dir='ltr'><strong>stituta</strong></span> <span class='ocrx_word' id='word_1_191' title='bbox 676 2449 986 2520; x_wconf 89' lang='lat' dir='ltr'><strong>majorum,</strong></span> <span class='ocrx_word' id='word_1_192' title='bbox 1033 2449 1172 2502; x_wconf 89' lang='lat' dir='ltr'><strong>sciat</strong></span> <span class='ocrx_word' id='word_1_193' title='bbox 1210 2449 1257 2502; x_wconf 90' lang='lat' dir='ltr'><strong>is</strong></span> <span class='ocrx_word' id='word_1_194' title='bbox 1289 2449 1388 2519; x_wconf 92' lang='lat' dir='ltr'><strong>qui</strong></span> <span class='ocrx_word' id='word_1_195' title='bbox 1441 2448 1738 2502; x_wconf 89' lang='lat' dir='ltr'><strong>ordinatus</strong></span> <span class='ocrx_word' id='word_1_196' title='bbox 1765 2448 1935 2503; x_wconf 89' lang='lat' dir='ltr'><strong>fuerit</strong></span> <span class='ocrx_word' id='word_1_197' title='bbox 1963 2465 2144 2503; x_wconf 89' lang='lat' dir='ltr'><strong>sacer-</strong></span> 
     </span>
    </p>
   </div>
   <div class='ocr_carea' id='block_1_26' title="bbox 440 2536 2142 2607">
    <p class='ocr_par' dir='ltr' id='par_1_26' title="bbox 440 2536 2142 2607">
     <span class='ocr_line' id='line_1_26' title="bbox 440 2536 2142 2607; baseline 0 -17"><span class='ocrx_word' id='word_1_198' title='bbox 440 2537 590 2591; x_wconf 87' lang='lat' dir='ltr'><strong>dotis</strong></span> <span class='ocrx_word' id='word_1_199' title='bbox 611 2554 670 2591; x_wconf 91' lang='lat' dir='ltr'><strong>se</strong></span> <span class='ocrx_word' id='word_1_200' title='bbox 712 2539 934 2592; x_wconf 84' lang='lat' dir='ltr'><strong>honore</strong></span> <span class='ocrx_word' id='word_1_201' title='bbox 965 2537 1330 2607; x_wconf 88' lang='lat' dir='ltr'><strong>privandum,</strong></span> <span class='ocrx_word' id='word_1_202' title='bbox 1385 2541 1440 2590; x_wconf 89' lang='lat' dir='ltr'><strong>et</strong></span> <span class='ocrx_word' id='word_1_203' title='bbox 1483 2537 1577 2590; x_wconf 93' lang='lat' dir='ltr'><strong>ille</strong></span> <span class='ocrx_word' id='word_1_204' title='bbox 1634 2536 1732 2606; x_wconf 93' lang='lat' dir='ltr'><strong>qui</strong></span> <span class='ocrx_word' id='word_1_205' title='bbox 1773 2537 2142 2605; x_wconf 88' lang='lat' dir='ltr'><strong>ordinaverit,</strong></span> 
     </span>
    </p>
   </div>
   <div class='ocr_carea' id='block_1_27' title="bbox 441 2624 2146 2680">
    <p class='ocr_par' dir='ltr' id='par_1_27' title="bbox 441 2624 2146 2680">
     <span class='ocr_line' id='line_1_27' title="bbox 441 2624 2146 2680; baseline -0.001 -1"><span class='ocrx_word' id='word_1_206' title='bbox 441 2627 841 2680; x_wconf 87' lang='lat' dir='ltr'><strong>auctoritatem</strong></span> <span class='ocrx_word' id='word_1_207' title='bbox 889 2643 948 2679; x_wconf 91' lang='lat' dir='ltr'><strong>se</strong></span> <span class='ocrx_word' id='word_1_208' title='bbox 1014 2626 1073 2680; x_wconf 92' lang='lat' dir='ltr'><strong>in</strong></span> <span class='ocrx_word' id='word_1_209' title='bbox 1127 2624 1562 2679; x_wconf 90' lang='lat' dir='ltr'><strong>ordinationbus</strong></span> <span class='ocrx_word' id='word_1_210' title='bbox 1628 2624 1714 2677; x_wconf 89' lang='lat' dir='ltr'><strong>vel</strong></span> <span class='ocrx_word' id='word_1_211' title='bbox 1770 2624 1829 2678; x_wconf 91' lang='lat' dir='ltr'><strong>in</strong></span> <span class='ocrx_word' id='word_1_212' title='bbox 1894 2624 2146 2680; x_wconf 88' lang='lat' dir='ltr'><strong>conciliis</strong></span> 
     </span>
    </p>
   </div>
   <div class='ocr_carea' id='block_1_28' title="bbox 439 2712 2144 2768">
    <p class='ocr_par' dir='ltr' id='par_1_28' title="bbox 439 2712 2144 2768">
     <span class='ocr_line' id='line_1_28' title="bbox 439 2712 2144 2768; baseline -0.002 0"><span class='ocrx_word' id='word_1_213' title='bbox 439 2714 678 2768; x_wconf 91' lang='lat' dir='ltr'><strong>minime</strong></span> <span class='ocrx_word' id='word_1_214' title='bbox 711 2719 1088 2768; x_wconf 83' lang='lat' dir='ltr'><strong>retenturum.</strong></span> <span class='ocrx_word' id='word_1_215' title='bbox 1120 2714 1244 2768; x_wconf 85' lang='lat' dir='ltr'><strong>Non</strong></span> <span class='ocrx_word' id='word_1_216' title='bbox 1278 2714 1460 2767; x_wconf 89' lang='lat' dir='ltr'><strong>solum</strong></span> <span class='ocrx_word' id='word_1_217' title='bbox 1503 2717 1695 2766; x_wconf 87' lang='lat' dir='ltr'><strong>autem</strong></span> <span class='ocrx_word' id='word_1_218' title='bbox 1723 2712 1873 2766; x_wconf 89' lang='lat' dir='ltr'><strong>circa</strong></span> <span class='ocrx_word' id='word_1_219' title='bbox 1920 2729 2144 2766; x_wconf 89' lang='lat' dir='ltr'><strong>memo-</strong></span> 
     </span>
    </p>
   </div>
   <div class='ocr_carea' id='block_1_29' title="bbox 433 2801 2146 2872">
    <p class='ocr_par' dir='ltr' id='par_1_29' title="bbox 433 2801 2146 2872">
     <span class='ocr_line' id='line_1_29' title="bbox 433 2801 2146 2872; baseline -0.001 -17"><span class='ocrx_word' id='word_1_220' title='bbox 433 2807 624 2857; x_wconf 89' lang='lat' dir='ltr'><strong>ratum</strong></span> <span class='ocrx_word' id='word_1_221' title='bbox 652 2803 986 2872; x_wconf 90' lang='lat' dir='ltr'><strong>episcopum</strong></span> <span class='ocrx_word' id='word_1_222' title='bbox 1027 2803 1146 2856; x_wconf 75' lang='lat' dir='ltr'><strong>haec</strong></span> <span class='ocrx_word' id='word_1_223' title='bbox 1193 2801 1480 2856; x_wconf 88' lang='lat' dir='ltr'><strong>sententia</strong></span> <span class='ocrx_word' id='word_1_224' title='bbox 1536 2801 1886 2872; x_wconf 61' lang='lat' dir='ltr'><strong>praevalebit,</strong></span> <span class='ocrx_word' id='word_1_225' title='bbox 1947 2801 2045 2855; x_wconf 92' lang='lat' dir='ltr'><strong>sed</strong></span> <span class='ocrx_word' id='word_1_226' title='bbox 2091 2805 2146 2854; x_wconf 90' lang='lat' dir='ltr'><strong>et</strong></span> 
     </span>
    </p>
   </div>
   <div class='ocr_carea' id='block_1_30' title="bbox 433 2889 2144 2960">
    <p class='ocr_par' dir='ltr' id='par_1_30' title="bbox 433 2889 2144 2960">
     <span class='ocr_line' id='line_1_30' title="bbox 433 2889 2144 2960; baseline -0.001 -16"><span class='ocrx_word' id='word_1_227' title='bbox 433 2891 583 2945; x_wconf 92' lang='lat' dir='ltr'><strong>circa</strong></span> <span class='ocrx_word' id='word_1_228' title='bbox 613 2907 835 2957; x_wconf 92' lang='lat' dir='ltr'><strong>omnes,</strong></span> <span class='ocrx_word' id='word_1_229' title='bbox 869 2890 1041 2944; x_wconf 91' lang='lat' dir='ltr'><strong>simili</strong></span> <span class='ocrx_word' id='word_1_230' title='bbox 1077 2906 1271 2945; x_wconf 90' lang='lat' dir='ltr'><strong>errore</strong></span> <span class='ocrx_word' id='word_1_231' title='bbox 1302 2891 1590 2960; x_wconf 90' lang='lat' dir='ltr'><strong>deceptos,</strong></span> <span class='ocrx_word' id='word_1_232' title='bbox 1625 2889 1726 2959; x_wconf 90' lang='lat' dir='ltr'><strong>qui</strong></span> <span class='ocrx_word' id='word_1_233' title='bbox 1753 2889 2144 2944; x_wconf 89' lang='lat' dir='ltr'><strong>ordinationes</strong></span> 
     </span>
    </p>
   </div>
   <div class='ocr_carea' id='block_1_31' title="bbox 430 2977 2144 3050">
    <p class='ocr_par' dir='ltr' id='par_1_31' title="bbox 430 2977 2144 3050">
     <span class='ocr_line' id='line_1_31' title="bbox 430 2977 2144 3050; baseline -0.001 -18"><span class='ocrx_word' id='word_1_234' title='bbox 430 2979 766 3050; x_wconf 89' lang='lat' dir='ltr'><strong>hujusmodi</strong></span> <span class='ocrx_word' id='word_1_235' title='bbox 811 2983 1238 3049; x_wconf 87' lang='lat' dir='ltr'><strong>perpetrarunt.</strong></span> <span class='ocrx_word' id='word_1_236' title='bbox 1291 2979 1386 3032; x_wconf 84' lang='lat' dir='ltr'><strong>His</strong></span> <span class='ocrx_word' id='word_1_237' title='bbox 1445 2977 1625 3048; x_wconf 81' lang='lat' dir='ltr'><strong>igitur</strong></span> <span class='ocrx_word' id='word_1_238' title='bbox 1680 2977 2006 3031; x_wconf 87' lang='lat' dir='ltr'><strong>fortissimis</strong></span> <span class='ocrx_word' id='word_1_239' title='bbox 2053 2993 2144 3030; x_wconf 88' lang='lat' dir='ltr'><strong>re-</strong></span> 
     </span>
    </p>
   </div>
   <div class='ocr_carea' id='block_1_32' title="bbox 432 3066 2215 3138">
    <p class='ocr_par' dir='ltr' id='par_1_32' title="bbox 432 3066 2215 3138">
     <span class='ocr_line' id='line_1_32' title="bbox 432 3066 2215 3138; baseline -0.001 -18"><span class='ocrx_word' id='word_1_240' title='bbox 432 3069 606 3137; x_wconf 89' lang='lat' dir='ltr'><strong>gulis,</strong></span> <span class='ocrx_word' id='word_1_241' title='bbox 638 3067 907 3122; x_wconf 77' lang='lat' dir='ltr'><strong>effectum</strong></span> <span class='ocrx_word' id='word_1_242' title='bbox 963 3067 1046 3137; x_wconf 91' lang='lat' dir='ltr'><strong>pii</strong></span> <span class='ocrx_word' id='word_1_243' title='bbox 1094 3067 1285 3138; x_wconf 91' lang='lat' dir='ltr'><strong>operis</strong></span> <span class='ocrx_word' id='word_1_244' title='bbox 1338 3070 1714 3136; x_wconf 88' lang='lat' dir='ltr'><strong>apponentes,</strong></span> <span class='ocrx_word' id='word_1_245' title='bbox 1747 3066 1805 3120; x_wconf 90' lang='lat' dir='ltr'><strong>in</strong></span> <span class='ocrx_word' id='word_1_246' title='bbox 1847 3066 2144 3120; x_wconf 90' lang='lat' dir='ltr'><strong>communi</strong></span> <span class='ocrx_word' id='word_1_247' title='bbox 2175 3072 2215 3128; x_wconf 88' lang='lat' dir='ltr'><strong>C</strong></span> 
     </span>
    </p>
   </div>
   <div class='ocr_carea' id='block_1_33' title="bbox 435 3154 2143 3226">
    <p class='ocr_par' dir='ltr' id='par_1_33' title="bbox 435 3154 2143 3226">
     <span class='ocr_line' id='line_1_33' title="bbox 435 3154 2143 3226; baseline -0.001 -16"><span class='ocrx_word' id='word_1_248' title='bbox 435 3156 771 3210; x_wconf 84' lang='lat' dir='ltr'><strong>deﬁnitione</strong></span> <span class='ocrx_word' id='word_1_249' title='bbox 822 3156 1126 3226; x_wconf 82' lang='lat' dir='ltr'><strong>elegimus,</strong></span> <span class='ocrx_word' id='word_1_250' title='bbox 1169 3159 1232 3209; x_wconf 89' lang='lat' dir='ltr'><strong>ut</strong></span> <span class='ocrx_word' id='word_1_251' title='bbox 1261 3154 1320 3208; x_wconf 92' lang='lat' dir='ltr'><strong>in</strong></span> <span class='ocrx_word' id='word_1_252' title='bbox 1375 3155 1500 3208; x_wconf 94' lang='lat' dir='ltr'><strong>loco</strong></span> <span class='ocrx_word' id='word_1_253' title='bbox 1540 3155 1752 3208; x_wconf 80' lang='lat' dir='ltr'><strong>villulae</strong></span> <span class='ocrx_word' id='word_1_254' title='bbox 1801 3155 2143 3224; x_wconf 69' lang='lat' dir='ltr'><strong>supradicta:</strong></span> 
     </span>
    </p>
   </div>
   <div class='ocr_carea' id='block_1_34' title="bbox 439 3243 2140 3315">
    <p class='ocr_par' dir='ltr' id='par_1_34' title="bbox 439 3243 2140 3315">
     <span class='ocr_line' id='line_1_34' title="bbox 439 3243 2140 3315; baseline -0.001 -17"><span class='ocrx_word' id='word_1_255' title='bbox 439 3245 640 3315; x_wconf 83' lang='lat' dir='ltr'><strong>Aquis,</strong></span> <span class='ocrx_word' id='word_1_256' title='bbox 681 3245 950 3314; x_wconf 89' lang='lat' dir='ltr'><strong>deinceps</strong></span> <span class='ocrx_word' id='word_1_257' title='bbox 978 3245 1138 3298; x_wconf 90' lang='lat' dir='ltr'><strong>sedes</strong></span> <span class='ocrx_word' id='word_1_258' title='bbox 1175 3243 1514 3314; x_wconf 90' lang='lat' dir='ltr'><strong>episcopalis</strong></span> <span class='ocrx_word' id='word_1_259' title='bbox 1541 3259 1659 3297; x_wconf 89' lang='lat' dir='ltr'><strong>non</strong></span> <span class='ocrx_word' id='word_1_260' title='bbox 1691 3248 2004 3310; x_wconf 82' lang='lat' dir='ltr'><strong>remaneat,</strong></span> <span class='ocrx_word' id='word_1_261' title='bbox 2041 3260 2140 3296; x_wconf 91' lang='lat' dir='ltr'><strong>ne-</strong></span> 
     </span>
    </p>
   </div>
   <div class='ocr_carea' id='block_1_35' title="bbox 436 3331 2142 3403">
    <p class='ocr_par' dir='ltr' id='par_1_35' title="bbox 436 3331 2142 3403">
     <span class='ocr_line' id='line_1_35' title="bbox 436 3331 2142 3403; baseline -0.001 -17"><span class='ocrx_word' id='word_1_262' title='bbox 436 3349 550 3403; x_wconf 92' lang='lat' dir='ltr'><strong>que</strong></span> <span class='ocrx_word' id='word_1_263' title='bbox 581 3333 886 3403; x_wconf 88' lang='lat' dir='ltr'><strong>episcopus</strong></span> <span class='ocrx_word' id='word_1_264' title='bbox 940 3333 1075 3386; x_wconf 89' lang='lat' dir='ltr'><strong>illuc</strong></span> <span class='ocrx_word' id='word_1_265' title='bbox 1116 3333 1269 3386; x_wconf 89' lang='lat' dir='ltr'><strong>ultra</strong></span> <span class='ocrx_word' id='word_1_266' title='bbox 1298 3331 1730 3386; x_wconf 89' lang='lat' dir='ltr'><strong>constituendus</strong></span> <span class='ocrx_word' id='word_1_267' title='bbox 1757 3332 1977 3385; x_wconf 86' lang='lat' dir='ltr'><strong>existat.</strong></span> <span class='ocrx_word' id='word_1_268' title='bbox 2043 3331 2142 3386; x_wconf 86' lang='lat' dir='ltr'><strong>Hic</strong></span> 
     </span>
    </p>
   </div>
   <div class='ocr_carea' id='block_1_36' title="bbox 433 3419 2139 3492">
    <p class='ocr_par' dir='ltr' id='par_1_36' title="bbox 433 3419 2139 3492">
     <span class='ocr_line' id='line_1_36' title="bbox 433 3419 2139 3492; baseline 0 -18"><span class='ocrx_word' id='word_1_269' title='bbox 433 3426 626 3475; x_wconf 85' lang='lat' dir='ltr'><strong>tamen</strong></span> <span class='ocrx_word' id='word_1_270' title='bbox 667 3421 999 3492; x_wconf 89' lang='lat' dir='ltr'><strong>Conjuldus,</strong></span> <span class='ocrx_word' id='word_1_271' title='bbox 1052 3420 1149 3491; x_wconf 89' lang='lat' dir='ltr'><strong>qui</strong></span> <span class='ocrx_word' id='word_1_272' title='bbox 1180 3425 1378 3475; x_wconf 89' lang='lat' dir='ltr'><strong>contra</strong></span> <span class='ocrx_word' id='word_1_273' title='bbox 1430 3421 1711 3490; x_wconf 90' lang='lat' dir='ltr'><strong>majorum</strong></span> <span class='ocrx_word' id='word_1_274' title='bbox 1763 3419 1991 3474; x_wconf 90' lang='lat' dir='ltr'><strong>decreta</strong></span> <span class='ocrx_word' id='word_1_275' title='bbox 2021 3419 2139 3474; x_wconf 90' lang='lat' dir='ltr'><strong>illic</strong></span> 
     </span>
    </p>
   </div>
   <div class='ocr_carea' id='block_1_37' title="bbox 430 3508 2137 3580">
    <p class='ocr_par' dir='ltr' id='par_1_37' title="bbox 430 3508 2137 3580">
     <span class='ocr_line' id='line_1_37' title="bbox 430 3508 2137 3580; baseline 0.001 -18"><span class='ocrx_word' id='word_1_276' title='bbox 430 3510 658 3564; x_wconf 89' lang='lat' dir='ltr'><strong>videtur</strong></span> <span class='ocrx_word' id='word_1_277' title='bbox 687 3510 984 3563; x_wconf 88' lang='lat' dir='ltr'><strong>institutus</strong></span> <span class='ocrx_word' id='word_1_278' title='bbox 1015 3509 1188 3564; x_wconf 78' lang='lat' dir='ltr'><strong>fuisse</strong></span> <span class='ocrx_word' id='word_1_279' title='bbox 1248 3509 1570 3580; x_wconf 83' lang='lat' dir='ltr'><strong>episcOpus,</strong></span> <span class='ocrx_word' id='word_1_280' title='bbox 1626 3508 1798 3562; x_wconf 87' lang='lat' dir='ltr'><strong>nullis</strong></span> <span class='ocrx_word' id='word_1_281' title='bbox 1851 3524 2137 3563; x_wconf 89' lang='lat' dir='ltr'><strong>canonum</strong></span> 
     </span>
    </p>
   </div>
   <div class='ocr_carea' id='block_1_38' title="bbox 431 3597 2136 3667">
    <p class='ocr_par' dir='ltr' id='par_1_38' title="bbox 431 3597 2136 3667">
     <span class='ocr_line' id='line_1_38' title="bbox 431 3597 2136 3667; baseline -0.001 -15"><span class='ocrx_word' id='word_1_282' title='bbox 431 3599 539 3652; x_wconf 88' lang='lat' dir='ltr'><strong>erit</strong></span> <span class='ocrx_word' id='word_1_283' title='bbox 562 3599 633 3653; x_wconf 90' lang='lat' dir='ltr'><strong>ad</strong></span> <span class='ocrx_word' id='word_1_284' title='bbox 685 3598 1228 3667; x_wconf 86' lang='lat' dir='ltr'><strong>condemnationem</strong></span> <span class='ocrx_word' id='word_1_285' title='bbox 1286 3598 1375 3651; x_wconf 87' lang='lat' dir='ltr'><strong>sui</strong></span> <span class='ocrx_word' id='word_1_286' title='bbox 1416 3597 1702 3651; x_wconf 88' lang='lat' dir='ltr'><strong>sententia</strong></span> <span class='ocrx_word' id='word_1_287' title='bbox 1753 3597 2136 3663; x_wconf 82' lang='lat' dir='ltr'><strong>ulciscendas,</strong></span> 
     </span>
    </p>
   </div>
   <div class='ocr_carea' id='block_1_39' title="bbox 431 3685 2139 3757">
    <p class='ocr_par' dir='ltr' id='par_1_39' title="bbox 431 3685 2139 3757">
     <span class='ocr_line' id='line_1_39' title="bbox 431 3685 2139 3757; baseline 0.001 -17"><span class='ocrx_word' id='word_1_288' title='bbox 431 3687 567 3757; x_wconf 88' lang='lat' dir='ltr'><strong>quia</strong></span> <span class='ocrx_word' id='word_1_289' title='bbox 596 3703 712 3740; x_wconf 92' lang='lat' dir='ltr'><strong>non</strong></span> <span class='ocrx_word' id='word_1_290' title='bbox 765 3686 1098 3749; x_wconf 90' lang='lat' dir='ltr'><strong>ambitione,</strong></span> <span class='ocrx_word' id='word_1_291' title='bbox 1142 3686 1238 3741; x_wconf 90' lang='lat' dir='ltr'><strong>sed</strong></span> <span class='ocrx_word' id='word_1_292' title='bbox 1297 3685 1574 3756; x_wconf 87' lang='lat' dir='ltr'><strong>principis</strong></span> <span class='ocrx_word' id='word_1_293' title='bbox 1632 3685 1979 3756; x_wconf 90' lang='lat' dir='ltr'><strong>impulsione</strong></span> <span class='ocrx_word' id='word_1_294' title='bbox 2009 3702 2139 3741; x_wconf 88' lang='lat' dir='ltr'><strong>con-</strong></span> 
     </span>
    </p>
   </div>
   <div class='ocr_carea' id='block_1_40' title="bbox 430 3775 2137 3830">
    <p class='ocr_par' dir='ltr' id='par_1_40' title="bbox 430 3775 2137 3830">
     <span class='ocr_line' id='line_1_40' title="bbox 430 3775 2137 3830; baseline -0.001 -1"><span class='ocrx_word' id='word_1_295' title='bbox 430 3775 574 3830; x_wconf 88' lang='lat' dir='ltr'><strong>stitit</strong></span> <span class='ocrx_word' id='word_1_296' title='bbox 601 3775 915 3830; x_wconf 88' lang='lat' dir='ltr'><strong>ordinatus.</strong></span> <span class='ocrx_word' id='word_1_297' title='bbox 953 3777 1016 3830; x_wconf 88' lang='lat' dir='ltr'><strong>Et</strong></span> <span class='ocrx_word' id='word_1_298' title='bbox 1043 3775 1175 3829; x_wconf 91' lang='lat' dir='ltr'><strong>ideo</strong></span> <span class='ocrx_word' id='word_1_299' title='bbox 1233 3775 1334 3830; x_wconf 89' lang='lat' dir='ltr'><strong>hoc</strong></span> <span class='ocrx_word' id='word_1_300' title='bbox 1375 3775 1459 3828; x_wconf 92' lang='lat' dir='ltr'><strong>illi</strong></span> <span class='ocrx_word' id='word_1_301' title='bbox 1503 3775 1824 3829; x_wconf 90' lang='lat' dir='ltr'><strong>remedium</strong></span> <span class='ocrx_word' id='word_1_302' title='bbox 1867 3775 2137 3829; x_wconf 90' lang='lat' dir='ltr'><strong>humani-</strong></span> 
     </span>
    </p>
   </div>
   <div class='ocr_carea' id='block_1_41' title="bbox 429 3862 2133 3930">
    <p class='ocr_par' dir='ltr' id='par_1_41' title="bbox 429 3862 2133 3930">
     <span class='ocr_line' id='line_1_41' title="bbox 429 3862 2133 3930; baseline -0.002 -12"><span class='ocrx_word' id='word_1_303' title='bbox 429 3865 564 3919; x_wconf 89' lang='lat' dir='ltr'><strong>tatis</strong></span> <span class='ocrx_word' id='word_1_304' title='bbox 609 3865 994 3930; x_wconf 89' lang='lat' dir='ltr'><strong>concedimus,</strong></span> <span class='ocrx_word' id='word_1_305' title='bbox 1035 3868 1095 3917; x_wconf 93' lang='lat' dir='ltr'><strong>ut</strong></span> <span class='ocrx_word' id='word_1_306' title='bbox 1142 3863 1204 3917; x_wconf 91' lang='lat' dir='ltr'><strong>in</strong></span> <span class='ocrx_word' id='word_1_307' title='bbox 1251 3863 1448 3917; x_wconf 91' lang='lat' dir='ltr'><strong>sedem</strong></span> <span class='ocrx_word' id='word_1_308' title='bbox 1478 3862 1649 3916; x_wconf 90' lang='lat' dir='ltr'><strong>aliam</strong></span> <span class='ocrx_word' id='word_1_309' title='bbox 1699 3862 2012 3917; x_wconf 88' lang='lat' dir='ltr'><strong>decidentis</strong></span> <span class='ocrx_word' id='word_1_310' title='bbox 2045 3879 2133 3916; x_wconf 85' lang='lat' dir='ltr'><strong>cn-</strong></span> 
     </span>
    </p>
   </div>
   <div class='ocr_carea' id='block_1_42' title="bbox 423 3951 2136 4023">
    <p class='ocr_par' dir='ltr' id='par_1_42' title="bbox 423 3951 2136 4023">
     <span class='ocr_line' id='line_1_42' title="bbox 423 3951 2136 4023; baseline -0.001 -17"><span class='ocrx_word' id='word_1_311' title='bbox 423 3952 662 4023; x_wconf 88' lang='lat' dir='ltr'><strong>juslibet</strong></span> <span class='ocrx_word' id='word_1_312' title='bbox 688 3951 946 4023; x_wconf 86' lang='lat' dir='ltr'><strong>episcopi</strong></span> <span class='ocrx_word' id='word_1_313' title='bbox 997 3951 1345 4016; x_wconf 86' lang='lat' dir='ltr'><strong>traducatur,</strong></span> <span class='ocrx_word' id='word_1_314' title='bbox 1408 3955 1465 4004; x_wconf 92' lang='lat' dir='ltr'><strong>et</strong></span> <span class='ocrx_word' id='word_1_315' title='bbox 1494 3951 1799 4021; x_wconf 67' lang='lat' dir='ltr'><strong>praedictus</strong></span> <span class='ocrx_word' id='word_1_316' title='bbox 1845 3951 2011 4020; x_wconf 89' lang='lat' dir='ltr'><strong>locus</strong></span> <span class='ocrx_word' id='word_1_317' title='bbox 2032 3951 2136 4005; x_wconf 88' lang='lat' dir='ltr'><strong>sub</strong></span> 
     </span>
    </p>
   </div>
   <div class='ocr_carea' id='block_1_43' title="bbox 431 4038 2135 4108">
    <p class='ocr_par' dir='ltr' id='par_1_43' title="bbox 431 4038 2135 4108">
     <span class='ocr_line' id='line_1_43' title="bbox 431 4038 2135 4108; baseline -0.002 -13"><span class='ocrx_word' id='word_1_318' title='bbox 431 4039 748 4095; x_wconf 88' lang='lat' dir='ltr'><strong>monastica</strong></span> <span class='ocrx_word' id='word_1_319' title='bbox 778 4039 1050 4108; x_wconf 91' lang='lat' dir='ltr'><strong>deinceps</strong></span> <span class='ocrx_word' id='word_1_320' title='bbox 1078 4038 1436 4092; x_wconf 89' lang='lat' dir='ltr'><strong>institutione</strong></span> <span class='ocrx_word' id='word_1_321' title='bbox 1465 4053 1792 4101; x_wconf 89' lang='lat' dir='ltr'><strong>mansurus,</strong></span> <span class='ocrx_word' id='word_1_322' title='bbox 1840 4054 1956 4091; x_wconf 88' lang='lat' dir='ltr'><strong>non</strong></span> <span class='ocrx_word' id='word_1_323' title='bbox 2013 4038 2135 4108; x_wconf 91' lang='lat' dir='ltr'><strong>epi-</strong></span> 
     </span>
    </p>
   </div>
   <div class='ocr_carea' id='block_1_44' title="bbox 431 4126 2133 4198">
    <p class='ocr_par' dir='ltr' id='par_1_44' title="bbox 431 4126 2133 4198">
     <span class='ocr_line' id='line_1_44' title="bbox 431 4126 2133 4198; baseline -0.001 -16"><span class='ocrx_word' id='word_1_324' title='bbox 431 4127 647 4198; x_wconf 91' lang='lat' dir='ltr'><strong>scopali</strong></span> <span class='ocrx_word' id='word_1_325' title='bbox 682 4128 834 4182; x_wconf 88' lang='lat' dir='ltr'><strong>ultra</strong></span> <span class='ocrx_word' id='word_1_326' title='bbox 864 4126 1160 4198; x_wconf 86' lang='lat' dir='ltr'><strong>privilegio</strong></span> <span class='ocrx_word' id='word_1_327' title='bbox 1200 4127 1399 4190; x_wconf 84' lang='lat' dir='ltr'><strong>fretus,</strong></span> <span class='ocrx_word' id='word_1_328' title='bbox 1441 4127 1540 4180; x_wconf 91' lang='lat' dir='ltr'><strong>sed</strong></span> <span class='ocrx_word' id='word_1_329' title='bbox 1599 4126 1703 4179; x_wconf 89' lang='lat' dir='ltr'><strong>sub</strong></span> <span class='ocrx_word' id='word_1_330' title='bbox 1737 4126 1955 4180; x_wconf 87' lang='lat' dir='ltr'><strong>abbatis</strong></span> <span class='ocrx_word' id='word_1_331' title='bbox 1983 4126 2133 4196; x_wconf 89' lang='lat' dir='ltr'><strong>regi-</strong></span> 
     </span>
    </p>
   </div>
   <div class='ocr_carea' id='block_1_45' title="bbox 430 4214 2133 4286">
    <p class='ocr_par' dir='ltr' id='par_1_45' title="bbox 430 4214 2133 4286">
     <span class='ocr_line' id='line_1_45' title="bbox 430 4214 2133 4286; baseline -0.001 -16"><span class='ocrx_word' id='word_1_332' title='bbox 430 4217 611 4282; x_wconf 89' lang='lat' dir='ltr'><strong>mine,</strong></span> <span class='ocrx_word' id='word_1_333' title='bbox 680 4216 824 4270; x_wconf 91' lang='lat' dir='ltr'><strong>sicut</strong></span> <span class='ocrx_word' id='word_1_334' title='bbox 878 4215 990 4269; x_wconf 91' lang='lat' dir='ltr'><strong>huc</strong></span> <span class='ocrx_word' id='word_1_335' title='bbox 1039 4231 1223 4286; x_wconf 90' lang='lat' dir='ltr'><strong>usque</strong></span> <span class='ocrx_word' id='word_1_336' title='bbox 1278 4214 1406 4282; x_wconf 84' lang='lat' dir='ltr'><strong>fuit,</strong></span> <span class='ocrx_word' id='word_1_337' title='bbox 1464 4214 1573 4268; x_wconf 88' lang='lat' dir='ltr'><strong>erit</strong></span> <span class='ocrx_word' id='word_1_338' title='bbox 1623 4214 1810 4268; x_wconf 87' lang='lat' dir='ltr'><strong>modis</strong></span> <span class='ocrx_word' id='word_1_339' title='bbox 1867 4215 2133 4269; x_wconf 90' lang='lat' dir='ltr'><strong>omnibus</strong></span> 
     </span>
    </p>
   </div>
   <div class='ocr_carea' id='block_1_46' title="bbox 430 4303 2133 4374">
    <p class='ocr_par' dir='ltr' id='par_1_46' title="bbox 430 4303 2133 4374">
     <span class='ocr_line' id='line_1_46' title="bbox 430 4303 2133 4374; baseline -0.001 -15"><span class='ocrx_word' id='word_1_340' title='bbox 430 4305 863 4374; x_wconf 87' lang='lat' dir='ltr'><strong>mancipandus.</strong></span> <span class='ocrx_word' id='word_1_341' title='bbox 896 4306 1020 4358; x_wconf 82' lang='lat' dir='ltr'><strong>Jam</strong></span> <span class='ocrx_word' id='word_1_342' title='bbox 1047 4320 1180 4357; x_wconf 89' lang='lat' dir='ltr'><strong>vero</strong></span> <span class='ocrx_word' id='word_1_343' title='bbox 1213 4303 1282 4357; x_wconf 93' lang='lat' dir='ltr'><strong>de</strong></span> <span class='ocrx_word' id='word_1_344' title='bbox 1313 4308 1520 4356; x_wconf 68' lang='lat' dir='ltr'><strong>caetero</strong></span> <span class='ocrx_word' id='word_1_345' title='bbox 1552 4304 1817 4373; x_wconf 83' lang='lat' dir='ltr'><strong>generale</strong></span> <span class='ocrx_word' id='word_1_346' title='bbox 1851 4310 2133 4373; x_wconf 89' lang='lat' dir='ltr'><strong>ponentes</strong></span> 
     </span>
    </p>
   </div>
   <div class='ocr_carea' id='block_1_47' title="bbox 429 4389 2127 4462">
    <p class='ocr_par' dir='ltr' id='par_1_47' title="bbox 429 4389 2127 4462">
     <span class='ocr_line' id='line_1_47' title="bbox 429 4389 2127 4462; baseline -0.001 -16"><span class='ocrx_word' id='word_1_347' title='bbox 429 4393 702 4453; x_wconf 90' lang='lat' dir='ltr'><strong>edictum,</strong></span> <span class='ocrx_word' id='word_1_348' title='bbox 737 4390 784 4444; x_wconf 90' lang='lat' dir='ltr'><strong>si</strong></span> <span class='ocrx_word' id='word_1_349' title='bbox 815 4391 944 4462; x_wconf 90' lang='lat' dir='ltr'><strong>quis</strong></span> <span class='ocrx_word' id='word_1_350' title='bbox 975 4395 1174 4444; x_wconf 89' lang='lat' dir='ltr'><strong>contra</strong></span> <span class='ocrx_word' id='word_1_351' title='bbox 1195 4391 1315 4444; x_wconf 75' lang='lat' dir='ltr'><strong>haec</strong></span> <span class='ocrx_word' id='word_1_352' title='bbox 1346 4406 1632 4444; x_wconf 91' lang='lat' dir='ltr'><strong>canonum</strong></span> <span class='ocrx_word' id='word_1_353' title='bbox 1676 4389 1978 4444; x_wconf 85' lang='lat' dir='ltr'><strong>interdicta</strong></span> <span class='ocrx_word' id='word_1_354' title='bbox 2031 4407 2127 4445; x_wconf 83' lang='lat' dir='ltr'><strong>ve-</strong></span> 
     </span>
    </p>
   </div>
   <div class='ocr_carea' id='block_1_48' title="bbox 427 4477 2135 4550">
    <p class='ocr_par' dir='ltr' id='par_1_48' title="bbox 427 4477 2135 4550">
     <span class='ocr_line' id='line_1_48' title="bbox 427 4477 2135 4550; baseline 0 -16"><span class='ocrx_word' id='word_1_355' title='bbox 427 4481 554 4534; x_wconf 89' lang='lat' dir='ltr'><strong>nire</strong></span> <span class='ocrx_word' id='word_1_356' title='bbox 582 4484 820 4533; x_wconf 88' lang='lat' dir='ltr'><strong>conatus</strong></span> <span class='ocrx_word' id='word_1_357' title='bbox 849 4479 1040 4545; x_wconf 88' lang='lat' dir='ltr'><strong>fuerit,</strong></span> <span class='ocrx_word' id='word_1_358' title='bbox 1073 4483 1138 4532; x_wconf 92' lang='lat' dir='ltr'><strong>ut</strong></span> <span class='ocrx_word' id='word_1_359' title='bbox 1175 4478 1236 4532; x_wconf 91' lang='lat' dir='ltr'><strong>in</strong></span> <span class='ocrx_word' id='word_1_360' title='bbox 1268 4477 1404 4532; x_wconf 88' lang='lat' dir='ltr'><strong>locis</strong></span> <span class='ocrx_word' id='word_1_361' title='bbox 1440 4477 1553 4532; x_wconf 92' lang='lat' dir='ltr'><strong>illis</strong></span> <span class='ocrx_word' id='word_1_362' title='bbox 1585 4478 1920 4548; x_wconf 90' lang='lat' dir='ltr'><strong>episcopum</strong></span> <span class='ocrx_word' id='word_1_363' title='bbox 1961 4479 2135 4550; x_wconf 86' lang='lat' dir='ltr'><strong>eligat</strong></span> 
     </span>
    </p>
   </div>
   <div class='ocr_carea' id='block_1_49' title="bbox 425 4566 2132 4638">
    <p class='ocr_par' dir='ltr' id='par_1_49' title="bbox 425 4566 2132 4638">
     <span class='ocr_line' id='line_1_49' title="bbox 425 4566 2132 4638; baseline 0 -16"><span class='ocrx_word' id='word_1_364' title='bbox 425 4569 575 4637; x_wconf 79' lang='lat' dir='ltr'><strong>ﬁeri,</strong></span> <span class='ocrx_word' id='word_1_365' title='bbox 627 4567 726 4622; x_wconf 91' lang='lat' dir='ltr'><strong>ubi</strong></span> <span class='ocrx_word' id='word_1_366' title='bbox 783 4567 1086 4637; x_wconf 90' lang='lat' dir='ltr'><strong>episcopus</strong></span> <span class='ocrx_word' id='word_1_367' title='bbox 1150 4583 1448 4638; x_wconf 89' lang='lat' dir='ltr'><strong>nunquam</strong></span> <span class='ocrx_word' id='word_1_368' title='bbox 1513 4566 1641 4634; x_wconf 88' lang='lat' dir='ltr'><strong>fuit,</strong></span> <span class='ocrx_word' id='word_1_369' title='bbox 1711 4566 2016 4622; x_wconf 86' lang='lat' dir='ltr'><strong>anathema</strong></span> <span class='ocrx_word' id='word_1_370' title='bbox 2072 4568 2132 4622; x_wconf 90' lang='lat' dir='ltr'><strong>in</strong></span> 
     </span>
    </p>
   </div>
   <div class='ocr_carea' id='block_1_50' title="bbox 425 4655 2131 4727">
    <p class='ocr_par' dir='ltr' id='par_1_50' title="bbox 425 4655 2131 4727">
     <span class='ocr_line' id='line_1_50' title="bbox 425 4655 2131 4727; baseline 0 -17"><span class='ocrx_word' id='word_1_371' title='bbox 425 4661 738 4727; x_wconf 86' lang='lat' dir='ltr'><strong>conspectu</strong></span> <span class='ocrx_word' id='word_1_372' title='bbox 762 4655 1173 4725; x_wconf 87' lang='lat' dir='ltr'><strong>omnipotentis</strong></span> <span class='ocrx_word' id='word_1_373' title='bbox 1207 4657 1304 4709; x_wconf 87' lang='lat' dir='ltr'><strong>Die</strong></span> <span class='ocrx_word' id='word_1_374' title='bbox 1352 4656 1624 4717; x_wconf 89' lang='lat' dir='ltr'><strong>incurrat,</strong></span> <span class='ocrx_word' id='word_1_375' title='bbox 1657 4659 1714 4709; x_wconf 90' lang='lat' dir='ltr'><strong>et</strong></span> <span class='ocrx_word' id='word_1_376' title='bbox 1742 4655 1978 4725; x_wconf 88' lang='lat' dir='ltr'><strong>insuper</strong></span> <span class='ocrx_word' id='word_1_377' title='bbox 2013 4660 2131 4710; x_wconf 87' lang='lat' dir='ltr'><strong>tam</strong></span> 
     </span>
    </p>
   </div>
   <div class='ocr_carea' id='block_1_51' title="bbox 424 4742 2132 4814">
    <p class='ocr_par' dir='ltr' id='par_1_51' title="bbox 424 4742 2132 4814">
     <span class='ocr_line' id='line_1_51' title="bbox 424 4742 2132 4814; baseline -0.001 -16"><span class='ocrx_word' id='word_1_378' title='bbox 424 4744 723 4799; x_wconf 90' lang='lat' dir='ltr'><strong>ordinator</strong></span> <span class='ocrx_word' id='word_1_379' title='bbox 753 4759 924 4814; x_wconf 91' lang='lat' dir='ltr'><strong>quam</strong></span> <span class='ocrx_word' id='word_1_380' title='bbox 979 4743 1273 4797; x_wconf 86' lang='lat' dir='ltr'><strong>ordinatus</strong></span> <span class='ocrx_word' id='word_1_381' title='bbox 1302 4743 1542 4814; x_wconf 88' lang='lat' dir='ltr'><strong>gradum</strong></span> <span class='ocrx_word' id='word_1_382' title='bbox 1605 4742 1694 4797; x_wconf 89' lang='lat' dir='ltr'><strong>sui</strong></span> <span class='ocrx_word' id='word_1_383' title='bbox 1737 4743 1954 4798; x_wconf 91' lang='lat' dir='ltr'><strong>ordinis</strong></span> <span class='ocrx_word' id='word_1_384' title='bbox 1997 4760 2132 4814; x_wconf 90' lang='lat' dir='ltr'><strong>per-</strong></span> 
     </span>
    </p>
   </div>
   <div class='ocr_carea' id='block_1_52' title="bbox 425 4831 2126 4903">
    <p class='ocr_par' dir='ltr' id='par_1_52' title="bbox 425 4831 2126 4903">
     <span class='ocr_line' id='line_1_52' title="bbox 425 4831 2126 4903; baseline 0 -17"><span class='ocrx_word' id='word_1_385' title='bbox 425 4833 521 4886; x_wconf 90' lang='lat' dir='ltr'><strong>dat</strong></span> <span class='ocrx_word' id='word_1_386' title='bbox 552 4848 566 4886; x_wconf 89' lang='lat'><strong>:</strong></span> <span class='ocrx_word' id='word_1_387' title='bbox 601 4832 736 4903; x_wconf 90' lang='lat' dir='ltr'><strong>quia</strong></span> <span class='ocrx_word' id='word_1_388' title='bbox 779 4848 897 4885; x_wconf 92' lang='lat' dir='ltr'><strong>non</strong></span> <span class='ocrx_word' id='word_1_389' title='bbox 955 4832 1143 4885; x_wconf 89' lang='lat' dir='ltr'><strong>solum</strong></span> <span class='ocrx_word' id='word_1_390' title='bbox 1190 4832 1562 4902; x_wconf 88' lang='lat' dir='ltr'><strong>antiquorum</strong></span> <span class='ocrx_word' id='word_1_391' title='bbox 1606 4833 1842 4885; x_wconf 88' lang='lat' dir='ltr'><strong>Patrum</strong></span> <span class='ocrx_word' id='word_1_392' title='bbox 1881 4831 2126 4899; x_wconf 89' lang='lat' dir='ltr'><strong>decreta,</strong></span> 
     </span>
    </p>
   </div>
   <div class='ocr_carea' id='block_1_53' title="bbox 425 4919 1844 4990">
    <p class='ocr_par' dir='ltr' id='par_1_53' title="bbox 425 4919 1844 4990">
     <span class='ocr_line' id='line_1_53' title="bbox 425 4919 1844 4990; baseline 0 -17"><span class='ocrx_word' id='word_1_393' title='bbox 425 4921 522 4974; x_wconf 93' lang='lat' dir='ltr'><strong>sed</strong></span> <span class='ocrx_word' id='word_1_394' title='bbox 545 4920 854 4990; x_wconf 87' lang='lat' dir='ltr'><strong>apostolica</strong></span> <span class='ocrx_word' id='word_1_395' title='bbox 891 4935 1062 4974; x_wconf 89' lang='lat' dir='ltr'><strong>ausus</strong></span> <span class='ocrx_word' id='word_1_396' title='bbox 1091 4923 1175 4974; x_wconf 90' lang='lat' dir='ltr'><strong>est</strong></span> <span class='ocrx_word' id='word_1_397' title='bbox 1200 4920 1518 4974; x_wconf 91' lang='lat' dir='ltr'><strong>convellere</strong></span> <span class='ocrx_word' id='word_1_398' title='bbox 1567 4919 1844 4974; x_wconf 90' lang='lat' dir='ltr'><strong>instituta.</strong></span> 
     </span>
    </p>
   </div>
   <div class='ocr_carea' id='block_1_54' title="bbox 552 5025 2004 5094">
    <p class='ocr_par' dir='ltr' id='par_1_54' title="bbox 552 5025 2004 5094">
     <span class='ocr_line' id='line_1_54' title="bbox 552 5025 2004 5094; baseline -0.001 -14"><span class='ocrx_word' id='word_1_399' title='bbox 552 5025 677 5080; x_wconf 77' lang='lat' dir='ltr'><strong>CAP.</strong></span> <span class='ocrx_word' id='word_1_400' title='bbox 702 5025 921 5079; x_wconf 84' lang='lat' dir='ltr'><strong>XXXIV.</strong></span> <span class='ocrx_word' id='word_1_401' title='bbox 951 5054 1020 5065; x_wconf 98' lang='lat'>—</span> <span class='ocrx_word' id='word_1_402' title='bbox 1071 5027 1137 5079; x_wconf 90' lang='lat' dir='ltr'><strong>Ut</strong></span> <span class='ocrx_word' id='word_1_403' title='bbox 1163 5025 1312 5094; x_wconf 95' lang='lat' dir='ltr'><strong>plebs</strong></span> <span class='ocrx_word' id='word_1_404' title='bbox 1345 5041 1463 5092; x_wconf 73' lang='lat' dir='ltr'><strong>quae</strong></span> <span class='ocrx_word' id='word_1_405' title='bbox 1501 5041 1782 5094; x_wconf 84' lang='lat' dir='ltr'><strong>nunquam</strong></span> <span class='ocrx_word' id='word_1_406' title='bbox 1813 5025 2004 5079; x_wconf 81' lang='lat' dir='ltr'><strong>habuit</strong></span> 
     </span>
    </p>
   </div>
   <div class='ocr_carea' id='block_1_55' title="bbox 635 5095 1910 5164">
    <p class='ocr_par' dir='ltr' id='par_1_55' title="bbox 635 5095 1910 5164">
     <span class='ocr_line' id='line_1_55' title="bbox 635 5095 1910 5164; baseline 0.001 -17"><span class='ocrx_word' id='word_1_407' title='bbox 635 5097 960 5164; x_wconf 80' lang='lat' dir='ltr'><strong>episcopum,</strong></span> <span class='ocrx_word' id='word_1_408' title='bbox 1006 5098 1118 5149; x_wconf 90' lang='lat' dir='ltr'><strong>nisi</strong></span> <span class='ocrx_word' id='word_1_409' title='bbox 1153 5112 1220 5149; x_wconf 70' lang='lat' dir='ltr'><strong>ex</strong></span> <span class='ocrx_word' id='word_1_410' title='bbox 1252 5111 1527 5162; x_wconf 70' lang='lat' dir='ltr'><strong>consensu,</strong></span> <span class='ocrx_word' id='word_1_411' title='bbox 1565 5111 1672 5150; x_wconf 90' lang='lat' dir='ltr'><strong>non</strong></span> <span class='ocrx_word' id='word_1_412' title='bbox 1695 5095 1910 5150; x_wconf 86' lang='lat' dir='ltr'><strong>habeat.</strong></span> 
     </span>
    </p>
   </div>
   <div class='ocr_carea' id='block_1_56' title="bbox 497 5183 2128 5252">
    <p class='ocr_par' dir='ltr' id='par_1_56' title="bbox 497 5183 2128 5252">
     <span class='ocr_line' id='line_1_56' title="bbox 497 5183 2128 5252; baseline 0.001 -14"><span class='ocrx_word' id='word_1_413' title='bbox 497 5183 613 5252; x_wconf 80' lang='lat' dir='ltr'><strong>(Ea:</strong></span> <span class='ocrx_word' id='word_1_414' title='bbox 645 5185 831 5238; x_wconf 88' lang='lat' dir='ltr'><strong>concil.</strong></span> <span class='ocrx_word' id='word_1_415' title='bbox 888 5185 1178 5250; x_wconf 79' lang='lat' dir='ltr'><strong>Africano,</strong></span> <span class='ocrx_word' id='word_1_416' title='bbox 1219 5199 1340 5252; x_wconf 85' lang='lat' dir='ltr'><strong>cap.</strong></span> <span class='ocrx_word' id='word_1_417' title='bbox 1382 5184 1497 5250; x_wconf 85' lang='lat' dir='ltr'><strong>6t.)</strong></span> <span class='ocrx_word' id='word_1_418' title='bbox 1541 5183 1757 5238; x_wconf 88' lang='lat' dir='ltr'><strong>Placuit</strong></span> <span class='ocrx_word' id='word_1_419' title='bbox 1780 5187 1838 5238; x_wconf 90' lang='lat' dir='ltr'><strong>et</strong></span> <span class='ocrx_word' id='word_1_420' title='bbox 1869 5183 2033 5250; x_wconf 92' lang='lat' dir='ltr'><strong>illud,</strong></span> <span class='ocrx_word' id='word_1_421' title='bbox 2065 5191 2128 5240; x_wconf 86' lang='lat' dir='ltr'><strong>ut</strong></span> 
     </span>
    </p>
   </div>
   <div class='ocr_carea' id='block_1_57' title="bbox 418 5271 2125 5344">
    <p class='ocr_par' dir='ltr' id='par_1_57' title="bbox 418 5271 2125 5344">
     <span class='ocr_line' id='line_1_57' title="bbox 418 5271 2125 5344; baseline 0 -18"><span class='ocrx_word' id='word_1_422' title='bbox 418 5272 616 5344; x_wconf 88' lang='lat' dir='ltr'><strong>plebes</strong></span> <span class='ocrx_word' id='word_1_423' title='bbox 646 5288 775 5342; x_wconf 64' lang='lat' dir='ltr'><strong>quas</strong></span> <span class='ocrx_word' id='word_1_424' title='bbox 802 5287 1100 5342; x_wconf 89' lang='lat' dir='ltr'><strong>nunquam</strong></span> <span class='ocrx_word' id='word_1_425' title='bbox 1143 5271 1468 5325; x_wconf 88' lang='lat' dir='ltr'><strong>habuerunt</strong></span> <span class='ocrx_word' id='word_1_426' title='bbox 1497 5271 1763 5342; x_wconf 90' lang='lat' dir='ltr'><strong>proprios</strong></span> <span class='ocrx_word' id='word_1_427' title='bbox 1810 5271 2125 5342; x_wconf 90' lang='lat' dir='ltr'><strong>episcopos,</strong></span> 
     </span>
    </p>
   </div>
   <div class='ocr_carea' id='block_1_58' title="bbox 419 5359 2127 5430">
    <p class='ocr_par' dir='ltr' id='par_1_58' title="bbox 419 5359 2127 5430">
     <span class='ocr_line' id='line_1_58' title="bbox 419 5359 2127 5430; baseline 0 -16"><span class='ocrx_word' id='word_1_428' title='bbox 419 5360 532 5414; x_wconf 90' lang='lat' dir='ltr'><strong>nisi</strong></span> <span class='ocrx_word' id='word_1_429' title='bbox 557 5376 622 5414; x_wconf 84' lang='lat' dir='ltr'><strong>ex</strong></span> <span class='ocrx_word' id='word_1_430' title='bbox 649 5359 892 5414; x_wconf 92' lang='lat' dir='ltr'><strong>concilio</strong></span> <span class='ocrx_word' id='word_1_431' title='bbox 935 5359 1196 5430; x_wconf 85' lang='lat' dir='ltr'><strong>plenario</strong></span> <span class='ocrx_word' id='word_1_432' title='bbox 1231 5359 1682 5430; x_wconf 87' lang='lat' dir='ltr'><strong>uniuscujusque</strong></span> <span class='ocrx_word' id='word_1_433' title='bbox 1730 5359 2040 5429; x_wconf 70' lang='lat' dir='ltr'><strong>provincias</strong></span> <span class='ocrx_word' id='word_1_434' title='bbox 2070 5367 2127 5414; x_wconf 92' lang='lat' dir='ltr'><strong>et</strong></span> 
     </span>
    </p>
   </div>
   <div class='ocr_carea' id='block_1_59' title="bbox 416 5447 2123 5518">
    <p class='ocr_par' dir='ltr' id='par_1_59' title="bbox 416 5447 2123 5518">
     <span class='ocr_line' id='line_1_59' title="bbox 416 5447 2123 5518; baseline 0.001 -18"><span class='ocrx_word' id='word_1_435' title='bbox 416 5449 702 5518; x_wconf 90' lang='lat' dir='ltr'><strong>primatis,</strong></span> <span class='ocrx_word' id='word_1_436' title='bbox 763 5454 934 5518; x_wconf 89' lang='lat' dir='ltr'><strong>atque</strong></span> <span class='ocrx_word' id='word_1_437' title='bbox 991 5463 1274 5501; x_wconf 90' lang='lat' dir='ltr'><strong>consensu</strong></span> <span class='ocrx_word' id='word_1_438' title='bbox 1331 5448 1454 5518; x_wconf 90' lang='lat' dir='ltr'><strong>ejus</strong></span> <span class='ocrx_word' id='word_1_439' title='bbox 1497 5447 1568 5502; x_wconf 91' lang='lat' dir='ltr'><strong>ad</strong></span> <span class='ocrx_word' id='word_1_440' title='bbox 1633 5447 1797 5517; x_wconf 90' lang='lat' dir='ltr'><strong>cujus</strong></span> <span class='ocrx_word' id='word_1_441' title='bbox 1833 5448 2123 5503; x_wconf 71' lang='lat' dir='ltr'><strong>dimcesiin</strong></span> 
     </span>
    </p>
   </div>
   <div class='ocr_carea' id='block_1_60' title="bbox 419 5534 2123 5607">
    <p class='ocr_par' dir='ltr' id='par_1_60' title="bbox 419 5534 2123 5607">
     <span class='ocr_line' id='line_1_60' title="bbox 419 5534 2123 5607; baseline 0.002 -19"><span class='ocrx_word' id='word_1_442' title='bbox 419 5536 623 5589; x_wconf 87' lang='lat' dir='ltr'><strong>eadem</strong></span> <span class='ocrx_word' id='word_1_443' title='bbox 656 5535 900 5590; x_wconf 86' lang='lat' dir='ltr'><strong>Ecclesia</strong></span> <span class='ocrx_word' id='word_1_444' title='bbox 941 5534 1284 5607; x_wconf 88' lang='lat' dir='ltr'><strong>pertinebat,</strong></span> <span class='ocrx_word' id='word_1_445' title='bbox 1317 5536 1611 5591; x_wconf 88' lang='lat' dir='ltr'><strong>decretum</strong></span> <span class='ocrx_word' id='word_1_446' title='bbox 1649 5535 1840 5604; x_wconf 83' lang='lat' dir='ltr'><strong>fuerit,</strong></span> <span class='ocrx_word' id='word_1_447' title='bbox 1885 5537 2123 5591; x_wconf 88' lang='lat' dir='ltr'><strong>minime</strong></span> 
     </span>
    </p>
   </div>
   <div class='ocr_carea' id='block_1_61' title="bbox 419 5621 729 5689">
    <p class='ocr_par' dir='ltr' id='par_1_61' title="bbox 419 5621 729 5689">
     <span class='ocr_line' id='line_1_61' title="bbox 419 5621 729 5689; baseline -0.003 -14"><span class='ocrx_word' id='word_1_448' title='bbox 419 5621 636 5689; x_wconf 76' lang='lat' dir='ltr'><strong>accipis</strong></span> <span class='ocrx_word' id='word_1_449' title='bbox 645 5626 729 5675; x_wconf 87' lang='lat' dir='ltr'><strong>nt.</strong></span> 
     </span>
    </p>
   </div>
   <div class='ocr_carea' id='block_1_62' title="bbox 2783 579 3429 648">
    <p class='ocr_par' dir='ltr' id='par_1_62' title="bbox 2783 579 3429 648">
     <span class='ocr_line' id='line_1_62' title="bbox 2783 579 3429 648; baseline 0.005 -17"><span class='ocrx_word' id='word_1_450' title='bbox 2783 582 3072 648; x_wconf 81' lang='lat' dir='ltr'><strong>provincia</strong></span> <span class='ocrx_word' id='word_1_451' title='bbox 3119 579 3429 634; x_wconf 69' lang='lat' dir='ltr'><strong>dividatur.</strong></span> 
     </span>
    </p>
   </div>
   <div class='ocr_carea' id='block_1_63' title="bbox 2322 666 3934 741">
    <p class='ocr_par' dir='ltr' id='par_1_63' title="bbox 2322 666 3934 741">
     <span class='ocr_line' id='line_1_63' title="bbox 2322 666 3934 741; baseline 0.001 -18"><span class='ocrx_word' id='word_1_452' title='bbox 2322 666 2540 736; x_wconf 89' lang='lat' dir='ltr'><strong>(Concil.</strong></span> <span class='ocrx_word' id='word_1_453' title='bbox 2601 667 2875 734; x_wconf 81' lang='lat' dir='ltr'><strong>Chalced.,</strong></span> <span class='ocrx_word' id='word_1_454' title='bbox 2927 683 3048 737; x_wconf 87' lang='lat' dir='ltr'><strong>cap.</strong></span> <span class='ocrx_word' id='word_1_455' title='bbox 3098 671 3204 734; x_wconf 83' lang='lat' dir='ltr'><strong>l2.)</strong></span> <span class='ocrx_word' id='word_1_456' title='bbox 3237 668 3504 724; x_wconf 88' lang='lat' dir='ltr'><strong>Pervenit</strong></span> <span class='ocrx_word' id='word_1_457' title='bbox 3557 670 3630 724; x_wconf 90' lang='lat' dir='ltr'><strong>ad</strong></span> <span class='ocrx_word' id='word_1_458' title='bbox 3676 686 3789 724; x_wconf 86' lang='lat' dir='ltr'><strong>nos</strong></span> <span class='ocrx_word' id='word_1_459' title='bbox 3821 686 3934 741; x_wconf 89' lang='lat' dir='ltr'><strong>quc</strong></span> 
     </span>
    </p>
   </div>
   <div class='ocr_carea' id='block_1_64' title="bbox 2252 755 3934 826">
    <p class='ocr_par' dir='ltr' id='par_1_64' title="bbox 2252 755 3934 826">
     <span class='ocr_line' id='line_1_64' title="bbox 2252 755 3934 826; baseline 0.001 -18"><span class='ocrx_word' id='word_1_460' title='bbox 2252 755 2489 825; x_wconf 89' lang='lat' dir='ltr'><strong>quidam</strong></span> <span class='ocrx_word' id='word_1_461' title='bbox 2537 761 2746 826; x_wconf 64' lang='lat' dir='ltr'><strong>praeter</strong></span> <span class='ocrx_word' id='word_1_462' title='bbox 2803 755 3186 810; x_wconf 88' lang='lat' dir='ltr'><strong>ecclesiastica</strong></span> <span class='ocrx_word' id='word_1_463' title='bbox 3219 761 3433 812; x_wconf 89' lang='lat' dir='ltr'><strong>statuta</strong></span> <span class='ocrx_word' id='word_1_464' title='bbox 3483 757 3791 823; x_wconf 86' lang='lat' dir='ltr'><strong>facientes,</strong></span> <span class='ocrx_word' id='word_1_465' title='bbox 3843 775 3934 812; x_wconf 85' lang='lat' dir='ltr'><strong>cei</strong></span> 
     </span>
    </p>
   </div>
   <div class='ocr_carea' id='block_1_65' title="bbox 2250 843 3934 916">
    <p class='ocr_par' dir='ltr' id='par_1_65' title="bbox 2250 843 3934 916">
     <span class='ocr_line' id='line_1_65' title="bbox 2250 843 3934 916; baseline 0.002 -20"><span class='ocrx_word' id='word_1_466' title='bbox 2250 843 2514 898; x_wconf 82' lang='lat' dir='ltr'><strong>velarunt</strong></span> <span class='ocrx_word' id='word_1_467' title='bbox 2539 844 2608 898; x_wconf 91' lang='lat' dir='ltr'><strong>ad</strong></span> <span class='ocrx_word' id='word_1_468' title='bbox 2647 848 2979 915; x_wconf 88' lang='lat' dir='ltr'><strong>potestates,</strong></span> <span class='ocrx_word' id='word_1_469' title='bbox 3010 849 3065 898; x_wconf 88' lang='lat' dir='ltr'><strong>et</strong></span> <span class='ocrx_word' id='word_1_470' title='bbox 3095 860 3198 915; x_wconf 93' lang='lat' dir='ltr'><strong>per</strong></span> <span class='ocrx_word' id='word_1_471' title='bbox 3253 847 3669 916; x_wconf 86' lang='lat' dir='ltr'><strong>pragmaticam</strong></span> <span class='ocrx_word' id='word_1_472' title='bbox 3716 847 3934 902; x_wconf 86' lang='lat' dir='ltr'><strong>forma:</strong></span> 
     </span>
    </p>
   </div>
   <div class='ocr_carea' id='block_1_66' title="bbox 2252 932 3934 1003">
    <p class='ocr_par' dir='ltr' id='par_1_66' title="bbox 2252 932 3934 1003">
     <span class='ocr_line' id='line_1_66' title="bbox 2252 932 3934 1003; baseline 0.002 -17"><span class='ocrx_word' id='word_1_473' title='bbox 2252 932 2314 986; x_wconf 91' lang='lat' dir='ltr'><strong>in</strong></span> <span class='ocrx_word' id='word_1_474' title='bbox 2357 933 2470 987; x_wconf 91' lang='lat' dir='ltr'><strong>duo</strong></span> <span class='ocrx_word' id='word_1_475' title='bbox 2500 949 2676 988; x_wconf 90' lang='lat' dir='ltr'><strong>unam</strong></span> <span class='ocrx_word' id='word_1_476' title='bbox 2731 933 3086 1003; x_wconf 89' lang='lat' dir='ltr'><strong>provinciam</strong></span> <span class='ocrx_word' id='word_1_477' title='bbox 3109 934 3449 1001; x_wconf 89' lang='lat' dir='ltr'><strong>diviserunt,</strong></span> <span class='ocrx_word' id='word_1_478' title='bbox 3495 935 3577 990; x_wconf 90' lang='lat' dir='ltr'><strong>ita</strong></span> <span class='ocrx_word' id='word_1_479' title='bbox 3626 940 3692 990; x_wconf 89' lang='lat' dir='ltr'><strong>ut</strong></span> <span class='ocrx_word' id='word_1_480' title='bbox 3746 952 3821 990; x_wconf 79' lang='lat' dir='ltr'><strong>ex</strong></span> <span class='ocrx_word' id='word_1_481' title='bbox 3877 937 3934 989; x_wconf 74' lang='lat' dir='ltr'><strong>ht</strong></span> 
     </span>
    </p>
   </div>
   <div class='ocr_carea' id='block_1_67' title="bbox 2251 1019 3933 1094">
    <p class='ocr_par' dir='ltr' id='par_1_67' title="bbox 2251 1019 3933 1094">
     <span class='ocr_line' id='line_1_67' title="bbox 2251 1019 3933 1094; baseline 0 -20"><span class='ocrx_word' id='word_1_482' title='bbox 2251 1019 2402 1074; x_wconf 89' lang='lat' dir='ltr'><strong>facto</strong></span> <span class='ocrx_word' id='word_1_483' title='bbox 2431 1021 2545 1075; x_wconf 93' lang='lat' dir='ltr'><strong>duo</strong></span> <span class='ocrx_word' id='word_1_484' title='bbox 2596 1022 3025 1092; x_wconf 89' lang='lat' dir='ltr'><strong>metropolitani</strong></span> <span class='ocrx_word' id='word_1_485' title='bbox 3067 1037 3190 1076; x_wconf 90' lang='lat' dir='ltr'><strong>esse</strong></span> <span class='ocrx_word' id='word_1_486' title='bbox 3245 1023 3544 1077; x_wconf 88' lang='lat' dir='ltr'><strong>videantur</strong></span> <span class='ocrx_word' id='word_1_487' title='bbox 3570 1023 3631 1077; x_wconf 90' lang='lat' dir='ltr'><strong>in</strong></span> <span class='ocrx_word' id='word_1_488' title='bbox 3681 1039 3806 1077; x_wconf 87' lang='lat' dir='ltr'><strong>una</strong></span> <span class='ocrx_word' id='word_1_489' title='bbox 3843 1040 3933 1094; x_wconf 52' lang='lat' dir='ltr'><strong>pri</strong></span> 
     </span>
    </p>
   </div>
   <div class='ocr_carea' id='block_1_68' title="bbox 2251 1105 3934 1180">
    <p class='ocr_par' dir='ltr' id='par_1_68' title="bbox 2251 1105 3934 1180">
     <span class='ocr_line' id='line_1_68' title="bbox 2251 1105 3934 1180; baseline 0.001 -22"><span class='ocrx_word' id='word_1_490' title='bbox 2251 1105 2453 1160; x_wconf 88' lang='lat' dir='ltr'><strong>vincia.</strong></span> <span class='ocrx_word' id='word_1_491' title='bbox 2493 1105 2696 1160; x_wconf 89' lang='lat' dir='ltr'><strong>Statuit</strong></span> <span class='ocrx_word' id='word_1_492' title='bbox 2725 1122 2861 1177; x_wconf 91' lang='lat' dir='ltr'><strong>ergo</strong></span> <span class='ocrx_word' id='word_1_493' title='bbox 2889 1111 3083 1160; x_wconf 87' lang='lat' dir='ltr'><strong>sancta</strong></span> <span class='ocrx_word' id='word_1_494' title='bbox 3142 1109 3394 1178; x_wconf 91' lang='lat' dir='ltr'><strong>synodus</strong></span> <span class='ocrx_word' id='word_1_495' title='bbox 3440 1108 3509 1162; x_wconf 88' lang='lat' dir='ltr'><strong>de</strong></span> <span class='ocrx_word' id='word_1_496' title='bbox 3553 1107 3792 1180; x_wconf 88' lang='lat' dir='ltr'><strong>reliquo</strong></span> <span class='ocrx_word' id='word_1_497' title='bbox 3833 1108 3934 1161; x_wconf 85' lang='lat' dir='ltr'><strong>nih</strong></span> 
     </span>
    </p>
   </div>
   <div class='ocr_carea' id='block_1_69' title="bbox 2252 1191 3934 1264">
    <p class='ocr_par' dir='ltr' id='par_1_69' title="bbox 2252 1191 3934 1264">
     <span class='ocr_line' id='line_1_69' title="bbox 2252 1191 3934 1264; baseline 0.001 -20"><span class='ocrx_word' id='word_1_498' title='bbox 2252 1193 2324 1245; x_wconf 88' lang='lat' dir='ltr'><strong>ab</strong></span> <span class='ocrx_word' id='word_1_499' title='bbox 2355 1191 2633 1262; x_wconf 90' lang='lat' dir='ltr'><strong>episcopis</strong></span> <span class='ocrx_word' id='word_1_500' title='bbox 2667 1194 2778 1246; x_wconf 86' lang='lat' dir='ltr'><strong>tale</strong></span> <span class='ocrx_word' id='word_1_501' title='bbox 2803 1194 3034 1248; x_wconf 87' lang='lat' dir='ltr'><strong>tentari.</strong></span> <span class='ocrx_word' id='word_1_502' title='bbox 3066 1193 3363 1264; x_wconf 78' lang='lat' dir='ltr'><strong>Alioquin,</strong></span> <span class='ocrx_word' id='word_1_503' title='bbox 3397 1194 3496 1264; x_wconf 92' lang='lat' dir='ltr'><strong>qui</strong></span> <span class='ocrx_word' id='word_1_504' title='bbox 3529 1195 3636 1248; x_wconf 89' lang='lat' dir='ltr'><strong>hoc</strong></span> <span class='ocrx_word' id='word_1_505' title='bbox 3673 1194 3934 1249; x_wconf 73' lang='lat' dir='ltr'><strong>admiss:</strong></span> 
     </span>
    </p>
   </div>
   <div class='ocr_carea' id='block_1_70' title="bbox 2252 1280 3933 1353">
    <p class='ocr_par' dir='ltr' id='par_1_70' title="bbox 2252 1280 3933 1353">
     <span class='ocr_line' id='line_1_70' title="bbox 2252 1280 3933 1353; baseline 0.002 -20"><span class='ocrx_word' id='word_1_506' title='bbox 2252 1280 2443 1344; x_wconf 86' lang='lat' dir='ltr'><strong>fuerit,</strong></span> <span class='ocrx_word' id='word_1_507' title='bbox 2501 1280 2796 1334; x_wconf 90' lang='lat' dir='ltr'><strong>amissioni</strong></span> <span class='ocrx_word' id='word_1_508' title='bbox 2851 1281 3062 1349; x_wconf 84' lang='lat' dir='ltr'><strong>gradus</strong></span> <span class='ocrx_word' id='word_1_509' title='bbox 3109 1281 3329 1352; x_wconf 92' lang='lat' dir='ltr'><strong>proprii</strong></span> <span class='ocrx_word' id='word_1_510' title='bbox 3389 1281 3729 1353; x_wconf 87' lang='lat' dir='ltr'><strong>subjacebit.</strong></span> <span class='ocrx_word' id='word_1_511' title='bbox 3802 1285 3933 1347; x_wconf 78' lang='lat' dir='ltr'><strong>Qua</strong></span> 
     </span>
    </p>
   </div>
   <div class='ocr_carea' id='block_1_71' title="bbox 2254 1368 3934 1442">
    <p class='ocr_par' dir='ltr' id='par_1_71' title="bbox 2254 1368 3934 1442">
     <span class='ocr_line' id='line_1_71' title="bbox 2254 1368 3934 1442; baseline 0.003 -21"><span class='ocrx_word' id='word_1_512' title='bbox 2254 1384 2480 1438; x_wconf 87' lang='lat' dir='ltr'><strong>cunque</strong></span> <span class='ocrx_word' id='word_1_513' title='bbox 2509 1384 2642 1422; x_wconf 92' lang='lat' dir='ltr'><strong>vero</strong></span> <span class='ocrx_word' id='word_1_514' title='bbox 2671 1369 2926 1423; x_wconf 90' lang='lat' dir='ltr'><strong>civitates</strong></span> <span class='ocrx_word' id='word_1_515' title='bbox 2956 1368 3160 1424; x_wconf 88' lang='lat' dir='ltr'><strong>litteris</strong></span> <span class='ocrx_word' id='word_1_516' title='bbox 3191 1370 3587 1441; x_wconf 88' lang='lat' dir='ltr'><strong>imperialibus</strong></span> <span class='ocrx_word' id='word_1_517' title='bbox 3620 1373 3934 1442; x_wconf 87' lang='lat' dir='ltr'><strong>metropol</strong></span> 
     </span>
    </p>
   </div>
   <div class='ocr_carea' id='block_1_72' title="bbox 2253 1457 3933 1527">
    <p class='ocr_par' dir='ltr' id='par_1_72' title="bbox 2253 1457 3933 1527">
     <span class='ocr_line' id='line_1_72' title="bbox 2253 1457 3933 1527; baseline 0.003 -17"><span class='ocrx_word' id='word_1_518' title='bbox 2253 1457 2374 1510; x_wconf 91' lang='lat' dir='ltr'><strong>tani</strong></span> <span class='ocrx_word' id='word_1_519' title='bbox 2405 1457 2651 1511; x_wconf 92' lang='lat' dir='ltr'><strong>nominis</strong></span> <span class='ocrx_word' id='word_1_520' title='bbox 2684 1459 2902 1512; x_wconf 90' lang='lat' dir='ltr'><strong>honore</strong></span> <span class='ocrx_word' id='word_1_521' title='bbox 2948 1459 3206 1512; x_wconf 84' lang='lat' dir='ltr'><strong>subnixae</strong></span> <span class='ocrx_word' id='word_1_522' title='bbox 3248 1464 3404 1527; x_wconf 86' lang='lat' dir='ltr'><strong>sunt,</strong></span> <span class='ocrx_word' id='word_1_523' title='bbox 3434 1459 3654 1514; x_wconf 88' lang='lat' dir='ltr'><strong>honore</strong></span> <span class='ocrx_word' id='word_1_524' title='bbox 3698 1465 3933 1515; x_wconf 76' lang='lat' dir='ltr'><strong>tantum</strong></span> 
     </span>
    </p>
   </div>
   <div class='ocr_carea' id='block_1_73' title="bbox 2254 1546 3933 1620">
    <p class='ocr_par' dir='ltr' id='par_1_73' title="bbox 2254 1546 3933 1620">
     <span class='ocr_line' id='line_1_73' title="bbox 2254 1546 3933 1620; baseline 0 -21"><span class='ocrx_word' id='word_1_525' title='bbox 2254 1547 2425 1600; x_wconf 92' lang='lat' dir='ltr'><strong>modo</strong></span> <span class='ocrx_word' id='word_1_526' title='bbox 2457 1546 2848 1616; x_wconf 89' lang='lat' dir='ltr'><strong>perfruantur,</strong></span> <span class='ocrx_word' id='word_1_527' title='bbox 2903 1551 2960 1600; x_wconf 88' lang='lat' dir='ltr'><strong>et</strong></span> <span class='ocrx_word' id='word_1_528' title='bbox 3000 1547 3100 1618; x_wconf 93' lang='lat' dir='ltr'><strong>qui</strong></span> <span class='ocrx_word' id='word_1_529' title='bbox 3147 1548 3451 1602; x_wconf 87' lang='lat' dir='ltr'><strong>Ecclesiam</strong></span> <span class='ocrx_word' id='word_1_530' title='bbox 3503 1549 3626 1620; x_wconf 89' lang='lat' dir='ltr'><strong>ejus</strong></span> <span class='ocrx_word' id='word_1_531' title='bbox 3670 1551 3933 1620; x_wconf 48' lang='lat' dir='ltr'><strong>gubern.</strong></span> 
     </span>
    </p>
   </div>
   <div class='ocr_carea' id='block_1_74' title="bbox 2254 1634 3932 1709">
    <p class='ocr_par' dir='ltr' id='par_1_74' title="bbox 2254 1634 3932 1709">
     <span class='ocr_line' id='line_1_74' title="bbox 2254 1634 3932 1709; baseline 0.003 -22"><span class='ocrx_word' id='word_1_532' title='bbox 2254 1634 2576 1706; x_wconf 90' lang='lat' dir='ltr'><strong>episcopus,</strong></span> <span class='ocrx_word' id='word_1_533' title='bbox 2617 1636 2786 1689; x_wconf 89' lang='lat' dir='ltr'><strong>salvis</strong></span> <span class='ocrx_word' id='word_1_534' title='bbox 2808 1636 3022 1690; x_wconf 89' lang='lat' dir='ltr'><strong>scilicet</strong></span> <span class='ocrx_word' id='word_1_535' title='bbox 3075 1637 3225 1691; x_wconf 91' lang='lat' dir='ltr'><strong>veris</strong></span> <span class='ocrx_word' id='word_1_536' title='bbox 3263 1637 3602 1708; x_wconf 84' lang='lat' dir='ltr'><strong>metropolis</strong></span> <span class='ocrx_word' id='word_1_537' title='bbox 3635 1637 3932 1709; x_wconf 85' lang='lat' dir='ltr'><strong>privilegi</strong></span> 
     </span>
    </p>
   </div>
   <div class='ocr_carea' id='block_1_75' title="bbox 2255 1740 2390 1777">
    <p class='ocr_par' dir='ltr' id='par_1_75' title="bbox 2255 1740 2390 1777">
     <span class='ocr_line' id='line_1_75' title="bbox 2255 1740 2390 1777; baseline 0.007 -1"><span class='ocrx_word' id='word_1_538' title='bbox 2255 1740 2390 1777; x_wconf 76' lang='grc'><strong>81115.</strong></span> 
     </span>
    </p>
   </div>
   <div class='ocr_carea' id='block_1_76' title="bbox 2256 1813 3933 1883">
    <p class='ocr_par' dir='ltr' id='par_1_76' title="bbox 2256 1813 3933 1883">
     <span class='ocr_line' id='line_1_76' title="bbox 2256 1813 3933 1883; baseline 0 -15"><span class='ocrx_word' id='word_1_539' title='bbox 2256 1813 2382 1868; x_wconf 78' lang='lat' dir='ltr'><strong>CAP.</strong></span> <span class='ocrx_word' id='word_1_540' title='bbox 2445 1813 2664 1868; x_wconf 79' lang='lat' dir='ltr'><strong>XXXVI.</strong></span> <span class='ocrx_word' id='word_1_541' title='bbox 2705 1842 2777 1853; x_wconf 92' lang='lat'><strong>—</strong></span> <span class='ocrx_word' id='word_1_542' title='bbox 2828 1814 2909 1866; x_wconf 84' lang='lat' dir='ltr'><strong>De</strong></span> <span class='ocrx_word' id='word_1_543' title='bbox 2961 1815 3074 1868; x_wconf 81' lang='lat' dir='ltr'><strong>illis</strong></span> <span class='ocrx_word' id='word_1_544' title='bbox 3117 1815 3380 1883; x_wconf 84' lang='lat' dir='ltr'><strong>episcopis</strong></span> <span class='ocrx_word' id='word_1_545' title='bbox 3437 1817 3536 1882; x_wconf 88' lang='lat' dir='ltr'><strong>qui</strong></span> <span class='ocrx_word' id='word_1_546' title='bbox 3567 1830 3675 1869; x_wconf 90' lang='lat' dir='ltr'><strong>non</strong></span> <span class='ocrx_word' id='word_1_547' title='bbox 3715 1821 3860 1870; x_wconf 86' lang='lat' dir='ltr'><strong>sunt</strong></span> <span class='ocrx_word' id='word_1_548' title='bbox 3898 1834 3933 1869; x_wconf 78' lang='grc' dir='ltr'><strong>ν.</strong></span> 
     </span>
    </p>
   </div>
   <div class='ocr_carea' id='block_1_77' title="bbox 2325 1884 3907 1953">
    <p class='ocr_par' dir='ltr' id='par_1_77' title="bbox 2325 1884 3907 1953">
     <span class='ocr_line' id='line_1_77' title="bbox 2325 1884 3907 1953; baseline 0.003 -16"><span class='ocrx_word' id='word_1_549' title='bbox 2325 1887 2466 1953; x_wconf 86' lang='lat' dir='ltr'><strong>cepti</strong></span> <span class='ocrx_word' id='word_1_550' title='bbox 2494 1885 2693 1938; x_wconf 81' lang='lat' dir='ltr'><strong>abillis</strong></span> <span class='ocrx_word' id='word_1_551' title='bbox 2716 1884 2790 1936; x_wconf 86' lang='lat' dir='ltr'><strong>ad</strong></span> <span class='ocrx_word' id='word_1_552' title='bbox 2821 1899 2951 1952; x_wconf 89' lang='lat' dir='ltr'><strong>quos</strong></span> <span class='ocrx_word' id='word_1_553' title='bbox 2981 1890 3107 1938; x_wconf 90' lang='lat' dir='ltr'><strong>sunt</strong></span> <span class='ocrx_word' id='word_1_554' title='bbox 3135 1885 3380 1938; x_wconf 79' lang='lat' dir='ltr'><strong>ordinati</strong></span> <span class='ocrx_word' id='word_1_555' title='bbox 3407 1887 3490 1938; x_wconf 90' lang='lat' dir='ltr'><strong>vel</strong></span> <span class='ocrx_word' id='word_1_556' title='bbox 3528 1886 3907 1942; x_wconf 84' lang='lat' dir='ltr'><strong>denominati.</strong></span> 
     </span>
    </p>
   </div>
   <div class='ocr_carea' id='block_1_78' title="bbox 2325 1972 3934 2046">
    <p class='ocr_par' dir='ltr' id='par_1_78' title="bbox 2325 1972 3934 2046">
     <span class='ocr_line' id='line_1_78' title="bbox 2325 1972 3934 2046; baseline 0.003 -20"><span class='ocrx_word' id='word_1_557' title='bbox 2325 1975 2435 2044; x_wconf 79' lang='lat' dir='ltr'><strong>(Ea:</strong></span> <span class='ocrx_word' id='word_1_558' title='bbox 2463 1974 2650 2026; x_wconf 90' lang='lat' dir='ltr'><strong>concil.</strong></span> <span class='ocrx_word' id='word_1_559' title='bbox 2706 1974 2933 2040; x_wconf 75' lang='lat' dir='ltr'><strong>Anryr.,</strong></span> <span class='ocrx_word' id='word_1_560' title='bbox 2963 1989 3084 2042; x_wconf 91' lang='lat' dir='ltr'><strong>cap.</strong></span> <span class='ocrx_word' id='word_1_561' title='bbox 3131 1972 3239 2042; x_wconf 85' lang='lat' dir='ltr'><strong>l7.)</strong></span> <span class='ocrx_word' id='word_1_562' title='bbox 3272 1973 3329 2028; x_wconf 92' lang='lat' dir='ltr'><strong>Si</strong></span> <span class='ocrx_word' id='word_1_563' title='bbox 3373 1975 3474 2045; x_wconf 88' lang='lat' dir='ltr'><strong>qui</strong></span> <span class='ocrx_word' id='word_1_564' title='bbox 3512 1975 3779 2046; x_wconf 88' lang='lat' dir='ltr'><strong>episcopi</strong></span> <span class='ocrx_word' id='word_1_565' title='bbox 3824 1978 3934 2031; x_wconf 89' lang='lat' dir='ltr'><strong>ord</strong></span> 
     </span>
    </p>
   </div>
   <div class='ocr_carea' id='block_1_79' title="bbox 2254 2060 3933 2134">
    <p class='ocr_par' dir='ltr' id='par_1_79' title="bbox 2254 2060 3933 2134">
     <span class='ocr_line' id='line_1_79' title="bbox 2254 2060 3933 2134; baseline 0.002 -20"><span class='ocrx_word' id='word_1_566' title='bbox 2254 2061 2375 2115; x_wconf 90' lang='lat' dir='ltr'><strong>nati</strong></span> <span class='ocrx_word' id='word_1_567' title='bbox 2401 2066 2552 2123; x_wconf 90' lang='lat' dir='ltr'><strong>sunt,</strong></span> <span class='ocrx_word' id='word_1_568' title='bbox 2594 2076 2697 2114; x_wconf 90' lang='lat' dir='ltr'><strong>nec</strong></span> <span class='ocrx_word' id='word_1_569' title='bbox 2729 2060 2940 2131; x_wconf 90' lang='lat' dir='ltr'><strong>recepti</strong></span> <span class='ocrx_word' id='word_1_570' title='bbox 2965 2061 3037 2114; x_wconf 91' lang='lat' dir='ltr'><strong>ab</strong></span> <span class='ocrx_word' id='word_1_571' title='bbox 3071 2061 3168 2114; x_wconf 92' lang='lat' dir='ltr'><strong>illa</strong></span> <span class='ocrx_word' id='word_1_572' title='bbox 3196 2062 3468 2132; x_wconf 88' lang='lat' dir='ltr'><strong>parochia</strong></span> <span class='ocrx_word' id='word_1_573' title='bbox 3501 2063 3560 2116; x_wconf 91' lang='lat' dir='ltr'><strong>in</strong></span> <span class='ocrx_word' id='word_1_574' title='bbox 3589 2079 3707 2134; x_wconf 90' lang='lat' dir='ltr'><strong>qua</strong></span> <span class='ocrx_word' id='word_1_575' title='bbox 3734 2063 3933 2118; x_wconf 83' lang='lat' dir='ltr'><strong>fuerai</strong></span> 
     </span>
    </p>
   </div>
   <div class='ocr_carea' id='block_1_80' title="bbox 2254 2149 3928 2221">
    <p class='ocr_par' dir='ltr' id='par_1_80' title="bbox 2254 2149 3928 2221">
     <span class='ocr_line' id='line_1_80' title="bbox 2254 2149 3928 2221; baseline 0.001 -17"><span class='ocrx_word' id='word_1_576' title='bbox 2254 2149 2628 2215; x_wconf 90' lang='lat' dir='ltr'><strong>denominati,</strong></span> <span class='ocrx_word' id='word_1_577' title='bbox 2660 2151 3078 2219; x_wconf 88' lang='lat' dir='ltr'><strong>volueruutque</strong></span> <span class='ocrx_word' id='word_1_578' title='bbox 3119 2149 3257 2203; x_wconf 91' lang='lat' dir='ltr'><strong>alias</strong></span> <span class='ocrx_word' id='word_1_579' title='bbox 3303 2165 3582 2220; x_wconf 89' lang='lat' dir='ltr'><strong>occupare</strong></span> <span class='ocrx_word' id='word_1_580' title='bbox 3631 2152 3928 2221; x_wconf 84' lang='lat' dir='ltr'><strong>parochia</strong></span> 
     </span>
    </p>
   </div>
   <div class='ocr_carea' id='block_1_81' title="bbox 2253 2238 3934 2308">
    <p class='ocr_par' dir='ltr' id='par_1_81' title="bbox 2253 2238 3934 2308">
     <span class='ocr_line' id='line_1_81' title="bbox 2253 2238 3934 2308; baseline 0.002 -18"><span class='ocrx_word' id='word_1_581' title='bbox 2253 2243 2310 2292; x_wconf 91' lang='lat' dir='ltr'><strong>et</strong></span> <span class='ocrx_word' id='word_1_582' title='bbox 2336 2239 2450 2292; x_wconf 85' lang='lat' dir='ltr'><strong>vim</strong></span> <span class='ocrx_word' id='word_1_583' title='bbox 2508 2238 2848 2308; x_wconf 75' lang='lat' dir='ltr'><strong>praesulibus</strong></span> <span class='ocrx_word' id='word_1_584' title='bbox 2898 2253 3096 2292; x_wconf 89' lang='lat' dir='ltr'><strong>earum</strong></span> <span class='ocrx_word' id='word_1_585' title='bbox 3136 2238 3366 2305; x_wconf 85' lang='lat' dir='ltr'><strong>inferre,</strong></span> <span class='ocrx_word' id='word_1_586' title='bbox 3409 2238 3718 2293; x_wconf 90' lang='lat' dir='ltr'><strong>seditiones</strong></span> <span class='ocrx_word' id='word_1_587' title='bbox 3760 2241 3934 2294; x_wconf 70' lang='lat' dir='ltr'><strong>advel</strong></span> 
     </span>
    </p>
   </div>
   <div class='ocr_carea' id='block_1_82' title="bbox 2253 2326 3934 2398">
    <p class='ocr_par' dir='ltr' id='par_1_82' title="bbox 2253 2326 3934 2398">
     <span class='ocr_line' id='line_1_82' title="bbox 2253 2326 3934 2398; baseline -0.001 -18"><span class='ocrx_word' id='word_1_588' title='bbox 2253 2344 2348 2382; x_wconf 85' lang='lat' dir='ltr'><strong>sus</strong></span> <span class='ocrx_word' id='word_1_589' title='bbox 2370 2344 2466 2381; x_wconf 92' lang='lat' dir='ltr'><strong>eos</strong></span> <span class='ocrx_word' id='word_1_590' title='bbox 2511 2328 2828 2394; x_wconf 84' lang='lat' dir='ltr'><strong>excitando,</strong></span> <span class='ocrx_word' id='word_1_591' title='bbox 2860 2327 2962 2381; x_wconf 90' lang='lat' dir='ltr'><strong>hos</strong></span> <span class='ocrx_word' id='word_1_592' title='bbox 2993 2326 3162 2396; x_wconf 90' lang='lat' dir='ltr'><strong>abjici</strong></span> <span class='ocrx_word' id='word_1_593' title='bbox 3213 2327 3446 2398; x_wconf 89' lang='lat' dir='ltr'><strong>placuit.</strong></span> <span class='ocrx_word' id='word_1_594' title='bbox 3481 2327 3645 2392; x_wconf 87' lang='lat' dir='ltr'><strong>Quod</strong></span> <span class='ocrx_word' id='word_1_595' title='bbox 3676 2328 3727 2382; x_wconf 87' lang='lat' dir='ltr'><strong>si</strong></span> <span class='ocrx_word' id='word_1_596' title='bbox 3775 2331 3934 2384; x_wconf 71' lang='lat' dir='ltr'><strong>volu.</strong></span> 
     </span>
    </p>
   </div>
   <div class='ocr_carea' id='block_1_83' title="bbox 2253 2414 3934 2488">
    <p class='ocr_par' dir='ltr' id='par_1_83' title="bbox 2253 2414 3934 2488">
     <span class='ocr_line' id='line_1_83' title="bbox 2253 2414 3934 2488; baseline -0.001 -20"><span class='ocrx_word' id='word_1_597' title='bbox 2253 2415 2370 2469; x_wconf 92' lang='lat' dir='ltr'><strong>rint</strong></span> <span class='ocrx_word' id='word_1_598' title='bbox 2395 2415 2452 2468; x_wconf 89' lang='lat' dir='ltr'><strong>in</strong></span> <span class='ocrx_word' id='word_1_599' title='bbox 2484 2415 2826 2487; x_wconf 82' lang='lat' dir='ltr'><strong>presbyterii</strong></span> <span class='ocrx_word' id='word_1_600' title='bbox 2857 2414 3058 2470; x_wconf 90' lang='lat' dir='ltr'><strong>ordine</strong></span> <span class='ocrx_word' id='word_1_601' title='bbox 3107 2415 3205 2469; x_wconf 90' lang='lat' dir='ltr'><strong>ubi</strong></span> <span class='ocrx_word' id='word_1_602' title='bbox 3238 2415 3396 2486; x_wconf 90' lang='lat' dir='ltr'><strong>prius</strong></span> <span class='ocrx_word' id='word_1_603' title='bbox 3427 2415 3676 2483; x_wconf 85' lang='lat' dir='ltr'><strong>fuerant,</strong></span> <span class='ocrx_word' id='word_1_604' title='bbox 3743 2422 3817 2470; x_wconf 90' lang='lat' dir='ltr'><strong>ut</strong></span> <span class='ocrx_word' id='word_1_605' title='bbox 3849 2435 3934 2488; x_wconf 71' lang='lat' dir='ltr'><strong>pr.</strong></span> 
     </span>
    </p>
   </div>
   <div class='ocr_carea' id='block_1_84' title="bbox 2253 2503 3934 2576">
    <p class='ocr_par' dir='ltr' id='par_1_84' title="bbox 2253 2503 3934 2576">
     <span class='ocr_line' id='line_1_84' title="bbox 2253 2503 3934 2576; baseline 0.001 -20"><span class='ocrx_word' id='word_1_606' title='bbox 2253 2503 2465 2572; x_wconf 80' lang='lat' dir='ltr'><strong>sbyteri</strong></span> <span class='ocrx_word' id='word_1_607' title='bbox 2511 2504 2782 2570; x_wconf 88' lang='lat' dir='ltr'><strong>residere,</strong></span> <span class='ocrx_word' id='word_1_608' title='bbox 2817 2520 2934 2558; x_wconf 92' lang='lat' dir='ltr'><strong>non</strong></span> <span class='ocrx_word' id='word_1_609' title='bbox 2977 2503 3320 2573; x_wconf 86' lang='lat' dir='ltr'><strong>abjiciantur</strong></span> <span class='ocrx_word' id='word_1_610' title='bbox 3371 2503 3605 2576; x_wconf 89' lang='lat' dir='ltr'><strong>propria</strong></span> <span class='ocrx_word' id='word_1_611' title='bbox 3653 2504 3934 2576; x_wconf 58' lang='lat' dir='ltr'><strong>dignitati</strong></span> 
     </span>
    </p>
   </div>
   <div class='ocr_carea' id='block_1_85' title="bbox 2253 2591 3926 2648">
    <p class='ocr_par' dir='ltr' id='par_1_85' title="bbox 2253 2591 3926 2648">
     <span class='ocr_line' id='line_1_85' title="bbox 2253 2591 3926 2648; baseline 0.001 -3"><span class='ocrx_word' id='word_1_612' title='bbox 2253 2591 2312 2646; x_wconf 92' lang='lat' dir='ltr'><strong>Si</strong></span> <span class='ocrx_word' id='word_1_613' title='bbox 2363 2597 2556 2645; x_wconf 89' lang='lat' dir='ltr'><strong>autem</strong></span> <span class='ocrx_word' id='word_1_614' title='bbox 2611 2591 2920 2645; x_wconf 90' lang='lat' dir='ltr'><strong>seditiones</strong></span> <span class='ocrx_word' id='word_1_615' title='bbox 2967 2596 3328 2645; x_wconf 91' lang='lat' dir='ltr'><strong>commovent</strong></span> <span class='ocrx_word' id='word_1_616' title='bbox 3360 2592 3576 2646; x_wconf 89' lang='lat' dir='ltr'><strong>ibidem</strong></span> <span class='ocrx_word' id='word_1_617' title='bbox 3629 2594 3926 2648; x_wconf 81' lang='lat' dir='ltr'><strong>constitut</strong></span> 
     </span>
    </p>
   </div>
   <div class='ocr_carea' id='block_1_86' title="bbox 2253 2679 3934 2750">
    <p class='ocr_par' dir='ltr' id='par_1_86' title="bbox 2253 2679 3934 2750">
     <span class='ocr_line' id='line_1_86' title="bbox 2253 2679 3934 2750; baseline 0.002 -17"><span class='ocrx_word' id='word_1_618' title='bbox 2253 2679 2552 2750; x_wconf 88' lang='lat' dir='ltr'><strong>episcopis,</strong></span> <span class='ocrx_word' id='word_1_619' title='bbox 2602 2679 2942 2750; x_wconf 88' lang='lat' dir='ltr'><strong>presbyterii</strong></span> <span class='ocrx_word' id='word_1_620' title='bbox 2973 2695 3202 2750; x_wconf 87' lang='lat' dir='ltr'><strong>quoque</strong></span> <span class='ocrx_word' id='word_1_621' title='bbox 3234 2679 3421 2734; x_wconf 92' lang='lat' dir='ltr'><strong>honor</strong></span> <span class='ocrx_word' id='word_1_622' title='bbox 3471 2680 3686 2734; x_wconf 89' lang='lat' dir='ltr'><strong>talibus</strong></span> <span class='ocrx_word' id='word_1_623' title='bbox 3729 2682 3934 2736; x_wconf 67' lang='lat' dir='ltr'><strong>aufert</strong></span> 
     </span>
    </p>
   </div>
   <div class='ocr_carea' id='block_1_87' title="bbox 2252 2767 3346 2838">
    <p class='ocr_par' dir='ltr' id='par_1_87' title="bbox 2252 2767 3346 2838">
     <span class='ocr_line' id='line_1_87' title="bbox 2252 2767 3346 2838; baseline -0.002 -16"><span class='ocrx_word' id='word_1_624' title='bbox 2252 2773 2368 2836; x_wconf 87' lang='lat' dir='ltr'><strong>tur,</strong></span> <span class='ocrx_word' id='word_1_625' title='bbox 2387 2770 2638 2838; x_wconf 80' lang='lat' dir='ltr'><strong>ﬁantque</strong></span> <span class='ocrx_word' id='word_1_626' title='bbox 2659 2768 3026 2822; x_wconf 88' lang='lat' dir='ltr'><strong>damnatione</strong></span> <span class='ocrx_word' id='word_1_627' title='bbox 3050 2767 3346 2823; x_wconf 89' lang='lat' dir='ltr'><strong>notabiles.</strong></span> 
     </span>
    </p>
   </div>
   <div class='ocr_carea' id='block_1_88' title="bbox 2254 2855 3934 2926">
    <p class='ocr_par' dir='ltr' id='par_1_88' title="bbox 2254 2855 3934 2926">
     <span class='ocr_line' id='line_1_88' title="bbox 2254 2855 3934 2926; baseline 0.001 -16"><span class='ocrx_word' id='word_1_628' title='bbox 2254 2856 2381 2911; x_wconf 81' lang='lat' dir='ltr'><strong>CAP.</strong></span> <span class='ocrx_word' id='word_1_629' title='bbox 2411 2856 2661 2910; x_wconf 87' lang='lat' dir='ltr'><strong>XXXVII.</strong></span> <span class='ocrx_word' id='word_1_630' title='bbox 2692 2886 2761 2896; x_wconf 93' lang='lat'><strong><em>—</em></strong></span> <span class='ocrx_word' id='word_1_631' title='bbox 2791 2859 2866 2910; x_wconf 87' lang='lat' dir='ltr'><strong>De</strong></span> <span class='ocrx_word' id='word_1_632' title='bbox 2916 2858 3162 2924; x_wconf 87' lang='lat' dir='ltr'><strong>episcopo</strong></span> <span class='ocrx_word' id='word_1_633' title='bbox 3189 2857 3287 2924; x_wconf 89' lang='lat' dir='ltr'><strong>qui</strong></span> <span class='ocrx_word' id='word_1_634' title='bbox 3332 2855 3628 2910; x_wconf 78' lang='lat' dir='ltr'><strong>Ecclesium</strong></span> <span class='ocrx_word' id='word_1_635' title='bbox 3665 2857 3750 2912; x_wconf 85' lang='lat' dir='ltr'><strong>ad</strong></span> <span class='ocrx_word' id='word_1_636' title='bbox 3795 2873 3934 2926; x_wconf 73' lang='lat' dir='ltr'><strong>qua:</strong></span> 
     </span>
    </p>
   </div>
   <div class='ocr_carea' id='block_1_89' title="bbox 2627 2927 3582 2992">
    <p class='ocr_par' dir='ltr' id='par_1_89' title="bbox 2627 2927 3582 2992">
     <span class='ocr_line' id='line_1_89' title="bbox 2627 2927 3582 2992; baseline -0.001 -11"><span class='ocrx_word' id='word_1_637' title='bbox 2627 2927 2916 2981; x_wconf 84' lang='lat' dir='ltr'><strong>ordinatus</strong></span> <span class='ocrx_word' id='word_1_638' title='bbox 2944 2932 3042 2991; x_wconf 87' lang='lat' dir='ltr'><strong>est,</strong></span> <span class='ocrx_word' id='word_1_639' title='bbox 3077 2927 3233 2980; x_wconf 86' lang='lat' dir='ltr'><strong>adire</strong></span> <span class='ocrx_word' id='word_1_640' title='bbox 3264 2928 3582 2992; x_wconf 72' lang='lat' dir='ltr'><strong>neglc&#39;cerit.</strong></span> 
     </span>
    </p>
   </div>
   <div class='ocr_carea' id='block_1_90' title="bbox 2326 3014 3934 3087">
    <p class='ocr_par' dir='ltr' id='par_1_90' title="bbox 2326 3014 3934 3087">
     <span class='ocr_line' id='line_1_90' title="bbox 2326 3014 3934 3087; baseline 0.001 -19"><span class='ocrx_word' id='word_1_641' title='bbox 2326 3017 2430 3082; x_wconf 71' lang='lat' dir='ltr'><strong>(Em</strong></span> <span class='ocrx_word' id='word_1_642' title='bbox 2460 3016 2648 3069; x_wconf 91' lang='lat' dir='ltr'><strong>concil.</strong></span> <span class='ocrx_word' id='word_1_643' title='bbox 2679 3017 2966 3081; x_wconf 57' lang='lat' dir='ltr'><strong>Antioch,</strong></span> <span class='ocrx_word' id='word_1_644' title='bbox 2998 3030 3121 3085; x_wconf 85' lang='lat' dir='ltr'><strong>cap.</strong></span> <span class='ocrx_word' id='word_1_645' title='bbox 3158 3015 3263 3084; x_wconf 85' lang='lat' dir='ltr'><strong>t7.)</strong></span> <span class='ocrx_word' id='word_1_646' title='bbox 3285 3014 3341 3070; x_wconf 91' lang='lat' dir='ltr'><strong>Si</strong></span> <span class='ocrx_word' id='word_1_647' title='bbox 3369 3015 3498 3086; x_wconf 81' lang='lat' dir='ltr'><strong>quis</strong></span> <span class='ocrx_word' id='word_1_648' title='bbox 3517 3014 3831 3086; x_wconf 89' lang='lat' dir='ltr'><strong>episcopus</strong></span> <span class='ocrx_word' id='word_1_649' title='bbox 3871 3033 3934 3087; x_wconf 76' lang='lat' dir='ltr'><strong>pe</strong></span> 
     </span>
    </p>
   </div>
   <div class='ocr_carea' id='block_1_91' title="bbox 2253 3102 3934 3174">
    <p class='ocr_par' dir='ltr' id='par_1_91' title="bbox 2253 3102 3934 3174">
     <span class='ocr_line' id='line_1_91' title="bbox 2253 3102 3934 3174; baseline 0.001 -18"><span class='ocrx_word' id='word_1_650' title='bbox 2253 3118 2457 3157; x_wconf 91' lang='lat' dir='ltr'><strong>manus</strong></span> <span class='ocrx_word' id='word_1_651' title='bbox 2510 3103 2939 3174; x_wconf 89' lang='lat' dir='ltr'><strong>impositionem</strong></span> <span class='ocrx_word' id='word_1_652' title='bbox 2982 3102 3374 3174; x_wconf 88' lang='lat' dir='ltr'><strong>episcopatum</strong></span> <span class='ocrx_word' id='word_1_653' title='bbox 3413 3103 3698 3173; x_wconf 88' lang='lat' dir='ltr'><strong>acceperit</strong></span> <span class='ocrx_word' id='word_1_654' title='bbox 3747 3110 3807 3158; x_wconf 92' lang='lat' dir='ltr'><strong>et</strong></span> <span class='ocrx_word' id='word_1_655' title='bbox 3865 3107 3934 3158; x_wconf 89' lang='lat' dir='ltr'><strong>sil</strong></span> 
     </span>
    </p>
   </div>
   <div class='ocr_carea' id='block_1_92' title="bbox 2251 3190 3934 3262">
    <p class='ocr_par' dir='ltr' id='par_1_92' title="bbox 2251 3190 3934 3262">
     <span class='ocr_line' id='line_1_92' title="bbox 2251 3190 3934 3262; baseline 0.001 -18"><span class='ocrx_word' id='word_1_656' title='bbox 2251 3191 2622 3245; x_wconf 92' lang='lat' dir='ltr'><strong>commissum</strong></span> <span class='ocrx_word' id='word_1_657' title='bbox 2680 3191 3064 3245; x_wconf 87' lang='lat' dir='ltr'><strong>ministerium</strong></span> <span class='ocrx_word' id='word_1_658' title='bbox 3120 3190 3312 3245; x_wconf 89' lang='lat' dir='ltr'><strong>subire</strong></span> <span class='ocrx_word' id='word_1_659' title='bbox 3355 3191 3680 3262; x_wconf 82' lang='lat' dir='ltr'><strong>neglexerit</strong></span> <span class='ocrx_word' id='word_1_660' title='bbox 3713 3207 3827 3246; x_wconf 90' lang='lat' dir='ltr'><strong>nec</strong></span> <span class='ocrx_word' id='word_1_661' title='bbox 3880 3210 3934 3246; x_wconf 75' lang='lat' dir='ltr'><strong>ac</strong></span> 
     </span>
    </p>
   </div>
   <div class='ocr_carea' id='block_1_93' title="bbox 2249 3277 3932 3348">
    <p class='ocr_par' dir='ltr' id='par_1_93' title="bbox 2249 3277 3932 3348">
     <span class='ocr_line' id='line_1_93' title="bbox 2249 3277 3932 3348; baseline 0.001 -16"><span class='ocrx_word' id='word_1_662' title='bbox 2249 3279 2532 3348; x_wconf 89' lang='lat' dir='ltr'><strong>quieverit</strong></span> <span class='ocrx_word' id='word_1_663' title='bbox 2581 3278 2666 3333; x_wconf 91' lang='lat' dir='ltr'><strong>ire</strong></span> <span class='ocrx_word' id='word_1_664' title='bbox 2719 3279 2789 3333; x_wconf 90' lang='lat' dir='ltr'><strong>ad</strong></span> <span class='ocrx_word' id='word_1_665' title='bbox 2823 3277 3127 3334; x_wconf 76' lang='lat' dir='ltr'><strong>Ecclesium</strong></span> <span class='ocrx_word' id='word_1_666' title='bbox 3186 3279 3296 3333; x_wconf 91' lang='lat' dir='ltr'><strong>sibi</strong></span> <span class='ocrx_word' id='word_1_667' title='bbox 3349 3279 3742 3347; x_wconf 89' lang='lat' dir='ltr'><strong>commissam,</strong></span> <span class='ocrx_word' id='word_1_668' title='bbox 3809 3281 3932 3334; x_wconf 84' lang='lat' dir='ltr'><strong>hun</strong></span> 
     </span>
    </p>
   </div>
   <div class='ocr_carea' id='block_1_94' title="bbox 2249 3367 3932 3439">
    <p class='ocr_par' dir='ltr' id='par_1_94' title="bbox 2249 3367 3932 3439">
     <span class='ocr_line' id='line_1_94' title="bbox 2249 3367 3932 3439; baseline 0.001 -19"><span class='ocrx_word' id='word_1_669' title='bbox 2249 3373 2474 3437; x_wconf 91' lang='lat' dir='ltr'><strong>oportet</strong></span> <span class='ocrx_word' id='word_1_670' title='bbox 2501 3367 2909 3421; x_wconf 90' lang='lat' dir='ltr'><strong>communione</strong></span> <span class='ocrx_word' id='word_1_671' title='bbox 2963 3367 3194 3438; x_wconf 90' lang='lat' dir='ltr'><strong>privari,</strong></span> <span class='ocrx_word' id='word_1_672' title='bbox 3232 3367 3417 3421; x_wconf 90' lang='lat' dir='ltr'><strong>donec</strong></span> <span class='ocrx_word' id='word_1_673' title='bbox 3445 3369 3771 3439; x_wconf 89' lang='lat' dir='ltr'><strong>susceperit</strong></span> <span class='ocrx_word' id='word_1_674' title='bbox 3806 3386 3932 3424; x_wconf 63' lang='lat' dir='ltr'><strong>coal</strong></span> 
     </span>
    </p>
   </div>
   <div class='ocr_carea' id='block_1_95' title="bbox 2249 3455 3929 3526">
    <p class='ocr_par' dir='ltr' id='par_1_95' title="bbox 2249 3455 3929 3526">
     <span class='ocr_line' id='line_1_95' title="bbox 2249 3455 3929 3526; baseline 0.002 -18"><span class='ocrx_word' id='word_1_675' title='bbox 2249 3460 2340 3508; x_wconf 91' lang='lat' dir='ltr'><strong>tus</strong></span> <span class='ocrx_word' id='word_1_676' title='bbox 2370 3455 2642 3520; x_wconf 85' lang='lat' dir='ltr'><strong>ofﬁcium,</strong></span> <span class='ocrx_word' id='word_1_677' title='bbox 2683 3460 2782 3509; x_wconf 91' lang='lat' dir='ltr'><strong>aut</strong></span> <span class='ocrx_word' id='word_1_678' title='bbox 2806 3460 2958 3509; x_wconf 91' lang='lat' dir='ltr'><strong>certe</strong></span> <span class='ocrx_word' id='word_1_679' title='bbox 2989 3455 3058 3509; x_wconf 92' lang='lat' dir='ltr'><strong>de</strong></span> <span class='ocrx_word' id='word_1_680' title='bbox 3107 3471 3175 3510; x_wconf 91' lang='lat' dir='ltr'><strong>eo</strong></span> <span class='ocrx_word' id='word_1_681' title='bbox 3221 3455 3442 3526; x_wconf 91' lang='lat' dir='ltr'><strong>aliquid</strong></span> <span class='ocrx_word' id='word_1_682' title='bbox 3492 3455 3724 3526; x_wconf 85' lang='lat' dir='ltr'><strong>integra</strong></span> <span class='ocrx_word' id='word_1_683' title='bbox 3779 3456 3929 3512; x_wconf 38' lang='lat' dir='ltr'><strong>decr‘</strong></span> 
     </span>
    </p>
   </div>
   <div class='ocr_carea' id='block_1_96' title="bbox 2247 3542 3705 3613">
    <p class='ocr_par' dir='ltr' id='par_1_96' title="bbox 2247 3542 3705 3613">
     <span class='ocr_line' id='line_1_96' title="bbox 2247 3542 3705 3613; baseline 0.001 -17"><span class='ocrx_word' id='word_1_684' title='bbox 2247 3543 2394 3597; x_wconf 91' lang='lat' dir='ltr'><strong>verit</strong></span> <span class='ocrx_word' id='word_1_685' title='bbox 2423 3543 2679 3612; x_wconf 90' lang='lat' dir='ltr'><strong>ejusdem</strong></span> <span class='ocrx_word' id='word_1_686' title='bbox 2711 3542 3017 3613; x_wconf 76' lang='lat' dir='ltr'><strong>provinciae</strong></span> <span class='ocrx_word' id='word_1_687' title='bbox 3044 3542 3293 3612; x_wconf 89' lang='lat' dir='ltr'><strong>synodus</strong></span> <span class='ocrx_word' id='word_1_688' title='bbox 3324 3543 3705 3597; x_wconf 88' lang='lat' dir='ltr'><strong>sacerdotum.</strong></span> 
     </span>
    </p>
   </div>
   <div class='ocr_carea' id='block_1_97' title="bbox 2249 3632 3930 3703">
    <p class='ocr_par' dir='ltr' id='par_1_97' title="bbox 2249 3632 3930 3703">
     <span class='ocr_line' id='line_1_97' title="bbox 2249 3632 3930 3703; baseline 0.001 -17"><span class='ocrx_word' id='word_1_689' title='bbox 2249 3632 2379 3686; x_wconf 76' lang='lat' dir='ltr'><strong>CAP.</strong></span> <span class='ocrx_word' id='word_1_690' title='bbox 2408 3632 2682 3686; x_wconf 86' lang='lat' dir='ltr'><strong>XXXVIII.</strong></span> <span class='ocrx_word' id='word_1_691' title='bbox 2716 3634 2882 3703; x_wconf 12' lang='lat' dir='ltr'><strong>—,De</strong></span> <span class='ocrx_word' id='word_1_692' title='bbox 2921 3633 3168 3703; x_wconf 81' lang='lat' dir='ltr'><strong>episcopo</strong></span> <span class='ocrx_word' id='word_1_693' title='bbox 3213 3634 3310 3700; x_wconf 89' lang='lat' dir='ltr'><strong>qui</strong></span> <span class='ocrx_word' id='word_1_694' title='bbox 3352 3647 3460 3685; x_wconf 87' lang='lat' dir='ltr'><strong>non</strong></span> <span class='ocrx_word' id='word_1_695' title='bbox 3497 3636 3806 3702; x_wconf 81' lang='lat' dir='ltr'><strong>susceperit</strong></span> <span class='ocrx_word' id='word_1_696' title='bbox 3848 3637 3930 3703; x_wconf 62' lang='lat' dir='ltr'><strong>of)</strong></span> 
     </span>
    </p>
   </div>
   <div class='ocr_carea' id='block_1_98' title="bbox 2745 3702 3452 3757">
    <p class='ocr_par' dir='ltr' id='par_1_98' title="bbox 2745 3702 3452 3757">
     <span class='ocr_line' id='line_1_98' title="bbox 2745 3702 3452 3757; baseline -0.001 0"><span class='ocrx_word' id='word_1_697' title='bbox 2745 3702 2891 3757; x_wconf 89' lang='lat' dir='ltr'><strong>cium</strong></span> <span class='ocrx_word' id='word_1_698' title='bbox 2934 3702 3045 3756; x_wconf 84' lang='lat' dir='ltr'><strong>sibi</strong></span> <span class='ocrx_word' id='word_1_699' title='bbox 3086 3705 3452 3757; x_wconf 88' lang='lat' dir='ltr'><strong>commissum.</strong></span> 
     </span>
    </p>
   </div>
   <div class='ocr_carea' id='block_1_99' title="bbox 2319 3789 3928 3862">
    <p class='ocr_par' dir='ltr' id='par_1_99' title="bbox 2319 3789 3928 3862">
     <span class='ocr_line' id='line_1_99' title="bbox 2319 3789 3928 3862; baseline 0 -16"><span class='ocrx_word' id='word_1_700' title='bbox 2319 3792 2441 3861; x_wconf 77' lang='lat' dir='ltr'><strong>(Ea:</strong></span> <span class='ocrx_word' id='word_1_701' title='bbox 2470 3807 2612 3846; x_wconf 89' lang='lat' dir='ltr'><strong>conc.</strong></span> <span class='ocrx_word' id='word_1_702' title='bbox 2641 3792 2881 3858; x_wconf 64' lang='lat' dir='ltr'><strong>Arelat,</strong></span> <span class='ocrx_word' id='word_1_703' title='bbox 2929 3806 3056 3860; x_wconf 89' lang='lat' dir='ltr'><strong>cap.</strong></span> <span class='ocrx_word' id='word_1_704' title='bbox 3112 3793 3192 3860; x_wconf 87' lang='lat'><strong>6.)</strong></span> <span class='ocrx_word' id='word_1_705' title='bbox 3223 3789 3285 3844; x_wconf 92' lang='lat' dir='ltr'><strong>Si</strong></span> <span class='ocrx_word' id='word_1_706' title='bbox 3350 3790 3481 3861; x_wconf 91' lang='lat' dir='ltr'><strong>quis</strong></span> <span class='ocrx_word' id='word_1_707' title='bbox 3505 3789 3823 3862; x_wconf 89' lang='lat' dir='ltr'><strong>episcopus</strong></span> <span class='ocrx_word' id='word_1_708' title='bbox 3857 3809 3928 3846; x_wconf 90' lang='lat' dir='ltr'><strong>no</strong></span> 
     </span>
    </p>
   </div>
   <div class='ocr_carea' id='block_1_100' title="bbox 2246 3878 3928 3950">
    <p class='ocr_par' dir='ltr' id='par_1_100' title="bbox 2246 3878 3928 3950">
     <span class='ocr_line' id='line_1_100' title="bbox 2246 3878 3928 3950; baseline -0.003 -15"><span class='ocrx_word' id='word_1_709' title='bbox 2246 3880 2562 3950; x_wconf 90' lang='lat' dir='ltr'><strong>susceperit</strong></span> <span class='ocrx_word' id='word_1_710' title='bbox 2600 3880 2854 3934; x_wconf 75' lang='lat' dir='ltr'><strong>officium</strong></span> <span class='ocrx_word' id='word_1_711' title='bbox 2887 3879 2996 3932; x_wconf 90' lang='lat' dir='ltr'><strong>sibi</strong></span> <span class='ocrx_word' id='word_1_712' title='bbox 3023 3879 3416 3944; x_wconf 91' lang='lat' dir='ltr'><strong>commissum,</strong></span> <span class='ocrx_word' id='word_1_713' title='bbox 3443 3878 3534 3932; x_wconf 87' lang='lat' dir='ltr'><strong>hic</strong></span> <span class='ocrx_word' id='word_1_714' title='bbox 3599 3881 3928 3934; x_wconf 59' lang='lat' dir='ltr'><strong>communit</strong></span> 
     </span>
    </p>
   </div>
   <div class='ocr_carea' id='block_1_101' title="bbox 2246 3966 3927 4039">
    <p class='ocr_par' dir='ltr' id='par_1_101' title="bbox 2246 3966 3927 4039">
     <span class='ocr_line' id='line_1_101' title="bbox 2246 3966 3927 4039; baseline -0.001 -15"><span class='ocrx_word' id='word_1_715' title='bbox 2246 3986 2318 4024; x_wconf 90' lang='lat' dir='ltr'><strong>ne</strong></span> <span class='ocrx_word' id='word_1_716' title='bbox 2347 3969 2623 4039; x_wconf 88' lang='lat' dir='ltr'><strong>privetur,</strong></span> <span class='ocrx_word' id='word_1_717' title='bbox 2657 3967 3034 4038; x_wconf 89' lang='lat' dir='ltr'><strong>quoadusque</strong></span> <span class='ocrx_word' id='word_1_718' title='bbox 3076 3967 3396 4020; x_wconf 87' lang='lat' dir='ltr'><strong>consentiat</strong></span> <span class='ocrx_word' id='word_1_719' title='bbox 3445 3966 3804 4021; x_wconf 70' lang='lat' dir='ltr'><strong>obedientias</strong></span> <span class='ocrx_word' id='word_1_720' title='bbox 3850 3986 3927 4022; x_wconf 86' lang='lat' dir='ltr'><strong>su</strong></span> 
     </span>
    </p>
   </div>
   <div class='ocr_carea' id='block_1_102' title="bbox 2243 4043 3922 4127">
    <p class='ocr_par' dir='ltr' id='par_1_102' title="bbox 2243 4043 3922 4127">
     <span class='ocr_line' id='line_1_102' title="bbox 2243 4043 3922 4127; baseline 0.001 -17"><span class='ocrx_word' id='word_1_721' title='bbox 2243 4057 2635 4112; x_wconf 90' lang='lat' dir='ltr'><strong>commodans.</strong></span> <span class='ocrx_word' id='word_1_722' title='bbox 2671 4056 2728 4111; x_wconf 91' lang='lat' dir='ltr'><strong>Si</strong></span> <span class='ocrx_word' id='word_1_723' title='bbox 2758 4072 2891 4111; x_wconf 90' lang='lat' dir='ltr'><strong>vero</strong></span> <span class='ocrx_word' id='word_1_724' title='bbox 2951 4055 3269 4127; x_wconf 87' lang='lat' dir='ltr'><strong>perrexerit</strong></span> <span class='ocrx_word' id='word_1_725' title='bbox 3299 4071 3404 4108; x_wconf 83' lang='lat' dir='ltr'><strong>nec</strong></span> <span class='ocrx_word' id='word_1_726' title='bbox 3463 4043 3732 4125; x_wconf 83' lang='lat' dir='ltr'><strong>receptus</strong></span> <span class='ocrx_word' id='word_1_727' title='bbox 3767 4057 3922 4111; x_wconf 87' lang='lat' dir='ltr'><strong>fueri</strong></span> 
     </span>
    </p>
   </div>
   <div class='ocr_carea' id='block_1_103' title="bbox 2245 4143 3926 4216">
    <p class='ocr_par' dir='ltr' id='par_1_103' title="bbox 2245 4143 3926 4216">
     <span class='ocr_line' id='line_1_103' title="bbox 2245 4143 3926 4216; baseline 0 -17"><span class='ocrx_word' id='word_1_728' title='bbox 2245 4162 2360 4200; x_wconf 92' lang='lat' dir='ltr'><strong>non</strong></span> <span class='ocrx_word' id='word_1_729' title='bbox 2393 4162 2497 4216; x_wconf 91' lang='lat' dir='ltr'><strong>pro</strong></span> <span class='ocrx_word' id='word_1_730' title='bbox 2520 4161 2622 4199; x_wconf 90' lang='lat' dir='ltr'><strong>sua</strong></span> <span class='ocrx_word' id='word_1_731' title='bbox 2651 4144 2956 4211; x_wconf 88' lang='lat' dir='ltr'><strong>sententia,</strong></span> <span class='ocrx_word' id='word_1_732' title='bbox 2989 4144 3085 4199; x_wconf 91' lang='lat' dir='ltr'><strong>sed</strong></span> <span class='ocrx_word' id='word_1_733' title='bbox 3128 4160 3231 4214; x_wconf 92' lang='lat' dir='ltr'><strong>pro</strong></span> <span class='ocrx_word' id='word_1_734' title='bbox 3289 4143 3508 4196; x_wconf 89' lang='lat' dir='ltr'><strong>malitia</strong></span> <span class='ocrx_word' id='word_1_735' title='bbox 3558 4145 3792 4214; x_wconf 88' lang='lat' dir='ltr'><strong>populi,</strong></span> <span class='ocrx_word' id='word_1_736' title='bbox 3845 4146 3926 4216; x_wconf 85' lang='lat' dir='ltr'><strong>ips</strong></span> 
     </span>
    </p>
   </div>
   <div class='ocr_carea' id='block_1_104' title="bbox 2243 4231 3926 4304">
    <p class='ocr_par' dir='ltr' id='par_1_104' title="bbox 2243 4231 3926 4304">
     <span class='ocr_line' id='line_1_104' title="bbox 2243 4231 3926 4304; baseline -0.001 -16"><span class='ocrx_word' id='word_1_737' title='bbox 2243 4234 2478 4304; x_wconf 89' lang='lat' dir='ltr'><strong>quidem</strong></span> <span class='ocrx_word' id='word_1_738' title='bbox 2511 4239 2738 4288; x_wconf 90' lang='lat' dir='ltr'><strong>maneat</strong></span> <span class='ocrx_word' id='word_1_739' title='bbox 2768 4233 3084 4303; x_wconf 89' lang='lat' dir='ltr'><strong>episcopus,</strong></span> <span class='ocrx_word' id='word_1_740' title='bbox 3117 4231 3310 4286; x_wconf 92' lang='lat' dir='ltr'><strong>clerici</strong></span> <span class='ocrx_word' id='word_1_741' title='bbox 3349 4247 3488 4285; x_wconf 91' lang='lat' dir='ltr'><strong>vero</strong></span> <span class='ocrx_word' id='word_1_742' title='bbox 3519 4232 3772 4286; x_wconf 86' lang='lat' dir='ltr'><strong>civitatis</strong></span> <span class='ocrx_word' id='word_1_743' title='bbox 3806 4250 3926 4287; x_wconf 84' lang='lat' dir='ltr'><strong>corr</strong></span> 
     </span>
    </p>
   </div>
   <div class='ocr_carea' id='block_1_105' title="bbox 2245 4319 3924 4394">
    <p class='ocr_par' dir='ltr' id='par_1_105' title="bbox 2245 4319 3924 4394">
     <span class='ocr_line' id='line_1_105' title="bbox 2245 4319 3924 4394; baseline -0.001 -17"><span class='ocrx_word' id='word_1_744' title='bbox 2245 4323 2521 4377; x_wconf 90' lang='lat' dir='ltr'><strong>munione</strong></span> <span class='ocrx_word' id='word_1_745' title='bbox 2571 4323 2884 4394; x_wconf 88' lang='lat' dir='ltr'><strong>priventur,</strong></span> <span class='ocrx_word' id='word_1_746' title='bbox 2937 4321 3092 4392; x_wconf 90' lang='lat' dir='ltr'><strong>quod</strong></span> <span class='ocrx_word' id='word_1_747' title='bbox 3148 4320 3478 4375; x_wconf 87' lang='lat' dir='ltr'><strong>erudiendis</strong></span> <span class='ocrx_word' id='word_1_748' title='bbox 3545 4319 3924 4376; x_wconf 83' lang='lat' dir='ltr'><strong>inobediente</strong></span> 
     </span>
    </p>
   </div>
   <div class='ocr_carea' id='block_1_106' title="bbox 2243 4410 2880 4482">
    <p class='ocr_par' dir='ltr' id='par_1_106' title="bbox 2243 4410 2880 4482">
     <span class='ocr_line' id='line_1_106' title="bbox 2243 4410 2880 4482; baseline -0.003 -17"><span class='ocrx_word' id='word_1_749' title='bbox 2243 4411 2473 4482; x_wconf 91' lang='lat' dir='ltr'><strong>populis</strong></span> <span class='ocrx_word' id='word_1_750' title='bbox 2499 4427 2614 4464; x_wconf 91' lang='lat' dir='ltr'><strong>non</strong></span> <span class='ocrx_word' id='word_1_751' title='bbox 2648 4410 2880 4464; x_wconf 85' lang='lat' dir='ltr'><strong>fuerint.</strong></span> 
     </span>
    </p>
   </div>
   <div class='ocr_carea' id='block_1_107' title="bbox 2245 4497 3924 4566">
    <p class='ocr_par' dir='ltr' id='par_1_107' title="bbox 2245 4497 3924 4566">
     <span class='ocr_line' id='line_1_107' title="bbox 2245 4497 3924 4566; baseline -0.001 -12"><span class='ocrx_word' id='word_1_752' title='bbox 2245 4498 2374 4554; x_wconf 83' lang='lat' dir='ltr'><strong>CAP.</strong></span> <span class='ocrx_word' id='word_1_753' title='bbox 2404 4500 2630 4554; x_wconf 84' lang='lat' dir='ltr'><strong>XXXIX.</strong></span> <span class='ocrx_word' id='word_1_754' title='bbox 2667 4529 2737 4540; x_wconf 92' lang='lat'><strong>—-</strong></span> <span class='ocrx_word' id='word_1_755' title='bbox 2787 4502 2860 4553; x_wconf 86' lang='lat' dir='ltr'><strong>De</strong></span> <span class='ocrx_word' id='word_1_756' title='bbox 2899 4499 3147 4566; x_wconf 87' lang='lat' dir='ltr'><strong>episcopo</strong></span> <span class='ocrx_word' id='word_1_757' title='bbox 3199 4501 3444 4563; x_wconf 85' lang='lat' dir='ltr'><strong>vacante,</strong></span> <span class='ocrx_word' id='word_1_758' title='bbox 3507 4497 3608 4565; x_wconf 88' lang='lat' dir='ltr'><strong>qui</strong></span> <span class='ocrx_word' id='word_1_759' title='bbox 3654 4497 3924 4552; x_wconf 66' lang='lat' dir='ltr'><strong>Ecclesia:</strong></span> 
     </span>
    </p>
   </div>
   <div class='ocr_carea' id='block_1_108' title="bbox 2789 4570 3398 4622">
    <p class='ocr_par' dir='ltr' id='par_1_108' title="bbox 2789 4570 3398 4622">
     <span class='ocr_line' id='line_1_108' title="bbox 2789 4570 3398 4622; baseline -0.003 0"><span class='ocrx_word' id='word_1_760' title='bbox 2789 4574 3068 4622; x_wconf 88' lang='lat' dir='ltr'><strong>vacantem</strong></span> <span class='ocrx_word' id='word_1_761' title='bbox 3112 4570 3398 4621; x_wconf 84' lang='lat' dir='ltr'><strong>invaserit.</strong></span> 
     </span>
    </p>
   </div>
   <div class='ocr_carea' id='block_1_109' title="bbox 2315 4653 3922 4727">
    <p class='ocr_par' dir='ltr' id='par_1_109' title="bbox 2315 4653 3922 4727">
     <span class='ocr_line' id='line_1_109' title="bbox 2315 4653 3922 4727; baseline -0.003 -13"><span class='ocrx_word' id='word_1_762' title='bbox 2315 4659 2426 4727; x_wconf 78' lang='lat' dir='ltr'><strong>(Ea:</strong></span> <span class='ocrx_word' id='word_1_763' title='bbox 2473 4674 2618 4714; x_wconf 89' lang='lat' dir='ltr'><strong>conc.</strong></span> <span class='ocrx_word' id='word_1_764' title='bbox 2661 4658 2939 4723; x_wconf 83' lang='lat' dir='ltr'><strong>Antioch.,</strong></span> <span class='ocrx_word' id='word_1_765' title='bbox 2959 4671 3086 4724; x_wconf 88' lang='lat' dir='ltr'><strong>cap.</strong></span> <span class='ocrx_word' id='word_1_766' title='bbox 3142 4657 3250 4726; x_wconf 77' lang='grc'><strong>16.)</strong></span> <span class='ocrx_word' id='word_1_767' title='bbox 3282 4655 3339 4710; x_wconf 90' lang='lat' dir='ltr'><strong>Si</strong></span> <span class='ocrx_word' id='word_1_768' title='bbox 3372 4654 3502 4726; x_wconf 90' lang='lat' dir='ltr'><strong>quis</strong></span> <span class='ocrx_word' id='word_1_769' title='bbox 3524 4653 3843 4726; x_wconf 89' lang='lat' dir='ltr'><strong>episcopus</strong></span> <span class='ocrx_word' id='word_1_770' title='bbox 3873 4674 3922 4710; x_wconf 72' lang='lat' dir='ltr'><strong>va</strong></span> 
     </span>
    </p>
   </div>
   <div class='ocr_carea' id='block_1_110' title="bbox 2241 4743 3922 4813">
    <p class='ocr_par' dir='ltr' id='par_1_110' title="bbox 2241 4743 3922 4813">
     <span class='ocr_line' id='line_1_110' title="bbox 2241 4743 3922 4813; baseline -0.001 -13"><span class='ocrx_word' id='word_1_771' title='bbox 2241 4762 2396 4813; x_wconf 89' lang='lat' dir='ltr'><strong>cans,</strong></span> <span class='ocrx_word' id='word_1_772' title='bbox 2430 4745 2490 4800; x_wconf 91' lang='lat' dir='ltr'><strong>in</strong></span> <span class='ocrx_word' id='word_1_773' title='bbox 2518 4746 2822 4800; x_wconf 87' lang='lat' dir='ltr'><strong>Ecclesiam</strong></span> <span class='ocrx_word' id='word_1_774' title='bbox 2880 4761 2999 4799; x_wconf 93' lang='lat' dir='ltr'><strong>non</strong></span> <span class='ocrx_word' id='word_1_775' title='bbox 3042 4744 3352 4799; x_wconf 89' lang='lat' dir='ltr'><strong>habentem</strong></span> <span class='ocrx_word' id='word_1_776' title='bbox 3402 4743 3744 4813; x_wconf 82' lang='lat' dir='ltr'><strong>episcopum</strong></span> <span class='ocrx_word' id='word_1_777' title='bbox 3778 4745 3922 4799; x_wconf 84' lang='lat' dir='ltr'><strong>surri</strong></span> 
     </span>
    </p>
   </div>
   <div class='ocr_carea' id='block_1_111' title="bbox 2241 4831 3920 4906">
    <p class='ocr_par' dir='ltr' id='par_1_111' title="bbox 2241 4831 3920 4906">
     <span class='ocr_line' id='line_1_111' title="bbox 2241 4831 3920 4906; baseline -0.003 -18"><span class='ocrx_word' id='word_1_778' title='bbox 2241 4835 2406 4906; x_wconf 90' lang='lat' dir='ltr'><strong>piens</strong></span> <span class='ocrx_word' id='word_1_779' title='bbox 2435 4835 2681 4905; x_wconf 89' lang='lat' dir='ltr'><strong>populos</strong></span> <span class='ocrx_word' id='word_1_780' title='bbox 2725 4833 2848 4888; x_wconf 90' lang='lat' dir='ltr'><strong>sine</strong></span> <span class='ocrx_word' id='word_1_781' title='bbox 2889 4834 3131 4887; x_wconf 91' lang='lat' dir='ltr'><strong>concilio</strong></span> <span class='ocrx_word' id='word_1_782' title='bbox 3179 4831 3390 4902; x_wconf 87' lang='lat' dir='ltr'><strong>integri</strong></span> <span class='ocrx_word' id='word_1_783' title='bbox 3411 4831 3633 4886; x_wconf 90' lang='lat' dir='ltr'><strong>ordinis</strong></span> <span class='ocrx_word' id='word_1_784' title='bbox 3688 4832 3920 4888; x_wconf 72' lang='lat' dir='ltr'><strong>irrueril</strong></span> 
     </span>
    </p>
   </div>
   <div class='ocr_carea' id='block_1_112' title="bbox 2241 4919 3919 4994">
    <p class='ocr_par' dir='ltr' id='par_1_112' title="bbox 2241 4919 3919 4994">
     <span class='ocr_line' id='line_1_112' title="bbox 2241 4919 3919 4994; baseline -0.002 -16"><span class='ocrx_word' id='word_1_785' title='bbox 2241 4923 2414 4978; x_wconf 88' lang='lat' dir='ltr'><strong>etiam</strong></span> <span class='ocrx_word' id='word_1_786' title='bbox 2445 4924 2491 4977; x_wconf 92' lang='lat' dir='ltr'><strong>si</strong></span> <span class='ocrx_word' id='word_1_787' title='bbox 2516 4925 2760 4994; x_wconf 86' lang='lat' dir='ltr'><strong>populus</strong></span> <span class='ocrx_word' id='word_1_788' title='bbox 2793 4938 2964 4993; x_wconf 90' lang='lat' dir='ltr'><strong>quem</strong></span> <span class='ocrx_word' id='word_1_789' title='bbox 2997 4921 3218 4976; x_wconf 86' lang='lat' dir='ltr'><strong>seduxit</strong></span> <span class='ocrx_word' id='word_1_790' title='bbox 3239 4921 3525 4975; x_wconf 90' lang='lat' dir='ltr'><strong>desideret</strong></span> <span class='ocrx_word' id='word_1_791' title='bbox 3567 4919 3767 4989; x_wconf 89' lang='lat' dir='ltr'><strong>illum,</strong></span> <span class='ocrx_word' id='word_1_792' title='bbox 3811 4923 3919 4975; x_wconf 86' lang='lat' dir='ltr'><strong>alie</strong></span> 
     </span>
    </p>
   </div>
   <div class='ocr_carea' id='block_1_113' title="bbox 2239 5009 3920 5079">
    <p class='ocr_par' dir='ltr' id='par_1_113' title="bbox 2239 5009 3920 5079">
     <span class='ocr_line' id='line_1_113' title="bbox 2239 5009 3920 5079; baseline -0.002 -13"><span class='ocrx_word' id='word_1_793' title='bbox 2239 5028 2381 5066; x_wconf 90' lang='lat' dir='ltr'><strong>num</strong></span> <span class='ocrx_word' id='word_1_794' title='bbox 2411 5027 2543 5066; x_wconf 92' lang='lat' dir='ltr'><strong>eum</strong></span> <span class='ocrx_word' id='word_1_795' title='bbox 2576 5011 2644 5065; x_wconf 91' lang='lat' dir='ltr'><strong>ab</strong></span> <span class='ocrx_word' id='word_1_796' title='bbox 2690 5011 2938 5064; x_wconf 83' lang='lat' dir='ltr'><strong>Ecclesia</strong></span> <span class='ocrx_word' id='word_1_797' title='bbox 2968 5025 3087 5064; x_wconf 89' lang='lat' dir='ltr'><strong>esse</strong></span> <span class='ocrx_word' id='word_1_798' title='bbox 3127 5012 3372 5079; x_wconf 91' lang='lat' dir='ltr'><strong>oportet.</strong></span> <span class='ocrx_word' id='word_1_799' title='bbox 3423 5009 3725 5078; x_wconf 88' lang='lat' dir='ltr'><strong>Integrum</strong></span> <span class='ocrx_word' id='word_1_800' title='bbox 3762 5017 3920 5062; x_wconf 86' lang='lat' dir='ltr'><strong>auter</strong></span> 
     </span>
    </p>
   </div>
   <div class='ocr_carea' id='block_1_114' title="bbox 2241 5095 3917 5170">
    <p class='ocr_par' dir='ltr' id='par_1_114' title="bbox 2241 5095 3917 5170">
     <span class='ocr_line' id='line_1_114' title="bbox 2241 5095 3917 5170; baseline -0.004 -16"><span class='ocrx_word' id='word_1_801' title='bbox 2241 5104 2298 5154; x_wconf 92' lang='lat' dir='ltr'><strong>et</strong></span> <span class='ocrx_word' id='word_1_802' title='bbox 2326 5099 2641 5170; x_wconf 85' lang='lat' dir='ltr'><strong>perfectum</strong></span> <span class='ocrx_word' id='word_1_803' title='bbox 2683 5098 2993 5152; x_wconf 89' lang='lat' dir='ltr'><strong>concilium</strong></span> <span class='ocrx_word' id='word_1_804' title='bbox 3032 5096 3276 5150; x_wconf 88' lang='lat' dir='ltr'><strong>dicimus</strong></span> <span class='ocrx_word' id='word_1_805' title='bbox 3306 5096 3446 5150; x_wconf 92' lang='lat' dir='ltr'><strong>illud</strong></span> <span class='ocrx_word' id='word_1_806' title='bbox 3493 5095 3586 5149; x_wconf 89' lang='lat' dir='ltr'><strong>cui</strong></span> <span class='ocrx_word' id='word_1_807' title='bbox 3648 5103 3917 5168; x_wconf 88' lang='lat' dir='ltr'><strong>metropo</strong></span> 
     </span>
    </p>
   </div>
   <div class='ocr_carea' id='block_1_115' title="bbox 2238 5186 3151 5258">
    <p class='ocr_par' dir='ltr' id='par_1_115' title="bbox 2238 5186 3151 5258">
     <span class='ocr_line' id='line_1_115' title="bbox 2238 5186 3151 5258; baseline -0.003 -16"><span class='ocrx_word' id='word_1_808' title='bbox 2238 5189 2452 5242; x_wconf 90' lang='lat' dir='ltr'><strong>litanus</strong></span> <span class='ocrx_word' id='word_1_809' title='bbox 2481 5187 2785 5258; x_wconf 90' lang='lat' dir='ltr'><strong>episcopus</strong></span> <span class='ocrx_word' id='word_1_810' title='bbox 2809 5186 3151 5240; x_wconf 82' lang='lat' dir='ltr'><strong>interfuerit.</strong></span> 
     </span>
    </p>
   </div>
   <div class='ocr_carea' id='block_1_116' title="bbox 2230 5290 3916 5361">
    <p class='ocr_par' dir='ltr' id='par_1_116' title="bbox 2230 5290 3916 5361">
     <span class='ocr_line' id='line_1_116' title="bbox 2230 5290 3916 5361; baseline -0.004 -11"><span class='ocrx_word' id='word_1_811' title='bbox 2230 5292 2363 5350; x_wconf 77' lang='lat' dir='ltr'><strong>CAP.</strong></span> <span class='ocrx_word' id='word_1_812' title='bbox 2395 5295 2499 5350; x_wconf 90' lang='lat' dir='ltr'><strong>XL.</strong></span> <span class='ocrx_word' id='word_1_813' title='bbox 2539 5324 2608 5333; x_wconf 97' lang='lat'><strong>—</strong></span> <span class='ocrx_word' id='word_1_814' title='bbox 2636 5296 2709 5348; x_wconf 90' lang='lat' dir='ltr'><strong>De</strong></span> <span class='ocrx_word' id='word_1_815' title='bbox 2761 5295 3008 5361; x_wconf 85' lang='lat' dir='ltr'><strong>episcopo</strong></span> <span class='ocrx_word' id='word_1_816' title='bbox 3063 5293 3161 5361; x_wconf 88' lang='lat' dir='ltr'><strong>qui</strong></span> <span class='ocrx_word' id='word_1_817' title='bbox 3203 5294 3283 5345; x_wconf 83' lang='lat' dir='ltr'><strong>est</strong></span> <span class='ocrx_word' id='word_1_818' title='bbox 3315 5290 3602 5346; x_wconf 80' lang='lat' dir='ltr'><strong>ordinatus</strong></span> <span class='ocrx_word' id='word_1_819' title='bbox 3665 5291 3748 5346; x_wconf 83' lang='lat' dir='ltr'><strong>ad</strong></span> <span class='ocrx_word' id='word_1_820' title='bbox 3800 5294 3916 5347; x_wconf 70' lang='lat' dir='ltr'><strong>CCCIl</strong></span> 
     </span>
    </p>
   </div>
   <div class='ocr_carea' id='block_1_117' title="bbox 2661 5367 3494 5431">
    <p class='ocr_par' dir='ltr' id='par_1_117' title="bbox 2661 5367 3494 5431">
     <span class='ocr_line' id='line_1_117' title="bbox 2661 5367 3494 5431; baseline -0.005 -12"><span class='ocrx_word' id='word_1_821' title='bbox 2661 5367 2823 5430; x_wconf 88' lang='lat' dir='ltr'><strong>siam,</strong></span> <span class='ocrx_word' id='word_1_822' title='bbox 2869 5370 2920 5418; x_wconf 90' lang='lat' dir='ltr'><strong>et</strong></span> <span class='ocrx_word' id='word_1_823' title='bbox 2963 5379 3068 5417; x_wconf 83' lang='lat' dir='ltr'><strong>non</strong></span> <span class='ocrx_word' id='word_1_824' title='bbox 3118 5368 3196 5416; x_wconf 84' lang='lat' dir='ltr'><strong>est</strong></span> <span class='ocrx_word' id='word_1_825' title='bbox 3232 5368 3494 5431; x_wconf 86' lang='lat' dir='ltr'><strong>receptus.</strong></span> 
     </span>
    </p>
   </div>
   <div class='ocr_carea' id='block_1_118' title="bbox 2306 5448 3915 5522">
    <p class='ocr_par' dir='ltr' id='par_1_118' title="bbox 2306 5448 3915 5522">
     <span class='ocr_line' id='line_1_118' title="bbox 2306 5448 3915 5522; baseline -0.003 -16"><span class='ocrx_word' id='word_1_826' title='bbox 2306 5451 2415 5521; x_wconf 75' lang='lat' dir='ltr'><strong>(Ea:</strong></span> <span class='ocrx_word' id='word_1_827' title='bbox 2434 5467 2578 5506; x_wconf 87' lang='lat' dir='ltr'><strong>conc.</strong></span> <span class='ocrx_word' id='word_1_828' title='bbox 2608 5452 2920 5516; x_wconf 69' lang='lat' dir='ltr'><strong>Aureliam,</strong></span> <span class='ocrx_word' id='word_1_829' title='bbox 2943 5467 3065 5521; x_wconf 90' lang='lat' dir='ltr'><strong>cap.</strong></span> <span class='ocrx_word' id='word_1_830' title='bbox 3105 5450 3213 5518; x_wconf 79' lang='grc'><strong>10.)</strong></span> <span class='ocrx_word' id='word_1_831' title='bbox 3245 5450 3302 5504; x_wconf 92' lang='lat' dir='ltr'><strong>Si</strong></span> <span class='ocrx_word' id='word_1_832' title='bbox 3331 5448 3460 5520; x_wconf 88' lang='lat' dir='ltr'><strong>quis</strong></span> <span class='ocrx_word' id='word_1_833' title='bbox 3475 5449 3810 5518; x_wconf 88' lang='lat' dir='ltr'><strong>ordinatus,</strong></span> <span class='ocrx_word' id='word_1_834' title='bbox 3846 5466 3915 5522; x_wconf 81' lang='lat' dir='ltr'><strong>pe:</strong></span> 
     </span>
    </p>
   </div>
   <div class='ocr_carea' id='block_1_119' title="bbox 2233 5538 3916 5609">
    <p class='ocr_par' dir='ltr' id='par_1_119' title="bbox 2233 5538 3916 5609">
     <span class='ocr_line' id='line_1_119' title="bbox 2233 5538 3916 5609; baseline -0.001 -15"><span class='ocrx_word' id='word_1_835' title='bbox 2233 5540 2657 5594; x_wconf 89' lang='lat' dir='ltr'><strong>contentionem</strong></span> <span class='ocrx_word' id='word_1_836' title='bbox 2698 5539 2922 5609; x_wconf 90' lang='lat' dir='ltr'><strong>populi,</strong></span> <span class='ocrx_word' id='word_1_837' title='bbox 2973 5543 3074 5592; x_wconf 87' lang='lat' dir='ltr'><strong>aut</strong></span> <span class='ocrx_word' id='word_1_838' title='bbox 3110 5554 3213 5608; x_wconf 91' lang='lat' dir='ltr'><strong>pro</strong></span> <span class='ocrx_word' id='word_1_839' title='bbox 3261 5539 3375 5592; x_wconf 89' lang='lat' dir='ltr'><strong>alia</strong></span> <span class='ocrx_word' id='word_1_840' title='bbox 3403 5538 3656 5606; x_wconf 87' lang='lat' dir='ltr'><strong>ratione,</strong></span> <span class='ocrx_word' id='word_1_841' title='bbox 3719 5550 3782 5595; x_wconf 86' lang='lat' dir='ltr'><strong>et</strong></span> <span class='ocrx_word' id='word_1_842' title='bbox 3835 5557 3916 5595; x_wconf 77' lang='lat' dir='ltr'><strong>nor</strong></span> 
     </span>
    </p>
   </div>
   <div class='ocr_carea' id='block_1_120' title="bbox 2231 5625 3914 5699">
    <p class='ocr_par' dir='ltr' id='par_1_120' title="bbox 2231 5625 3914 5699">
     <span class='ocr_line' id='line_1_120' title="bbox 2231 5625 3914 5699; baseline 0.001 -17"><span class='ocrx_word' id='word_1_843' title='bbox 2231 5644 2338 5699; x_wconf 90' lang='lat' dir='ltr'><strong>pro</strong></span> <span class='ocrx_word' id='word_1_844' title='bbox 2380 5629 2723 5699; x_wconf 84' lang='lat' dir='ltr'><strong>sua.culpa,</strong></span> <span class='ocrx_word' id='word_1_845' title='bbox 2755 5628 2818 5682; x_wconf 91' lang='lat' dir='ltr'><strong>in</strong></span> <span class='ocrx_word' id='word_1_846' title='bbox 2869 5626 3140 5698; x_wconf 84' lang='lat' dir='ltr'><strong>parochia</strong></span> <span class='ocrx_word' id='word_1_847' title='bbox 3169 5643 3299 5698; x_wconf 65' lang='lat' dir='ltr'><strong>quae</strong></span> <span class='ocrx_word' id='word_1_848' title='bbox 3331 5626 3386 5681; x_wconf 88' lang='lat' dir='ltr'><strong>ei</strong></span> <span class='ocrx_word' id='word_1_849' title='bbox 3431 5625 3614 5682; x_wconf 84' lang='lat' dir='ltr'><strong>fuerit</strong></span> <span class='ocrx_word' id='word_1_850' title='bbox 3670 5627 3809 5685; x_wconf 85' lang='lat' dir='ltr'><strong>data</strong></span> <span class='ocrx_word' id='word_1_851' title='bbox 3854 5646 3914 5683; x_wconf 76' lang='lat' dir='ltr'><strong>re</strong></span> 
     </span>
    </p>
   </div>
  </div>
