3950 6414
10 377 97 428 $6l
992 378 1472 436 DECRETORUM
1514 381 1703 438 LIBRI
1741 382 1848 437 ΧΧ.
1887 411 1954 420 ——
1996 378 2208 437 LIBER
2249 382 2530 439 PRIMUS.

10 501 217 565 :eptus
266 513 382 551 non
432 497 561 564 erit,
612 497 767 552 hunc
823 505 1054 570 oportet
1090 501 1370 556 honorem
1426 503 1800 561 sacerdotiiA

10 587 429 640 tantummodo
483 588 839 655 contingere,
891 588 969 641 ita
1016 593 1079 643 ut
1131 590 1198 644 de
1248 591 1417 645 rebus
1469 593 1726 646 Ecclesiae

10 691 62 726 in
123 691 249 744 qua
319 675 586 729 convenit
650 676 759 729 sibi
817 677 964 730 nihil
1030 686 1365 747 prwsumat.
1442 682 1731 736 Sustineat

10 767 214 818 autem
260 762 547 834 quidquid
602 764 670 818 de
720 779 788 818 eo
846 770 1106 820 sanctum
1154 768 1461 822 concilium
1507 770 1731 839 judica-

10 851 182 905 verit.

10 958 139 1011 CAP.
177 959 309 1013 XLI.
337 986 409 999 —
449 961 522 1012 De
553 960 637 1012 his
683 961 781 1026 qui
806 966 1192 1027 promoventur
1238 962 1313 1015 ad
1360 965 1731 1034 episcopatum

631 1045 724 1083 nec
757 1034 1118 1100 recipiuntur.

82 1134 208 1201 (Ea:
249 1137 438 1190 concil.
487 1137 766 1201 Antioch.,
819 1154 939 1207 cap.
1003 1139 1108 1209 18.)
1162 1140 1218 1194 Si
1262 1140 1389 1210 quis
1432 1141 1731 1211 episcopus

10 1223 345 1289 ordinatus,
402 1224 472 1278 ad
527 1225 862 1294 parochiam
912 1227 1174 1290 minime,
1226 1229 1318 1281 cui
1369 1236 1457 1282 est
1497 1232 1729 1296 electus,

10 1313 345 1377 accesserit,
378 1329 491 1366 non
534 1330 635 1366 suo
667 1313 828 1379 vitio,
861 1316 958 1368 sed
1005 1316 1159 1386 quod
1191 1333 1323 1370 eum
1356 1324 1456 1371 aut
1486 1320 1732 1389 populus

10 1404 196 1462 vetet,
243 1405 344 1453 aut
397 1409 635 1471 propter
685 1403 857 1455 aliam
902 1420 1155 1472 causam,
1213 1421 1328 1459 non
1374 1411 1567 1460 tamen
1609 1408 1732 1477 ejus

10 1487 163 1542 vitio
213 1495 604 1559 perpetratam
645 1506 657 1543 :
695 1491 786 1544 hic
834 1496 889 1545 et
928 1493 1169 1546 honoris
1216 1495 1289 1548 sit
1320 1501 1376 1547 et
1427 1496 1733 1549 ministerii

10 1577 336 1647 particeps,
384 1577 700 1633 dummodo
747 1579 888 1633 nihil
935 1582 1208 1635 molestus
1255 1583 1512 1636 Ecclesiae
1560 1585 1734 1637 rebus

10 1665 255 1733 existat,
321 1666 421 1720 ubi
475 1667 803 1722 ministrare
870 1671 1251 1739 cognoscitur.
1311 1672 1490 1735 Quem
1562 1672 1733 1726 etiam

10 1755 332 1808 observare
364 1756 669 1809 conveniet
711 1756 994 1828 quidquid
1040 1759 1289 1830 synodus
1319 1760 1567 1830 perfecta
1597 1776 1731 1830 pro-
1764 1786 1805 1840 Β

10 1843 230 1897 vincia:
263 1843 571 1913 judicando
599 1844 934 1899 decreverit.

10 1970 150 2023 CAP.
188 1969 345 2022 XLII.
381 2000 449 2008 —
484 1969 637 2034 Quod
685 1973 982 2024 auctoritas
1029 1972 1531 2039 congregandarum
1576 1988 1734 2039 syno-

87 2040 294 2164 dtortum
341 2041 649 2109 apostolica
695 2041 813 2094 sedi
859 2044 1144 2096 commissa
1186 2046 1259 2096 sit
1307 2046 1533 2112 privata
1579 2050 1732 2112 pote-

87 2126 110 2163 s
142 2128 182 2163 a
215 2127 260 2163 e.

85 2126 260 2163 State.

88 2235 268 2304 (Cap.
322 2233 525 2288 Isidori
572 2233 648 2296 8.)
696 2234 1059 2304 Synodorum
1116 2251 1249 2289 vero
1303 2237 1733 2306 congreganda-

11 2339 150 2387 rum
215 2322 528 2375 auctoritas
583 2323 913 2392 apostolicae
971 2323 1092 2376 sedi
1151 2323 1372 2393 privata
1429 2325 1736 2378 commissa

12 2416 100 2464 est
132 2416 448 2481 potestate.
499 2412 613 2464 Nec
643 2412 820 2464 ullam
870 2412 1155 2482 synodum
1187 2413 1515 2482 generalem
1551 2421 1735 2467 ratam

12 2516 140 2553 esse
201 2500 471 2570 legimus,
519 2517 647 2571 qua:
682 2501 806 2570 ejus
839 2517 955 2554 non
997 2501 1172 2555 fuerit
1211 2503 1549 2556 auctoritate
1596 2520 1737 2556 con-

12 2594 267 2660 gregata
309 2590 395 2643 vel
420 2589 582 2643 fulta.
631 2590 759 2643 Haec
807 2590 1083 2643 canonica
1115 2595 1357 2644 testatur
1403 2592 1732 2659 auctoritas,

10 2679 142 2732 haec
176 2677 423 2732 historia
467 2677 847 2733 ecclesiastica
874 2679 1130 2745 roborat,
1166 2680 1290 2733 haec
1330 2680 1510 2733 sancti
1540 2681 1736 2734 Patres

15 2765 398 2820 conﬁrmant.

17 2892 154 2945 CAP.
203 2891 392 2945 XLIII.
426 2920 496 2931 —
537 2891 690 2958 Quod
722 2891 837 2944 bini
865 2896 1152 2946 conventus
1200 2892 1525 2962 episcopales
1555 2893 1737 2960 singu-

545 2963 612 3016 lis
643 2964 804 3016 annis
831 2963 952 3032 ﬁeri
982 2963 1228 3016 debeant.

91 3070 220 3139 (Ea:
266 3067 463 3122 decret.
523 3070 714 3123 Leonis
762 3085 924 3138 papa;
973 3069 1047 3122 ad
1093 3071 1373 3125 Rusticum
1428 3072 1734 3139 episcopum
1768 3074 1808 3129 C

21 3158 376 3222 Narbonem,
431 3172 549 3225 cap.
600 3156 707 3227 37.)
744 3158 820 3211 De
853 3157 1109 3210 conciliis
1158 3163 1351 3212 autem
1393 3157 1736 3228 episcopali-

19 3246 127 3299 bus
161 3261 283 3299 non
316 3243 473 3297 aliud
523 3243 850 3311 indicimus,
894 3262 1068 3316 quam
1114 3246 1293 3299 sancti
1344 3249 1536 3300 Patres
1585 3247 1735 3299 salu-

22 3334 208 3387 briter
259 3332 692 3397 ordinaverunt,
746 3338 810 3387 ut
848 3333 1062 3388 scilicet
1106 3334 1227 3388 bini
1273 3341 1588 3389 conventus
1637 3351 1738 3405 per

27 3439 217 3476 annos
268 3421 526 3491 singulos
584 3421 923 3488 habeantur,
977 3423 1036 3476 in
1095 3423 1302 3494 quibus
1352 3424 1419 3477 de
1470 3423 1738 3478 omnibus

28 3508 309 3579 querelis,
359 3525 489 3579 qua:
536 3509 689 3564 inter
714 3510 965 3565 diversos
1016 3513 1279 3566 Ecclesiae
1310 3512 1540 3566 ordines
1581 3512 1738 3566 nasci

26 3600 314 3663 assolent,
363 3597 674 3668 judicetur.
706 3602 784 3653 Ac
815 3600 860 3652 si
906 3601 1052 3655 forte
1101 3599 1251 3655 inter
1280 3602 1430 3671 ipsos
1461 3601 1559 3672 qui
1594 3618 1742 3672 prte-

26 3693 162 3741 sunt
194 3687 270 3742 de
303 3687 640 3756 majoribus,
693 3688 848 3758 quod
879 3688 1042 3754 absit,
1077 3690 1319 3758 peccatis
1349 3706 1518 3743 causa
1548 3705 1741 3743 nasca-

26 3782 141 3842 tur,
195 3792 332 3846 quai
375 3776 715 3846 provinciali
744 3781 995 3848 nequeat
1035 3777 1297 3832 examine
1338 3778 1587 3843 deliniri,
1621 3778 1739 3831 fra-

26 3865 369 3918 ternitatem
401 3868 560 3917 tuam
592 3863 659 3918 de
692 3864 868 3918 totius
895 3866 1114 3935 negotii
1146 3865 1418 3936 qualitate
1448 3871 1739 3935 metropo-

31 3955 255 4007 litanus
305 3951 530 4006 curabit
576 3953 904 4007 instruere:
936 3960 999 4008 ut
1038 3955 1084 4008 si
1117 3971 1310 4008 coram
1356 3954 1558 4025 positis
1608 3971 1738 4025 par-

22 4043 207 4109 tibus,
267 4056 373 4094 nec
422 4046 522 4094 tuo
571 4041 745 4095 fuerit
801 4042 1053 4113 resopita
1082 4043 1324 4113 judicio,
1380 4045 1448 4098 ad
1487 4049 1740 4097 nostram

25 4129 427 4201 cognitionem
460 4129 740 4200 quidquid
771 4131 913 4185 illud
946 4137 1051 4198 est,
1081 4133 1477 4187 transferatur.

26 4222 160 4274 CAP.
199 4218 384 4273 XLIV.
419 4247 488 4257 —
515 4221 586 4272 De
617 4219 860 4287 synodis,
893 4236 997 4289 quo
1039 4226 1272 4290 tempore
1306 4225 1418 4276 sint
1461 4221 1736 4276 habendae.

97 4309 216 4376 (Ea:
265 4307 452 4360 concil.
509 4307 786 4372 Antioch.,
837 4324 960 4377 cap.
1014 4312 1125 4372 20.)
1176 4311 1417 4380 Propter
1462 4309 1740 4363 utilitates

25 4393 445 4449 ecclesiasticas
512 4398 567 4449 et
632 4395 1020 4450 absolutiones
1089 4413 1287 4450 earum
1349 4413 1542 4451 rerum
1611 4413 1739 4466 quas

25 4482 456 4537 dubitationem
521 4485 1086 4555 controversiamque
1147 4484 1454 4555 recipiunt,
1524 4486 1742 4556 optime

26 4571 273 4644 placuit,
323 4575 385 4625 ut
433 4587 534 4642 per
585 4572 840 4642 singulas
887 4589 1144 4643 quasque
1194 4573 1516 4642 provincias
1565 4573 1651 4627 bis
1683 4572 1740 4627 in

28 4677 189 4716 anno
238 4659 642 4730 episcoporum
674 4661 917 4714 concilia
965 4662 1347 4716 celebrentur.
1385 4663 1570 4717 Semel
1616 4661 1745 4731 qui-

29 4751 167 4804 dem
199 4752 330 4819 post
376 4751 604 4803 tertiam
637 4748 1018 4820 septimanam
1072 4750 1201 4804 festi
1233 4751 1538 4816 Paschalis,
1571 4751 1648 4804 ita
1683 4755 1746 4803 ut

30 4839 93 4892 in
130 4841 339 4907 quarta
371 4838 692 4906 septimana
737 4855 866 4910 quae
897 4839 1290 4910 consequitur,
1323 4839 1377 4893 id
1413 4845 1520 4906 est,
1553 4838 1744 4893 medio

37 4929 415 4980 Pentecostes
458 4926 762 4979 conveniat
808 4927 1076 4997 synodus.
1116 4928 1557 4998 metropolitano
1588 4943 1742 4982 com-

35 5013 425 5084 provinciales
491 5015 787 5084 episcopos
856 5015 1221 5070 admonente.
1293 5016 1552 5070 Secunda
1610 5031 1744 5070 vero

32 5099 294 5172 synodus
337 5100 437 5154 ﬁat
481 5101 672 5156 Idibus
719 5102 1002 5170 Octobris,
1048 5103 1101 5157 id
1154 5107 1237 5157 cst
1270 5105 1352 5158 XV
1393 5104 1484 5158 die
1533 5103 1747 5157 mensis

32 5188 325 5253 Octobris,
358 5205 532 5260 quem
581 5206 682 5260 per
733 5192 1053 5245 Beretheon
1101 5191 1279 5246 Graeci
1311 5191 1632 5246 nominant.
1682 5193 1747 5244 In

31 5277 179 5349 ipsis
222 5283 414 5331 autem
469 5279 730 5332 conciliis
774 5279 962 5333 adsint
1010 5280 1350 5350 presbyteri,
1396 5280 1641 5345 diaconi,
1692 5284 1749 5333 et

34 5382 243 5421 omnes
289 5366 388 5436 qui
420 5384 476 5420 se
513 5367 675 5420 laesos
705 5367 1063 5434 existimant,
1108 5374 1165 5422 et
1212 5369 1415 5438 synodi
1446 5369 1745 5440 experian-

37 5462 137 5511 tur
188 5470 448 5508 examen.
504 5456 683 5509 Nullis
736 5473 867 5510 vero
920 5458 1086 5511 liceat
1137 5458 1290 5528 apud
1345 5475 1404 5512 se
1456 5458 1746 5512 celebrare

37 5543 306 5611 concilia,
359 5549 568 5613 praeter
611 5561 706 5597 eos
757 5545 969 5616 quibus
1009 5546 1455 5616 metropolitana
1492 5546 1620 5617 jura
1671 5545 1748 5600 vi-

39 5634 254 5688 dentur
284 5648 409 5688 esse
441 5633 765 5688 commissa.

3436 388 3540 442 562

2103 507 2233 563 CAP.
2264 508 2412 562 XLV.
2445 537 2515 550 —
2547 511 2619 563 De
2644 509 2847 577 synodo
2876 512 3275 578 congreganda.

1941 598 2048 661 (Ere
2079 597 2269 650 concil.
2310 598 2635 663 Arvernen.,
2669 614 2794 669 cap.
2836 599 2944 668 l5.)
2992 601 3240 653 Peractis
3271 600 3543 654 omnibus

1839 701 1968 755 qua:
2002 685 2072 738 ad
2120 686 2534 739 correctionem
2583 687 2767 739 nostri
2812 687 3030 741 ordinis
3058 689 3118 742 in
3165 690 3271 742 hoc
3298 690 3541 743 concilio

1838 774 2207 843 promulgata
2242 779 2394 839 sunt,
2429 775 2643 844 placuit
2675 775 2939 842 delinire,
2987 783 3052 830 ut
3084 778 3244 831 omni
3289 794 3438 831 anno
3471 779 3543 833 ad

1839 863 2229 933 peragendam
2275 862 2664 916 celebritatem
2718 865 2944 918 concilii
2987 866 3049 918 in
3099 867 3545 937 metropolitana

1841 951 1996 1016 sede,
2048 954 2309 1019 tempore
2357 967 2470 1020 quo
2502 951 2777 1021 principis
2825 955 2914 1007 vel
2947 955 3378 1024 metropolitani
3426 956 3546 1008 ele-

1842 1039 1952 1092 ctio
2007 1038 2308 1104 deﬁnierit,
2379 1039 2596 1092 devotis
2659 1056 2890 1110 semper
2948 1042 3274 1096 animorum
3342 1044 3544 1097 studiis

1841 1127 2220 1189 conferamus,
2271 1143 2375 1180 nec
2425 1128 2776 1197 quibuslibet
2808 1131 3102 1200 requisitis
3150 1132 3545 1185 occasionibus

1843 1217 2268 1281 dissentiamus,
2320 1217 2415 1269 sed
2480 1217 2537 1269 in
2582 1223 2902 1288 praeparato
2955 1219 3046 1272 die
3094 1237 3208 1290 quo
3266 1221 3545 1274 indictum

1842 1306 2032 1372 fuerit,
2085 1305 2346 1358 adunatis
2377 1306 2436 1358 in
2468 1306 2913 1375 metropolitana
2947 1308 3078 1360 sede
3111 1308 3379 1361 omnibus
3408 1325 3546 1377 pro-

1842 1391 2043 1444 vinciae
2101 1392 2489 1461 pontiﬁcibus,
2539 1393 2866 1460 concilium,
2921 1396 3033 1448 Deo
3079 1397 3348 1465 praesule,
3395 1396 3543 1448 cele-

1844 1480 2062 1536 bretur.
2096 1479 2364 1550 Quisquis
2403 1487 2594 1534 autem
2627 1481 2981 1552 episcopum,
3032 1489 3269 1554 excepta
3297 1484 3544 1537 inevita-

1843 1568 1946 1622 bili
1988 1585 2177 1637 causa,
2217 1571 2305 1622 vel
2336 1570 2693 1636 necessitate,
2742 1572 2810 1625 de
2852 1573 3184 1642 peragenda
3217 1588 3275 1625 se
3306 1571 3544 1626 concilio

1845 1657 2246 1725 absentaverit,
2291 1675 2393 1728 per
2440 1659 2613 1712 unius
2656 1659 2792 1713 anni
2843 1660 3095 1729 spatium
3127 1661 3236 1714 erit
3283 1677 3544 1714 commu-

1847 1740 2020 1793 nione
2063 1743 2419 1811 plectendus.
2461 1744 2621 1808 Quod
2652 1746 2698 1798 si
2730 1746 2998 1817 deinceps
3047 1748 3260 1818 absque
3293 1748 3542 1803 celebra-

1842 1828 2001 1882 tione
2033 1831 2281 1896 concilii,
2315 1834 2449 1886 anni
2499 1833 2670 1886 unius
2701 1840 2880 1889 metas
2929 1837 3236 1902 transierit,
3282 1837 3545 1891 omnium

1842 1915 1901 1968 in
1947 1919 2353 1971 communione
2398 1920 2738 1988 pontiﬁcum
2787 1921 3040 1989 ejusdem
3076 1921 3382 1992 provinciae
3415 1939 3545 1976 sen-

1842 2004 2086 2058 tentiam
2126 2006 2412 2060 obnoxius
2462 2008 2754 2071 retinebit,
2787 2008 2847 2062 id
2877 2014 2984 2074 est,
3017 2009 3062 2062 si
3094 2010 3253 2063 nulla
3294 2010 3402 2064 sibi
3433 2011 3540 2064 im-

1841 2094 2112 2161 pediente
2169 2094 2449 2166 principis
2508 2102 2812 2166 potestate,
2877 2099 2963 2151 vel
3017 2098 3370 2166 inﬁrmitate,
3441 2105 3539 2153 aut

1841 2181 2154 2236 inevitabili
2188 2199 2376 2249 causa,
2412 2185 2508 2238 sed
2550 2185 2725 2238 solius
2757 2186 3008 2257 propria
3039 2187 3346 2240 voluntatis
3377 2187 3543 2242 libitu

1842 2286 1962 2324 sese
1994 2271 2064 2324 ad
2092 2271 2500 2326 celebrandum
2527 2274 2836 2327 concilium
2868 2291 2986 2328 non
3016 2275 3327 2345 collegerit.

1843 2359 1969 2413 CAP.
2017 2361 2199 2432 XLVI.
2241 2391 2310 2400 ——
2360 2363 2442 2415 De
2495 2363 2898 2431 archiepiscopo
2956 2365 3052 2430 qui
3105 2369 3338 2432 tempore
3393 2366 3545 2432 pacis

1967 2431 2117 2483 ultra
2143 2431 2418 2485 biennium
2444 2434 2712 2502 synodum
2741 2437 3073 2487 annuntiare
3101 2431 3416 2502 neglexerit.

1913 2499 2022 2570 (Ea:
2052 2516 2197 2556 conc.
2253 2499 2537 2565 Meldensi.
2584 2521 2704 2573 cap.
2755 2505 2833 2574 3.)
2885 2505 3044 2568 Quod
3092 2505 3139 2558 si
3171 2499 3335 2559 intra
3384 2504 3548 2558 bien-

1842 2589 2004 2643 nium
2071 2589 2344 2644 divinitus
2409 2597 2738 2660 temporum
2801 2593 3222 2663 tranquillitate
3283 2609 3548 2646 concessa

1842 2677 2155 2730 admonitis
2201 2680 2781 2748 comprovincialibus
2813 2697 2846 2732 a
2877 2681 3326 2751 metropolitano
3374 2697 3546 2751 syno-

1845 2765 1950 2820 dus
1983 2765 2199 2819 indicta
2246 2782 2364 2820 non
2409 2767 2602 2834 fuerit,
2655 2772 2713 2822 et
2744 2769 3222 2838 metropolitanus
3252 2769 3376 2838 ipse
3406 2785 3544 2838 pro-

1842 2853 2166 2907 vocationes
2223 2855 2552 2921 tardaverit,
2610 2872 2760 2910 anno
2818 2856 3040 2927 integro
3097 2857 3300 2910 missas
3358 2857 3546 2910 facere

1845 2958 1962 2996 non
1993 2948 2322 3012 praesumat.
2356 2943 2519 3007 Quod
2563 2943 2611 2996 si
2640 2945 2859 2997 evocati
2905 2950 2960 2998 et
2991 2960 3104 2997 non
3134 2943 3419 3014 corporali
3451 2945 3546 2997 in—

1845 3031 2116 3085 ﬁrmitate
2164 3031 2401 3097 detenti,
2447 3031 2646 3085 adesse
2695 3049 2796 3085 sua
2829 3032 3107 3086 abusione
3147 3033 3539 3102 despexerant,

1847 3120 2020 3174 simili
2051 3119 2347 3174 sententias
2379 3121 2772 3190 subjacebunt.

1848 3209 1975 3263 CAP.
2020 3208 2222 3263 XLVII.
2257 3240 2320 3247 —
2372 3213 2446 3263 De
2492 3212 2756 3279 episcopis
2786 3210 2859 3264 ad
2906 3210 3171 3277 synodum
3208 3211 3433 3275 vocatis,
3486 3214 3547 3263 ut

2345 3282 2524 3334 venire
2550 3297 2655 3334 non
2685 3287 3044 3335 contemnant.

1918 3368 2033 3425 (Em
2076 3369 2263 3422 concil.
2321 3369 2659 3434 Laodicensi,
2700 3384 2820 3439 cap.
2873 3369 2985 3439 40.)
3033 3369 3196 3433 Quod
3225 3384 3344 3422 non
3375 3382 3547 3437 opor-

1847 3459 1964 3508 teat
2027 3457 2326 3526 episcopos
2375 3457 2443 3511 ad
2500 3458 2783 3527 synodum
2841 3463 3067 3512 vocatos
3123 3455 3359 3510 omnino
3413 3471 3550 3509 con-

1847 3547 2124 3609 temnere,
2179 3544 2276 3597 sed
2324 3543 2588 3612 protinus
2637 3544 2719 3598 ire
2767 3550 2823 3598 et
2869 3545 3092 3609 docere,
3137 3551 3194 3598 et
3224 3545 3443 3598 discere
3482 3560 3548 3596 ea

1848 3648 1977 3701 qua:
2013 3633 2082 3686 ad
2131 3631 2545 3686 correctionem
2579 3633 2863 3699 Ecclesiae,
2913 3634 2997 3687 vel
3029 3633 3382 3702 reliquarum
3415 3647 3544 3701 per-

1849 3721 2037 3774 tinent
2078 3736 2291 3773 rerum.
2342 3721 2604 3790 Seipsum
2650 3737 2782 3774 vero
2834 3723 2933 3791 qui
2983 3720 3412 3790 contempserit,
3454 3735 3545 3772 ac-

1849 3808 2088 3876 cusabit,
2121 3808 2231 3861 nisi
2261 3809 2404 3863 forte
2436 3826 2537 3879 per
2565 3810 2970 3880 {egritudinem
3002 3810 3085 3862 ire
3120 3825 3234 3862 non
3258 3809 3456 3878 possit.

1850 3899 1977 3952 CAP.
2012 3898 2235 3951 LXVIII.
2267 3928 2334 3936 -—
2383 3899 2576 3961 Quales
2621 3900 2859 3965 epistolae
2906 3915 2941 3950 α
2982 3899 3390 3967 metropolitano
3439 3900 3549 3951 sint

2380 3971 2652 4033 fratribus
2692 3970 3013 4036 dirigenda.

1922 4057 2029 4126 (Ea:
2059 4058 2246 4112 concil.
2305 4060 2716 4124 Tarraconensi,
2765 4074 2883 4128 cap.
2942 4059 3052 4127 l3.)
3096 4058 3361 4129 Epistolas
3407 4057 3551 4111 tales

1852 4162 1954 4214 per
1981 4147 2186 4200 fratres
2215 4163 2248 4199 a
2292 4147 2738 4217 metropolitano
2784 4152 2917 4201 sunt
2955 4147 3292 4218 dirigendae,
3327 4151 3390 4199 ut
3435 4163 3553 4199 non

1851 4237 2037 4289 solum
2070 4235 2139 4289 de
2183 4236 2608 4290 cathedralibus
2649 4237 2908 4290 Ecclesia:
2939 4236 3312 4306 presbyteris,
3353 4251 3549 4288 verum

1855 4323 2028 4376 etiam
2085 4323 2154 4376 de
2206 4323 2540 4378 dicecesanis
2587 4325 2656 4378 ad
2707 4324 3014 4378 concilium
3063 4325 3312 4391 trahant,
3351 4329 3408 4376 et
3444 4323 3553 4376 ali-

1855 4427 1999 4481 quos
2037 4411 2106 4465 de
2152 4411 2284 4465 ﬁliis
2339 4412 2600 4466 Ecclesiae
2645 4412 2995 4466 secularibus
3042 4428 3234 4466 secum
3271 4411 3552 4464 adducere

1853 4499 2136 4554 studeant.

2271 4571 2397 4623 CAP.
2427 4571 2599 4624 XLIX.
2637 4599 2705 4610 —
2736 4574 2810 4624 De
2842 4571 3025 4624 eadem
3055 4586 3131 4624 re.

1923 4657 2035 4723 (Ea:
2086 4659 2274 4712 concil.
2344 4659 2574 4725 Agath.,
2636 4673 2752 4726 cap.
2795 4662 2906 4724 36.)
2969 4659 3026 4712 Si
3079 4658 3554 4728 metropolitanus

1854 4744 2156 4816 episcopus
2222 4746 2291 4799 ad
2357 4745 2868 4816 comprovinciales
2935 4746 3228 4816 episcopos
3287 4747 3555 4816 epistolas

1854 4833 2142 4899 direxerit,
2175 4833 2233 4887 in
2265 4833 2473 4903 quibus
2499 4849 2615 4899 eos,
2641 4839 2741 4887 aut
2769 4836 2838 4888 ad
2870 4836 3290 4889 ordinationem
3314 4836 3556 4905 alicujus

1855 4923 2066 4988 fratris,
2100 4926 2198 4974 aut
2228 4922 2298 4975 ad
2329 4921 2608 4992 synodum
2643 4922 2865 4989 invitet,
2907 4925 3237 4994 postpositis
3264 4925 3557 4993 omnibus,

1855 5013 2089 5077 excepta
2132 5008 2291 5078 gravi
2333 5008 2668 5062 inﬁrmitate
2718 5011 2996 5080 corporis,
3030 5016 3129 5065 aut
3172 5013 3559 5082 praeceptione

1857 5097 2032 5167 regia,
2089 5097 2158 5150 ad
2212 5097 2582 5150 constitutam
2635 5097 2788 5153 diem
2846 5099 3044 5154 adesse
3098 5117 3215 5154 non
3265 5100 3554 5154 differant.

1855 5186 1963 5249 Qui
2013 5185 2060 5239 si
2113 5185 2424 5251 defuerint,
2487 5186 2633 5241 sicut
2692 5189 2879 5258 prisca
2937 5205 3222 5244 canonum
3285 5189 3560 5259 praecepit

1856 5275 2183 5340 auctoritas,
2236 5290 2418 5344 usque
2467 5275 2536 5328 ad
2588 5276 2907 5346 proximam
2953 5279 3235 5348 synodum
3286 5277 3557 5331 charitate

1857 5363 2097 5417 fratrum
2130 5367 2186 5416 et
2221 5363 2479 5417 Ecclesiae
2504 5366 2914 5419 communione
2944 5367 3260 5436 priventur.

1857 5453 1984 5506 CAP.
2023 5453 2080 5505 L.
2109 5481 2180 5490 —
2233 5455 2303 5506 De
2343 5455 2589 5521 episcopo
2638 5457 2735 5521 qui
2764 5455 2968 5521 synodo
3011 5455 3196 5507 adesse
3240 5454 3555 5519 neglexerit.

1928 5543 2038 5606 (Ea:
2068 5542 2257 5594 concit.
2292 5542 2569 5609 Spalensi,
2617 5557 2736 5611 cap.
2786 5545 2895 5610 IO.)
2933 5542 2989 5596 Si
3021 5543 3149 5612 quis
3181 5548 3375 5595 autem
3424 5543 3549 5613 epi-

1857 5645 2160 5700 scoporum
2191 5630 2402 5700 synodo
2440 5629 2636 5683 adesse
2681 5629 3017 5700 neglexerit,
3064 5635 3164 5684 aut
3193 5637 3404 5687 ccetum
3447 5633 3563 5686 fra-
