3950 6442
191 411 269 464 363
1251 395 1660 457 BUBCHARDI
1699 388 2234 450 WORMACIENSIS
2271 385 2610 444 EPISCOPI.
3601 379 3697 433 Sili

192 547 345 598 rum,
411 532 726 600 antequam
791 524 1098 580 concilium
1147 523 1510 589 dissolvatur,
1565 518 1871 575 crediderit
1899 518 1947 572 Α
1983 512 2272 604 mansisse
2307 508 2748 604 ecclesiasticam
2794 506 3181 604 disciplinam,
3227 509 3294 604 n‘t
3333 505 3556 604 nullus.
3589 503 3704 558 fra-
3752 579 3755 604 Ι

191 595 605 676 leserendum—z
639 616 894 671 alienum
961 630 1018 668 se
1084 629 1118 667 a
1180 610 1421 666 fratrum
1469 607 1876 664 communione
1985 608 2142 658 trum
2185 600 2476 673 prioribus
2527 598 2647 652 suis
2691 614 2750 651 se
2803 596 3120 667 aliquando
3170 595 3414 649 auderet
3456 596 3707 662 antepo-
3751 595 3755 664 ί

191 711 499 779 :ognoscat,
549 721 660 760 nec
695 720 832 759 eum
884 702 1061 772 recipi
1103 701 1293 768 liceat,
1345 698 1456 753 nisi
1503 698 1566 752 in
1613 693 1877 768 sequenti
1987 707 2145 757 nere,
2193 689 2291 744 sed
2324 687 2528 742 ofﬁciis
2575 685 2870 741 charitatis
2901 685 2958 740 id
2987 700 3214 756 semper
3260 682 3598 738 exhibitum
3631 685 3716 734 est
3750 693 3755 779 II

191 759 604 868 iyi’iodovfu'erit
632 793 949 846 absolutus.
1001 759 1019 772 .
1280 759 1292 768 '
1692 759 1713 768 ’
1988 778 2303 851 prioribus,
2355 777 2510 848 quod
2553 776 2625 830 ab
2656 773 3095 845 insequentibus
3144 777 3444 843 gratanter
3477 785 3717 840 semper
3750 759 3753 790 ¹

191 867 311 940 CAP.
367 883 451 936 LI.
507 909 579 922 —
625 883 700 934 De
763 881 1006 948 episcopo
1056 878 1153 946 qui
1201 891 1298 944 per
1362 873 1742 942 zgritudinem
1806 870 1880 925 ad
1989 867 2363 938 acciperetur.

587 950 854 1019 synodum
880 950 1062 1002 venire
1093 962 1201 1001 non
1221 949 1478 1016 potuerit.

2109 995 2121 1008 .
2161 955 2316 1010 LVII.
2349 982 2418 993 —
2449 953 2532 1006 De
2563 950 2717 1004 rebus
2749 949 2933 1004 dubiis
2971 952 3031 1003 in
3053 949 3296 1004 conciliis
3324 950 3720 1018 episcOporum

257 1044 369 1111 (Ea:
401 1043 546 1096 decr.
594 1041 780 1094 Felicis
832 1052 1012 1106 papa,
1062 1050 1185 1104 cap.
1239 1033 1347 1104 It.)
1404 1031 1562 1098 Quod
1595 1031 1642 1085 si
1698 1045 1881 1100 aegro-
2640 1021 3052 1092 emcrgentibus.

191 1135 316 1185 tans
352 1129 526 1184 fuerit
573 1127 894 1198 episcopus,
925 1128 1020 1177 aut
1061 1123 1256 1193 aliqua
1295 1138 1428 1175 eum
1462 1120 1652 1192 gravis
1679 1135 1881 1174 neces-

191 1220 323 1273 sitas
348 1215 676 1281 detiuuerit,
707 1230 812 1285 pro
845 1228 906 1266 se
951 1213 1205 1281 legatum
1253 1210 1319 1264 ad
1353 1211 1638 1280 synodum
1667 1209 1882 1273 mittat,

3741 867 3756 1127 ῐ

2066 1117 2177 1184 (Ea:
2232 1115 2390 1183 epist.
2454 1112 2730 1177 Boni/acii
2785 1125 2946 1178 papae
3004 1108 3078 1162 ad
3132 1110 3406 1178 episcopos
3464 1107 3719 1168 Galliae.)

1993 1204 2050 1259 Si
2079 1183 2230 1257 inter
2255 1201 2550 1273 episcopos
2583 1199 2841 1269 ejusdem
2888 1195 3114 1250 concilii
3165 1195 3449 1250 dubitatio
3507 1183 3752 1248 emer-i

191 1311 574 1375 suscepturus,
624 1283 778 1357 salva
823 1300 958 1356 ﬁdei
1005 1300 1265 1366 veritate,
1316 1297 1598 1370 quidquid
1637 1297 1886 1368 synodus
1997 1291 2133 1344 serit
2165 1289 2234 1343 de
2277 1287 2656 1342 ecclesiastico
2700 1285 2850 1356 jure,
2882 1285 2968 1338 vel
3001 1284 3070 1338 de
3111 1283 3561 1375 aliis-negotiis,

192 1371 471 1448 statuerit.
561 1371 564 1372 ν
1998 1393 2158 1432 mum
2210 1375 2688 1446 metropolitanus
2745 1389 2943 1428 eorum
2991 1389 3124 1427 cuin
3181 1372 3308 1426 aliis
3350 1371 3755 1443 quibusdami

192 1485 318 1538 Car.
375 1483 486 1535 LII.
534 1509 607 1522 —
666 1480 746 1534 De
795 1479 1059 1548 episcopis
1109 1477 1184 1529 ad
1238 1476 1504 1548 synodum
1555 1477 1782 1548 vocatis,
1839 1478 1891 1528 et
1999 1475 2058 1528 in
2127 1471 2369 1527 concilio
2425 1470 2795 1525 considerans
2853 1485 2974 1524 rem
3033 1469 3269 1538 iudicet.
3335 1469 3401 1522 Et
3467 1466 3522 1520 si
3599 1482 3728 1520 non

375 1483 486 1535 LII.
534 1509 607 1522 —
666 1480 746 1534 De
795 1479 1059 1548 episcopis
1109 1477 1184 1529 ad
1238 1476 1504 1544 synodum
1555 1477 1782 1543 vocatis,
1839 1478 1884 1528 et

358 1555 559 1617 venire,
591 1555 641 1604 et
670 1552 860 1604 missos
890 1564 1013 1603 suos
1038 1551 1250 1602 mittere
1277 1547 1719 1613 dedignantibus.

2127 1471 2369 1527 concilio
2425 1470 2795 1525 considerans
2853 1485 2974 1524 rem
3033 1469 3269 1538 iudicet.
3335 1469 3401 1522 Et
3467 1466 3522 1520 si
3599 1482 3728 1520 non

2111 1559 2324 1614 uiescat
2351 1563 2594 1628 utraque
2623 1573 2754 1629 pars
2795 1555 3087 1627 judicatis,
3119 1561 3257 1609 tunc
3285 1555 3511 1625 primas
3558 1462 3756 1636 illius‘

263 1644 358 1710 (De
387 1639 590 1709 synodo
620 1638 773 1707 apud
829 1638 1021 1691 Alihei
1072 1637 1283 1703 habita,
1336 1651 1456 1704 cap.
1507 1636 1618 1702 IO.)
1675 1632 1884 1689 Placuit

2108 1648 2255 1703 iouis
2279 1648 2430 1701 inter
2460 1647 2615 1718 ipsos
2658 1645 2870 1712 audiat,
2903 1651 2961 1699 et
2990 1644 3140 1716 quod
3172 1642 3579 1699 ecclesiasticis
3629 1632 3755 1724 (ιε-λ

193 1735 400 1783 sanctae
442 1727 658 1798 synodo
710 1725 1007 1796 episcopos
1048 1723 1148 1795 qui
1192 1722 1373 1776 vocati
1425 1722 1496 1777 de
1539 1721 1786 1776 Saxonia
1824 1721 1884 1774 ad

2104 1739 2276 1807 libus,
2327 1741 2383 1791 et
2436 1735 2658 1806 legibus
2709 1734 2920 1789 nostris
2957 1746 3411 1788 consentaneum
3467 1732 3571 1796 sit,
3624 1732 3729 1785 hoc

195 1771 400 1783 "“"""“"
442 1771 491 1798 να
510 1771 655 1780 “"“'"
712 1771 1005 1796 ‘1’""1’"
1051 1771 1148 1795 ‘1"
1204 1771 1373 1776 "'_"
1428 1771 1493 1777 "'
1541 1771 1786 1776 “‘"'—"‘
1827 1771 1893 1774 “"
2007 1771 2276 1807 μυιιιυυδ,
2327 1771 2383 1791 σι
2436 1771 2658 1806 ιυδιυιιῠ
2709 1771 2920 1789 "unum!
2957 1771 3411 1788 υυυῦυιιιυυυιιιιι
3467 1771 3571 1796 νιος
3625 1771 3729 1785 μυν

195 1821 454 1871 sanctum
484 1813 793 1869 concilium
838 1828 953 1867 non
983 1815 1287 1877 venerunt,
1318 1826 1425 1865 nec
1453 1811 1769 1865 secundum
1803 1825 1894 1862 ca-
1930 1803 1971 1856 Β
2009 1825 2265 1892 deﬁniat,
2318 1829 2377 1879 et
2433 1825 2592 1878 nulla
2630 1838 2761 1893 pars
2801 1823 2986 1877 valeat
3022 1821 3241 1876 calculo
3297 1821 3422 1891 ejus
3475 1771 3756 1875 contr-3-.

196 1921 377 1958 nones
436 1918 622 1956 sacros
679 1901 884 1955 missos
932 1915 1064 1953 suos
1109 1900 1197 1953 vel
1244 1898 1487 1953 vicarios
1539 1898 1893 1963 direxerunt,

197 1991 354 2062 gravi
401 1988 797 2059 increpatione
851 1987 1181 2058 objurgare,
1227 1991 1286 2041 et
1332 2003 1437 2058 pro
1483 1987 1651 2056 culpa
1695 1985 1895 2038 inobe-

195 2079 426 2134 dientias
472 2077 792 2147 increpare.
850 2075 1008 2129 Unde
1041 2074 1251 2129 iterum
1284 2090 1380 2128 eos
1425 2075 1678 2128 fraterna
1707 2073 1898 2127 chari-

198 2172 312 2222 tate
341 2166 413 2220 ad
452 2165 780 2220 condictum
813 2163 1120 2218 concilium
1168 2163 1478 2217 invitamus
1508 2167 1564 2216 et
1610 2177 1895 2215 vocamus.
2080 2162 2188 2232 (Ea:
2218 2161 2403 2215 concil.
2432 2159 2782 2222 Arvernensi,
2807 2173 2928 2226 cap.
2966 2157 3035 2226 1.)
3063 2158 3125 2210 In
3153 2156 3354 2227 primis
3375 2156 3638 2225 placuit,
3673 2149 3755 2209 uti

196 2255 358 2320 Quod
418 2258 474 2308 et
538 2253 586 2306 si
640 2253 769 2317 hoc,
838 2252 993 2323 quod
1061 2267 1180 2304 non
1233 2255 1517 2322 optamus,
1569 2266 1676 2320 pro
1716 2249 1900 2303 nihilo
2010 2249 2232 2321 quoties
2277 2246 2590 2302 secundum
2635 2249 2848 2300 statuta
2902 2247 3137 2299 Patrum
3202 2251 3395 2300 sancta
3456 2243 3731 2314 synodus

202 2342 488 2407 duxerint,
541 2345 600 2395 et
645 2339 842 2394 venire
890 2338 1202 2406 noluerint,
1249 2340 1581 2409 justamque
1620 2337 1902 2392 rationem
2011 2340 2413 2408 congregatur,
2446 2335 2639 2389 nullus
2669 2333 3072 2404 episcoporum
3104 2332 3356 2404 aliquam
3389 2331 3563 2403 prius
3598 2348 3736 2386 cau-

204 2429 612 2485 inobedientias
657 2444 774 2483 sum
805 2427 1044 2483 reddere
1091 2426 1546 2488 detrectaverint,
1594 2425 1906 2497 apostolica
2014 2441 2134 2480 sam
2165 2439 2472 2494 suggerere
2519 2423 2748 2489 audeat,
2780 2437 2955 2492 quam
2985 2437 3053 2475 ea
3099 2437 3230 2492 quas
3260 2421 3332 2475 ad
3363 2421 3735 2475 emendatio-

206 2517 542 2574 auctoritate
570 2515 864 2571 interdicit
897 2515 976 2569 eis
1009 2517 1208 2570 Petrus
1253 2515 1432 2569 sancti
1471 2514 1623 2569 Petri
1655 2518 1711 2568 et
1741 2529 1907 2584 papae
2014 2529 2150 2569 nem
2178 2511 2332 2577 vitae,
2363 2510 2437 2564 ad
2466 2509 2826 2564 severitatem
2856 2510 3090 2580 regulae,
3119 2510 3194 2563 ad
3224 2508 3433 2562 anima:
3457 2509 3736 2563 remedia

207 2607 434 2672 missus,
483 2621 595 2658 una
626 2620 758 2658 cum
810 2607 1006 2657 sancta
1055 2603 1298 2673 synodo,
1349 2603 1550 2656 missas
1594 2601 1905 2664 celebrare,
2017 2600 2326 2672 pertinent,
2358 2598 2655 2652 finiantur.

212 2709 514 2767 quousque
565 2694 805 2748 Romam
853 2691 1103 2754 veniant,
1143 2697 1198 2745 et
1226 2707 1417 2744 coram
1451 2707 1600 2762 papa
1627 2695 1683 2744 et
1716 2694 1910 2744 sancta
2019 2690 2148 2745 CAP.
2200 2687 2328 2767 LIX.
2383 2715 2452 2726 —
2520 2691 2596 2767 De
2654 2686 3171 2767 metropolitano__si
3215 2686 3755 2767 comprov‘incialem‘

212 2755 458 2838 {Ecclesia
479 2781 712 2852 dignam
744 2780 1104 2835 reddiderint
1138 2755 1470 2834 rationem:
1531 2755 1546 2762 I

2240 2759 2546 2826 episcopum
2574 2759 2632 2810 in
2652 2771 2753 2810 sua
2778 2772 2944 2810 causa
2973 2756 3172 2811 audire
3195 2755 3494 2810 distulerit.

215 2871 343 2926 CAP.
379 2869 513 2923 LIII.
545 2899 604 2908 —
645 2869 941 2933 Concilium
979 2869 1289 2940 universale
1315 2883 1423 2922 non
1451 2869 1565 2922 nisi
1600 2868 1884 2922 necessitat

2104 2846 2216 2914 {Em
2261 2845 2404 2899 decr.
2454 2843 2767 2899 Alexandri
2815 2845 3021 2913 papa.)
3070 2843 3128 2897 Si
3173 2842 3674 2912 metropolitanus
3716 2860 3744 2895 a

895 2939 1226 3005 faciendum.
2024 2947 2370 3004 quocunque
2441 2930 2904 3002 comprovinciali
2959 2930 3228 3000 episcopo
3286 2930 3373 2982 bis
3436 2929 3626 2984 fuerit
3686 2932 3742 2984 in

287 3029 410 3097 (Ea:
458 3028 646 3082 concil.
679 3028 971 3094 Africano,
1017 3042 1137 3096 cap.
1189 3027 1305 3097 42.)
1337 3026 1555 3081 Placuit
1592 3029 1656 3080 ut
1697 3042 1814 3081 non
1844 3025 1917 3080 sit
1952 3084 1986 3097 Α
2026 3036 2195 3074 causa
2241 3019 2472 3088 propria
2517 3017 2856 3088 appellatus,
2907 3023 2963 3071 et
3001 3033 3132 3071 eum
3165 3017 3366 3070 audire
3414 3017 3742 3083 distulerit,

217 3084 370 3171 ultra
421 3084 744 3184 fatigandis’
771 3084 1043 3168 fratribus
1079 3084 1419 3168 universalis
1452 3114 1774 3181 necessitas,
1819 3115 1915 3169 sed
1949 3084 1989 3138 Ο
2027 3109 2086 3162 in
2140 3084 2401 3178 pro—Xim—a
2461 3084 2678 3176 εγω-θ’άο
2746 3106 2961 3176 negotii
3012 3105 3101 3159 Sili
3157 3105 3367 3159 habeat
3433 3105 3743 3160 licentiam

223 3203 449 3274 quoties
491 3202 786 3273 exegerint
813 3219 997 3257 causai
1029 3218 1384 3268 communes,
1418 3201 1476 3256 id
1504 3207 1608 3268 est,
1651 3201 1697 3256 si
1743 3203 1918 3256 totius
2025 3195 2327 3251 exercendi
2364 3211 2376 3248 :
2406 3199 2462 3248 et
2501 3193 2783 3265 quidquid
2831 3193 3369 3264 propterjustitiam
3403 3209 3434 3246 a
3467 3209 3756 3266 compro-

2004 1915 2212 1969 dicere.

2006 2003 2134 2058 CAP.
2172 2001 2356 2058 LVIII.
2387 2029 2457 2041 —
2483 2001 2549 2055 Ut
2577 2000 2816 2068 episcopi
2843 2000 2902 2052 in
2926 1997 3129 2066 synodo
3149 1996 3464 2063 residentes,
3495 2011 3632 2068 qua:
3657 1996 3736 2050 ad

2097 2071 2517 2128 emendationem
2545 2067 2671 2124 vita
2697 2072 3023 2139 pertineant,
3048 2071 3290 2138 primum
3317 2067 3638 2122 emendent.
3749 2073 3756 2128 t

222 3291 426 3344 Africae
478 3291 879 3360 undecumque
922 3291 1115 3343 relatae
1159 3289 1230 3343 ad
1273 3289 1418 3342 hanc
1465 3290 1657 3343 sedem
1705 3290 1919 3343 fuerint

224 3379 452 3444 littere,
484 3378 945 3448 congregandam
966 3394 1088 3432 esse
1114 3371 1402 3448 synodum
1427 3378 1488 3432 in
1519 3395 1585 3432 ea
1606 3379 1919 3448 provincia,

225 3466 326 3521 ubi
392 3466 790 3537 opportunitas
854 3465 1220 3537 persuaserit.
1289 3467 1485 3520 Causae
1543 3473 1731 3520 autem
1791 3483 1920 3537 quae

227 3571 562 3609 communes
607 3571 723 3609 non
767 3559 918 3621 sunt,
968 3555 1028 3608 in
1073 3555 1190 3608 suis
1235 3554 1547 3625 provinciis
1572 3555 1920 3624 judicentur.

229 3645 356 3699 CAP.
394 3642 526 3697 LIV.
557 3673 627 3682 —
660 3645 727 3698 Ut
767 3645 1004 3712 episcopi
1047 3644 1369 3711 posteriores
1407 3657 1462 3697 se
1497 3643 1778 3712 prioribus
1809 3645 1923 3698 suis

848 3729 954 3768 non
981 3717 1304 3782 prae/erant.

303 3802 410 3873 (Ea:
482 3805 639 3871 epist.
723 3803 880 3858 Lucii
957 3817 1151 3870 papae,
1216 3801 1655 3857 Occidentalibus
1718 3805 1921 3866 missa,

229 3907 352 3960 cap.
385 3894 460 3958 5.)
495 3891 758 3962 Episcopi
782 3906 916 3944 vero
946 3907 1051 3960 per
1080 3889 1334 3960 singulas
1376 3889 1696 3960 provincias
1728 3890 1928 3944 obser-

232 3983 386 4043 vent,
421 3995 493 4032 ne
538 3978 882 4048 posteriores
912 3993 972 4031 se
1016 3977 1408 4047 superioribus
1439 3977 1555 4031 suis
1598 3978 1926 4048 prasterant,

234 4082 341 4120 nec
369 4066 449 4120 eis
487 4065 843 4126 inconsultis,
894 4065 1004 4118 nisi
1042 4070 1323 4135 quantum
1355 4065 1423 4119 ad
1458 4067 1752 4136 propriam
1798 4081 1931 4137 per—

237 4154 384 4207 tinet
413 4153 767 4223 parochiam,
818 4153 1033 4223 aliquid
1067 4158 1260 4223 agant.
1295 4153 1400 4208 Sed
1432 4169 1632 4207 omnes
1674 4154 1744 4208 dc
1774 4169 1930 4208 com-

238 4241 512 4296 munibus
538 4257 738 4296 eorum
778 4240 984 4306 causis,
1029 4256 1338 4295 consonam
1377 4241 1722 4296 sententiam
1750 4242 1934 4313 profe.

2027 3283 2362 3338 vincialibus
2393 3283 2510 3336 suis
2541 3283 2715 3336 fuerit
2745 3287 3020 3336 statutum
3049 3281 3216 3336 debet
3239 3281 3539 3336 custodiri.

2028 3374 2157 3429 CAP.
2193 3371 2293 3427 LX.
2315 3401 2382 3412 —
2413 3374 2480 3427 Ut
2499 3373 2739 3441 episcopi
2751 3372 2906 3440 justa
2916 3371 3130 3439 judicia
3161 3386 3368 3440 semper
3398 3371 3744 3441 dijudicent.

2103 3462 2208 3529 (Ea:
2237 3460 2428 3514 concil.
2478 3461 2745 3527 Remensi,
2796 3475 2917 3528 cap.
2964 3461 3075 3527 19.)
3114 3460 3183 3514 Ut
3230 3459 3484 3530 episcOpi
3539 3465 3602 3514 et
3648 3461 3744 3530 ju-

2031 3548 2183 3604 dices
2220 3547 2438 3619 judicia
2477 3547 2824 3616 discernaut,
2861 3548 2996 3620 quia
3026 3553 3158 3602 sunt
3201 3547 3466 3619 quaedam
3510 3549 3746 3618 judicio

2033 3637 2252 3699 mundi,
2299 3636 2565 3708 quaedam
2609 3636 2827 3706 judicio
2878 3636 2979 3691 Dei
3023 3636 3385 3691 reservanda.
3440 3638 3747 3708 Scriptum

2034 3730 2118 3779 est
2145 3725 2339 3778 enim:
2375 3724 2562 3778 Nolite
2606 3724 2864 3794 judicare
2895 3730 3027 3778 ante
3057 3729 3305 3795 tempus,
3355 3725 3749 3796 quoadusque

2035 3813 2228 3868 veniat
2259 3812 2555 3880 Dominus,
2599 3811 2698 3883 qui
2732 3817 2788 3866 et
2815 3812 3167 3867 illuminabit
3197 3813 3533 3866 abscondita
3581 3819 3750 3868 teneo

2033 3903 2287 3964 brarum,
2337 3907 2392 3956 et
2439 3901 2827 3955 manifestabit
2871 3901 3109 3955 consilia
3155 3902 3440 3967 cordium,
3496 3906 3560 3955 et
3608 3907 3753 3956 tunc

2036 3992 2162 4045 laus
2202 3990 2311 4044 erit
2342 3988 2655 4059 unicuique
2703 4004 2736 4041 a
2790 3989 2923 4042 Deo.
2977 3989 3040 4043 Et
3083 3989 3238 4043 illius
3269 4004 3560 4042 memores
3591 3991 3756 4044 sint:

2039 4081 2105 4134 In
2136 4095 2250 4149 quo
2279 4077 2667 4148 enimjudicio
2689 4076 3531 4148 judicaveritis,judicabimini
3555 4084 3754 4133 etvos.

2041 4169 2167 4223 CAP.
2227 4168 2356 4222 LXI.
2408 4195 2477 4206 —
2531 4169 2597 4222 Ut
2648 4182 2913 4221 canonum
2966 4171 3177 4221 statuta
3227 4167 3294 4220 ab
3339 4167 3596 4221 omnibus
3651 4173 3755 4221 rite

2112 4255 2512 4321 custodiantur,
2579 4259 2630 4310 et
2689 4256 2870 4310 nullus
2934 4270 2998 4309 ea
3060 4269 3156 4309 suo
3210 4269 3369 4309 sensu
3425 4254 3754 4322 dijudicars

238 4334 390 4397 rant,
438 4333 495 4384 et
551 4329 954 4396 determinent,
1009 4329 1283 4399 quoniam
1333 4329 1499 4384 aliter
1552 4335 1689 4384 actas
1743 4331 2002 4411 nullasD
2107 4349 2423 4415 ρνκευηιαι,

238 4418 387 4472 vires
415 4417 726 4480 habebunt,
762 4434 866 4472 nec
897 4417 1288 4472 ecclesiasticae
1321 4418 1757 4488 reputabuntur.

242 4507 368 4562 Car.
403 4507 502 4561 LV.
532 4537 600 4547 —
635 4509 702 4562 Ut
747 4509 984 4577 episcopi
1010 4509 1098 4560 sui
1128 4506 1337 4560 ordinis
1387 4512 1592 4575 tempus
1635 4508 1931 4575 observent,

613 4579 752 4633 alter
779 4579 947 4634 alteri
973 4578 1220 4632 honorem
1247 4578 1562 4648 prabentes.

314 4666 423 4735 (Ea:
453 4668 642 4722 concil.
693 4667 1073 4732 Cabillonensi,
1130 4682 1249 4736 cap.
1301 4665 1374 4734 '7.)
1409 4667 1549 4720 Item
1592 4665 1806 4737 placuit
1852 4669 1937 4732 ut,

246 4759 579 4809 conservato
625 4754 1054 4826 metropolitani
1109 4755 1362 4826 episcopi
1413 4754 1689 4825 primatu,
1746 4754 1939 4808 caeteri

248 4843 649 4914 episcoporum
717 4843 1034 4898 secundum
1099 4842 1189 4896 sui
1254 4842 1630 4897 ordinationis
1691 4846 1939 4912 tempus,

250 4931 395 4985 alius
425 4932 523 4984 alii
553 4931 774 4986 sedenti
799 4932 1024 4985 deferat
1044 4932 1256 4985 locum.

251 5021 378 5074 CAP.
417 5019 546 5074 LVI.
592 5048 655 5060 —
689 5020 771 5073 De
798 5022 1168 5087 episcoporum
1212 5019 1423 5083 ordine,
1462 5022 1524 5072 ut
1551 5020 1649 5087 qui
1674 5021 1942 5088 posterius

333 5105 578 5162 ordinati
607 5111 754 5172 sunt,
778 5107 1058 5175 prioribus
1089 5121 1144 5161 se
1168 5121 1274 5160 non
1303 5107 1544 5162 audeant
1573 5109 1860 5171 anteferre.

323 5193 432 5264 (Ea:
501 5194 689 5248 concil.
775 5195 1056 5262 Africano,
1138 5209 1260 5263 cap.
1330 5197 1442 5260 53.)
1516 5193 1945 5248 Valentinianus

250 5283 554 5353 episcopus
586 5281 768 5337 dixit:
792 5281 849 5336 Si
870 5280 1153 5352 permittit
1171 5281 1388 5336 bonum
1411 5282 1701 5352 patientia:
1722 5285 1943 5346 vestrae,

247 5387 567 5442 prosequor
618 5387 686 5425 ea
735 5386 864 5441 qua:
917 5369 1213 5439 praeterito
1270 5375 1530 5439 tempore
1586 5369 1645 5422 in
1704 5369 1948 5424 Ecclesia

247 5459 684 5531 Carthaginensi
736 5464 898 5529 gesta
943 5463 1100 5527 sunt,
1155 5463 1213 5512 et
1264 5457 1785 5527 subscriptionibus
1832 5457 1946 5512 fra-

245 5551 398 5601 trum
428 5547 656 5601 ﬁrmata
704 5547 1056 5613 claruerunt,
1106 5545 1278 5598 etiam
1328 5545 1437 5598 hoc
1474 5561 1578 5598 nos
1623 5547 1948 5598 servaturos

245 5649 366 5686 esse
394 5635 686 5701 proﬁteor.
733 5633 840 5688 Sed
874 5633 1014 5686 illud
1049 5633 1282 5700 scimus,
1332 5631 1666 5686 inviolatam
1717 5647 1945 5702 semper

2116 4434 2228 4501 (Ea:
2275 4433 2462 4488 concil.
2510 4432 2790 4499 Meldensi,
2845 4447 2974 4504 cap.
3026 4433 3138 4500 tt.)
3183 4431 3481 4486 Canouum
3534 4435 3755 4487 statuta

2045 4521 2166 4576 sine
2201 4520 2533 4592 praeiudicio
2572 4521 2644 4575 ab
2695 4519 2964 4574 omnibus
3011 4518 3433 4585 custodiantur,
3485 4524 3546 4574 et
3581 4537 3756 4576 nemo

2046 4609 2107 4664 in
2135 4609 2475 4674 actionibus,
2517 4609 2606 4664 vel
2636 4608 2695 4662 in
2721 4607 2956 4680 judiciis
2983 4607 3376 4662 ecclesiasticis
3409 4624 3513 4661 suo
3551 4625 3756 4675 sensu,

2049 4698 2144 4752 sed
2174 4713 2376 4751 eorum
2408 4696 2747 4751 auctoritate
2775 4697 3037 4752 ducatur.
3073 4697 3136 4750 In
3167 4697 3520 4767 exponendis
3550 4698 3755 4761 etiam,

2049 4787 2137 4841 vel
2179 4784 2558 4858 praedicandis
2592 4784 2799 4840 divinis
2837 4784 3163 4855 Scripturis,
3197 4788 3526 4839 sanctorum
3555 4787 3756 4840 catho-

2052 4874 2295 4929 licorum
2341 4875 2598 4939 Patrum,
2629 4877 2687 4927 et
2733 4873 3278 4944 probatissimorum
3311 4889 3549 4927 sensum
3605 4875 3756 4946 quis-

2054 4978 2166 5033 que
2213 4966 2507 5033 sequatur,
2541 4961 2600 5014 in
2632 4977 2879 5031 quorum
2921 4961 3235 5031 scripturis,
3269 4965 3335 5015 ut
3365 4961 3577 5016 beatus
3629 4963 3756 5017 dicit

2055 5051 2457 5121 Hieronymus,
2490 5049 2626 5105 ﬁdei
2651 5050 2859 5104 veritas
2884 5065 3000 5103 non
3030 5049 3273 5103 vacillet.

2267 5139 2394 5192 Car.
2433 5139 2587 5192 LXII.
2619 5169 2688 5179 —
2716 5141 2791 5193 De
2825 5138 3216 5192 dissidentibus
3251 5138 3543 5206 episcopis.

2128 5228 2240 5296 (Ea:
2268 5229 2455 5282 concil.
2507 5228 2764 5294 Carthaq.
2795 5242 2916 5295 cap.
2967 5226 3075 5294 235.)
3132 5225 3486 5279 Dissidentes
3548 5227 3756 5297 episco

2055 5333 2180 5386 pos,
2212 5315 2258 5368 si
2287 5331 2404 5369 non
2433 5315 2609 5369 timor
2643 5315 2759 5382 Dei,
2792 5313 3044 5386 synodus
3070 5312 3426 5367 reconciliet.

2057 5405 2185 5459 CAP.
2248 5404 2430 5457 LXIII.
2497 5431 2567 5444 --
2636 5406 2713 5457 De
2775 5404 3056 5472 inflatione
3120 5402 3672 5469 metropolitanorum
3723 5413 3756 5454 et

2125 5477 2297 5541 fastu,
2345 5479 2398 5527 et
2442 5473 2508 5528 de
2560 5476 2824 5541 episcopis
2876 5489 2940 5527 ac
2990 5473 3219 5541 reliquis
3267 5473 3483 5528 clericis
3535 5477 3642 5542 qui
3680 5475 3756 5528 lav-

2128 5545 2334 5598 duntur
2363 5560 2396 5596 a
2426 5545 2855 5613 metropolitano.

2128 5634 2237 5697 (Ex
2263 5634 2423 5700 epist.
2474 5634 2666 5686 Anicii
2706 5647 2868 5701 papae
2898 5633 3161 5701 episcopis
3199 5645 3298 5698 per
3343 5628 3600 5686 Galliam
3648 5650 3756 5685 cun-
