3950 6432
56 405 201 455 563$

1099 404 1575 462 DECRETORUM
1619 405 1804 461 LIBRI
1842 406 1948 461 XX.
1987 436 2055 444 --
2100 406 2310 461 LIBER
2353 405 2636 463 PRIMUS.

3520 413 3622 464 566

48 528 306 581 stitutis
335 531 525 594 missa,
560 543 682 597 cap.
732 528 812 588 4.)
844 525 901 582 Si
944 531 1138 581 autem
1170 527 1380 598 aliquis
1411 528 1803 598 metropolita-
1831 532 1877 584 A
1916 529 2006 582 nis
2036 529 2206 596 fastu,
2241 529 2339 583 sed
2369 529 2696 583 humillima
2718 533 2776 584 et
2805 530 3072 583 concordi
3098 529 3620 598 administratione,

54 630 303 669 norum
335 614 568 671 inﬂatus
595 614 791 683 fuerit,
821 620 877 669 et
905 614 1027 669 sine
1058 616 1321 669 omnium
1351 616 1801 686 comprovincia-

52 702 238 756 lium
269 703 598 774 praeseutia,
633 704 721 757 vel
752 703 995 757 consilio
1035 703 1439 774 episcoporum
1470 705 1611 758 alias
1661 720 1795 758 cau-

48 806 177 844 sas
210 807 405 862 agere,
455 790 567 845 nisi
609 808 703 846 eas
757 797 983 846 tantum
1026 808 1156 862 quos
1191 793 1260 846 ad
1304 792 1602 862 propriam
1634 807 1797 845 suam

51 880 389 949 pertinent
437 881 787 950 parochiam,
832 886 931 934 aut
983 897 1079 934 eos
1117 896 1354 951 gravare
1404 881 1667 947 voluerit,
1729 880 1798 933 ab

52 963 365 1017 omnibus
397 963 649 1017 districte
681 962 1022 1033 corrigatur,
1074 980 1144 1017 ne
1174 963 1310 1017 talia
1349 962 1617 1034 deinceps
1646 979 1798 1033 prae-

54 1067 323 1108 sumere
372 1052 595 1106 audeat.
640 1050 697 1107 Si
740 1068 874 1105 vero
906 1050 1334 1121 incorrigibilis,
1368 1051 1563 1123 eisque
1598 1051 1798 1105 inobe—

55 1140 257 1195 dieus
305 1140 659 1211 apparuerit,
711 1141 781 1194 ad
821 1140 968 1194 hanc
1013 1139 1389 1210 apostolicam
1439 1140 1654 1206 sedem,
1705 1139 1798 1193 cui

51 1228 291 1282 omnia
365 1228 771 1299 episcoporum
827 1228 1049 1299 judicia
1121 1228 1435 1282 terminare
1509 1234 1797 1298 praecepta

54 1324 243 1384 sunt,
290 1320 414 1389 ejus
466 1317 828 1371 contumacia
873 1317 1175 1383 referatur,
1228 1321 1288 1370 ut
1337 1317 1590 1370 vindicta
1628 1316 1697 1370 de
1728 1332 1794 1369 eo

54 1406 207 1473 ﬁat,
242 1412 301 1461 et
338 1406 532 1461 ceteri
584 1405 856 1460 timorem
909 1406 1179 1460 habeant.
1215 1406 1271 1460 Si
1321 1413 1513 1459 autem
1563 1409 1798 1475 propter

55 1491 333 1545 nimiam
383 1490 891 1561 longinquitatem,
939 1495 1038 1544 aut
1085 1490 1366 1561 temporis
1414 1490 1797 1545 incommodi-

56 1584 294 1649 tatem,
336 1580 423 1633 vel
464 1579 683 1634 itineris
735 1578 1124 1649 asperitatem,
1170 1595 1340 1650 grave
1389 1580 1461 1633 ad
1508 1580 1656 1633 hanc
1702 1596 1791 1633 se-

54 1669 215 1722 dem
266 1669 391 1738 ejus
431 1684 659 1722 causam
698 1668 922 1722 deferre
968 1668 1163 1733 fuerit,
1209 1673 1346 1721 tunc
1387 1669 1456 1722 ad
1508 1669 1630 1737 ejus
1676 1667 1791 1738 pri-

54 1763 305 1812 matem
352 1759 476 1827 ejus
508 1752 679 1811 causa
725 1757 1034 1822 deferatur,
1087 1762 1142 1811 et
1185 1774 1362 1829 penes
1401 1758 1592 1827 ipsum
1624 1758 1795 1828 hujus

52 1853 299 1901 sanctae
346 1847 495 1900 sedis
527 1846 866 1900 auctoritate
906 1846 1220 1916 judicetur.
1274 1845 1552 1900 Similiter
1598 1846 1644 1899 si
1685 1847 1792 1900 ali-

56 1935 213 2005 quis
282 1935 683 2006 episcoporum
730 1934 1237 2004 metropolitanum
1301 1940 1625 2005 suspectum
1686 1934 1795 1988 ha-

53 2024 298 2089 buerit,
350 2024 499 2094 apud
551 2023 859 2093 primatem
916 2022 1248 2092 dimceseos,
1298 2028 1396 2076 aut
1445 2023 1596 2094 apud
1647 2023 1794 2077 hanc

56 2112 463 2183 apostolicam
493 2112 686 2166 sedem
718 2112 1004 2166 audiatur.

58 2217 210 2271 Cap.
259 2216 439 2270 LXIV.
484 2245 555 2255 —
598 2218 664 2271 Ut
689 2216 872 2286 plebes
921 2218 1129 2271 alimus
1160 2218 1304 2271 alius
1351 2219 1631 2287 episcopus
1681 2231 1793 2270 non

817 2293 1060 2357 usurpet.

144 2375 268 2442 (Ea:
314 2375 500 2429 conciI.
556 2377 1009 2444 Carthaginensi,
1062 2392 1184 2445 cap.
1242 2375 1353 2443 19.)
1404 2375 1623 2429 Placuit
1668 2379 1791 2429 uta

60 2464 244 2517 nullo
282 2463 552 2534 episcopo
586 2470 938 2533 usurpentur
968 2464 1162 2535 plebes
1193 2464 1419 2529 alienae,
1456 2479 1559 2516 nec
1584 2462 1793 2533 aliquis

57 2551 491 2623 episcoporum
557 2551 1029 2622 supergrediatur
1092 2551 1153 2605 in
1218 2551 1448 2606 dimcesi
1513 2550 1791 2622 collegam

59 2656 278 2694 suum.

62 2747 210 2799 CAP.
281 2743 429 2797 LXV.
509 2773 567 2783 -
656 2746 724 2798 Ut
804 2744 987 2798 nullus
1063 2746 1509 2813 metropolitanus
1591 2743 1793 2812 absque

148 2817 397 2869 omnium
468 2817 1008 2883 comprovincialium
1070 2819 1443 2886 episcoporum
1494 2817 1792 2883 praesentia

148 2888 469 2954 aliquorum
501 2886 695 2939 audiat
725 2900 939 2940 causas.

148 2994 267 3058 (Ea:
320 2994 478 3061 epist.
532 2993 713 3063 Iginii
768 3007 929 3061 papa
1006 2993 1211 3045 cunctis
1276 2989 1533 3061 ﬁdelibus
1582 2994 1789 3059 missa,

66 3098 204 3151 cap.
259 3081 344 3150 2.)
399 3082 705 3146 Craterum,
762 3082 988 3145 fratres,
1045 3081 1197 3134 salvo
1250 3081 1309 3135 in
1357 3081 1624 3135 omnibus
1681 3082 1790 3136 Ro-
1822 3093 1863 3147 (ς

69 3184 277 3224 mana:
344 3167 596 3222 ecclesiae
661 3167 985 3239 privilegio,
1054 3168 1248 3221 nullus
1314 3170 1791 3239 metropolitanus

69 3258 306 3328 absque
331 3261 672 3310 casterorum
696 3256 958 3311 omnium
982 3256 1556 3328 comprovincialium
1579 3258 1794 3328 episco-

70 3361 297 3417 porum
359 3344 653 3411 instantia,
712 3345 1039 3417 aliquorum
1096 3345 1293 3400 audiat
1346 3362 1542 3400 causas
1594 3363 1606 3401 :
1656 3346 1792 3417 quia

71 3436 269 3490 irrita
302 3438 474 3488 erunt
523 3435 691 3488 aliter
721 3440 883 3499 actae,
935 3450 1108 3505 quam
1140 3434 1201 3487 in
1247 3440 1557 3505 conspectu
1590 3451 1791 3489 eorum

73 3523 353 3578 omnium
402 3523 707 3577 ventilataa.
757 3524 821 3576 Et
866 3521 989 3593 ipse
1037 3522 1085 3576 si
1132 3522 1349 3589 fecerit,
1399 3527 1729 3577 coerceatur
1760 3539 1795 3577 a

72 3614 382 3670 fratribus.

73 3704 218 3758 CAP.
276 3701 447 3755 LXVI.
500 3730 568 3741 —
622 3702 687 3755 Ut
735 3701 917 3755 nullus
956 3702 1171 3771 primas
1216 3702 1298 3754 vel
1348 3701 1794 3769 metropolitanus

154 3772 378 3840 aliquid
409 3776 540 3836 agat
571 3771 637 3824 de
680 3773 953 3836 Ecclesiis,
1001 3772 1085 3824 vel
1132 3772 1408 3837 parochiis
1452 3774 1793 3839 comprovin-

156 3844 385 3897 cialium
443 3846 849 3911 episcoporum,
914 3847 964 3896 et
1024 3842 1089 3895 de
1146 3846 1389 3910 ipsorum
1445 3846 1625 3896 causis
1681 3846 1796 3896 sine

156 3929 345 3968 eorum
392 3914 614 3966 consilio
660 3915 919 3977 omnium,
971 3918 1023 3966 et
1068 3928 1161 3966 nec
1208 3915 1321 3982 ipsi
1368 3913 1585 3980 aliquid
1626 3918 1796 3979 agant

158 3987 280 4038 sine
327 3984 443 4049 ejus
491 3984 734 4049 consilio,
778 3983 894 4038 nisi
927 3988 1190 4052 quantum
1234 3984 1309 4036 ad
1338 3986 1593 4052 proprias
1619 3987 1791 4053 perti-

160 4059 255 4107 net
280 4055 594 4123 parochias.

163 4143 285 4211 (Ea:
316 4144 475 4212 epist.
529 4142 737 4197 Calist.
766 4158 925 4212 papae
973 4144 1238 4211 episcopis
1266 4158 1364 4211 per
1412 4144 1647 4199 Galliam
1678 4159 1798 4199 con-

80 4233 304 4287 stitutis
334 4233 522 4288 missa.
550 4246 671 4299 cap.
713 4231 823 4301 t3.)
860 4231 1058 4284 Nullus
1089 4236 1284 4284 autem
1312 4230 1528 4301 primas
1557 4232 1645 4285 vel
1676 4247 1796 4286 me-

81 4320 477 4390 tropolitanus
508 4319 886 4374 dioecesanam
920 4318 1223 4373 Ecclesiam
1252 4320 1339 4372 vel
1362 4318 1796 4389 parochianum,

86 4414 193 4462 aut
220 4407 436 4478 aliquid
463 4407 587 4478 ejus
612 4407 921 4477 parochias,
954 4406 1255 4477 priesumit
1283 4407 1797 4474 excommunicare,

89 4498 186 4551 vel
236 4496 555 4566 dijudicare
597 4496 837 4567 aliquid,
893 4496 979 4549 vel
1011 4512 1181 4567 agere
1213 4496 1428 4568 absque
1458 4497 1578 4567 ejus
1609 4496 1803 4549 consi—

89 4585 175 4639 lio
228 4584 313 4637 vel
357 4583 620 4653 judicio:
657 4582 757 4637 sed
789 4584 895 4636 hoc
938 4582 1223 4651 observet,
1273 4583 1427 4653 quod
1458 4583 1529 4637 ab
1572 4588 1800 4654 aposto-

94 4673 168 4727 lis
198 4687 263 4725 ac
295 4671 555 4726 Patribus
587 4676 643 4725 et
690 4670 1203 4743 prmdecessoribus
1252 4670 1462 4725 nostris
1506 4676 1589 4725 est
1617 4675 1803 4725 statu-

94 4766 247 4825 tum,
298 4764 357 4814 et
396 4776 429 4814 a
458 4759 625 4814 nobis
674 4758 1080 4813 conﬁrmatum
1117 4757 1220 4811 :id
1266 4763 1370 4826 est,
1429 4758 1475 4810 si
1506 4757 1636 4828 quis
1685 4774 1803 4811 me-

95 4848 487 4918 tropolitanus
536 4847 857 4917 episcopus,
913 4846 1024 4900 nisi
1074 4846 1225 4917 quod
1274 4846 1344 4899 ad
1386 4863 1546 4900 suam
1590 4846 1805 4898 solum-

100 4937 275 4992 modo
308 4937 600 5008 propriam
647 4935 897 5007 pertinet
944 4934 1300 5006 parochiam,
1340 4934 1460 4988 sine
1492 4932 1727 4987 consilio
1753 4937 1809 4987 et

100 5026 400 5081 voluntate
458 5025 718 5079 omnium
778 5022 1347 5095 comprovincialium
1409 5023 1808 5094 episcoporum

100 5119 263 5168 extra
304 5112 526 5184 aliquid
576 5128 746 5182 agere
794 5112 1117 5173 tentaverit,
1177 5111 1387 5181 gradus
1437 5110 1524 5163 sui
1555 5110 1809 5179 periculo

104 5202 443 5271 subjacebit,
496 5206 551 5255 et
596 5201 745 5271 quod
797 5202 980 5271 egerit
1027 5199 1254 5254 irritum
1310 5199 1589 5253 habeatur
1628 5204 1684 5252 et
1716 5214 1809 5250 va-

105 5306 300 5344 cuum.
335 5290 438 5343 Sed
485 5288 767 5361 quidquid
812 5290 881 5343 de
913 5288 1487 5359 comprovincialium
1518 5287 1809 5357 coepisco-

109 5394 315 5449 porum
354 5378 561 5441 causis,
596 5392 915 5448 eorumque
960 5376 1326 5430 ecclesiarum
1361 5381 1417 5430 et
1445 5376 1809 5439 clericorum,

109 5474 283 5538 atque
314 5464 675 5520 saecularium
718 5466 1152 5521 necessitatibus
1182 5483 1351 5537 agere
1379 5471 1478 5519 aut
1508 5464 1812 5535 disponere

112 5572 339 5610 necesse
387 5556 580 5620 fuerit,
629 5556 735 5611 hoc
764 5572 896 5610 cum
940 5556 1200 5610 omnium
1234 5571 1519 5610 consensu
1550 5569 1809 5624 compro-

111 5644 441 5698 vincialium
475 5648 678 5710 agatur
711 5644 1070 5715 pontiticnm,
1112 5660 1225 5697 non
1260 5644 1454 5713 aliquo
1486 5642 1812 5697 damnatio-

1911 618 2059 671 sicut
2111 616 2385 671 Dominus
2443 618 2573 671 ait:
2612 619 2736 672 Non
2786 618 2919 672 veni
2966 618 3456 685 ministrari,‘sed
3508 619 3618 673 mi-

1912 706 2173 760 nistrare.
2230 706 2297 760 Et
2328 705 2465 759 alibi
2495 723 2508 759 :
2542 706 2650 770 Qui
2699 706 2886 775 major
2934 711 3017 760 est
3047 711 3323 775 vestrum,
3373 707 3484 760 erit
3515 708 3617 761 mi-

1908 793 2091 848 nister
2133 798 2340 860 vester,
2383 800 2439 847 et
2485 795 2729 865 reliqua.
2782 794 3054 849 Similiter
3098 800 3156 848 et
3184 794 3295 867 ipsi
3342 812 3616 867 compro-

1908 882 2179 936 vinciales
2226 882 2478 953 episcopi
2525 899 2654 936 cum
2701 884 2824 953 ejus
2871 883 3134 952 consilio,
3184 884 3293 937 nisi
3332 892 3614 955 quantum

1908 970 1978 1024 ad
2011 970 2268 1042 proprias
2311 971 2561 1042 pertinet
2590 972 2913 1042 parochias,
2946 977 3138 1042 agant,
3178 972 3342 1043 juxta
3390 978 3613 1026 sancto-

1912 1073 2037 1113 rum
2069 1059 2376 1113 constituta
2407 1061 2663 1125 Patrum,
2696 1065 2761 1113 ut
2788 1077 2905 1114 uno
2935 1061 3149 1127 animo,
3184 1077 3299 1114 uno
3331 1078 3450 1128 ore,
3484 1078 3614 1115 con-

1906 1147 2153 1201 corditer
2196 1152 2388 1201 sancta
2431 1148 2788 1219 glorificatur
2817 1148 3063 1202 Trinitas
3106 1148 3168 1203 in
3208 1152 3435 1204 saecula.
3474 1150 3610 1204 Nul-

1906 1236 1994 1290 lus
2021 1234 2257 1306 primas,
2282 1236 2472 1289 nullus
2501 1236 3001 1306 metropolitanus,
3027 1238 3335 1307 nullusque
3370 1238 3613 1309 reliquo-

1907 1335 2037 1372 rum
2085 1319 2488 1390 episcoporum
2545 1319 2780 1372 alterius
2829 1321 2997 1373 adeat
3039 1320 3352 1381 civitatem,
3396 1326 3493 1375 aut
3540 1321 3611 1375 ad

1905 1407 2328 1478 possessionem
2375 1408 2603 1461 accedat
2632 1424 2761 1479 quas
2796 1408 2865 1461 ad
2912 1423 3044 1462 eum
3088 1423 3206 1461 non
3250 1409 3524 1478 pertinet,
3555 1413 3612 1463 et

1906 1495 2142 1549 alterius
2203 1495 2453 1566 episc0pi
2518 1500 2605 1548 est
2662 1494 2954 1564 parochia,
3026 1510 3200 1564 super
3267 1495 3609 1565 cujusquam

1904 1583 2300 1654 dispositione,
2336 1583 2448 1637 nisi
2497 1583 2545 1636 si
2577 1588 2807 1636 vocatus
2858 1582 2928 1636 ab
2975 1598 3042 1636 eo
3071 1583 3235 1653 cujus
3281 1600 3401 1637 esse
3441 1583 3608 1637 dino-

1906 1673 2102 1741 scitur,
2160 1677 2220 1726 ut
2273 1672 2546 1743 quiddam
2605 1671 2685 1726 ibi
2740 1670 3008 1740 disponat
3064 1672 3146 1723 vel
3203 1671 3451 1735 ordinet,
3512 1676 3610 1724 aut

1899 1760 2141 1831 judicet,
2189 1760 2236 1814 si
2293 1761 2383 1814 sui
2437 1760 2649 1830 gradus
2705 1760 2927 1813 honore
2978 1759 3152 1830 potiri
3198 1760 3458 1814 voluerit.
3509 1759 3608 1814 Sin

1904 1849 2072 1903 aliter
2118 1847 2572 1919 praesumpserit,
2614 1847 3023 1901 damnabitur:
3058 1850 3112 1900 et
3142 1861 3256 1901 non
3291 1849 3477 1901 solum
3510 1847 3606 1901 ille

1903 1938 2002 1992 sed
2055 1942 2452 2008 cooperantes,
2513 1935 2712 2007 eisque
2762 1935 3206 2001 consentientes,
3267 1936 3404 2007 quia
3461 1936 3609 1991 sicut

1906 2025 2213 2089 ordinatio,
2271 2025 2350 2079 ita
2394 2026 2517 2094 ejus
2567 2030 2622 2078 et
2662 2023 2963 2094 judicatio,
3014 2028 3072 2078 et
3119 2024 3363 2078 aliarum
3412 2039 3605 2077 rerum

1902 2111 2206 2183 dispositio
2237 2111 2598 2182 prohibetur.

2134 2199 2261 2254 CAP.
2296 2198 2496 2253 LXVII.
2519 2226 2593 2239 —
2627 2201 2699 2253 De
2726 2200 3057 2252 contentione
3082 2198 3375 2266 parochias.

1974 2290 2085 2359 (Ea:
2113 2288 2304 2342 concil.
2355 2288 2655 2342 Arvernen.
2707 2302 2828 2356 cap.
2872 2290 2949 2354 3.)
3000 2286 3342 2356 Quicunque
3383 2284 3602 2356 episco-

1901 2393 2008 2448 pus
2083 2374 2320 2431 alterius
2392 2375 2644 2446 episcopi
2707 2374 2997 2429 diazcesim
3055 2390 3160 2444 per
3224 2375 3355 2429 XXX
3422 2389 3605 2427 annos

1900 2481 2023 2519 sane
2070 2465 2266 2535 aliqua
2316 2463 2777 2534 interpellatione
2826 2462 3167 2533 possederit,
3215 2462 3473 2533 quamvis
3516 2476 3602 2516 se-

1899 2552 2154 2607 cundum
2197 2554 2293 2622 jus
2338 2553 2481 2622 legis
2530 2551 2654 2621 ejus
2708 2550 2971 2605 videatur
3010 2567 3131 2604 esse
3179 2550 3454 2617 diaecesis,
3508 2550 3604 2604 ad-

1902 2641 2181 2695 mittenda
2215 2656 2331 2693 non
2364 2644 2451 2693 est
2497 2646 2696 2694 contra
2733 2655 2865 2693 eum
2897 2639 3042 2692 actio
3092 2638 3427 2709 reposcendi
3456 2654 3469 2692 :
3504 2637 3604 2692 sed

1900 2731 2009 2783 hoc
2055 2729 2206 2783 intra
2236 2744 2411 2781 unam
2444 2728 2802 2797 parochiam,
2839 2734 2994 2780 extra
3028 2743 3160 2781 vero
3194 2727 3352 2781 nullo
3385 2726 3552 2780 modo
3587 2740 3602 2777 :

1900 2834 1992 2882 ne,
2042 2818 2180 2872 dum
2226 2816 2487 2871 dioecesis
2532 2815 2880 2885 defenditur,
2912 2815 3339 2885 provinciarum
3373 2813 3604 2869 termini

1898 2905 2347 2960 confundantur.

1899 3012 2026 3067 CAP.
2073 3011 2300 3066 LXVIII.
2346 3040 2414 3049 —
2461 3011 2529 3065 Ut
2574 3011 2812 3079 episcopi
2861 3010 2958 3078 qui
3016 3010 3299 3077 negligant
3345 3009 3460 3062 loca
3501 3022 3604 3062 sua

1997 3098 2032 3136 a
2054 3085 2250 3136 vicinis
2280 3083 2567 3150 episcopis,
2602 3086 2661 3133 ut
2688 3096 2742 3134 se
2766 3084 3064 3148 corrigunt,
3089 3082 3502 3134 admoneantur.

1977 3171 2087 3241 (Ex
2127 3171 2350 3224 concilio
2391 3171 2686 3236 Africano,
2736 3184 2857 3237 cap.
2910 3170 3021 3234 76.)
3060 3168 3199 3221 item
3252 3166 3487 3237 placuit,
3542 3169 3604 3219 ut

1904 3260 2233 3331 quicunque
2266 3258 2567 3328 negligant
2596 3258 2720 3311 loca
2749 3257 2816 3310 ad
2851 3272 3011 3310 suam
3057 3255 3383 3309 cathedram
3425 3254 3604 3324 perti-

1904 3347 2102 3402 nentia
2130 3347 2190 3401 in
2233 3347 2573 3401 catholicam
2620 3346 2897 3400 unitatem
2930 3344 3159 3411 lucrari,
3189 3343 3608 3398 conveniantur

1904 3453 1937 3490 a
1992 3435 2367 3506 diligentibus
2424 3435 2624 3489 vicinis
2674 3434 2978 3505 episcopis,
3043 3438 3106 3488 ut
3163 3433 3219 3488 id
3269 3448 3439 3505 agere
3491 3447 3604 3485 non

1905 3528 2220 3578 morentur.
2271 3523 2432 3588 Quod
2462 3523 2510 3577 si
2558 3523 2710 3577 intra
2738 3539 2831 3577 sex
2885 3538 3110 3576 menses
3160 3537 3194 3575 a
3237 3521 3329 3576 die
3358 3535 3603 3574 conven-

1905 3612 2079 3666 tionis
2125 3628 2244 3666 non
2301 3611 2612 3677 effecerint,
2668 3611 2769 3681 qui
2823 3610 3077 3681 potuerit
3124 3626 3217 3664 eas
3264 3610 3494 3675 lucrari,
3535 3606 3605 3662 ad

1905 3700 2092 3769 ipsum
2124 3699 2454 3771 pertineant
2486 3715 2498 3753 :
2533 3699 2612 3753 ita
2637 3714 2794 3763 sane,
2825 3704 2888 3752 ut
2918 3698 2963 3751 si
2994 3699 3089 3751 ille
3124 3699 3191 3753 ad
3215 3714 3386 3769 quem
3429 3695 3605 3767 perti-

1906 3787 2099 3841 nuisse
2167 3787 2521 3849 videbantur,
2583 3786 2826 3856 probare
2882 3786 3155 3855 potuerit,
3217 3784 3399 3853 magis
3452 3784 3606 3837 illius

1905 3878 2143 3931 electam
2192 3874 2608 3945 negligentiam
2655 3874 2725 3927 ab
2777 3873 3085 3939 haereticis,
3132 3878 3196 3927 ut
3242 3874 3479 3944 impune
3525 3870 3605 3924 ibi

1904 3966 2037 4030 sint,
2075 3970 2130 4017 et
2173 3979 2334 4016 suam
2389 3962 2749 4033 diligentiam
2798 3962 2971 4015 fuisse
3020 3966 3396 4032 praeventam,
3444 3964 3507 4013 ut
3538 3975 3606 4012 eo

1906 4051 2076 4105 modo
2128 4051 2250 4122 ejus
2295 4067 2431 4105 cura
2483 4051 2781 4104 sollicitior
2834 4055 3122 4103 vetaretur
3156 4066 3169 4103 :
3201 4066 3331 4103 cum
3373 4049 3479 4103 hoc
3512 4048 3607 4118 ju-

1907 4141 2057 4194 dices
2091 4139 2345 4211 episcopi
2378 4139 2773 4209 cognoverint,
2804 4154 2922 4192 suae
2971 4138 3258 4192 cathedrae
3292 4140 3414 4191 loca
3447 4136 3607 4190 resti-

1908 4232 2094 4282 tuant.
2143 4227 2289 4283 Sane
2338 4225 2386 4279 si
2434 4226 2685 4297 episcopi
2735 4226 2885 4279 intra
2937 4243 3082 4298 quos
3127 4241 3297 4279 causa
3331 4229 3607 4287 versatur,

1911 4317 2265 4370 diversarum
2317 4320 2452 4368 sunt
2498 4314 2945 4385 provinciarum,
2988 4314 3083 4367 ille
3130 4314 3345 4385 primas
3397 4312 3491 4367 det
3514 4314 3607 4380 ju-

1912 4405 2084 4472 dices,
2134 4404 2355 4458 vicinus
2406 4402 2699 4474 provincia
2749 4408 2834 4456 est
2881 4402 3037 4455 locus
3087 4402 3156 4455 de
3208 4418 3321 4472 quo
3372 4407 3609 4453 conten-

1911 4493 2084 4547 ditur.
2117 4492 2176 4545 Si
2206 4497 2399 4545 autem
2431 4507 2499 4544 ex
2530 4491 2827 4544 communi
2874 4490 3082 4559 placito
3134 4489 3347 4542 vicinos
3390 4488 3613 4558 judices

1913 4581 2214 4650 elegerint,
2259 4585 2360 4632 aut
2406 4594 2558 4632 unus
2607 4578 2876 4648 eligatur,
2922 4584 3024 4630 aut
3063 4581 3222 4630 tres:
3258 4580 3356 4629 aut
3403 4575 3452 4629 si
3498 4582 3613 4628 tres

1914 4668 2213 4738 elegerint,
2261 4672 2361 4721 aut
2402 4665 2666 4719 omnium
2725 4665 3071 4718 sententiam
3121 4678 3462 4734 sequantur,
3516 4664 3616 4715 aut

1916 4758 2184 4810 duorum.

1917 4863 2043 4917 CAP.
2088 4860 2265 4915 LXIX.
2318 4889 2385 4900 —
2433 4861 2500 4913 De
2547 4857 2753 4911 duobus
2798 4859 3064 4926 episcopis
3113 4856 3503 4911 altercantibus
3552 4855 3617 4909 de

2325 4929 2595 5000 parochia
2626 4928 2915 4996 cujusdam
2946 4930 3201 4981 basilicae.

1990 5021 2095 5089 (Ea:
2124 5020 2311 5075 concil.
2347 5019 2617 5087 Spalensi,
2649 5033 2768 5086 cap.
2810 5016 2879 5083 I.)
2925 5017 3080 5071 Inter
3111 5020 3462 5069 memoratos
3504 5015 3616 5069 fra-

1920 5114 2034 5163 tres
2078 5113 2322 5174 noslros,
2369 5105 2731 5176 Fulgentium
2777 5105 3165 5176 Astigitanum
3207 5108 3263 5157 et
3302 5103 3619 5158 Honorium

1921 5195 2347 5250 Cordubensem
2395 5194 2716 5265 episcopos,
2766 5193 3039 5247 discnsﬂo
3092 5192 3301 5262 agitata
3351 5198 3453 5257 est,
3490 5207 3621 5260 pro-

1920 5291 2048 5355 pter
2082 5284 2404 5355 parochiam
2435 5284 2684 5337 basilicae
2716 5282 3015 5353 cujusdam
3044 5298 3217 5352 quam
3252 5282 3457 5333 horum
3483 5279 3624 5331 alter

1923 5374 2335 5438 Celtacensem,
2401 5372 2547 5425 alter
2603 5372 2987 5441 Reginensem
3043 5368 3303 5421 asseruit.
3371 5368 3433 5420 Et
3488 5367 3624 5437 quia

1923 5461 2075 5515 inter
2115 5468 2387 5532 utrasque
2422 5465 2612 5531 partes
2675 5459 2945 5512 hactenus
2994 5456 3191 5510 limitis
3232 5454 3376 5508 actio
3426 5453 3622 5508 vendi-

1924 5555 2050 5606 cata
2079 5555 2185 5619 est,
2233 5550 2397 5621 cujus
2446 5548 2707 5620 quamvis
2758 5553 2980 5601 vetusta
3021 5544 3366 5609 retentione,
3400 5543 3625 5596 nullum

1918 5639 2067 5711 juris
2114 5638 2513 5712 praejudicium
2565 5636 2809 5690 adferret
2849 5651 2861 5687 :
2898 5634 3145 5703 ideoque
3187 5649 3259 5685 ne
3300 5632 3359 5685 in
3389 5631 3627 5685 dubium
