3950 6410
316 414 416 467 567

1394 404 1799 463 BURCHARDI
1834 397 2360 459 WORMACIENSIS
2398 395 2734 453 EPISCOPI.

3734 393 3841 446 568

314 534 469 590 ultra
516 531 668 588 inter
710 546 810 585 eos
858 532 1055 585 nostra
1105 528 1479 584 devocaretur
1520 526 1824 589 sententia,
1876 542 2016 598 pro-
2042 527 2088 580 A
2127 521 2488 589 clericorum,
2532 523 2590 573 et
2628 520 2699 573 ad
2748 535 2815 573 ea
2857 534 2988 590 qua
3028 519 3100 574 ad
3154 518 3318 574 illum
3350 535 3461 574 non
3507 518 3838 591 pertinent,

317 622 449 677 latis
514 620 833 676 canonibus
893 618 1192 691 synodalia
1261 618 1487 672 decreta
1544 616 1793 688 perlecta
1858 620 2014 681 sunt,

318 726 570 782 quorum
619 709 928 763 auctoritas
971 711 1296 778 pramonet
1339 705 1420 759 ita
1457 709 1723 775 oportere
1769 702 2017 757 inhiberi

317 799 714 870 cupiditatem,
752 802 811 850 ut
841 813 912 850 ne
940 796 1068 866 quis
1097 794 1371 849 terminos
1398 793 1614 847 alienos
1643 796 1899 863 usurpet.
1934 792 2018 846 0b

317 891 427 944 hoc
468 888 683 959 placuit
729 886 880 940 inter
927 885 1175 938 alternas
1218 888 1405 953 partes
1456 880 1827 952 inspectionis
1871 880 2020 933 vires

320 977 657 1044 mittendos,
705 975 784 1028 ita
813 978 877 1027 ut
902 971 1161 1027 dioecesis
1206 969 1571 1040 possidentis,
1612 969 1657 1023 si
1699 974 1891 1023 tamen
1920 969 2019 1022 ba-

320 1066 543 1120 silicam
576 1062 863 1117 veteribus
892 1059 1070 1131 signis
1102 1059 1265 1112 limes
1303 1057 1567 1127 provisus
1599 1057 2019 1121 monstraverit,

322 1154 583 1209 Ecclesia
632 1151 793 1221 cujus
845 1154 929 1203 est
970 1149 1065 1219 jus
1114 1146 1472 1214 retentionis,
1524 1145 1570 1199 si
1612 1151 1892 1199 aeternum
1926 1145 2023 1199 do-

320 1242 590 1297 minium.
623 1239 787 1304 Quod
818 1242 873 1290 et
917 1236 964 1289 si
994 1235 1161 1289 limes
1190 1234 1489 1305 legitimus
1520 1234 1783 1289 eamdem
1826 1233 2019 1287 basili-

321 1347 446 1384 cam
494 1346 609 1383 non
656 1325 965 1390 concludit,
1006 1330 1063 1379 et
1113 1328 1308 1378 tamen
1360 1323 1517 1393 longi
1558 1322 1836 1394 temporis
1887 1339 2023 1393 pro-

324 1419 492 1471 batur
570 1415 790 1485 objecta
874 1411 1253 1482 prascriptio,
1332 1410 1640 1481 appellatio
1723 1410 2025 1481 prasentis

323 1504 576 1575 episcopi
625 1518 743 1556 non
790 1500 1043 1555 valebit:
1077 1499 1213 1571 quia
1262 1499 1348 1553 illi
1402 1499 1729 1553 tricennalis
1780 1498 2023 1569 objectio

324 1592 618 1647 silentium
662 1590 929 1661 imponit.
984 1591 1097 1643 Hoc
1130 1588 1300 1642 etiam
1351 1592 1409 1641 et
1452 1587 1815 1641 sacularium
1863 1586 2025 1657 prin-

323 1681 516 1751 cipum
556 1678 740 1733 edicta
778 1677 1143 1748 praecipiunt,
1185 1680 1241 1729 et
1273 1676 1587 1746 prasulum
1633 1676 2024 1729 Romanorum

326 1768 579 1824 decrevit
624 1765 953 1821 auctoritas.
986 1766 1087 1821 Sin
1121 1781 1253 1818 vero
1294 1764 1444 1818 infra
1488 1769 1668 1818 metas
1698 1764 2027 1817 tricennalis
2060 1805 2102 1858 Β

324 1856 628 1928 temporis,
691 1860 849 1910 extra
903 1854 1122 1908 alienos
1172 1852 1450 1907 terminos
1510 1853 1758 1907 basilica
1816 1852 2029 1921 injuste

322 1945 571 2000 retentio
594 1944 903 2015 reperitur,
938 1942 1252 2013 repetentis
1286 1940 1544 2013 episcopi
1567 1940 1688 2011 juri
1716 1941 1837 1994 sine
1866 1956 2030 1995 mora

328 2034 684 2089 restituetur.

330 2141 458 2195 CAP.
491 2139 635 2193 LXX.
682 2166 749 2177 —
804 2140 880 2191 De
922 2138 1187 2260 episc’opis
1242 2137 1340 2217 qui
1390 2135 1716 2191 contendunt
1758 2135 1824 2189 de
1861 2151 2029 2205 paro-

1032 2223 1058 2260 c
1100 2222 1170 2260 us
1199 2222 1335 2260 suis.

1032 2222 1170 2261 cnus
1199 2222 1335 2261 suis.

405 2298 516 2368 (Ea:
567 2297 754 2351 concil.
800 2296 1091 2362 Africano,
1124 2311 1245 2363 cap.
1284 2294 1403 2363 75.)
1452 2294 1669 2347 Placuit
1696 2298 1762 2347 ut
1791 2293 2033 2364 quicun-

337 2401 450 2455 que
479 2382 731 2455 episcopi
780 2382 979 2453 plebes
1008 2398 1151 2452 quas
1199 2382 1269 2435 ad
1314 2397 1477 2435 suam
1507 2381 1839 2435 cathedram
1890 2382 2039 2435 asti-

334 2476 498 2526 mant
526 2470 815 2542 pertinere
848 2486 964 2523 non
995 2469 1074 2525 ita
1102 2473 1395 2540 repetunt,
1434 2473 1497 2523 ut
1528 2484 1723 2523 causas
1755 2485 1885 2522 suas
1928 2468 2040 2539 epi-

337 2560 522 2630 scopis
568 2558 962 2629 judicantibus
990 2563 1164 2629 agant
1201 2575 1213 2613 :
1248 2558 1347 2612 sed
1375 2557 1489 2611 alio
1537 2557 1821 2611 retinente
1853 2557 2034 2611 irrue-

338 2648 473 2712 rint,
511 2647 628 2701 sive
660 2645 1011 2709 nolentibus,
1045 2646 1161 2699 sive
1195 2646 1515 2699 volentibus
1544 2645 1809 2715 plebibus
1852 2662 2038 2699 causa

340 2753 458 2792 sua
488 2735 897 2791 detrimentum
948 2734 1259 2805 patiantur.
1295 2735 1365 2787 Et
1407 2733 1737 2805 quicunque
1783 2734 1902 2805 jam
1934 2735 2040 2787 hoc

340 2826 618 2892 fecerunt,
649 2823 696 2877 si
742 2822 1003 2877 nondum
1052 2828 1137 2877 est
1180 2822 1331 2878 inter
1374 2822 1670 2893 episcopos
1710 2823 1869 2877 ﬁnita
1897 2839 2040 2877 con—

342 2912 545 2978 tentio,
577 2912 674 2966 sed
699 2912 884 2965 adhuc
912 2911 1047 2965 inde
1092 2912 1469 2975 contendunt,
1500 2911 1597 2964 ille
1626 2911 1760 2965 inde
1792 2911 2044 2965 discedat

343 3017 517 3072 quem
561 3000 886 3054 constiterit
933 2999 1339 3070 pratermissis
1361 2999 1599 3068 judiciis
1648 2999 2040 3052 ecclesiasticis

2125 609 2491 680 importunus
2527 606 2748 673 existat,
2795 622 2973 660 vacua
3003 605 3120 661 sint
3151 612 3207 661 et
3234 607 3432 662 inania
3470 607 3667 662 omnia
3701 622 3842 677 qua

2126 696 2198 750 ab
2228 711 2294 749 eo
2328 692 2544 748 fuerint
2580 691 2910 746 constituta.
2948 693 3073 762 Ipse
3114 697 3306 747 autem
3355 694 3530 764 digna
3558 693 3848 762 increpa-—

2126 783 2283 838 tione
2361 780 2910 849 excommunicetur,
2980 784 3037 834 et
3096 780 3463 835 abominetur
3530 798 3561 835 a
3633 785 3845 833 sancto

2127 871 2384 926 concilio.

2128 975 2257 1031 CAP.
2300 975 2523 1031 LXXIV.
2571 1004 2639 1014 —
2680 976 2754 1027 Ne
2803 975 3100 1042 episcopus,
3151 989 3253 1028 sua
3300 976 3519 1029 civitate
3557 974 3851 1044 despecta,

2462 1046 2698 1099 ambitus
2728 1061 2893 1099 causa
2923 1045 2997 1097 ad
3026 1047 3197 1099 aliam
3227 1049 3485 1100 transeat.

2201 1132 2309 1203 (Ea:
2338 1132 2533 1188 decret.
2583 1134 2775 1187 Leonis
2803 1148 2986 1201 papa,
3036 1148 3157 1202 cap.
3215 1134 3321 1201 38.)
3355 1133 3415 1188 Si
3462 1132 3593 1203 quis
3642 1136 3857 1185 autem

2130 1221 2449 1292 episcopus,
2493 1205 2903 1275 civitatis‘sua
2958 1220 3350 1275 mediocritate
3398 1221 3693 1292 despecta,
3745 1220 3858 1273 ad-

2130 1309 2610 1364 ministrationem
2673 1309 2786 1362 loci
2851 1308 3178 1362 celebrioris
3245 1309 3547 1377 ambierit,
3628 1315 3689 1361 et
3777 1309 3859 1362 ad

2132 1399 2412 1468 majorem
2468 1413 2528 1451 se
2581 1397 2808 1467 plebem
2864 1412 3226 1467 quacumque
3296 1398 3517 1450 ratione
3575 1402 3856 1450 transtu-

2132 1486 2283 1552 lerit,
2325 1502 2358 1538 a
2386 1485 2657 1538 cathedra
2695 1484 2930 1555 quidem
2971 1485 3218 1555 pellatur
3246 1485 3453 1549 aliena,
3487 1484 3588 1539 sed
3620 1483 3861 1538 carebit

2135 1580 2190 1629 et
2222 1574 2455 1645 propria
2486 1590 2499 1627 :
2534 1577 2597 1627 ut
2644 1589 2750 1627 nec
2793 1572 2906 1626 illis
2957 1573 3260 1642 praesideat
3310 1589 3455 1643 quos
3507 1589 3609 1643 per
3660 1573 3863 1625 avari-

2133 1664 2273 1717 tiam
2318 1661 2664 1733 concupivit,
2698 1677 2801 1715 nec
2852 1661 2964 1714 illis
2992 1678 3134 1732 quos
3178 1677 3282 1731 per
3310 1661 3642 1731 superbiam
3683 1678 3861 1729 spre-

2137 1750 2237 1804 vit.
2286 1749 2414 1803 Suis
2462 1749 2639 1819 igitur
2668 1748 2930 1803 terminis
2973 1748 3215 1818 quisque
3267 1754 3571 1803 contentus
3609 1752 3705 1814 sit,
3751 1767 3866 1802 nec

2140 1855 2311 1909 supra
2344 1854 2671 1892 mensuram
2691 1837 2842 1908 juris
2871 1836 2959 1890 sui
2993 1836 3216 1891 affectet
3245 1837 3462 1909 augeri.

2138 1946 2266 2000 CAP.
2304 1944 2499 2000 LXXV.
2549 1973 2618 1985 —
2654 1946 2718 1998 Ut
2770 1943 2838 1997 ab
2887 1945 3151 2012 episcopis
3200 1945 3381 1998 aliena
3416 1946 3691 2013 parochia
3741 1948 3865 1997 mi-

2721 2016 2870 2068 nime
2894 2014 3253 2083 pervadatur.

2213 2104 2310 2174 (De
2341 2103 2635 2157 canonibus
2664 2104 2892 2172 apostol.
2940 2105 3027 2157 tit.
3068 2102 3175 2172 14.)
3204 2102 3482 2174 Episcopo
3512 2119 3631 2157 non
3675 2103 3867 2157 licere

2140 2193 2389 2247 alienam
2436 2192 2770 2263 parochiam
2818 2191 3056 2262 propria
3094 2192 3290 2245 relicta
3320 2193 3657 2262 pervadere,
3722 2194 3870 2246 licet

2142 2286 2382 2352 cogatur
2410 2297 2443 2334 a
2482 2280 2772 2351 plurimis,
2824 2280 2933 2334 nisi
2961 2280 3103 2333 forte
3151 2280 3369 2351 quavis
3409 2296 3545 2334 eum
3591 2282 3865 2334 rationa-

2142 2370 2275 2424 bilis
2320 2385 2491 2423 causa
2531 2369 2859 2438 compellat,
2909 2372 3187 2439 tanquam
3244 2368 3343 2438 qui
3391 2368 3577 2439 possit
3631 2368 3870 2422 ibidem

2143 2457 2467 2512 constitutis
2496 2458 2627 2526 plus
2675 2456 2819 2510 lucri
2847 2457 3127 2523 conferre,
3163 2461 3218 2510 et
3247 2456 3306 2509 in
3337 2472 3509 2510 causa
3547 2458 3869 2527 religionis

2146 2546 2363 2617 aliquid
2410 2546 2667 2615 profecto
2712 2545 3058 2615 prospicere.
3091 2546 3154 2598 Et
3181 2547 3286 2599 hoc
3325 2561 3441 2599 non
3477 2562 3511 2599 a
3537 2547 3867 2615 semetipso

2144 2638 2453 2705 pertentet,
2516 2633 2617 2686 sed
2670 2634 2989 2687 multorum
3056 2633 3455 2703 episcoporum
3509 2634 3739 2705 judicio
3809 2643 3870 2687 et

2149 2722 2395 2776 maxima
2425 2721 2843 2792 supplicatione
2871 2720 3145 2790 perﬁciat.

2539 2810 2666 2864 CAP.
2704 2809 2921 2863 LXXVI.
2969 2838 3027 2849 --
3065 2812 3133 2863 De
3160 2809 3344 2863 eadem
3376 2825 3454 2863 re.

2223 2900 2334 2969 (Ea:
2369 2900 2525 2967 epist.
2584 2900 2829 2952 Evaristi
2874 2913 3052 2966 papa,
3106 2898 3379 2964 fratribus
3424 2914 3524 2967 per
3555 2902 3871 2967 ngyptum

2150 2987 2375 3052 directa,
2425 3001 2544 3055 cap.
2596 2985 2674 3055 4.)
2726 2985 3054 3039 Sacerdotes
3101 3001 3235 3039 vero
3286 2984 3405 3039 vice
3454 2986 3671 3039 Christi
3708 2987 3873 3056 lega-

344 3089 603 3154 irruisse,
655 3103 761 3142 nec
809 3086 919 3141 sibi
968 3087 1210 3158 quisque
1256 3086 1604 3152 blandiatur,
1647 3087 1762 3140 sia
1799 3087 2044 3157 primate
2076 3084 2116 3139 C
2150 3076 2308 3130 ῒὶοοθ
2367 3075 2688 3145 funguntur
2742 3074 2801 3126 in
2855 3073 3122 3137 Εοοιθδίᾶς
3178 3079 3236 3127 θῐ
3291 3073 3438 3127 Sicut
3494 3073 3548 3127 ei
3610 3091 3717 3127 5118
3777 3082 3872 3128 est

348 3178 413 3226 ut
441 3172 689 3226 retineat
739 3171 959 3225 litteras
1008 3170 1333 3241 impetrarit
1366 3186 1379 3223 :
1418 3171 1513 3224 sed
1566 3170 1682 3223 sive
1712 3171 1921 3225 habeat
1953 3170 2044 3224 lit-

348 3268 522 3326 teras,
572 3260 687 3312 sive
720 3275 836 3313 non
869 3259 1098 3327 habeat,
1143 3258 1445 3313 conveniat
1476 3274 1609 3312 eum
1644 3258 1744 3328 qui
1782 3262 1958 3325 tenet,
1992 3262 2048 3312 et

352 3348 476 3420 ejus
525 3348 739 3401 litteras
791 3346 1050 3417 accipiat,
1098 3350 1164 3401 ut
1206 3362 1337 3399 eum
1378 3350 1651 3416 appareat
1697 3346 1931 3416 paciﬁce
1962 3352 2046 3399 te-

352 3436 547 3491 nuisse
596 3434 899 3489 Ecclesiam
951 3435 1021 3488 ad
1073 3450 1131 3487 se
1179 3433 1587 3503 pertinentem.
1635 3434 1691 3489 Si
1730 3440 1924 3489 autem
1953 3435 2048 3489 ille

354 3524 608 3595 aliquam
639 3522 1016 3593 quastionem
1045 3522 1334 3590 retulerit,
1376 3539 1478 3592 per
1508 3523 1804 3593 episcOpos
1826 3522 2050 3592 judices

356 3629 527 3668 causa
566 3611 821 3679 ﬁniatur,
868 3610 983 3664 sive
1008 3627 1152 3682 quos
1192 3611 1273 3663 eis
1304 3611 1577 3680 primates
1622 3610 1906 3681 dederint,
1935 3611 2050 3665 sive

356 3718 499 3774 quos
527 3700 634 3771 ipsi
661 3700 877 3753 vicinos
907 3715 971 3752 ex
1002 3715 1277 3753 consensu
1309 3699 1645 3770 delegerint.

355 3807 485 3860 CAP.
524 3807 694 3860 LXXI.
729 3836 797 3844 —
845 3808 911 3859 Ut
952 3807 1009 3858 in
1055 3808 1231 3859 altera
1263 3807 1527 3875 parochia
1569 3808 1788 3861 clericos
1825 3808 2052 3861 alterius

633 3877 869 3930 diwcesis
895 3879 1174 3946 episcopus
1199 3878 1509 3931 nullatenus
1540 3878 1771 3932 ordinet.

430 3965 539 4031 (Ea:
580 3965 767 4017 concil.
800 3966 1107 4030 Antioche,
1140 3981 1261 4033 cap.
1301 3964 1417 4033 22.)
1467 3966 1777 4036 Episcopus
1806 3965 2053 4021 alienam

360 4052 669 4117 civitatem,
703 4067 833 4121 qua
876 4068 992 4104 non
1024 4057 1111 4105 est
1156 4051 1240 4105 illi
1270 4051 1541 4121 subjecta,
1575 4069 1691 4106 non
1721 4054 1904 4120 adeat,
1950 4069 2056 4108 nec

360 4140 432 4193 ad
466 4138 880 4210 possessionem
914 4139 1162 4205 accedat,
1198 4156 1329 4209 qua
1373 4140 1445 4193 ad
1475 4156 1607 4193 eum
1638 4157 1755 4194 non
1785 4142 2052 4211 pertinet,

362 4244 469 4281 nec
517 4226 942 4280 ordinationem
989 4226 1070 4280 ibi
1122 4227 1307 4281 facere
1359 4234 1673 4297 prasumat
1704 4246 1716 4283 :
1752 4229 1861 4283 nisi
1911 4230 2057 4285 forte

361 4332 495 4369 cum
539 4315 775 4369 consilio
807 4320 862 4369 et
908 4317 1197 4370 voluntate
1240 4316 1493 4387 episcopi
1526 4317 1793 4387 regionis.
1837 4319 1895 4373 Si
1929 4319 2057 4389 quis

361 4410 556 4459 autem
603 4406 713 4458 tale
764 4404 983 4475 aliquid
1027 4404 1212 4459 facere
1261 4406 1583 4472 tentaverit,
1631 4406 1792 4460 irrita
1831 4407 1906 4461 sit
1936 4409 2059 4479 ejus

362 4492 674 4558 ordinatio,
708 4498 763 4546 et
790 4492 913 4563 ipse
942 4498 1272 4547 coerceatur
1299 4510 1332 4546 a
1357 4487 1596 4565 synodo.

363 4598 492 4655 CAP.
526 4599 727 4654 LXXII.
768 4616 841 4641 -ι
874 4601 941 4654 Ut
987 4601 1135 4653 nullo
1177 4600 1333 4654 modo
1385 4601 1451 4653 de
1476 4601 1741 4669 parochia
1788 4599 1862 4654 ad
1892 4602 2062 4655 aliam

921 4672 1201 4739 episcopus
1236 4676 1498 4725 transeat.

436 4760 547 4824 (Ea:
576 4757 775 4824 eodem,
817 4773 937 4827 cap.
992 4758 1104 4829 2t.)
1157 4758 1466 4829 Episcopus
1513 4757 1583 4812 ab
1632 4758 1744 4811 alia
1792 4758 2063 4828 parochia

362 4861 732 4915 nequaquam
774 4845 982 4915 migret
1014 4846 1086 4898 ad
1133 4845 1304 4899 aliam
1338 4863 1350 4900 :
1382 4862 1487 4899 nec
1516 4850 1721 4915 sponte
1768 4862 1868 4899 sua
1898 4861 2060 4916 pror-

365 4948 462 4986 sus
490 4933 767 4997 insiliens,
801 4950 906 4987 nec
955 4933 1008 4986 vi
1038 4939 1266 4988 coactus
1298 4950 1330 4987 a
1358 4934 1606 5004 populis,
1654 4949 1757 4987 nec
1801 4935 1871 4989 ab
1911 4934 2061 5004 epis-

364 5020 549 5092 sc0pis
590 5021 925 5075 necessitate
954 5024 1306 5092 compulsus.
1354 5023 1577 5076 Maneat
1619 5025 1809 5075 autem
1854 5022 1915 5075 in
1961 5024 2061 5075 Ec-

364 5110 535 5163 clesia
585 5126 759 5179 quam
807 5110 1077 5180 primitus
1126 5127 1159 5164 a
1201 5112 1317 5164 Deo
1358 5110 1591 5163 sortitus
1622 5116 1727 5178 est,
1784 5128 1887 5164 nec
1930 5112 2062 5165 inde

364 5197 757 5268 transmigret,
792 5199 1111 5253 secundum
1158 5197 1471 5269 pristinum
1504 5198 1814 5252 terminum
1846 5199 1914 5253 de
1958 5202 2063 5254 hac

363 5302 423 5341 re
457 5288 851 5341 constitutum.

364 5374 493 5429 CAP.
557 5376 785 5431 LXXIII.
838 5403 912 5415 —
964 5376 1038 5428 De
1087 5375 1510 5442 praesumptione
1556 5373 1751 5429 aliena
1799 5375 2058 5431 diwcesis.

437 5465 541 5532 (Em
570 5466 728 5533 epist.
764 5463 1047 5529 Bonifacii
1086 5466 1288 5531 papa.)
1338 5460 1394 5515 Si
1425 5461 1551 5532 quis
1605 5462 1903 5534 episcopus
1946 5480 2064 5518 non

364 5552 598 5617 rogatus
630 5548 699 5601 de
731 5548 841 5601 alia
882 5545 1181 5618 provincia
1208 5545 1268 5599 in
1295 5546 1467 5601 aliam
1509 5547 1750 5612 venerit,
1778 5564 2063 5618 prasum-

368 5634 523 5703 ptive
578 5634 805 5690 irruens
862 5637 931 5690 ad
990 5633 1417 5691 ordinationem
1473 5639 1532 5689 et
1591 5635 2063 5691 constitutionem

2155 3162 2459 3231 conjuncta
2534 3176 2762 3230 sponsa,
2837 3160 2894 3214 id
2952 3164 3037 3215 est
3103 3161 3364 3229 Ecclesia,
3430 3161 3509 3215 sic
3574 3162 3872 3232 episcopis

2151 3251 2478 3321 junguntur
2506 3249 2784 3315 Ecclesia,
2820 3249 3132 3321 unicuique
3166 3266 3269 3321 pro
3316 3250 3587 3319 portione
3622 3268 3730 3305 sua
3762 3268 3775 3305 :
3814 3256 3875 3305 et

2156 3340 2304 3393 sicut
2350 3338 2436 3391 vir
2487 3354 2605 3392 non
2659 3337 2828 3391 debet
2884 3338 3179 3408 negligere
3228 3354 3467 3393 uxorem
3526 3355 3716 3403 suam,
3767 3341 3874 3393 sed

2158 3429 2418 3498 diligere,
2473 3431 2530 3480 et
2576 3431 2724 3481 caste
2774 3427 3081 3492 custodire,
3138 3432 3193 3480 et
3238 3443 3453 3492 amare,
3500 3433 3679 3499 atque
3730 3444 3876 3497 pru-

2158 3516 2359 3571 denter
2417 3530 2647 3585 regere,
2708 3514 2788 3568 ita
2836 3518 2893 3568 et
2945 3515 3248 3586 episcopus
3314 3516 3482 3569 debet
3549 3517 3873 3570 Ecclesiam

2158 3621 2342 3659 suam.
2380 3605 2446 3658 Et
2473 3604 2628 3657 velut
2663 3619 2808 3657 uxor
2837 3619 2966 3674 qua
2996 3603 3099 3657 sub
3132 3618 3311 3658 manu
3340 3609 3428 3658 est
3460 3604 3589 3669 viri,
3624 3605 3875 3660 obedire

2159 3693 2329 3747 debet
2359 3696 2479 3746 viro
2522 3708 2644 3757 suo,
2699 3707 2948 3762 eumque
2988 3708 3200 3758 amare,
3248 3696 3305 3746 et
3346 3692 3589 3763 diligere
3625 3709 3637 3747 :
3667 3695 3876 3762 potius

2160 3780 2334 3835 etiam
2388 3780 2633 3834 Ecclesia
2680 3780 2952 3851 episcopo
3013 3796 3115 3834 suo
3163 3780 3225 3834 in
3270 3781 3540 3834 omnibus
3598 3781 3872 3847 obedire,

2162 3885 2411 3939 eumque
2441 3884 2656 3936 amare,
2697 3874 2754 3922 et
2781 3868 3019 3939 diligere
3057 3873 3123 3923 ut
3152 3868 3405 3922 animam
3448 3885 3610 3922 suam
3648 3870 3831 3924 debet
3861 3888 3874 3924 :

2164 3956 2302 4028 quia
2347 3956 2489 4010 illud
2541 3955 2606 4010 ﬁt
2634 3956 2959 4025 carnaliter,
3010 3957 3162 4011 istud
3216 3956 3567 4026 spiritaliter.
3620 3958 3689 4011 Et
3720 3959 3879 4012 sicut

2162 4046 2250 4101 vir
2299 4062 2415 4099 non
2465 4044 2636 4098 debet
2692 4044 3015 4098 adulterare
3072 4061 3310 4099 uxorem
3354 4062 3515 4099 suam
3565 4062 3578 4099 :
3631 4045 3715 4099 ita
3765 4063 3881 4101 nec

2165 4134 2468 4204 episcopus
2516 4132 2819 4187 Ecclesiam
2860 4149 3042 4198 suam,
3078 4131 3136 4186 id
3168 4138 3266 4195 est,
3308 4138 3372 4188 ut
3403 4134 3561 4187 illam
3590 4133 3878 4201 dimittat,

2167 4224 2236 4278 ad
2286 4238 2463 4294 quam
2509 4226 2873 4276 consecratus
2902 4227 3005 4288 est,
3053 4222 3268 4292 absque
3316 4222 3635 4276 inevitabili
3675 4239 3882 4277 neces-

2170 4311 2333 4364 sitate
2399 4315 2499 4364 aut
2568 4310 2878 4378 apostolica
2943 4311 3032 4364 vel
3099 4311 3352 4381 regulari
3405 4311 3753 4379 mutatione,
3824 4320 3885 4366 et

2172 4398 2337 4453 alteri
2375 4414 2433 4451 se
2478 4398 2729 4452 ambitus
2777 4414 2948 4452 causa
3001 4399 3331 4470 conjungat.
3394 4401 3459 4454 Et
3506 4399 3653 4454 sicut
3709 4402 3883 4455 uxori

2170 4504 2287 4541 non
2319 4487 2452 4541 licet
2494 4486 2786 4541 dimittere
2838 4486 3028 4540 virum
3071 4503 3260 4552 suum,
3302 4493 3365 4541 ut
3405 4486 3592 4555 alteri,
3642 4487 3883 4542 vivente

2172 4591 2261 4641 eo,
2314 4574 2681 4629 matrimonio
2730 4591 2788 4628 se
2845 4575 3039 4642 societ,
3083 4580 3147 4629 ut
3192 4590 3327 4629 eum
3374 4576 3682 4641 adulteret,
3745 4577 3887 4631 licet

2173 4662 2483 4717 fornicatus
2532 4662 2606 4717 sit
2662 4663 2747 4716 vir
2793 4663 2935 4733 ejus,
3002 4664 3099 4718 sed
3150 4663 3313 4733 juxta
3362 4663 3724 4734 Apostolum,
3782 4672 3887 4719 aut

2170 4751 2291 4804 viro
2320 4767 2424 4805 suo
2455 4750 2623 4805 debet
2666 4750 3044 4815 reconciliari,
3080 4756 3180 4805 aut
3208 4768 3440 4806 manere
3469 4752 3719 4823 innupta
3753 4770 3766 4807 :
3802 4755 3887 4808 ita

2170 4839 2433 4893 Ecclesia
2477 4854 2594 4893 non
2655 4839 2783 4893 licet
2831 4839 3121 4894 dimittere
3165 4840 3498 4910 episcopum
3550 4856 3752 4909 suum,
3783 4848 3887 4895 aut

2172 4929 2241 4981 ab
2275 4945 2341 4983 eo
2374 4944 2433 4982 se
2477 4943 2801 4999 segregare,
2848 4932 2913 4983 ut
2942 4930 3186 4983 alterum
3229 4944 3294 4982 eo
3330 4929 3554 4982 vivente
3586 4929 3837 5000 accipiat
3872 4950 3883 4985 :

2172 5018 2269 5072 sed
2302 5021 2401 5071 aut
2428 5017 2619 5087 ipsum
2657 5016 2886 5079 habeat,
2937 5022 3034 5071 aut
3064 5017 3311 5087 innupta
3356 5020 3608 5085 maneat,
3660 5018 3726 5072 id
3777 5026 3883 5087 est,

2173 5121 2244 5159 ne
2275 5106 2519 5159 alterum
2553 5105 2886 5175 episcopum
2934 5121 3036 5159 suo
3074 5105 3296 5159 vivente
3339 5104 3601 5175 accipiat,
3653 5112 3722 5160 ut
3761 5107 3885 5161 fer-

2174 5193 2474 5247 nicationis
2530 5198 2630 5247 aut
2684 5193 2953 5247 adulterii
3009 5192 3228 5247 crimen
3284 5193 3561 5247 incurrat.
3622 5195 3771 5249 Nam
3836 5198 3883 5250 si

2164 5274 2490 5336 adulterata
2528 5281 2723 5348 fuerit,
2758 5281 2815 5335 id
2846 5287 2952 5349 est,
3003 5281 3051 5334 si
3080 5297 3140 5335 se
3177 5281 3339 5335 alteri
3374 5282 3647 5352 episcopo
3673 5283 3885 5353 junxe-

2173 5372 2267 5436 rit,
2300 5374 2399 5423 aut
2444 5385 2617 5440 super
2646 5386 2704 5424 se
2754 5370 2997 5425 alterum
3031 5369 3368 5440 episcopum
3417 5371 3753 5437 adduxerit,
3784 5381 3883 5429 aut

2174 5474 2296 5511 esse
2372 5457 2608 5523 fecerit,
2674 5459 2764 5512 vel
2828 5458 3285 5523 desideraverit,
3362 5474 3469 5528 per
3536 5461 3883 5517 acerrimam

2172 5545 2591 5616 panitentiam,
2656 5550 2756 5600 aut
2814 5561 2917 5600 suo
2974 5545 3376 5602 reconcilietur
3425 5547 3729 5621 episcOpo,
3790 5556 3883 5605 aut

2172 5633 2418 5705 innupta
2444 5638 2803 5705 permaneat.
