3950 6412
135 413 246 464 569

327 536 456 592 Car.
488 535 732 591 LXXVII.
757 565 827 576 —
853 536 947 590 Du
974 539 1271 591 mutatione
1290 539 1681 607 episcoporum.

216 660 329 731 (Ea:
392 662 552 729 epist.
605 660 842 715 Antheri
906 676 1069 730 papae
1134 663 1399 730 episcopis
1449 677 1548 730 per
1600 664 1855 717 Buzticam

136 754 315 818 atque
414 750 725 803 Toletanam
814 752 1159 817 provinciam
1277 753 1583 804 constitutis
1662 752 1850 817 missa,

137 852 275 906 cap.
338 837 450 905 14.)
512 838 587 890 De
650 836 977 891 mutatione
1050 853 1187 907 ergo
1236 837 1638 909 episcoporum
1702 839 1853 892 unde

136 930 413 979 sanctum
444 924 636 979 sedem
679 925 1054 995 apostolicam
1093 927 1394 981 consulere
1424 926 1706 995 voluistis,
1742 926 1854 980 sci—

136 1016 268 1067 tote
327 1028 454 1065 eam
503 1012 794 1066 communi
826 1013 1068 1067 utilitate
1109 1020 1282 1085 atque
1331 1014 1668 1069 necessitate
1727 1014 1855 1068 fieri

137 1100 344 1166 licere,
376 1100 473 1154 sed
500 1116 618 1153 nou
666 1101 835 1154 lihitu
883 1102 1224 1172 cujusquam
1284 1108 1383 1157 aut
1434 1102 1851 1157 dominatione.

138 1190 349 1243 Petrus
372 1193 599 1241 sanctus
669 1189 959 1258 magister,
1030 1195 1088 1244 et
1142 1190 1411 1261 princeps
1461 1192 1855 1261 apostolorum

138 1278 217 1331 de
258 1277 563 1331 Antiochia
608 1277 870 1332 utilitatis
900 1294 1070 1332 causa
1116 1280 1426 1333 translatus
1478 1285 1562 1332 est
1588 1280 1854 1348 Romam,

141 1371 212 1420 ut
243 1366 460 1419 ibidem
500 1370 689 1435 potius
747 1366 1027 1436 proﬁcere
1059 1373 1271 1438 posset.
1308 1368 1580 1421 Eusebius
1621 1383 1855 1439 quoque

141 1454 219 1508 de
280 1454 531 1525 quadam
586 1471 763 1525 parva
827 1456 1073 1521 civitate,
1128 1456 1442 1526 apostolica
1513 1456 1854 1511 auctoritate

138 1543 460 1596 translatus
490 1548 577 1597 est
603 1543 1029 1598 Alexandriam.
1062 1543 1341 1598 Similiter
1390 1544 1544 1598 Felix
1593 1544 1663 1599 de
1711 1544 1853 1598 civi-

136 1636 263 1685 tate
294 1631 354 1684 in
387 1647 500 1702 qua
533 1631 831 1685 ordinatus
858 1637 979 1686 erat
1009 1632 1283 1686 electione
1351 1632 1587 1701 civium,
1616 1638 1857 1704 propter

136 1719 473 1774 doctrinam
527 1724 582 1774 et
646 1719 862 1773 bonam
921 1720 1098 1773 vitam
1144 1736 1316 1791 quam
1375 1719 1641 1786 habebat,
1695 1734 1853 1773 com-

1136 413 1617 471 DECRETORUM
1659 415 1849 472 LIBRI
1886 416 1995 472 XX.
2038 442 2111 456 —
2148 415 2355 471 LIBER
2398 415 2678 471 PRIMUS.

3562 418 3665 471 570

1891 540 1942 594 Α
1978 538 2105 594 CAP.
2130 538 2317 592 LXXX.
2352 567 2419 577 -——
2444 540 2515 592 De
2560 538 2805 607 episcopo
2853 538 2951 605 qui
2994 538 3053 591 in
3112 551 3213 591 sua
3255 538 3428 603 fuerit
3480 552 3664 605 perse-

2066 615 2221 663 cutus
2249 610 2519 671 Ecclesia,
2552 608 2698 677 quod
2726 608 2801 661 ad
2829 610 2997 661 aliam
3023 610 3074 663 ei
3101 610 3176 663 sit
3202 608 3547 675 fugiendum.

2030 698 2137 762 (Ea:
2167 698 2338 751 decre.
2373 697 2574 750 Catist.
2604 712 2763 765 papae
2791 699 3054 765 episcopis
3081 712 3182 765 per
3237 698 3484 750 Gallium
3533 712 3660 751 con-

1958 788 2167 841 stitutis
2222 788 2448 853 missis.,
2506 800 2627 853 cap.
2691 783 2798 853 15.)
2838 784 2893 839 Si
2950 785 3081 855 quis
3132 784 3433 855 episcopus
3490 785 3667 839 fuerit

1958 878 2289 946 persecutus
2342 874 2402 927 iu
2461 889 2562 926 sua
2591 873 2858 939 Ecclesia,
2924 873 3266 942 fugiendum
3326 873 3410 926 illi
3451 878 3536 928 est
3592 874 3661 927 ad

1960 965 2221 1030 alteram,
2261 962 2430 1033 eique
2457 961 2812 1027 sociandum,
2849 962 3075 1015 dicente
3120 962 3399 1015 Domino:
3442 961 3502 1016 Si
3531 977 3663 1032 per-

1960 1050 2139 1105 secuti
2170 1067 2269 1104 vos
2318 1049 2533 1103 fuerint
2561 1049 2619 1102 iu
2665 1065 2779 1102 una
2829 1049 3080 1116 civitate,
3134 1049 3318 1117 fugite
3374 1050 3433 1102 in
3466 1048 3659 1103 aliam.

1960 1139 2222 1194 Siautem
2254 1138 2516 1192 utilitatis
2547 1153 2716 1191 causa
2744 1137 2919 1191 fuerit
2973 1138 3333 1205 mutandum,
3404 1153 3517 1191 non
3562 1152 3667 1211 per

1961 1244 2020 1282 se
2061 1229 2169 1281 hoc
2207 1232 2360 1297 agat,
2385 1226 2484 1280 sed
2514 1226 2784 1280 fratribus
2818 1225 3217 1292 invitantibus,
3241 1231 3297 1279 et
3326 1225 3666 1279 auctoritate

1961 1316 2134 1387 hujus
2166 1322 2375 1370 sancta:
2406 1315 2556 1370 sedis
2613 1314 2799 1381 faciat,
2834 1317 2974 1384 {non
3004 1314 3256 1368 ambitus
3317 1329 3505 1380 causa,
3566 1312 3663 1365 sed

1961 1405 2248 1459 utilitatis.

1963 1495 2092 1549 CAP.
2145 1492 2361 1548 LXXXI.
2421 1520 2491 1533 -
2534 1495 2606 1547 De
2651 1494 2900 1560 episcopo
2963 1493 3061 1561 qui
3085 1491 3449 1559 principalem
3475 1490 3663 1543 cathe-

2388 1564 2547 1617 dram
2575 1578 2685 1617 sua
2712 1564 2962 1617 Ecclesia
2985 1564 3232 1628 negligit.

2033 1652 2153 1722 (Ea:
2207 1653 2394 1707 concit.
2482 1652 2787 1717 Rothoma.,
2847 1666 2968 1719 cap.
3049 1650 3153 1717 l6.)
3208 1650 3275 1703 Ut
3325 1664 3442 1701 non
3499 1648 3669 1702 liceat

1964 1742 2229 1813 episcopo
2260 1739 2637 1812 principalem
2681 1739 3015 1793 cathedram
3072 1754 3191 1792 sua:
3223 1736 3513 1807 parochias
3558 1751 3667 1789 ne-

137 1807 328 1901 muni
363 1808 797 1901 episcoporum,
854 1812 910 1862 et
946 1808 1325 1901 reliquorum
1383 1809 1744 1901 sacerdotum
1781 1824 1857 1901 _ac
1889 1823 1928 1876 Β
1968 1807 2206 1901 gligere,
2240 1807 2297 1883 et
2326 1807 2499 1883 aliam
2559 1827 2868 1882 Ecclesiam
2928 1827 2988 1880 in
3054 1842 3160 1881 sua
3218 1825 3449 1880 dimcesi
3481 1824 3668 1895 magis

137 1894 503 1965 populorum
537 1894 1092 1949 consiliatranslatus
1116 1901 1201 1950 est
1229 1897 1535 1967 Ephesum.
1563 1898 1685 1951 Non
1702 1896 1857 1949 enim

138 1982 360 2035 transit
389 1982 459 2036 de
490 1982 718 2036 civitate
776 1983 844 2037 ad
876 1983 1166 2038 civitatem
1225 1985 1324 2055 qui
1364 2000 1481 2039 non
1529 2001 1633 2038 suo
1664 1984 1854 2050 libitu,

139 2075 247 2125 aut
271 2071 493 2125 ambitu
518 2070 626 2125 hoc
649 2070 795 2136 fecit,
832 2072 928 2126 sed
960 2072 1207 2127 utilitate
1238 2074 1508 2144 quadam,
1531 2078 1632 2127 aut
1663 2089 1857 2127 neces-

139 2161 339 2225 sitate,
373 2160 616 2213 aliorum
648 2160 899 2227 hortatu,
925 2166 981 2215 et
1007 2161 1246 2215 consilio
1278 2162 1568 2232 potiorum
1588 2162 1860 2216 transfer-

139 2253 263 2303 tur.
302 2248 413 2302 Nec
440 2248 784 2303 transfertur
812 2250 881 2304 de
912 2250 1124 2304 minori
1164 2250 1390 2305 civitate
1429 2251 1499 2305 ad
1558 2252 1858 2320 majorem,

140 2336 252 2407 qui
283 2336 391 2391 hoc
423 2352 542 2390 non
570 2337 793 2391 ambitu
823 2354 927 2391 nec
958 2340 1192 2409 propria
1221 2340 1513 2392 voluntate
1556 2339 1708 2403 facit,
1747 2338 1860 2403 {sed

141 2430 251 2478 aut
272 2424 326 2477 vi
354 2441 386 2477 a
418 2424 654 2494 propria
686 2426 818 2479 sede
841 2426 1062 2495 pulsus,
1106 2430 1205 2480 aut
1235 2427 1569 2481 necessitate
1608 2430 1858 2492 coactus,

140 2518 253 2567 aut
281 2513 527 2566 utilitate
556 2512 689 2580 loci,
733 2519 830 2567 aut
857 2515 1077 2585 populi,
1136 2532 1254 2569 non
1304 2516 1570 2585 superbe,
1605 2515 1703 2568 sed
1748 2514 1857 2568 hu-

145 2600 370 2656 militer
391 2602 463 2655 ab
495 2602 625 2655 aliis
655 2604 966 2656 translatus
996 2608 1051 2657 et
1079 2604 1502 2657 inthronizatus
1541 2608 1626 2657 est
1667 2620 1679 2657 :
1723 2603 1861 2673 quia

144 2691 329 2745 homo
360 2690 515 2744 videt
570 2690 630 2744 in
670 2690 833 2757 facie,
877 2693 1027 2745 Deus
1051 2698 1241 2745 autem
1290 2692 1351 2745 in
1380 2693 1570 2746 corde.
1641 2693 1703 2746 Et
1748 2693 1861 2745 Do-

147 2779 349 2832 minus
394 2794 500 2849 per
560 2778 907 2849 Prophetam
953 2780 1231 2850 loquitur,
1275 2780 1469 2835 dicens
1510 2796 1523 2835 :
1584 2780 1863 2833 Dominus

147 2867 261 2922 scit
289 2867 665 2937 cogitationes
688 2868 1012 2935 hominum,
1034 2869 1308 2939 quoniam
1340 2885 1502 2923 vanae
1534 2872 1685 2924 sunt.
1736 2868 1863 2922 Non

149 2972 296 3026 ergo
328 2960 512 3010 mutat
542 2956 759 3023 sedem,
791 2956 891 3028 qui
921 2974 1039 3011 non
1069 2962 1254 3012 mutat
1286 2963 1560 3026 mentem,
1588 2973 1695 3012 nec
1735 2972 1861 3010 mu-

150 3050 241 3099 tat
303 3044 594 3099 civitatem
654 3044 759 3116 qui‘
794 3061 911 3099 non
961 3062 1063 3100 sua
1125 3050 1326 3116 sponte
1382 3046 1478 3100 sed
1534 3045 1769 3099 consilio
1810 3046 1865 3097 et

160 3133 446 3187 electione
468 3134 715 3187 aliorum
744 3139 1018 3188 mutatur.
1056 3136 1181 3189 Non
1222 3134 1399 3204 igitur
1428 3133 1641 3205 migrat
1671 3134 1741 3188 de
1790 3132 1864 3186 ci-

151 3222 335 3275 vitate
369 3222 438 3275 ad
470 3222 783 3291 civitatem,
813 3222 913 3292 qui
943 3238 1060 3276 non
1117 3223 1372 3277 avaritias
1428 3238 1599 3277 causa
1656 3226 1860 3292 sponte

150 3309 395 3365 dimittit
425 3326 588 3363 suam
624 3311 785 3377 :sed,
827 3316 889 3363 ut
935 3311 1052 3382 jam
1106 3312 1323 3366 dictum
1376 3317 1483 3377 est,
1534 3315 1632 3365 aut
1664 3311 1862 3382 pulsus

150 3416 185 3453 a
254 3415 378 3465 sua,
433 3404 533 3453 aut
585 3398 926 3453 necessitate
958 3404 1210 3469 coactus,
1253 3404 1355 3454 aut
1415 3399 1719 3465 electione,
1764 3404 1864 3454 aut

156 3486 563 3542 exhortatione
632 3487 994 3541 sacerdotum
1061 3493 1119 3541 et
1168 3490 1524 3558 populorum
1552 3488 1862 3541 translatus

160 3579 252 3629 est
279 3574 349 3628 ad
378 3575 617 3629 alteram
654 3574 962 3629 civitatem.
1024 3576 1165 3629 Nam
1196 3576 1342 3629 sicut
1370 3575 1623 3647 episcopi
1650 3576 1863 3630 habent

156 3667 507 3735 potestatem
540 3663 803 3717 ordinare
858 3663 1204 3735 regulariter
1255 3664 1556 3734 episcopos
1616 3668 1675 3718 et
1720 3663 1857 3716 reli-

155 3768 307 3821 quos
354 3752 675 3806 sacerdotes
717 3768 729 3805 :
768 3752 849 3805 sic
909 3751 1135 3822 quoties
1184 3752 1403 3806 utilitas
1459 3756 1556 3806 aut
1610 3750 1863 3805 necessi-

152 3845 246 3894 tas
271 3841 689 3910 expoposcerit,
733 3840 1062 3910 supradicto
1094 3840 1263 3895 modo
1322 3845 1378 3894 et
1423 3844 1645 3895 mutare
1689 3844 1746 3895 et
1773 3839 1862 3893 in-

155 3928 491 3982 thronizare
522 3932 869 3998 potestatem
902 3929 1132 3984 habent.

520 4052 647 4108 CAP.
691 4052 970 4108 LXXVIII.
1010 4083 1079 4091 -
1104 4056 1177 4107 De
1213 4052 1398 4107 eadem
1428 4068 1504 4107 re.

234 4173 358 4243 (Em
386 4175 703 4242 Lcanonibus
749 4177 1002 4244 apostol.)
1054 4177 1366 4247 Episcopus
1416 4181 1517 4231 aut
1566 4175 1867 4247 presbyter

159 4278 400 4317 uxorem
430 4263 728 4334 propriam
758 4279 1123 4335 nequaquam
1155 4264 1259 4319 sub
1292 4265 1530 4319 obtentu
1570 4263 1867 4335 religionis

159 4350 413 4421 abjiciat.
476 4350 530 4405 Si
578 4366 714 4404 vero
746 4351 1026 4420 rejecerit,
1076 4353 1623 4408 excommunicetur.
1671 4352 1779 4408 Sed
1820 4352 1867 4406 si

161 4438 640 4511 perseveraverit,
674 4439 973 4508 dejicatur.

525 4564 655 4617 CAP.
698 4563 910 4618 LXXIX.
942 4594 1012 4605 —
1054 4566 1185 4619 Item
1211 4580 1279 4618 ea:
1307 4564 1506 4619 eodem.

235 4686 352 4755 (Ea:
399 4687 589 4739 concil.
647 4686 978 4755 Sardicensi,
1033 4703 1153 4757 cap.
1216 4688 1289 4757 l.)
1340 4687 1506 4743 Osius
1559 4687 1866 4758 episcopus

159 4774 350 4829 dixit:
399 4775 523 4829 Non
577 4774 770 4829 minus
818 4776 968 4829 mala
1020 4776 1377 4830 consuetudo
1427 4792 1600 4846 quam
1668 4774 1863 4846 perni-

154 4864 314 4919 ciosa
367 4864 695 4933 corruptela
719 4862 983 4918 funditus
1012 4864 1359 4919 eradicanda
1415 4869 1520 4933 est,
1552 4880 1625 4918 ne
1675 4864 1770 4918 cui
1804 4864 1866 4917 li-

154 4956 283 5006 ceat
312 4950 582 5022 episcopo
637 4952 706 5006 de
769 4952 994 5007 civitate
1028 4969 1130 5006 sua
1178 4953 1245 5006 ad
1300 4953 1469 5006 aliam
1511 4952 1754 5006 transire
1792 4953 1865 5007 ci-

152 5042 412 5095 vitatem.
456 5040 747 5095 Manifesta
770 5045 856 5095 est
877 5041 1031 5095 enim
1090 5056 1279 5106 causa,
1326 5058 1432 5112 pro
1488 5058 1603 5112 qua
1655 5057 1715 5094 re
1759 5040 1867 5095 hoc

153 5129 345 5183 facere
410 5132 641 5182 tentat:
694 5144 826 5182 cum
885 5129 1078 5183 nullus
1128 5128 1188 5183 in
1242 5129 1348 5183 hac
1382 5145 1441 5183 re
1492 5129 1756 5183 inventus
1795 5129 1869 5184 sit

155 5216 485 5287 episcopus,
519 5216 619 5287 qui
650 5216 721 5270 de
754 5217 974 5286 majore
998 5217 1224 5271 civitate
1257 5217 1326 5271 ad
1361 5218 1647 5272 minorem
1680 5224 1869 5271 trans-

157 5306 289 5359 iret.
312 5305 472 5359 Unde
511 5310 752 5376 apparet
781 5305 1035 5359 avaritias
1104 5307 1305 5359 ardore
1356 5323 1451 5360 eos
1494 5306 1864 5373 inflammari,

158 5398 216 5449 et
244 5392 549 5447 ambitioni
608 5392 843 5459 servire,
906 5398 964 5448 et
1016 5397 1079 5447 ut
1108 5394 1533 5448 dominationes
1571 5399 1764 5465 agant.
1811 5395 1869 5450 Si

154 5481 431 5540 omnibus
457 5481 663 5552 placet,
691 5482 1027 5552 hujnsmodi
1064 5483 1349 5552 pernicies
1371 5484 1575 5538 saevius
1605 5487 1661 5538 et
1680 5489 1869 5538 auste-

155 5571 281 5627 rius
314 5570 657 5637 vindicetur,
687 5575 754 5624 ut
817 5586 923 5625 nec
980 5570 1184 5625 laicam
1243 5571 1711 5625 communionem
1767 5572 1869 5627 ha-

155 5660 292 5716 beat
323 5658 425 5731 qui
456 5658 585 5714 talis
610 5664 716 5714 est.
750 5659 1198 5732 Responderunt
1228 5659 1482 5715 universi
1522 5676 1533 5715 :
1577 5660 1789 5717 Placet.

1965 1919 2354 1990 frequentare.

1969 2008 2104 2063 CAP.
2140 2007 2407 2061 LXXXIII.
2456 2034 2525 2045 —
2575 2008 2650 2059 De
2681 2006 2945 2073 episcopis
2976 2005 3074 2071 qui
3120 2002 3271 2056 sedes
3317 2002 3663 2073 suasinegli-

2038 2083 2193 2147 gunt,
2252 2082 2303 2131 et
2322 2080 2381 2131 in
2406 2072 2840 2147 possessionibus
2873 2077 2988 2129 suis
3011 2074 3168 2142 longe
3192 2075 3389 2142 positis
3436 2072 3533 2125 diu
3564 2086 3671 2126 mo-

2038 2154 2256 2203 rantur.

2039 2239 2144 2307 (Ea:
2202 2236 2390 2291 concit.
2451 2234 2786 2298 Sardicensi,
2854 2249 2975 2302 cap.
3031 2232 3140 2301 l5.)
3213 2230 3377 2287 Osius
3436 2229 3667 2301 ,episco-

1967 2343 2076 2397 pus
2115 2326 2296 2380 dixit:
2326 2324 2471 2389 Quia
2501 2323 2644 2377 nihil
2679 2321 3043 2394 praetermitti
3101 2325 3350 2391 oportet,
3378 2324 3512 2373 sunt
3539 2318 3670 2389 qui-

1969 2414 2102 2468 dam
2120 2414 2322 2467 fratres
2352 2418 2408 2466 et
2437 2411 2763 2481 coepiscopi
2814 2410 3018 2478 nostri,
3044 2409 3147 2480 qui
3195 2424 3309 2462 non
3342 2408 3403 2461 in
3429 2423 3496 2459 ea
3532 2405 3669 2459 civi-

1967 2508 2084 2557 tate
2115 2501 2391 2566 resident,
2454 2500 2513 2553 in
2544 2516 2659 2571 qua
2689 2500 2954 2553 videntur
3010 2496 3263 2568 episcopi
3293 2512 3413 2549 esse
3453 2493 3673 2549 consti-

1969 2591 2101 2659 tuti,
2142 2590 2231 2644 vel
2262 2593 2417 2642 certe
2465 2604 2701 2660 parvam
2760 2604 2883 2641 rem
2916 2587 3033 2641 illic
3070 2586 3321 2640 habeant
3354 2600 3367 2638 :
3413 2582 3547 2637 alibi
3578 2598 3676 2636 au-

1969 2686 2085 2736 tem
2134 2680 2342 2733 idonea
2372 2678 2594 2748 praedia
2646 2678 2857 2731 habere
2911 2680 3250 2736 noscuntur,
3308 2673 3668 2728 affectionem

1970 2769 2369 2841 proximorum
2404 2767 2613 2838 quibus
2644 2766 3008 2836 indulgeant.
3069 2766 3355 2818 Hactenus
3412 2758 3669 2832 permitti

1971 2857 2051 2911 eis
2082 2860 2327 2925 oportet,
2384 2860 2446 2907 ut
2490 2853 2765 2907 accedant
2823 2851 2893 2905 ad
2950 2849 3345 2921 possessiones
3392 2864 3545 2914 suas,
3618 2850 3675 2899 et

1969 2945 2278 3015 disponant
2306 2944 2391 2996 vel
2414 2942 2680 2996 ordinent
2704 2941 2954 2994 fructum
2985 2938 3200 2993 laboris
3247 2937 3388 3003 suis,
3421 2940 3485 2989 ut
3542 2939 3673 3005 post

1972 3037 2219 3105 quatuor
2241 3032 2363 3086 dies
2394 3030 2743 3097 Dominicos,
2788 3028 2846 3083 id
2880 3033 2986 3094 est,
3023 3032 3158 3097 post
3207 3030 3323 3080 tres
3354 3024 3668 3078 hebdoma-

1893 3100 1933 3155 Ο
1974 3121 2091 3187 das,
2139 3122 2184 3177 si
2226 3120 2438 3175 morari
2492 3134 2723 3173 necesse
2774 3123 2878 3184 est,
2929 3118 2991 3171 in
3038 3116 3155 3170 suis
3218 3114 3410 3185 potius
3477 3111 3673 3167 fundis

1971 3215 2291 3271 morentur,
2349 3214 2449 3263 aut
2495 3209 2542 3262 si
2598 3213 2680 3262 est
2726 3207 2991 3278 proxima
3051 3204 3250 3259 civitas
3308 3203 3366 3257 in
3418 3218 3533 3273 qua
3589 3206 3677 3254 est

1970 3299 2287 3371 presbyter,
2348 3314 2422 3352 ne
2466 3297 2587 3352 sine
2634 3296 2877 3351 Ecclesia
2929 3296 3229 3349 videantur
3269 3292 3456 3347 facere
3521 3290 3674 3344 diem

1978 3387 2365 3452 Dominicum,
2398 3387 2534 3440 illuc
2557 3385 2850 3451 accedant,
2916 3389 2983 3437 ut
3035 3398 3224 3453 neque
3275 3397 3366 3434 res
3406 3377 3673 3433 domesti-

1972 3494 2054 3531 cze
2084 3492 2189 3548 per
2208 3476 2527 3529 absentiam
2567 3490 2771 3528 eorum
2800 3473 3219 3528 detrimentum
3248 3469 3584 3533 sustineant,
3616 3470 3673 3520 et

1972 3582 2090 3620 non
2116 3565 2449 3635 frequenter
2477 3562 2762 3617 veniendo
2801 3562 2872 3616 ad
2905 3561 3191 3615 civitatem
3222 3559 3281 3612 in
3314 3573 3428 3628 qua
3459 3556 3675 3626 episco-

1972 3671 2079 3725 pus
2138 3657 2396 3708 moratur
2442 3651 2827 3721 suspicionem
2875 3649 3165 3720 jactantim
3231 3655 3288 3702 et
3343 3642 3673 3699 ambitionis

1970 3744 2229 3797 evadant.
2268 3741 2526 3795 Universi
2556 3741 2826 3796 dixerunt
2854 3740 3079 3811 placere
3118 3737 3246 3791 sibi.

1973 3832 2257 3888 LXXXIII.
2298 3861 2369 3870 —
2413 3832 2479 3885 Ut
2542 3832 2824 3899 episcopus
2884 3828 3117 3894 singulis
3167 3827 3330 3880 annis
3348 3822 3669 3894 parochiam

2564 3916 2721 3955 suam
2742 3902 3051 3955 circumeat.

2045 3992 2164 4063 (Ere
2214 3992 2402 4046 concil.
2470 3990 2746 4060 Spalensi,
2800 4004 2921 4059 cup.
2976 3987 3053 4058 4.)
3102 3988 3171 4041 Ut
3194 3984 3436 4056 singulis
3511 3980 3677 4035 annis

1974 4079 2343 4151 unusquique
2382 4078 2683 4149 episcopus
2729 4077 3063 4149 parochiam
3110 4090 3272 4129 suam
3340 4073 3673 4136 circumeat,

1973 4171 2370 4241 populumque
2421 4168 2726 4223 confirmet
2768 4183 2833 4222 ac
2883 4167 3104 4233 doceat,
3159 4168 3215 4218 et
3263 4180 3331 4218 ea
3394 4178 3520 4233 quae
3585 4159 3676 4213 vi-

1975 4259 2151 4313 tanda
2181 4262 2315 4312 sunt
2343 4256 2666 4328 prohibeat,
2691 4260 2749 4310 et
2794 4272 2864 4311 ea
2910 4271 3039 4327 quae
3068 4252 3289 4323 agenda
3339 4256 3494 4317 sunt,
3566 4248 3676 4302 uti-

1895 4383 1940 4437 D
1978 4348 2111 4402 liter
2142 4361 2311 4417 agere
2344 4345 2599 4401 suadeat.

1975 4445 2103 4500 CAP.
2164 4443 2425 4497 LXXXIV.
2483 4471 2553 4482 —
2629 4443 2704 4495 De
2750 4441 3013 4508 episcopis
3061 4440 3160 4506 qui
3194 4451 3322 4490 raro
3378 4440 3474 4489 aut
3525 4449 3669 4488 nun-

2045 4530 2210 4583 quam
2225 4528 2325 4583 per
2347 4515 2547 4582 seipsos
2563 4512 2740 4579 plebes
2755 4510 2865 4564 sibi
2884 4511 3193 4563 commissas
3213 4508 3460 4561 visitant.

2045 4602 2155 4673 (Ea:
2214 4601 2403 4655 concil.
2466 4598 2748 4663 Meldensi,
2832 4612 2954 4664 cap.
3021 4595 3097 4661 5.)
3158 4596 3225 4650 Ut
3267 4592 3523 4664 episcopi
3574 4591 3676 4663 qui

1971 4690 2172 4763 plebes
2228 4688 2338 4742 sibi
2387 4686 2654 4752 creditas,
2713 4690 2813 4739 aut
2853 4700 3004 4749 raro,
3062 4689 3163 4737 aut
3213 4698 3514 4753 nunquam
3571 4696 3678 4751 per

1973 4779 2189 4849 seipsos
2218 4776 2451 4830 visitant
2474 4775 2637 4845 juxta
2676 4774 2934 4827 ordinem
3004 4772 3400 4841 evangelicum
3446 4775 3503 4825 et
3530 4786 3679 4840 apo-

1974 4868 2241 4923 stolicum
2292 4870 2467 4936 atque
2550 4862 3017 4929 ecclesiasticum,
3053 4878 3185 4916 cum
3236 4860 3510 4916 Dominus
3540 4858 3675 4915 Mosi

1974 4945 2126 5011 dicat
2154 4971 2166 5009 :
2191 4954 2621 5025 Speculatorem
2653 4952 2786 5007 dedi
2841 4957 2899 5007 te
2927 4950 3126 5007 domui
3157 4951 3352 5018 Israel,
3384 4954 3439 5004 et
3478 4948 3681 5005 audies

1975 5061 2040 5100 ex
2102 5060 2201 5099 ore
2236 5058 2364 5096 meo
2430 5043 2693 5109 verbum,
2728 5040 3106 5095 anuunciabis
3135 5039 3217 5093 eis
3246 5055 3312 5093 ex
3368 5054 3481 5103 me,
3544 5042 3675 5101 etc.,

1976 5148 2008 5185 a
2033 5129 2617 5201 comprovincialihus
2642 5130 2947 5200 episcopis,
2984 5128 3171 5183 acrius
3200 5127 3605 5198 corripiantur.

1976 5238 2105 5293 CAP.
2138 5237 2371 5292 LXXXV.
2414 5267 2487 5275 —
2515 5239 2581 5291 Ut
2610 5238 2849 5305 episcopi
2902 5235 3241 5304 presbyteros
3272 5246 3394 5286 suos
3451 5231 3517 5285 de
3572 5233 3678 5285 mi-

2260 5310 2504 5361 nisteriis
2534 5308 2750 5361 illorum
2771 5307 3059 5372 diligenter
3071 5305 3389 5358 discutiant.

2049 5392 2168 5465 (Ea:
2224 5396 2409 5449 concil.
2461 5398 2756 5463 Braggar.,
2785 5410 2907 5463 cap.
2941 5394 3017 5463 2.)
3050 5390 3267 5446 Placuit
3297 5388 3463 5443 nobis
3504 5393 3680 5459 atque

1978 5483 2262 5547 convenit,
2301 5488 2367 5538 ut
2395 5484 2648 5555 episcopi
2680 5500 2784 5554 per
2811 5483 3065 5551 singulas
3095 5478 3371 5533 Ecclesias
3431 5482 3489 5532 et
3530 5477 3672 5533 dim-

1980 5586 2137 5625 ceses
2168 5576 2390 5637 euntes,
2422 5573 2674 5643 primum
2726 5570 3035 5627 discutiant
3091 5566 3341 5631 clericos,
3386 5566 3675 5637 quomodo

1981 5659 2248 5716 ordinem
2273 5660 2548 5731 baptismi
2577 5664 2811 5716 teneant
2858 5658 2945 5713 vel
2977 5656 3313 5724 missarum,
3344 5660 3400 5709 et
3428 5653 3681 5725 qualiter
