  <div class='ocr_page' id='page_1' title='image "/cluster/home/n/w/nwhite01/storage/ocr_20150623/140-141/uc1.31175018559917/293.png"; bbox 0 0 3950 6398; ppageno 0'>
   <div class='ocr_carea' id='block_1_1' title="bbox 266 375 360 427">
    <p class='ocr_par' dir='ltr' id='par_1_1' title="bbox 266 375 360 427">
     <span class='ocr_line' id='line_1_1' title="bbox 266 375 360 427; baseline 0.021 -2"><span class='ocrx_word' id='word_1_1' title='bbox 266 375 360 427; x_wconf 75' lang='grc'>571</span> 
     </span>
    </p>
   </div>
   <div class='ocr_carea' id='block_1_2' title="bbox 1333 369 2688 432">
    <p class='ocr_par' dir='ltr' id='par_1_2' title="bbox 1333 369 2688 432">
     <span class='ocr_line' id='line_1_2' title="bbox 1333 369 2688 432; baseline -0.001 -2"><span class='ocrx_word' id='word_1_2' title='bbox 1333 375 1734 432; x_wconf 80' lang='lat' dir='ltr'>BURCHARDI</span> <span class='ocrx_word' id='word_1_3' title='bbox 1777 369 2308 429; x_wconf 74' lang='lat' dir='ltr'>WORMACIENSIS</span> <span class='ocrx_word' id='word_1_4' title='bbox 2347 372 2688 429; x_wconf 85' lang='lat' dir='ltr'>EPISCOPI.</span> 
     </span>
    </p>
   </div>
   <div class='ocr_carea' id='block_1_3' title="bbox 3688 376 3801 427">
    <p class='ocr_par' dir='ltr' id='par_1_3' title="bbox 3688 376 3801 427">
     <span class='ocr_line' id='line_1_3' title="bbox 3688 376 3801 427; baseline -0.009 0"><span class='ocrx_word' id='word_1_5' title='bbox 3688 376 3801 427; x_wconf 75' lang='lat'>572</span> 
     </span>
    </p>
   </div>
   <div class='ocr_carea' id='block_1_4' title="bbox 265 493 3797 568">
    <p class='ocr_par' dir='ltr' id='par_1_4' title="bbox 265 493 3797 568">
     <span class='ocr_line' id='line_1_4' title="bbox 265 493 3797 568; baseline 0 -18"><span class='ocrx_word' id='word_1_6' title='bbox 265 511 509 568; x_wconf 74' lang='lat' dir='ltr'>quasque</span> <span class='ocrx_word' id='word_1_7' title='bbox 539 494 728 550; x_wconf 87' lang='lat' dir='ltr'>ofﬁcia</span> <span class='ocrx_word' id='word_1_8' title='bbox 755 494 815 550; x_wconf 92' lang='lat' dir='ltr'>in</span> <span class='ocrx_word' id='word_1_9' title='bbox 840 495 1086 551; x_wconf 81' lang='lat' dir='ltr'>Ecclesia</span> <span class='ocrx_word' id='word_1_10' title='bbox 1139 502 1438 568; x_wconf 79' lang='lat' dir='ltr'>peragant.</span> <span class='ocrx_word' id='word_1_11' title='bbox 1481 499 1546 552; x_wconf 91' lang='lat' dir='ltr'>Et</span> <span class='ocrx_word' id='word_1_12' title='bbox 1584 497 1632 551; x_wconf 91' lang='lat' dir='ltr'>si</span> <span class='ocrx_word' id='word_1_13' title='bbox 1661 501 1813 551; x_wconf 90' lang='lat' dir='ltr'>recte</span> <span class='ocrx_word' id='word_1_14' title='bbox 1843 495 1966 566; x_wconf 88' lang='lat' dir='ltr'>qui—</span> <span class='ocrx_word' id='word_1_15' title='bbox 1999 498 2044 549; x_wconf 80' lang='grc' dir='ltr'><strong>Α</strong></span> <span class='ocrx_word' id='word_1_16' title='bbox 2081 495 2144 550; x_wconf 92' lang='lat' dir='ltr'>in</span> <span class='ocrx_word' id='word_1_17' title='bbox 2186 494 2781 550; x_wconf 78' lang='lat' dir='ltr'>administrationibus</span> <span class='ocrx_word' id='word_1_18' title='bbox 2819 493 3080 550; x_wconf 64' lang='lat' dir='ltr'>Ecclesiae</span> <span class='ocrx_word' id='word_1_19' title='bbox 3133 493 3502 566; x_wconf 89' lang='lat' dir='ltr'>pontiﬁcibus</span> <span class='ocrx_word' id='word_1_20' title='bbox 3557 494 3797 550; x_wconf 89' lang='lat' dir='ltr'>socian-</span> 
     </span>
    </p>
   </div>
   <div class='ocr_carea' id='block_1_5' title="bbox 263 583 1963 656">
    <p class='ocr_par' dir='ltr' id='par_1_5' title="bbox 263 583 1963 656">
     <span class='ocr_line' id='line_1_5' title="bbox 263 583 1963 656; baseline -0.001 -18"><span class='ocrx_word' id='word_1_21' title='bbox 263 586 396 638; x_wconf 88' lang='lat' dir='ltr'>dem</span> <span class='ocrx_word' id='word_1_22' title='bbox 445 585 791 652; x_wconf 85' lang='lat' dir='ltr'>invenerint,</span> <span class='ocrx_word' id='word_1_23' title='bbox 852 587 968 639; x_wconf 89' lang='lat' dir='ltr'>Deo</span> <span class='ocrx_word' id='word_1_24' title='bbox 1029 585 1262 656; x_wconf 83' lang='lat' dir='ltr'>gratias.</span> <span class='ocrx_word' id='word_1_25' title='bbox 1339 585 1438 641; x_wconf 89' lang='lat' dir='ltr'>Sin</span> <span class='ocrx_word' id='word_1_26' title='bbox 1486 590 1678 639; x_wconf 90' lang='lat' dir='ltr'>autem</span> <span class='ocrx_word' id='word_1_27' title='bbox 1723 583 1963 638; x_wconf 86' lang='lat' dir='ltr'>minime</span> 
     </span>
    </p>
   </div>
   <div class='ocr_carea' id='block_1_6' title="bbox 263 671 996 742">
    <p class='ocr_par' dir='ltr' id='par_1_6' title="bbox 263 671 996 742">
     <span class='ocr_line' id='line_1_6' title="bbox 263 671 996 742; baseline -0.001 -16"><span class='ocrx_word' id='word_1_28' title='bbox 263 672 466 726; x_wconf 90' lang='lat' dir='ltr'>docere</span> <span class='ocrx_word' id='word_1_29' title='bbox 491 671 705 725; x_wconf 88' lang='lat' dir='ltr'>debent</span> <span class='ocrx_word' id='word_1_30' title='bbox 743 671 996 742; x_wconf 87' lang='lat' dir='ltr'>ignaros.</span> 
     </span>
    </p>
   </div>
   <div class='ocr_carea' id='block_1_7' title="bbox 264 757 1961 830">
    <p class='ocr_par' dir='ltr' id='par_1_7' title="bbox 264 757 1961 830">
     <span class='ocr_line' id='line_1_7' title="bbox 264 757 1961 830; baseline -0.002 -16"><span class='ocrx_word' id='word_1_31' title='bbox 264 761 394 814; x_wconf 81' lang='lat' dir='ltr'>CAP.</span> <span class='ocrx_word' id='word_1_32' title='bbox 447 760 709 814; x_wconf 84' lang='lat' dir='ltr'>LXXXVI.</span> <span class='ocrx_word' id='word_1_33' title='bbox 739 790 808 800; x_wconf 92' lang='lat'><strong><em>—</em></strong></span> <span class='ocrx_word' id='word_1_34' title='bbox 846 763 911 815; x_wconf 92' lang='lat' dir='ltr'>Ut</span> <span class='ocrx_word' id='word_1_35' title='bbox 957 761 1238 828; x_wconf 84' lang='lat' dir='ltr'>episcopus</span> <span class='ocrx_word' id='word_1_36' title='bbox 1269 776 1389 814; x_wconf 86' lang='lat' dir='ltr'>cum</span> <span class='ocrx_word' id='word_1_37' title='bbox 1428 757 1620 830; x_wconf 78' lang='lat' dir='ltr'>paucis</span> <span class='ocrx_word' id='word_1_38' title='bbox 1645 774 1800 814; x_wconf 89' lang='lat' dir='ltr'>suam</span> <span class='ocrx_word' id='word_1_39' title='bbox 1855 773 1961 828; x_wconf 84' lang='lat' dir='ltr'>pa-</span> 
     </span>
    </p>
   </div>
   <div class='ocr_carea' id='block_1_8' title="bbox 808 831 1402 885">
    <p class='ocr_par' dir='ltr' id='par_1_8' title="bbox 808 831 1402 885">
     <span class='ocr_line' id='line_1_8' title="bbox 808 831 1402 885; baseline 0 -1"><span class='ocrx_word' id='word_1_40' title='bbox 808 831 1055 885; x_wconf 83' lang='lat' dir='ltr'>rochiam</span> <span class='ocrx_word' id='word_1_41' title='bbox 1095 833 1402 885; x_wconf 80' lang='lat' dir='ltr'>circumeat.</span> 
     </span>
    </p>
   </div>
   <div class='ocr_carea' id='block_1_9' title="bbox 335 917 1966 990">
    <p class='ocr_par' dir='ltr' id='par_1_9' title="bbox 335 917 1966 990">
     <span class='ocr_line' id='line_1_9' title="bbox 335 917 1966 990; baseline -0.001 -16"><span class='ocrx_word' id='word_1_42' title='bbox 335 919 452 990; x_wconf 77' lang='lat' dir='ltr'>(Ea:</span> <span class='ocrx_word' id='word_1_43' title='bbox 471 920 658 974; x_wconf 82' lang='lat' dir='ltr'>concii.</span> <span class='ocrx_word' id='word_1_44' title='bbox 692 921 959 973; x_wconf 82' lang='lat' dir='ltr'>Toletano.</span> <span class='ocrx_word' id='word_1_45' title='bbox 992 934 1112 987; x_wconf 87' lang='lat' dir='ltr'>cap.</span> <span class='ocrx_word' id='word_1_46' title='bbox 1167 921 1243 985; x_wconf 78' lang='grc'>5.)</span> <span class='ocrx_word' id='word_1_47' title='bbox 1276 919 1418 973; x_wconf 90' lang='lat' dir='ltr'>Cum</span> <span class='ocrx_word' id='word_1_48' title='bbox 1451 917 1755 990; x_wconf 88' lang='lat' dir='ltr'>episcopus</span> <span class='ocrx_word' id='word_1_49' title='bbox 1801 933 1966 972; x_wconf 90' lang='lat' dir='ltr'>suam</span> 
     </span>
    </p>
   </div>
   <div class='ocr_carea' id='block_1_10' title="bbox 262 1006 1968 1076">
    <p class='ocr_par' dir='ltr' id='par_1_10' title="bbox 262 1006 1968 1076">
     <span class='ocr_line' id='line_1_10' title="bbox 262 1006 1968 1076; baseline -0.002 -15"><span class='ocrx_word' id='word_1_50' title='bbox 262 1007 554 1063; x_wconf 75' lang='lat' dir='ltr'>dimcesim</span> <span class='ocrx_word' id='word_1_51' title='bbox 598 1006 805 1073; x_wconf 85' lang='lat' dir='ltr'>visitat,</span> <span class='ocrx_word' id='word_1_52' title='bbox 857 1006 1000 1060; x_wconf 89' lang='lat' dir='ltr'>nulli</span> <span class='ocrx_word' id='word_1_53' title='bbox 1068 1022 1190 1076; x_wconf 68' lang='lat' dir='ltr'>prae</span> <span class='ocrx_word' id='word_1_54' title='bbox 1261 1006 1630 1061; x_wconf 84' lang='lat' dir='ltr'>multitudine</span> <span class='ocrx_word' id='word_1_55' title='bbox 1693 1022 1968 1060; x_wconf 89' lang='lat' dir='ltr'>onerosus</span> 
     </span>
    </p>
   </div>
   <div class='ocr_carea' id='block_1_11' title="bbox 269 1091 1968 1164">
    <p class='ocr_par' dir='ltr' id='par_1_11' title="bbox 269 1091 1968 1164">
     <span class='ocr_line' id='line_1_11' title="bbox 269 1091 1968 1164; baseline 0.003 -21"><span class='ocrx_word' id='word_1_56' title='bbox 269 1091 489 1159; x_wconf 84' lang='lat' dir='ltr'>existat,</span> <span class='ocrx_word' id='word_1_57' title='bbox 551 1108 655 1147; x_wconf 92' lang='lat' dir='ltr'>nec</span> <span class='ocrx_word' id='word_1_58' title='bbox 716 1109 973 1164; x_wconf 84' lang='lat' dir='ltr'>unquam</span> <span class='ocrx_word' id='word_1_59' title='bbox 1032 1094 1596 1164; x_wconf 88' lang='lat' dir='ltr'>quinquagenarium</span> <span class='ocrx_word' id='word_1_60' title='bbox 1659 1111 1968 1149; x_wconf 85' lang='lat' dir='ltr'>numerum</span> 
     </span>
    </p>
   </div>
   <div class='ocr_carea' id='block_1_12' title="bbox 268 1179 1968 1252">
    <p class='ocr_par' dir='ltr' id='par_1_12' title="bbox 268 1179 1968 1252">
     <span class='ocr_line' id='line_1_12' title="bbox 268 1179 1968 1252; baseline 0.001 -20"><span class='ocrx_word' id='word_1_61' title='bbox 268 1179 572 1233; x_wconf 85' lang='lat' dir='ltr'>evectionis</span> <span class='ocrx_word' id='word_1_62' title='bbox 601 1181 854 1244; x_wconf 83' lang='lat' dir='ltr'>excedat,</span> <span class='ocrx_word' id='word_1_63' title='bbox 906 1185 1005 1234; x_wconf 88' lang='lat' dir='ltr'>aut</span> <span class='ocrx_word' id='word_1_64' title='bbox 1037 1183 1286 1252; x_wconf 84' lang='lat' dir='ltr'>amplius</span> <span class='ocrx_word' id='word_1_65' title='bbox 1317 1198 1491 1252; x_wconf 90' lang='lat' dir='ltr'>quam</span> <span class='ocrx_word' id='word_1_66' title='bbox 1532 1199 1650 1236; x_wconf 87' lang='lat' dir='ltr'>una</span> <span class='ocrx_word' id='word_1_67' title='bbox 1683 1183 1774 1236; x_wconf 89' lang='lat' dir='ltr'>die</span> <span class='ocrx_word' id='word_1_68' title='bbox 1830 1198 1968 1251; x_wconf 87' lang='lat' dir='ltr'>per-</span> 
     </span>
    </p>
   </div>
   <div class='ocr_carea' id='block_1_13' title="bbox 265 1269 1964 1339">
    <p class='ocr_par' dir='ltr' id='par_1_13' title="bbox 265 1269 1964 1339">
     <span class='ocr_line' id='line_1_13' title="bbox 265 1269 1964 1339; baseline 0.002 -19"><span class='ocrx_word' id='word_1_69' title='bbox 265 1283 736 1339; x_wconf 88' lang='lat' dir='ltr'>unamquamque</span> <span class='ocrx_word' id='word_1_70' title='bbox 755 1269 1046 1324; x_wconf 79' lang='lat' dir='ltr'>basilicam</span> <span class='ocrx_word' id='word_1_71' title='bbox 1071 1271 1402 1324; x_wconf 87' lang='lat' dir='ltr'>remorandi</span> <span class='ocrx_word' id='word_1_72' title='bbox 1422 1271 1714 1324; x_wconf 85' lang='lat' dir='ltr'>licentiam</span> <span class='ocrx_word' id='word_1_73' title='bbox 1735 1271 1964 1325; x_wconf 89' lang='lat' dir='ltr'>habeat.</span> 
     </span>
    </p>
   </div>
   <div class='ocr_carea' id='block_1_14' title="bbox 269 1353 1969 1424">
    <p class='ocr_par' dir='ltr' id='par_1_14' title="bbox 269 1353 1969 1424">
     <span class='ocr_line' id='line_1_14' title="bbox 269 1353 1969 1424; baseline 0.001 -17"><span class='ocrx_word' id='word_1_74' title='bbox 269 1353 397 1407; x_wconf 79' lang='lat' dir='ltr'>CAP.</span> <span class='ocrx_word' id='word_1_75' title='bbox 439 1354 701 1408; x_wconf 81' lang='lat' dir='ltr'>LXXXVII</span> <span class='ocrx_word' id='word_1_76' title='bbox 753 1384 815 1394; x_wconf 89' lang='lat'><strong>—</strong></span> <span class='ocrx_word' id='word_1_77' title='bbox 881 1357 942 1410; x_wconf 87' lang='lat' dir='ltr'>Si</span> <span class='ocrx_word' id='word_1_78' title='bbox 991 1358 1272 1424; x_wconf 77' lang='lat' dir='ltr'>episcopus</span> <span class='ocrx_word' id='word_1_79' title='bbox 1328 1358 1648 1424; x_wconf 84' lang='lat' dir='ltr'>parochiam</span> <span class='ocrx_word' id='word_1_80' title='bbox 1689 1371 1845 1410; x_wconf 86' lang='lat' dir='ltr'>suam</span> <span class='ocrx_word' id='word_1_81' title='bbox 1876 1357 1969 1409; x_wconf 86' lang='lat' dir='ltr'>vi-</span> 
     </span>
    </p>
   </div>
   <div class='ocr_carea' id='block_1_15' title="bbox 341 1427 1897 1498">
    <p class='ocr_par' dir='ltr' id='par_1_15' title="bbox 341 1427 1897 1498">
     <span class='ocr_line' id='line_1_15' title="bbox 341 1427 1897 1498; baseline 0 -20"><span class='ocrx_word' id='word_1_82' title='bbox 341 1427 508 1478; x_wconf 84' lang='lat' dir='ltr'>sitare</span> <span class='ocrx_word' id='word_1_83' title='bbox 525 1427 998 1493; x_wconf 82' lang='lat' dir='ltr'>nequiverit,viros</span> <span class='ocrx_word' id='word_1_84' title='bbox 1028 1427 1330 1495; x_wconf 83' lang='lat' dir='ltr'>probabitis</span> <span class='ocrx_word' id='word_1_85' title='bbox 1362 1430 1464 1480; x_wconf 78' lang='lat' dir='ltr'>via:</span> <span class='ocrx_word' id='word_1_86' title='bbox 1477 1443 1582 1498; x_wconf 84' lang='lat' dir='ltr'>pro</span> <span class='ocrx_word' id='word_1_87' title='bbox 1612 1442 1667 1480; x_wconf 90' lang='lat' dir='ltr'>se</span> <span class='ocrx_word' id='word_1_88' title='bbox 1694 1430 1897 1480; x_wconf 88' lang='lat' dir='ltr'>mittat.</span> 
     </span>
    </p>
   </div>
   <div class='ocr_carea' id='block_1_16' title="bbox 343 1511 1968 1585">
    <p class='ocr_par' dir='ltr' id='par_1_16' title="bbox 343 1511 1968 1585">
     <span class='ocr_line' id='line_1_16' title="bbox 343 1511 1968 1585; baseline 0.001 -19"><span class='ocrx_word' id='word_1_89' title='bbox 343 1511 450 1582; x_wconf 82' lang='lat' dir='ltr'>(Ea:</span> <span class='ocrx_word' id='word_1_90' title='bbox 471 1512 653 1567; x_wconf 90' lang='lat' dir='ltr'>eodem</span> <span class='ocrx_word' id='word_1_91' title='bbox 673 1529 793 1584; x_wconf 86' lang='lat' dir='ltr'>cap.</span> <span class='ocrx_word' id='word_1_92' title='bbox 828 1513 918 1583; x_wconf 88' lang='lat'>6.)</span> <span class='ocrx_word' id='word_1_93' title='bbox 949 1514 1112 1578; x_wconf 86' lang='lat' dir='ltr'>Quod</span> <span class='ocrx_word' id='word_1_94' title='bbox 1143 1514 1189 1567; x_wconf 88' lang='lat' dir='ltr'>si</span> <span class='ocrx_word' id='word_1_95' title='bbox 1222 1515 1542 1585; x_wconf 84' lang='lat' dir='ltr'>episcopus,</span> <span class='ocrx_word' id='word_1_96' title='bbox 1567 1521 1668 1568; x_wconf 90' lang='lat' dir='ltr'>aut</span> <span class='ocrx_word' id='word_1_97' title='bbox 1694 1516 1968 1584; x_wconf 82' lang='lat' dir='ltr'>languore</span> 
     </span>
    </p>
   </div>
   <div class='ocr_carea' id='block_1_17' title="bbox 271 1598 1968 1673">
    <p class='ocr_par' dir='ltr' id='par_1_17' title="bbox 271 1598 1968 1673">
     <span class='ocr_line' id='line_1_17' title="bbox 271 1598 1968 1673; baseline 0.001 -21"><span class='ocrx_word' id='word_1_98' title='bbox 271 1598 553 1666; x_wconf 82' lang='lat' dir='ltr'>detentus,</span> <span class='ocrx_word' id='word_1_99' title='bbox 587 1607 687 1655; x_wconf 87' lang='lat' dir='ltr'>aut</span> <span class='ocrx_word' id='word_1_100' title='bbox 715 1602 844 1655; x_wconf 91' lang='lat' dir='ltr'>aliis</span> <span class='ocrx_word' id='word_1_101' title='bbox 896 1602 1363 1673; x_wconf 85' lang='lat' dir='ltr'>occupationibus</span> <span class='ocrx_word' id='word_1_102' title='bbox 1397 1603 1742 1673; x_wconf 89' lang='lat' dir='ltr'>implicatus,</span> <span class='ocrx_word' id='word_1_103' title='bbox 1774 1602 1968 1655; x_wconf 88' lang='lat' dir='ltr'>visita-</span> 
     </span>
    </p>
   </div>
   <div class='ocr_carea' id='block_1_18' title="bbox 269 1687 1972 1762">
    <p class='ocr_par' dir='ltr' id='par_1_18' title="bbox 269 1687 1972 1762">
     <span class='ocr_line' id='line_1_18' title="bbox 269 1687 1972 1762; baseline 0.001 -22"><span class='ocrx_word' id='word_1_104' title='bbox 269 1687 487 1742; x_wconf 89' lang='lat' dir='ltr'>tionem</span> <span class='ocrx_word' id='word_1_105' title='bbox 549 1689 855 1744; x_wconf 74' lang='lat' dir='ltr'>diosceseos</span> <span class='ocrx_word' id='word_1_106' title='bbox 911 1693 1138 1761; x_wconf 85' lang='lat' dir='ltr'>explere</span> <span class='ocrx_word' id='word_1_107' title='bbox 1195 1691 1536 1762; x_wconf 87' lang='lat' dir='ltr'>nequiverit,</span> <span class='ocrx_word' id='word_1_108' title='bbox 1609 1691 1972 1762; x_wconf 82' lang='lat' dir='ltr'>presbyteros</span> 
     </span>
    </p>
   </div>
   <div class='ocr_carea' id='block_1_19' title="bbox 2074 583 3798 654">
    <p class='ocr_par' dir='ltr' id='par_1_19' title="bbox 2074 583 3798 654">
     <span class='ocr_line' id='line_1_19' title="bbox 2074 583 3798 654; baseline 0.001 -17"><span class='ocrx_word' id='word_1_109' title='bbox 2074 590 2190 647; x_wconf 91' lang='lat' dir='ltr'>tur,</span> <span class='ocrx_word' id='word_1_110' title='bbox 2227 585 2551 654; x_wconf 87' lang='lat' dir='ltr'>discrepare</span> <span class='ocrx_word' id='word_1_111' title='bbox 2620 599 2740 636; x_wconf 92' lang='lat' dir='ltr'>non</span> <span class='ocrx_word' id='word_1_112' title='bbox 2795 583 3060 649; x_wconf 82' lang='lat' dir='ltr'>debeant,</span> <span class='ocrx_word' id='word_1_113' title='bbox 3105 599 3211 637; x_wconf 90' lang='lat' dir='ltr'>nec</span> <span class='ocrx_word' id='word_1_114' title='bbox 3256 583 3635 654; x_wconf 74' lang='lat' dir='ltr'>professione,</span> <span class='ocrx_word' id='word_1_115' title='bbox 3683 600 3798 638; x_wconf 87' lang='lat' dir='ltr'>nec</span> 
     </span>
    </p>
   </div>
   <div class='ocr_carea' id='block_1_20' title="bbox 2071 669 3790 742">
    <p class='ocr_par' dir='ltr' id='par_1_20' title="bbox 2071 669 3790 742">
     <span class='ocr_line' id='line_1_20' title="bbox 2071 669 3790 742; baseline -0.001 -16"><span class='ocrx_word' id='word_1_116' title='bbox 2071 671 2310 726; x_wconf 87' lang='lat' dir='ltr'>habitu:</span> <span class='ocrx_word' id='word_1_117' title='bbox 2353 687 2458 725; x_wconf 91' lang='lat' dir='ltr'>nec</span> <span class='ocrx_word' id='word_1_118' title='bbox 2489 671 2778 724; x_wconf 70' lang='lat' dir='ltr'>cohaerere</span> <span class='ocrx_word' id='word_1_119' title='bbox 2810 674 2868 724; x_wconf 91' lang='lat' dir='ltr'>et</span> <span class='ocrx_word' id='word_1_120' title='bbox 2899 669 3176 740; x_wconf 82' lang='lat' dir='ltr'>conjungi</span> <span class='ocrx_word' id='word_1_121' title='bbox 3242 674 3506 740; x_wconf 91' lang='lat' dir='ltr'>possunt,</span> <span class='ocrx_word' id='word_1_122' title='bbox 3563 671 3790 742; x_wconf 87' lang='lat' dir='ltr'>quibus</span> 
     </span>
    </p>
   </div>
   <div class='ocr_carea' id='block_1_21' title="bbox 2073 757 3795 829">
    <p class='ocr_par' dir='ltr' id='par_1_21' title="bbox 2073 757 3795 829">
     <span class='ocr_line' id='line_1_21' title="bbox 2073 757 3795 829; baseline -0.001 -16"><span class='ocrx_word' id='word_1_123' title='bbox 2073 765 2130 814; x_wconf 92' lang='lat' dir='ltr'>et</span> <span class='ocrx_word' id='word_1_124' title='bbox 2161 758 2348 813; x_wconf 86' lang='lat' dir='ltr'>studia</span> <span class='ocrx_word' id='word_1_125' title='bbox 2376 763 2433 812; x_wconf 86' lang='lat' dir='ltr'>et</span> <span class='ocrx_word' id='word_1_126' title='bbox 2461 763 2593 812; x_wconf 88' lang='lat' dir='ltr'>vota</span> <span class='ocrx_word' id='word_1_127' title='bbox 2632 757 2855 812; x_wconf 88' lang='lat' dir='ltr'>diversa</span> <span class='ocrx_word' id='word_1_128' title='bbox 2885 764 3037 812; x_wconf 90' lang='lat' dir='ltr'>sunt.</span> <span class='ocrx_word' id='word_1_129' title='bbox 3073 757 3130 811; x_wconf 89' lang='lat' dir='ltr'>Si</span> <span class='ocrx_word' id='word_1_130' title='bbox 3170 758 3298 828; x_wconf 88' lang='lat' dir='ltr'>quis</span> <span class='ocrx_word' id='word_1_131' title='bbox 3338 764 3534 812; x_wconf 86' lang='lat' dir='ltr'>autem</span> <span class='ocrx_word' id='word_1_132' title='bbox 3565 758 3795 829; x_wconf 88' lang='lat' dir='ltr'>episco-</span> 
     </span>
    </p>
   </div>
   <div class='ocr_carea' id='block_1_22' title="bbox 2071 845 3795 918">
    <p class='ocr_par' dir='ltr' id='par_1_22' title="bbox 2071 845 3795 918">
     <span class='ocr_line' id='line_1_22' title="bbox 2071 845 3795 918; baseline 0 -17"><span class='ocrx_word' id='word_1_133' title='bbox 2071 863 2179 918; x_wconf 89' lang='lat' dir='ltr'>pus</span> <span class='ocrx_word' id='word_1_134' title='bbox 2209 853 2336 918; x_wconf 92' lang='lat' dir='ltr'>post</span> <span class='ocrx_word' id='word_1_135' title='bbox 2372 847 2492 901; x_wconf 80' lang='lat' dir='ltr'>haec</span> <span class='ocrx_word' id='word_1_136' title='bbox 2519 845 2962 901; x_wconf 86' lang='lat' dir='ltr'>ecclesiasticam</span> <span class='ocrx_word' id='word_1_137' title='bbox 2993 862 3112 900; x_wconf 88' lang='lat' dir='ltr'>rem</span> <span class='ocrx_word' id='word_1_138' title='bbox 3147 846 3218 900; x_wconf 91' lang='lat' dir='ltr'>ad</span> <span class='ocrx_word' id='word_1_139' title='bbox 3250 847 3508 900; x_wconf 90' lang='lat' dir='ltr'>laicalem</span> <span class='ocrx_word' id='word_1_140' title='bbox 3553 861 3795 917; x_wconf 74' lang='lat' dir='ltr'>‘procu-</span> 
     </span>
    </p>
   </div>
   <div class='ocr_carea' id='block_1_23' title="bbox 2074 924 3794 1005">
    <p class='ocr_par' dir='ltr' id='par_1_23' title="bbox 2074 924 3794 1005">
     <span class='ocr_line' id='line_1_23' title="bbox 2074 924 3794 1005; baseline -0.001 -15"><span class='ocrx_word' id='word_1_141' title='bbox 2074 936 2358 990; x_wconf 89' lang='lat' dir='ltr'>rationem</span> <span class='ocrx_word' id='word_1_142' title='bbox 2409 935 2928 990; x_wconf 87' lang='lat' dir='ltr'>administrandam</span> <span class='ocrx_word' id='word_1_143' title='bbox 3003 934 3228 1005; x_wconf 91' lang='lat' dir='ltr'>elegrit,</span> <span class='ocrx_word' id='word_1_144' title='bbox 3287 941 3388 988; x_wconf 89' lang='lat' dir='ltr'>aut</span> <span class='ocrx_word' id='word_1_145' title='bbox 3437 924 3560 988; x_wconf 80' lang='lat' dir='ltr'>sine</span> <span class='ocrx_word' id='word_1_146' title='bbox 3623 935 3794 989; x_wconf 87' lang='lat' dir='ltr'>testi-</span> 
     </span>
    </p>
   </div>
   <div class='ocr_carea' id='block_1_24' title="bbox 2075 1021 3798 1094">
    <p class='ocr_par' dir='ltr' id='par_1_24' title="bbox 2075 1021 3798 1094">
     <span class='ocr_line' id='line_1_24' title="bbox 2075 1021 3798 1094; baseline -0.001 -16"><span class='ocrx_word' id='word_1_147' title='bbox 2075 1025 2274 1078; x_wconf 90' lang='lat' dir='ltr'>monio</span> <span class='ocrx_word' id='word_1_148' title='bbox 2331 1024 2614 1079; x_wconf 76' lang='lat' dir='ltr'>cecouomi</span> <span class='ocrx_word' id='word_1_149' title='bbox 2669 1023 3044 1094; x_wconf 80' lang='lat' dir='ltr'>gubernanda</span> <span class='ocrx_word' id='word_1_150' title='bbox 3121 1021 3449 1090; x_wconf 86' lang='lat' dir='ltr'>crediderit,</span> <span class='ocrx_word' id='word_1_151' title='bbox 3529 1039 3666 1078; x_wconf 89' lang='lat' dir='ltr'>vere</span> <span class='ocrx_word' id='word_1_152' title='bbox 3722 1029 3798 1077; x_wconf 87' lang='lat' dir='ltr'>ut</span> 
     </span>
    </p>
   </div>
   <div class='ocr_carea' id='block_1_25' title="bbox 2076 1111 3792 1184">
    <p class='ocr_par' dir='ltr' id='par_1_25' title="bbox 2076 1111 3792 1184">
     <span class='ocr_line' id='line_1_25' title="bbox 2076 1111 3792 1184; baseline -0.002 -16"><span class='ocrx_word' id='word_1_153' title='bbox 2076 1119 2437 1184; x_wconf 87' lang='lat' dir='ltr'>contemptor</span> <span class='ocrx_word' id='word_1_154' title='bbox 2481 1129 2767 1166; x_wconf 90' lang='lat' dir='ltr'>canonum</span> <span class='ocrx_word' id='word_1_155' title='bbox 2799 1116 2854 1166; x_wconf 90' lang='lat' dir='ltr'>et</span> <span class='ocrx_word' id='word_1_156' title='bbox 2905 1111 3203 1166; x_wconf 87' lang='lat' dir='ltr'>fraudator</span> <span class='ocrx_word' id='word_1_157' title='bbox 3268 1111 3792 1166; x_wconf 82' lang='lat' dir='ltr'>ecclesiasticarum</span> 
     </span>
    </p>
   </div>
   <div class='ocr_carea' id='block_1_26' title="bbox 2076 1199 3798 1272">
    <p class='ocr_par' dir='ltr' id='par_1_26' title="bbox 2076 1199 3798 1272">
     <span class='ocr_line' id='line_1_26' title="bbox 2076 1199 3798 1272; baseline -0.002 -17"><span class='ocrx_word' id='word_1_158' title='bbox 2076 1217 2294 1268; x_wconf 89' lang='lat' dir='ltr'>rerum,</span> <span class='ocrx_word' id='word_1_159' title='bbox 2322 1217 2437 1255; x_wconf 92' lang='lat' dir='ltr'>non</span> <span class='ocrx_word' id='word_1_160' title='bbox 2462 1201 2646 1254; x_wconf 91' lang='lat' dir='ltr'>solum</span> <span class='ocrx_word' id='word_1_161' title='bbox 2679 1200 2900 1256; x_wconf 84' lang='lat' dir='ltr'>Christo</span> <span class='ocrx_word' id='word_1_162' title='bbox 2931 1200 3000 1254; x_wconf 91' lang='lat' dir='ltr'>de</span> <span class='ocrx_word' id='word_1_163' title='bbox 3034 1199 3204 1254; x_wconf 90' lang='lat' dir='ltr'>rebus</span> <span class='ocrx_word' id='word_1_164' title='bbox 3251 1215 3576 1270; x_wconf 89' lang='lat' dir='ltr'>pauperum</span> <span class='ocrx_word' id='word_1_165' title='bbox 3631 1199 3798 1272; x_wconf 86' lang='lat' dir='ltr'>judi-</span> 
     </span>
    </p>
   </div>
   <div class='ocr_carea' id='block_1_27' title="bbox 2078 1287 3792 1354">
    <p class='ocr_par' dir='ltr' id='par_1_27' title="bbox 2078 1287 3792 1354">
     <span class='ocr_line' id='line_1_27' title="bbox 2078 1287 3792 1354; baseline -0.002 -11"><span class='ocrx_word' id='word_1_166' title='bbox 2078 1290 2300 1343; x_wconf 89' lang='lat' dir='ltr'>cabitur</span> <span class='ocrx_word' id='word_1_167' title='bbox 2331 1305 2476 1354; x_wconf 89' lang='lat' dir='ltr'>reus,</span> <span class='ocrx_word' id='word_1_168' title='bbox 2499 1289 2594 1342; x_wconf 92' lang='lat' dir='ltr'>sed</span> <span class='ocrx_word' id='word_1_169' title='bbox 2624 1287 2799 1342; x_wconf 88' lang='lat' dir='ltr'>etiam</span> <span class='ocrx_word' id='word_1_170' title='bbox 2833 1293 2888 1341; x_wconf 92' lang='lat' dir='ltr'>et</span> <span class='ocrx_word' id='word_1_171' title='bbox 2917 1287 3158 1341; x_wconf 89' lang='lat' dir='ltr'>concilio</span> <span class='ocrx_word' id='word_1_172' title='bbox 3181 1288 3438 1341; x_wconf 90' lang='lat' dir='ltr'>manebit</span> <span class='ocrx_word' id='word_1_173' title='bbox 3471 1288 3792 1342; x_wconf 87' lang='lat' dir='ltr'>obnoxius.</span> 
     </span>
    </p>
   </div>
   <div class='ocr_carea' id='block_1_28' title="bbox 2080 1376 3800 1444">
    <p class='ocr_par' dir='ltr' id='par_1_28' title="bbox 2080 1376 3800 1444">
     <span class='ocr_line' id='line_1_28' title="bbox 2080 1376 3800 1444; baseline -0.002 -12"><span class='ocrx_word' id='word_1_174' title='bbox 2080 1378 2208 1432; x_wconf 80' lang='lat' dir='ltr'>CAP.</span> <span class='ocrx_word' id='word_1_175' title='bbox 2268 1377 2372 1431; x_wconf 88' lang='lat' dir='ltr'>XC.</span> <span class='ocrx_word' id='word_1_176' title='bbox 2404 1405 2473 1417; x_wconf 89' lang='lat'><strong>—</strong></span> <span class='ocrx_word' id='word_1_177' title='bbox 2537 1378 2604 1431; x_wconf 90' lang='lat' dir='ltr'>Ut</span> <span class='ocrx_word' id='word_1_178' title='bbox 2643 1378 2700 1428; x_wconf 82' lang='lat' dir='ltr'>in</span> <span class='ocrx_word' id='word_1_179' title='bbox 2757 1376 3074 1428; x_wconf 86' lang='lat' dir='ltr'>circuitione</span> <span class='ocrx_word' id='word_1_180' title='bbox 3127 1377 3370 1442; x_wconf 84' lang='lat' dir='ltr'>episcopi</span> <span class='ocrx_word' id='word_1_181' title='bbox 3423 1391 3623 1440; x_wconf 87' lang='lat' dir='ltr'>omnes,</span> <span class='ocrx_word' id='word_1_182' title='bbox 3692 1379 3800 1444; x_wconf 91' lang='lat' dir='ltr'>qui</span> 
     </span>
    </p>
   </div>
   <div class='ocr_carea' id='block_1_29' title="bbox 2151 1447 3796 1515">
    <p class='ocr_par' dir='ltr' id='par_1_29' title="bbox 2151 1447 3796 1515">
     <span class='ocr_line' id='line_1_29' title="bbox 2151 1447 3796 1515; baseline -0.001 -14"><span class='ocrx_word' id='word_1_183' title='bbox 2151 1452 2278 1502; x_wconf 87' lang='lat' dir='ltr'>sunt</span> <span class='ocrx_word' id='word_1_184' title='bbox 2307 1449 2364 1500; x_wconf 85' lang='lat' dir='ltr'>in</span> <span class='ocrx_word' id='word_1_185' title='bbox 2407 1448 2667 1515; x_wconf 83' lang='lat' dir='ltr'>parochia</span> <span class='ocrx_word' id='word_1_186' title='bbox 2695 1447 3039 1514; x_wconf 83' lang='lat' dir='ltr'>singularum</span> <span class='ocrx_word' id='word_1_187' title='bbox 3062 1448 3375 1513; x_wconf 84' lang='lat' dir='ltr'>matricum,</span> <span class='ocrx_word' id='word_1_188' title='bbox 3434 1447 3676 1515; x_wconf 69' lang='lat' dir='ltr'>exceptis</span> <span class='ocrx_word' id='word_1_189' title='bbox 3711 1447 3796 1500; x_wconf 82' lang='lat' dir='ltr'>in-</span> 
     </span>
    </p>
   </div>
   <div class='ocr_carea' id='block_1_30' title="bbox 2150 1516 3371 1587">
    <p class='ocr_par' dir='ltr' id='par_1_30' title="bbox 2150 1516 3371 1587">
     <span class='ocr_line' id='line_1_30' title="bbox 2150 1516 3371 1587; baseline -0.001 -16"><span class='ocrx_word' id='word_1_190' title='bbox 2150 1520 2345 1587; x_wconf 79' lang='lat' dir='ltr'>ﬁrmis,</span> <span class='ocrx_word' id='word_1_191' title='bbox 2377 1518 2452 1570; x_wconf 90' lang='lat' dir='ltr'>ad</span> <span class='ocrx_word' id='word_1_192' title='bbox 2480 1517 2747 1584; x_wconf 78' lang='lat' dir='ltr'>synodum</span> <span class='ocrx_word' id='word_1_193' title='bbox 2777 1517 2894 1582; x_wconf 82' lang='lat' dir='ltr'>ejus</span> <span class='ocrx_word' id='word_1_194' title='bbox 2913 1519 3094 1570; x_wconf 86' lang='lat' dir='ltr'>venire</span> <span class='ocrx_word' id='word_1_195' title='bbox 3123 1516 3371 1587; x_wconf 85' lang='lat' dir='ltr'>debeant.</span> 
     </span>
    </p>
   </div>
   <div class='ocr_carea' id='block_1_31' title="bbox 2153 1585 3802 1657">
    <p class='ocr_par' dir='ltr' id='par_1_31' title="bbox 2153 1585 3802 1657">
     <span class='ocr_line' id='line_1_31' title="bbox 2153 1585 3802 1657; baseline -0.003 -13"><span class='ocrx_word' id='word_1_196' title='bbox 2153 1585 2260 1655; x_wconf 67' lang='lat' dir='ltr'>(Eat</span> <span class='ocrx_word' id='word_1_197' title='bbox 2289 1589 2477 1642; x_wconf 83' lang='lat' dir='ltr'>concit.</span> <span class='ocrx_word' id='word_1_198' title='bbox 2511 1590 2753 1643; x_wconf 74' lang='lat' dir='ltr'>Rat/tom.</span> <span class='ocrx_word' id='word_1_199' title='bbox 2794 1591 2878 1653; x_wconf 87' lang='lat' dir='ltr'>l3,</span> <span class='ocrx_word' id='word_1_200' title='bbox 2925 1603 3047 1654; x_wconf 87' lang='lat' dir='ltr'>cap.</span> <span class='ocrx_word' id='word_1_201' title='bbox 3109 1586 3217 1656; x_wconf 88' lang='lat' dir='ltr'>ll.)</span> <span class='ocrx_word' id='word_1_202' title='bbox 3277 1588 3420 1642; x_wconf 91' lang='lat' dir='ltr'>Cum</span> <span class='ocrx_word' id='word_1_203' title='bbox 3477 1585 3802 1657; x_wconf 86' lang='lat' dir='ltr'>episcopus</span> 
     </span>
    </p>
   </div>
   <div class='ocr_carea' id='block_1_32' title="bbox 2083 1673 3801 1742">
    <p class='ocr_par' dir='ltr' id='par_1_32' title="bbox 2083 1673 3801 1742">
     <span class='ocr_line' id='line_1_32' title="bbox 2083 1673 3801 1742; baseline -0.001 -12"><span class='ocrx_word' id='word_1_204' title='bbox 2083 1693 2245 1730; x_wconf 89' lang='lat' dir='ltr'>suam</span> <span class='ocrx_word' id='word_1_205' title='bbox 2301 1676 2588 1730; x_wconf 75' lang='lat' dir='ltr'>dimcesim</span> <span class='ocrx_word' id='word_1_206' title='bbox 2646 1675 2864 1742; x_wconf 88' lang='lat' dir='ltr'>circuit,</span> <span class='ocrx_word' id='word_1_207' title='bbox 2932 1673 3368 1728; x_wconf 85' lang='lat' dir='ltr'>archidiaconus</span> <span class='ocrx_word' id='word_1_208' title='bbox 3438 1675 3527 1728; x_wconf 90' lang='lat' dir='ltr'>vel</span> <span class='ocrx_word' id='word_1_209' title='bbox 3605 1674 3801 1728; x_wconf 86' lang='lat' dir='ltr'>archi-</span> 
     </span>
    </p>
   </div>
   <div class='ocr_carea' id='block_1_33' title="bbox 271 1761 3799 1850">
    <p class='ocr_par' dir='ltr' id='par_1_33' title="bbox 271 1761 3799 1850">
     <span class='ocr_line' id='line_1_33' title="bbox 271 1761 3799 1850; baseline -0.002 -21"><span class='ocrx_word' id='word_1_210' title='bbox 271 1776 583 1846; x_wconf 89' lang='lat' dir='ltr'>probabilis</span> <span class='ocrx_word' id='word_1_211' title='bbox 599 1777 748 1846; x_wconf 72' lang='lat' dir='ltr'>vitae,</span> <span class='ocrx_word' id='word_1_212' title='bbox 783 1783 881 1832; x_wconf 89' lang='lat' dir='ltr'>aut</span> <span class='ocrx_word' id='word_1_213' title='bbox 918 1779 1187 1832; x_wconf 90' lang='lat' dir='ltr'>diaconos</span> <span class='ocrx_word' id='word_1_214' title='bbox 1210 1779 1418 1847; x_wconf 89' lang='lat' dir='ltr'>mittat,</span> <span class='ocrx_word' id='word_1_215' title='bbox 1442 1779 1543 1850; x_wconf 91' lang='lat' dir='ltr'>qui</span> <span class='ocrx_word' id='word_1_216' title='bbox 1567 1777 1842 1832; x_wconf 85' lang='lat' dir='ltr'>redditus</span> <span class='ocrx_word' id='word_1_217' title='bbox 1872 1777 1971 1832; x_wconf 88' lang='lat' dir='ltr'>ba-</span> <span class='ocrx_word' id='word_1_218' title='bbox 2008 1776 2048 1830; x_wconf 88' lang='grc' dir='ltr'>Β</span> <span class='ocrx_word' id='word_1_219' title='bbox 2087 1766 2384 1836; x_wconf 77' lang='lat' dir='ltr'>presbyter</span> <span class='ocrx_word' id='word_1_220' title='bbox 2431 1781 2564 1818; x_wconf 60' lang='lat' dir='ltr'>eum</span> <span class='ocrx_word' id='word_1_221' title='bbox 2639 1763 2846 1834; x_wconf 66' lang='grc' dir='ltr'>Ρτεὲίτθ</span> <span class='ocrx_word' id='word_1_222' title='bbox 2893 1762 3065 1816; x_wconf 59' lang='lat' dir='ltr'>debet</span> <span class='ocrx_word' id='word_1_223' title='bbox 3117 1779 3231 1816; x_wconf 79' lang='lat' dir='ltr'>uno</span> <span class='ocrx_word' id='word_1_224' title='bbox 3311 1762 3534 1816; x_wconf 76' lang='lat' dir='ltr'>duobus</span> <span class='ocrx_word' id='word_1_225' title='bbox 3577 1761 3799 1816; x_wconf 79' lang='lat' dir='ltr'>diebus</span> 
     </span>
    </p>
   </div>
   <div class='ocr_carea' id='block_1_34' title="bbox 272 1863 1970 1938">
    <p class='ocr_par' dir='ltr' id='par_1_34' title="bbox 272 1863 1970 1938">
     <span class='ocr_line' id='line_1_34' title="bbox 272 1863 1970 1938; baseline 0.002 -22"><span class='ocrx_word' id='word_1_226' title='bbox 272 1863 564 1920; x_wconf 89' lang='lat' dir='ltr'>silicarum</span> <span class='ocrx_word' id='word_1_227' title='bbox 611 1871 670 1920; x_wconf 91' lang='lat' dir='ltr'>et</span> <span class='ocrx_word' id='word_1_228' title='bbox 720 1867 1131 1938; x_wconf 87' lang='lat' dir='ltr'>reparationes,</span> <span class='ocrx_word' id='word_1_229' title='bbox 1187 1873 1242 1922; x_wconf 84' lang='lat' dir='ltr'>et</span> <span class='ocrx_word' id='word_1_230' title='bbox 1297 1867 1756 1922; x_wconf 87' lang='lat' dir='ltr'>ministrantium</span> <span class='ocrx_word' id='word_1_231' title='bbox 1799 1865 1970 1920; x_wconf 88' lang='lat' dir='ltr'>vitam</span> 
     </span>
    </p>
   </div>
   <div class='ocr_carea' id='block_1_35' title="bbox 273 1952 591 2024">
    <p class='ocr_par' dir='ltr' id='par_1_35' title="bbox 273 1952 591 2024">
     <span class='ocr_line' id='line_1_35' title="bbox 273 1952 591 2024; baseline 0.006 -18"><span class='ocrx_word' id='word_1_232' title='bbox 273 1952 591 2024; x_wconf 86' lang='lat' dir='ltr'>inquirant.</span> 
     </span>
    </p>
   </div>
   <div class='ocr_carea' id='block_1_36' title="bbox 273 2041 1976 2114">
    <p class='ocr_par' dir='ltr' id='par_1_36' title="bbox 273 2041 1976 2114">
     <span class='ocr_line' id='line_1_36' title="bbox 273 2041 1976 2114; baseline 0.001 -19"><span class='ocrx_word' id='word_1_233' title='bbox 273 2041 403 2097; x_wconf 78' lang='lat' dir='ltr'>CAP.</span> <span class='ocrx_word' id='word_1_234' title='bbox 430 2043 742 2098; x_wconf 81' lang='lat' dir='ltr'>LXXXVIII.</span> <span class='ocrx_word' id='word_1_235' title='bbox 776 2075 844 2083; x_wconf 93' lang='lat'><strong><em>—</em></strong></span> <span class='ocrx_word' id='word_1_236' title='bbox 877 2045 1103 2110; x_wconf 82' lang='lat' dir='ltr'>Qualem</span> <span class='ocrx_word' id='word_1_237' title='bbox 1133 2047 1447 2099; x_wconf 84' lang='lat' dir='ltr'>ministrum</span> <span class='ocrx_word' id='word_1_238' title='bbox 1494 2046 1770 2114; x_wconf 84' lang='lat' dir='ltr'>episcopus</span> <span class='ocrx_word' id='word_1_239' title='bbox 1806 2043 1976 2112; x_wconf 67' lang='lat' dir='ltr'>juxta</span> 
     </span>
    </p>
   </div>
   <div class='ocr_carea' id='block_1_37' title="bbox 878 2116 1390 2170">
    <p class='ocr_par' dir='ltr' id='par_1_37' title="bbox 878 2116 1390 2170">
     <span class='ocr_line' id='line_1_37' title="bbox 878 2116 1390 2170; baseline 0 -1"><span class='ocrx_word' id='word_1_240' title='bbox 878 2131 934 2170; x_wconf 89' lang='lat' dir='ltr'>se</span> <span class='ocrx_word' id='word_1_241' title='bbox 964 2117 1159 2169; x_wconf 86' lang='lat' dir='ltr'>habere</span> <span class='ocrx_word' id='word_1_242' title='bbox 1179 2116 1390 2169; x_wconf 83' lang='lat' dir='ltr'>debeat.</span> 
     </span>
    </p>
   </div>
   <div class='ocr_carea' id='block_1_38' title="bbox 349 2200 1975 2274">
    <p class='ocr_par' dir='ltr' id='par_1_38' title="bbox 349 2200 1975 2274">
     <span class='ocr_line' id='line_1_38' title="bbox 349 2200 1975 2274; baseline -0.001 -18"><span class='ocrx_word' id='word_1_243' title='bbox 349 2200 458 2271; x_wconf 76' lang='lat' dir='ltr'>(Ea:</span> <span class='ocrx_word' id='word_1_244' title='bbox 484 2203 676 2256; x_wconf 83' lang='lat' dir='ltr'>concil.</span> <span class='ocrx_word' id='word_1_245' title='bbox 699 2203 982 2268; x_wconf 86' lang='lat' dir='ltr'>Meldensi,</span> <span class='ocrx_word' id='word_1_246' title='bbox 1015 2219 1135 2272; x_wconf 84' lang='lat' dir='ltr'>cap.</span> <span class='ocrx_word' id='word_1_247' title='bbox 1171 2203 1259 2271; x_wconf 88' lang='lat'>3.)</span> <span class='ocrx_word' id='word_1_248' title='bbox 1283 2204 1353 2258; x_wconf 88' lang='lat' dir='ltr'>Ut</span> <span class='ocrx_word' id='word_1_249' title='bbox 1385 2202 1631 2274; x_wconf 88' lang='lat' dir='ltr'>quisque</span> <span class='ocrx_word' id='word_1_250' title='bbox 1674 2201 1975 2272; x_wconf 90' lang='lat' dir='ltr'>episcopus</span> 
     </span>
    </p>
   </div>
   <div class='ocr_carea' id='block_1_39' title="bbox 276 2289 1978 2361">
    <p class='ocr_par' dir='ltr' id='par_1_39' title="bbox 276 2289 1978 2361">
     <span class='ocr_line' id='line_1_39' title="bbox 276 2289 1978 2361; baseline -0.001 -18"><span class='ocrx_word' id='word_1_251' title='bbox 276 2289 454 2344; x_wconf 87' lang='lat' dir='ltr'>talem</span> <span class='ocrx_word' id='word_1_252' title='bbox 489 2291 656 2361; x_wconf 82' lang='lat' dir='ltr'>juxta</span> <span class='ocrx_word' id='word_1_253' title='bbox 685 2307 744 2344; x_wconf 90' lang='lat' dir='ltr'>se</span> <span class='ocrx_word' id='word_1_254' title='bbox 775 2307 880 2361; x_wconf 91' lang='lat' dir='ltr'>pro</span> <span class='ocrx_word' id='word_1_255' title='bbox 911 2291 1127 2346; x_wconf 89' lang='lat' dir='ltr'>viribus</span> <span class='ocrx_word' id='word_1_256' title='bbox 1154 2291 1365 2346; x_wconf 87' lang='lat' dir='ltr'>habere</span> <span class='ocrx_word' id='word_1_257' title='bbox 1398 2291 1666 2357; x_wconf 87' lang='lat' dir='ltr'>decertet,</span> <span class='ocrx_word' id='word_1_258' title='bbox 1700 2289 1978 2361; x_wconf 84' lang='lat' dir='ltr'>quijuxta</span> 
     </span>
    </p>
   </div>
   <div class='ocr_carea' id='block_1_40' title="bbox 277 2377 1980 2448">
    <p class='ocr_par' dir='ltr' id='par_1_40' title="bbox 277 2377 1980 2448">
     <span class='ocr_line' id='line_1_40' title="bbox 277 2377 1980 2448; baseline 0 -17"><span class='ocrx_word' id='word_1_259' title='bbox 277 2377 728 2432; x_wconf 89' lang='lat' dir='ltr'>sincerissimum</span> <span class='ocrx_word' id='word_1_260' title='bbox 758 2384 814 2432; x_wconf 91' lang='lat' dir='ltr'>et</span> <span class='ocrx_word' id='word_1_261' title='bbox 850 2378 1228 2448; x_wconf 87' lang='lat' dir='ltr'>purissimum</span> <span class='ocrx_word' id='word_1_262' title='bbox 1277 2395 1510 2434; x_wconf 86' lang='lat' dir='ltr'>sensum</span> <span class='ocrx_word' id='word_1_263' title='bbox 1569 2378 1980 2432; x_wconf 90' lang='lat' dir='ltr'>catholicorum</span> 
     </span>
    </p>
   </div>
   <div class='ocr_carea' id='block_1_41' title="bbox 282 2466 1980 2534">
    <p class='ocr_par' dir='ltr' id='par_1_41' title="bbox 282 2466 1980 2534">
     <span class='ocr_line' id='line_1_41' title="bbox 282 2466 1980 2534; baseline -0.001 -14"><span class='ocrx_word' id='word_1_264' title='bbox 282 2468 535 2534; x_wconf 86' lang='lat' dir='ltr'>Patrum,</span> <span class='ocrx_word' id='word_1_265' title='bbox 595 2466 706 2521; x_wconf 89' lang='lat' dir='ltr'>ﬁde</span> <span class='ocrx_word' id='word_1_266' title='bbox 738 2472 796 2521; x_wconf 90' lang='lat' dir='ltr'>et</span> <span class='ocrx_word' id='word_1_267' title='bbox 823 2467 1217 2522; x_wconf 85' lang='lat' dir='ltr'>observatione</span> <span class='ocrx_word' id='word_1_268' title='bbox 1257 2467 1659 2521; x_wconf 89' lang='lat' dir='ltr'>mandatorum</span> <span class='ocrx_word' id='word_1_269' title='bbox 1702 2466 1826 2534; x_wconf 90' lang='lat' dir='ltr'>Dei,</span> <span class='ocrx_word' id='word_1_270' title='bbox 1881 2481 1980 2520; x_wconf 91' lang='lat' dir='ltr'>seu</span> 
     </span>
    </p>
   </div>
   <div class='ocr_carea' id='block_1_42' title="bbox 283 2553 1981 2627">
    <p class='ocr_par' dir='ltr' id='par_1_42' title="bbox 283 2553 1981 2627">
     <span class='ocr_line' id='line_1_42' title="bbox 283 2553 1981 2627; baseline 0 -19"><span class='ocrx_word' id='word_1_271' title='bbox 283 2560 342 2609; x_wconf 91' lang='lat' dir='ltr'>et</span> <span class='ocrx_word' id='word_1_272' title='bbox 374 2555 805 2626; x_wconf 66' lang='lat' dir='ltr'>prmdicationis</span> <span class='ocrx_word' id='word_1_273' title='bbox 834 2556 1116 2624; x_wconf 89' lang='lat' dir='ltr'>doctrina,</span> <span class='ocrx_word' id='word_1_274' title='bbox 1144 2556 1502 2627; x_wconf 86' lang='lat' dir='ltr'>presbyteros</span> <span class='ocrx_word' id='word_1_275' title='bbox 1537 2555 1795 2626; x_wconf 81' lang='lat' dir='ltr'>plebium</span> <span class='ocrx_word' id='word_1_276' title='bbox 1843 2553 1981 2608; x_wconf 88' lang='lat' dir='ltr'>assi-</span> 
     </span>
    </p>
   </div>
   <div class='ocr_carea' id='block_1_43' title="bbox 280 2643 1982 2715">
    <p class='ocr_par' dir='ltr' id='par_1_43' title="bbox 280 2643 1982 2715">
     <span class='ocr_line' id='line_1_43' title="bbox 280 2643 1982 2715; baseline -0.002 -17"><span class='ocrx_word' id='word_1_277' title='bbox 280 2643 392 2698; x_wconf 92' lang='lat' dir='ltr'>due</span> <span class='ocrx_word' id='word_1_278' title='bbox 423 2643 669 2698; x_wconf 88' lang='lat' dir='ltr'>instruat</span> <span class='ocrx_word' id='word_1_279' title='bbox 698 2650 754 2698; x_wconf 91' lang='lat' dir='ltr'>et</span> <span class='ocrx_word' id='word_1_280' title='bbox 773 2645 1065 2714; x_wconf 86' lang='lat' dir='ltr'>informet,</span> <span class='ocrx_word' id='word_1_281' title='bbox 1100 2661 1173 2700; x_wconf 91' lang='lat' dir='ltr'>ne</span> <span class='ocrx_word' id='word_1_282' title='bbox 1205 2645 1410 2700; x_wconf 92' lang='lat' dir='ltr'>domus</span> <span class='ocrx_word' id='word_1_283' title='bbox 1438 2645 1538 2700; x_wconf 90' lang='lat' dir='ltr'>Dei</span> <span class='ocrx_word' id='word_1_284' title='bbox 1561 2645 1691 2707; x_wconf 88' lang='lat' dir='ltr'>vivi,</span> <span class='ocrx_word' id='word_1_285' title='bbox 1728 2660 1858 2715; x_wconf 67' lang='lat' dir='ltr'>quae</span> <span class='ocrx_word' id='word_1_286' title='bbox 1897 2648 1982 2698; x_wconf 87' lang='lat' dir='ltr'>est</span> 
     </span>
    </p>
   </div>
   <div class='ocr_carea' id='block_1_44' title="bbox 283 2731 1982 2799">
    <p class='ocr_par' dir='ltr' id='par_1_44' title="bbox 283 2731 1982 2799">
     <span class='ocr_line' id='line_1_44' title="bbox 283 2731 1982 2799; baseline 0 -13"><span class='ocrx_word' id='word_1_287' title='bbox 283 2731 548 2799; x_wconf 85' lang='lat' dir='ltr'>Ecclesia,</span> <span class='ocrx_word' id='word_1_288' title='bbox 591 2733 978 2796; x_wconf 71' lang='lat' dir='ltr'>sinalucerna</span> <span class='ocrx_word' id='word_1_289' title='bbox 1009 2735 1167 2788; x_wconf 89' lang='lat' dir='ltr'>verbi</span> <span class='ocrx_word' id='word_1_290' title='bbox 1190 2734 1371 2789; x_wconf 90' lang='lat' dir='ltr'>divini</span> <span class='ocrx_word' id='word_1_291' title='bbox 1417 2738 1732 2787; x_wconf 87' lang='lat' dir='ltr'>remaneat.</span> <span class='ocrx_word' id='word_1_292' title='bbox 1769 2732 1878 2787; x_wconf 88' lang='lat' dir='ltr'>Sed</span> <span class='ocrx_word' id='word_1_293' title='bbox 1923 2735 1982 2786; x_wconf 84' lang='lat' dir='ltr'>et</span> 
     </span>
    </p>
   </div>
   <div class='ocr_carea' id='block_1_45' title="bbox 279 2820 1981 2894">
    <p class='ocr_par' dir='ltr' id='par_1_45' title="bbox 279 2820 1981 2894">
     <span class='ocr_line' id='line_1_45' title="bbox 279 2820 1981 2894; baseline -0.002 -19"><span class='ocrx_word' id='word_1_294' title='bbox 279 2820 435 2875; x_wconf 92' lang='lat' dir='ltr'>idem</span> <span class='ocrx_word' id='word_1_295' title='bbox 470 2822 599 2875; x_wconf 87' lang='lat' dir='ltr'>talis</span> <span class='ocrx_word' id='word_1_296' title='bbox 626 2821 847 2888; x_wconf 90' lang='lat' dir='ltr'>existat,</span> <span class='ocrx_word' id='word_1_297' title='bbox 907 2839 1080 2894; x_wconf 90' lang='lat' dir='ltr'>quem</span> <span class='ocrx_word' id='word_1_298' title='bbox 1111 2838 1274 2876; x_wconf 88' lang='lat' dir='ltr'>amor</span> <span class='ocrx_word' id='word_1_299' title='bbox 1319 2823 1576 2892; x_wconf 67' lang='lat' dir='ltr'>pecunias</span> <span class='ocrx_word' id='word_1_300' title='bbox 1623 2837 1738 2875; x_wconf 92' lang='lat' dir='ltr'>non</span> <span class='ocrx_word' id='word_1_301' title='bbox 1797 2823 1981 2884; x_wconf 86' lang='lat' dir='ltr'>vexet,</span> 
     </span>
    </p>
   </div>
   <div class='ocr_carea' id='block_1_46' title="bbox 284 2909 1983 2982">
    <p class='ocr_par' dir='ltr' id='par_1_46' title="bbox 284 2909 1983 2982">
     <span class='ocr_line' id='line_1_46' title="bbox 284 2909 1983 2982; baseline -0.002 -18"><span class='ocrx_word' id='word_1_302' title='bbox 284 2915 382 2964; x_wconf 87' lang='lat' dir='ltr'>aut</span> <span class='ocrx_word' id='word_1_303' title='bbox 405 2911 874 2981; x_wconf 89' lang='lat' dir='ltr'>reprehensibilis</span> <span class='ocrx_word' id='word_1_304' title='bbox 904 2909 1400 2982; x_wconf 89' lang='lat' dir='ltr'>contemptibilem</span> <span class='ocrx_word' id='word_1_305' title='bbox 1423 2909 1642 2964; x_wconf 90' lang='lat' dir='ltr'>reddat.</span> <span class='ocrx_word' id='word_1_306' title='bbox 1688 2909 1829 2964; x_wconf 87' lang='lat' dir='ltr'>Hinc</span> <span class='ocrx_word' id='word_1_307' title='bbox 1875 2912 1983 2973; x_wconf 91' lang='lat' dir='ltr'>est,</span> 
     </span>
    </p>
   </div>
   <div class='ocr_carea' id='block_1_47' title="bbox 282 2997 1982 3072">
    <p class='ocr_par' dir='ltr' id='par_1_47' title="bbox 282 2997 1982 3072">
     <span class='ocr_line' id='line_1_47' title="bbox 282 2997 1982 3072; baseline -0.001 -20"><span class='ocrx_word' id='word_1_308' title='bbox 282 2999 435 3070; x_wconf 91' lang='lat' dir='ltr'>quod</span> <span class='ocrx_word' id='word_1_309' title='bbox 468 3016 600 3054; x_wconf 90' lang='lat' dir='ltr'>cum</span> <span class='ocrx_word' id='word_1_310' title='bbox 626 3001 802 3056; x_wconf 81' lang='lat' dir='ltr'>Moses</span> <span class='ocrx_word' id='word_1_311' title='bbox 841 3001 1138 3072; x_wconf 87' lang='lat' dir='ltr'>querelam</span> <span class='ocrx_word' id='word_1_312' title='bbox 1198 2999 1258 3054; x_wconf 93' lang='lat' dir='ltr'>in</span> <span class='ocrx_word' id='word_1_313' title='bbox 1293 3004 1604 3070; x_wconf 89' lang='lat' dir='ltr'>conspectu</span> <span class='ocrx_word' id='word_1_314' title='bbox 1659 2997 1757 3052; x_wconf 90' lang='lat' dir='ltr'>Dei</span> <span class='ocrx_word' id='word_1_315' title='bbox 1799 3012 1982 3068; x_wconf 89' lang='lat' dir='ltr'>pone-</span> 
     </span>
    </p>
   </div>
   <div class='ocr_carea' id='block_1_48' title="bbox 285 3083 1982 3159">
    <p class='ocr_par' dir='ltr' id='par_1_48' title="bbox 285 3083 1982 3159">
     <span class='ocr_line' id='line_1_48' title="bbox 285 3083 1982 3159; baseline -0.002 -19"><span class='ocrx_word' id='word_1_316' title='bbox 285 3091 390 3154; x_wconf 91' lang='lat' dir='ltr'>ret,</span> <span class='ocrx_word' id='word_1_317' title='bbox 443 3103 559 3141; x_wconf 92' lang='lat' dir='ltr'>non</span> <span class='ocrx_word' id='word_1_318' title='bbox 607 3104 667 3140; x_wconf 91' lang='lat' dir='ltr'>se</span> <span class='ocrx_word' id='word_1_319' title='bbox 725 3104 890 3158; x_wconf 88' lang='lat' dir='ltr'>posse</span> <span class='ocrx_word' id='word_1_320' title='bbox 939 3093 1168 3159; x_wconf 89' lang='lat' dir='ltr'>portare</span> <span class='ocrx_word' id='word_1_321' title='bbox 1233 3093 1460 3142; x_wconf 89' lang='lat' dir='ltr'>tantum</span> <span class='ocrx_word' id='word_1_322' title='bbox 1507 3103 1651 3140; x_wconf 85' lang='lat' dir='ltr'>onus</span> <span class='ocrx_word' id='word_1_323' title='bbox 1719 3085 1874 3156; x_wconf 93' lang='lat' dir='ltr'>quod</span> <span class='ocrx_word' id='word_1_324' title='bbox 1929 3083 1982 3137; x_wconf 93' lang='lat' dir='ltr'>ei</span> 
     </span>
    </p>
   </div>
   <div class='ocr_carea' id='block_1_49' title="bbox 286 3172 1984 3245">
    <p class='ocr_par' dir='ltr' id='par_1_49' title="bbox 286 3172 1984 3245">
     <span class='ocr_line' id='line_1_49' title="bbox 286 3172 1984 3245; baseline -0.001 -17"><span class='ocrx_word' id='word_1_325' title='bbox 286 3173 476 3228; x_wconf 85' lang='lat' dir='ltr'>fuerat</span> <span class='ocrx_word' id='word_1_326' title='bbox 503 3174 859 3245; x_wconf 91' lang='lat' dir='ltr'>impositum,</span> <span class='ocrx_word' id='word_1_327' title='bbox 893 3175 1112 3229; x_wconf 88' lang='lat' dir='ltr'>audivit</span> <span class='ocrx_word' id='word_1_328' title='bbox 1142 3191 1173 3228; x_wconf 90' lang='lat' dir='ltr'>a</span> <span class='ocrx_word' id='word_1_329' title='bbox 1205 3175 1444 3229; x_wconf 91' lang='lat' dir='ltr'>Domino</span> <span class='ocrx_word' id='word_1_330' title='bbox 1471 3191 1484 3229; x_wconf 90' lang='lat'><strong>:</strong></span> <span class='ocrx_word' id='word_1_331' title='bbox 1509 3175 1810 3243; x_wconf 87' lang='lat' dir='ltr'>Congrega</span> <span class='ocrx_word' id='word_1_332' title='bbox 1841 3172 1984 3226; x_wconf 90' lang='lat' dir='ltr'>mihi</span> 
     </span>
    </p>
   </div>
   <div class='ocr_carea' id='block_1_50' title="bbox 288 3261 1984 3334">
    <p class='ocr_par' dir='ltr' id='par_1_50' title="bbox 288 3261 1984 3334">
     <span class='ocr_line' id='line_1_50' title="bbox 288 3261 1984 3334; baseline -0.002 -17"><span class='ocrx_word' id='word_1_333' title='bbox 288 3263 411 3317; x_wconf 78' lang='lat' dir='ltr'><strong>LXX</strong></span> <span class='ocrx_word' id='word_1_334' title='bbox 444 3263 594 3316; x_wconf 88' lang='lat' dir='ltr'>viros</span> <span class='ocrx_word' id='word_1_335' title='bbox 627 3264 697 3318; x_wconf 94' lang='lat' dir='ltr'>de</span> <span class='ocrx_word' id='word_1_336' title='bbox 724 3264 1046 3318; x_wconf 87' lang='lat' dir='ltr'>senioribus</span> <span class='ocrx_word' id='word_1_337' title='bbox 1085 3264 1278 3327; x_wconf 87' lang='lat' dir='ltr'>Israel,</span> <span class='ocrx_word' id='word_1_338' title='bbox 1330 3279 1474 3334; x_wconf 90' lang='lat' dir='ltr'>quos</span> <span class='ocrx_word' id='word_1_339' title='bbox 1523 3268 1587 3317; x_wconf 91' lang='lat' dir='ltr'>tu</span> <span class='ocrx_word' id='word_1_340' title='bbox 1644 3263 1796 3316; x_wconf 89' lang='lat' dir='ltr'>nosti</span> <span class='ocrx_word' id='word_1_341' title='bbox 1833 3261 1984 3332; x_wconf 92' lang='lat' dir='ltr'>quod</span> 
     </span>
    </p>
   </div>
   <div class='ocr_carea' id='block_1_51' title="bbox 286 3349 1986 3422">
    <p class='ocr_par' dir='ltr' id='par_1_51' title="bbox 286 3349 1986 3422">
     <span class='ocr_line' id='line_1_51' title="bbox 286 3349 1986 3422; baseline -0.001 -18"><span class='ocrx_word' id='word_1_342' title='bbox 286 3366 450 3404; x_wconf 91' lang='lat' dir='ltr'>senes</span> <span class='ocrx_word' id='word_1_343' title='bbox 481 3351 681 3422; x_wconf 91' lang='lat' dir='ltr'>populi</span> <span class='ocrx_word' id='word_1_344' title='bbox 713 3351 830 3405; x_wconf 90' lang='lat' dir='ltr'>sint</span> <span class='ocrx_word' id='word_1_345' title='bbox 867 3368 930 3406; x_wconf 89' lang='lat' dir='ltr'>ac</span> <span class='ocrx_word' id='word_1_346' title='bbox 964 3351 1246 3422; x_wconf 89' lang='lat' dir='ltr'>magistri,</span> <span class='ocrx_word' id='word_1_347' title='bbox 1277 3356 1335 3406; x_wconf 88' lang='lat' dir='ltr'>et</span> <span class='ocrx_word' id='word_1_348' title='bbox 1364 3351 1623 3406; x_wconf 84' lang='lat' dir='ltr'>auferam</span> <span class='ocrx_word' id='word_1_349' title='bbox 1653 3351 1723 3405; x_wconf 91' lang='lat' dir='ltr'>de</span> <span class='ocrx_word' id='word_1_350' title='bbox 1777 3349 1986 3420; x_wconf 86' lang='lat' dir='ltr'>spiritu</span> 
     </span>
    </p>
   </div>
   <div class='ocr_carea' id='block_1_52' title="bbox 289 3439 1984 3511">
    <p class='ocr_par' dir='ltr' id='par_1_52' title="bbox 289 3439 1984 3511">
     <span class='ocr_line' id='line_1_52' title="bbox 289 3439 1984 3511; baseline 0 -19"><span class='ocrx_word' id='word_1_351' title='bbox 289 3443 413 3500; x_wconf 89' lang='lat' dir='ltr'>tuo,</span> <span class='ocrx_word' id='word_1_352' title='bbox 443 3439 782 3511; x_wconf 88' lang='lat' dir='ltr'>tradamque</span> <span class='ocrx_word' id='word_1_353' title='bbox 812 3439 895 3494; x_wconf 91' lang='lat' dir='ltr'>eis</span> <span class='ocrx_word' id='word_1_354' title='bbox 923 3446 986 3495; x_wconf 90' lang='lat' dir='ltr'>ut</span> <span class='ocrx_word' id='word_1_355' title='bbox 1006 3445 1327 3495; x_wconf 90' lang='lat' dir='ltr'>sustentent</span> <span class='ocrx_word' id='word_1_356' title='bbox 1358 3446 1548 3494; x_wconf 89' lang='lat' dir='ltr'>tecum</span> <span class='ocrx_word' id='word_1_357' title='bbox 1578 3455 1722 3493; x_wconf 91' lang='lat' dir='ltr'>onus</span> <span class='ocrx_word' id='word_1_358' title='bbox 1761 3439 1984 3510; x_wconf 91' lang='lat' dir='ltr'>populi,</span> 
     </span>
    </p>
   </div>
   <div class='ocr_carea' id='block_1_53' title="bbox 289 3527 1985 3599">
    <p class='ocr_par' dir='ltr' id='par_1_53' title="bbox 289 3527 1985 3599">
     <span class='ocr_line' id='line_1_53' title="bbox 289 3527 1985 3599; baseline -0.001 -17"><span class='ocrx_word' id='word_1_359' title='bbox 289 3532 349 3582; x_wconf 85' lang='lat' dir='ltr'>et</span> <span class='ocrx_word' id='word_1_360' title='bbox 375 3543 495 3582; x_wconf 88' lang='lat' dir='ltr'>non</span> <span class='ocrx_word' id='word_1_361' title='bbox 528 3533 586 3581; x_wconf 92' lang='lat' dir='ltr'>tu</span> <span class='ocrx_word' id='word_1_362' title='bbox 614 3527 766 3581; x_wconf 90' lang='lat' dir='ltr'>solus</span> <span class='ocrx_word' id='word_1_363' title='bbox 789 3528 1060 3599; x_wconf 89' lang='lat' dir='ltr'>graveris.</span> <span class='ocrx_word' id='word_1_364' title='bbox 1094 3528 1241 3593; x_wconf 90' lang='lat' dir='ltr'>Quid</span> <span class='ocrx_word' id='word_1_365' title='bbox 1263 3529 1323 3583; x_wconf 91' lang='lat' dir='ltr'>in</span> <span class='ocrx_word' id='word_1_366' title='bbox 1355 3529 1523 3590; x_wconf 88' lang='lat' dir='ltr'>Mose,</span> <span class='ocrx_word' id='word_1_367' title='bbox 1551 3527 1666 3582; x_wconf 91' lang='lat' dir='ltr'>nisi</span> <span class='ocrx_word' id='word_1_368' title='bbox 1695 3543 1985 3581; x_wconf 91' lang='lat' dir='ltr'>summum</span> 
     </span>
    </p>
   </div>
   <div class='ocr_carea' id='block_1_54' title="bbox 292 3615 1990 3687">
    <p class='ocr_par' dir='ltr' id='par_1_54' title="bbox 292 3615 1990 3687">
     <span class='ocr_line' id='line_1_54' title="bbox 292 3615 1990 3687; baseline 0.001 -18"><span class='ocrx_word' id='word_1_369' title='bbox 292 3615 716 3671; x_wconf 88' lang='lat' dir='ltr'>sacerdotium?</span> <span class='ocrx_word' id='word_1_370' title='bbox 765 3617 910 3682; x_wconf 86' lang='lat' dir='ltr'>Quid</span> <span class='ocrx_word' id='word_1_371' title='bbox 941 3618 1002 3672; x_wconf 90' lang='lat' dir='ltr'>in</span> <span class='ocrx_word' id='word_1_372' title='bbox 1067 3619 1190 3673; x_wconf 90' lang='lat' dir='ltr'><strong>LXX</strong></span> <span class='ocrx_word' id='word_1_373' title='bbox 1233 3617 1386 3680; x_wconf 88' lang='lat' dir='ltr'>viris,</span> <span class='ocrx_word' id='word_1_374' title='bbox 1449 3616 1560 3672; x_wconf 90' lang='lat' dir='ltr'>nisi</span> <span class='ocrx_word' id='word_1_375' title='bbox 1623 3616 1990 3687; x_wconf 84' lang='lat' dir='ltr'>presbyteros</span> 
     </span>
    </p>
   </div>
   <div class='ocr_carea' id='block_1_55' title="bbox 291 3703 1990 3774">
    <p class='ocr_par' dir='ltr' id='par_1_55' title="bbox 291 3703 1990 3774">
     <span class='ocr_line' id='line_1_55' title="bbox 291 3703 1990 3774; baseline 0.001 -18"><span class='ocrx_word' id='word_1_376' title='bbox 291 3703 643 3774; x_wconf 83' lang='lat' dir='ltr'>accipimus?</span> <span class='ocrx_word' id='word_1_377' title='bbox 669 3704 830 3768; x_wconf 87' lang='lat' dir='ltr'>Quod</span> <span class='ocrx_word' id='word_1_378' title='bbox 864 3710 1056 3759; x_wconf 88' lang='lat' dir='ltr'>autem</span> <span class='ocrx_word' id='word_1_379' title='bbox 1094 3704 1368 3760; x_wconf 91' lang='lat' dir='ltr'>Dominus</span> <span class='ocrx_word' id='word_1_380' title='bbox 1419 3705 1606 3759; x_wconf 90' lang='lat' dir='ltr'>aufert</span> <span class='ocrx_word' id='word_1_381' title='bbox 1653 3705 1723 3758; x_wconf 90' lang='lat' dir='ltr'>de</span> <span class='ocrx_word' id='word_1_382' title='bbox 1785 3704 1990 3774; x_wconf 90' lang='lat' dir='ltr'>spiritu</span> 
     </span>
    </p>
   </div>
   <div class='ocr_carea' id='block_1_56' title="bbox 295 3791 1992 3864">
    <p class='ocr_par' dir='ltr' id='par_1_56' title="bbox 295 3791 1992 3864">
     <span class='ocr_line' id='line_1_56' title="bbox 295 3791 1992 3864; baseline -0.001 -18"><span class='ocrx_word' id='word_1_383' title='bbox 295 3792 449 3857; x_wconf 85' lang='lat' dir='ltr'>Mosi,</span> <span class='ocrx_word' id='word_1_384' title='bbox 488 3792 776 3863; x_wconf 89' lang='lat' dir='ltr'>traditque</span> <span class='ocrx_word' id='word_1_385' title='bbox 811 3792 912 3861; x_wconf 88' lang='lat' dir='ltr'>eis,</span> <span class='ocrx_word' id='word_1_386' title='bbox 969 3797 1233 3864; x_wconf 88' lang='lat' dir='ltr'>patenter</span> <span class='ocrx_word' id='word_1_387' title='bbox 1282 3793 1553 3859; x_wconf 89' lang='lat' dir='ltr'>ostendit,</span> <span class='ocrx_word' id='word_1_388' title='bbox 1588 3793 1740 3864; x_wconf 90' lang='lat' dir='ltr'>quod</span> <span class='ocrx_word' id='word_1_389' title='bbox 1793 3791 1853 3846; x_wconf 90' lang='lat' dir='ltr'>bi</span> <span class='ocrx_word' id='word_1_390' title='bbox 1892 3791 1992 3862; x_wconf 87' lang='lat' dir='ltr'>qui</span> 
     </span>
    </p>
   </div>
   <div class='ocr_carea' id='block_1_57' title="bbox 294 3879 1991 3952">
    <p class='ocr_par' dir='ltr' id='par_1_57' title="bbox 294 3879 1991 3952">
     <span class='ocr_line' id='line_1_57' title="bbox 294 3879 1991 3952; baseline 0.001 -19"><span class='ocrx_word' id='word_1_391' title='bbox 294 3879 365 3933; x_wconf 90' lang='lat' dir='ltr'>ab</span> <span class='ocrx_word' id='word_1_392' title='bbox 395 3879 664 3950; x_wconf 88' lang='lat' dir='ltr'>episcopo</span> <span class='ocrx_word' id='word_1_393' title='bbox 697 3881 756 3934; x_wconf 91' lang='lat' dir='ltr'>in</span> <span class='ocrx_word' id='word_1_394' title='bbox 789 3886 1092 3952; x_wconf 88' lang='lat' dir='ltr'>conspectu</span> <span class='ocrx_word' id='word_1_395' title='bbox 1144 3881 1245 3935; x_wconf 91' lang='lat' dir='ltr'>Dei</span> <span class='ocrx_word' id='word_1_396' title='bbox 1292 3881 1474 3936; x_wconf 89' lang='lat' dir='ltr'>vocati</span> <span class='ocrx_word' id='word_1_397' title='bbox 1507 3885 1661 3946; x_wconf 91' lang='lat' dir='ltr'>sunt,</span> <span class='ocrx_word' id='word_1_398' title='bbox 1698 3885 1759 3934; x_wconf 93' lang='lat' dir='ltr'>ut</span> <span class='ocrx_word' id='word_1_399' title='bbox 1799 3896 1991 3934; x_wconf 90' lang='lat' dir='ltr'>secum</span> 
     </span>
    </p>
   </div>
   <div class='ocr_carea' id='block_1_58' title="bbox 297 3968 1991 4038">
    <p class='ocr_par' dir='ltr' id='par_1_58' title="bbox 297 3968 1991 4038">
     <span class='ocr_line' id='line_1_58' title="bbox 297 3968 1991 4038; baseline 0 -18"><span class='ocrx_word' id='word_1_400' title='bbox 297 3983 446 4021; x_wconf 90' lang='lat' dir='ltr'>onus</span> <span class='ocrx_word' id='word_1_401' title='bbox 466 3968 668 4038; x_wconf 89' lang='lat' dir='ltr'>populi</span> <span class='ocrx_word' id='word_1_402' title='bbox 699 3973 1039 4036; x_wconf 90' lang='lat' dir='ltr'>sustentent,</span> <span class='ocrx_word' id='word_1_403' title='bbox 1097 3969 1297 4022; x_wconf 89' lang='lat' dir='ltr'>eadem</span> <span class='ocrx_word' id='word_1_404' title='bbox 1350 3969 1519 4032; x_wconf 85' lang='lat' dir='ltr'>velle,</span> <span class='ocrx_word' id='word_1_405' title='bbox 1553 3973 1610 4022; x_wconf 90' lang='lat' dir='ltr'>et</span> <span class='ocrx_word' id='word_1_406' title='bbox 1665 3968 1726 4021; x_wconf 90' lang='lat' dir='ltr'>in</span> <span class='ocrx_word' id='word_1_407' title='bbox 1779 3969 1991 4038; x_wconf 89' lang='lat' dir='ltr'>partito</span> 
     </span>
    </p>
   </div>
   <div class='ocr_carea' id='block_1_59' title="bbox 297 4055 1991 4134">
    <p class='ocr_par' dir='ltr' id='par_1_59' title="bbox 297 4055 1991 4134">
     <span class='ocr_line' id='line_1_59' title="bbox 297 4055 1991 4134; baseline 0 -25"><span class='ocrx_word' id='word_1_408' title='bbox 297 4055 405 4109; x_wconf 92' lang='lat' dir='ltr'>sibi</span> <span class='ocrx_word' id='word_1_409' title='bbox 426 4071 599 4134; x_wconf 81' lang='lat' dir='ltr'>onere</span> <span class='ocrx_word' id='word_1_410' title='bbox 630 4056 762 4109; x_wconf 91' lang='lat' dir='ltr'>totis</span> <span class='ocrx_word' id='word_1_411' title='bbox 811 4057 1029 4110; x_wconf 91' lang='lat' dir='ltr'>viribus</span> <span class='ocrx_word' id='word_1_412' title='bbox 1057 4057 1372 4126; x_wconf 89' lang='lat' dir='ltr'>cooperari.</span> <span class='ocrx_word' id='word_1_413' title='bbox 1427 4057 1543 4111; x_wconf 87' lang='lat' dir='ltr'>Hoc</span> <span class='ocrx_word' id='word_1_414' title='bbox 1600 4061 1755 4109; x_wconf 87' lang='lat' dir='ltr'>enim</span> <span class='ocrx_word' id='word_1_415' title='bbox 1815 4055 1991 4126; x_wconf 90' lang='lat' dir='ltr'>signi-</span> 
     </span>
    </p>
   </div>
   <div class='ocr_carea' id='block_1_60' title="bbox 299 4143 1995 4215">
    <p class='ocr_par' dir='ltr' id='par_1_60' title="bbox 299 4143 1995 4215">
     <span class='ocr_line' id='line_1_60' title="bbox 299 4143 1995 4215; baseline 0.001 -19"><span class='ocrx_word' id='word_1_416' title='bbox 299 4143 447 4209; x_wconf 87' lang='lat' dir='ltr'>ﬁcat,</span> <span class='ocrx_word' id='word_1_417' title='bbox 481 4143 635 4214; x_wconf 90' lang='lat' dir='ltr'>quod</span> <span class='ocrx_word' id='word_1_418' title='bbox 667 4159 786 4197; x_wconf 90' lang='lat' dir='ltr'>non</span> <span class='ocrx_word' id='word_1_419' title='bbox 843 4144 1045 4210; x_wconf 88' lang='lat' dir='ltr'>alium,</span> <span class='ocrx_word' id='word_1_420' title='bbox 1078 4146 1175 4199; x_wconf 90' lang='lat' dir='ltr'>sed</span> <span class='ocrx_word' id='word_1_421' title='bbox 1224 4145 1482 4215; x_wconf 89' lang='lat' dir='ltr'>ejusdem</span> <span class='ocrx_word' id='word_1_422' title='bbox 1535 4144 1670 4197; x_wconf 86' lang='lat' dir='ltr'>Mosi</span> <span class='ocrx_word' id='word_1_423' title='bbox 1725 4143 1995 4214; x_wconf 87' lang='lat' dir='ltr'>spiritum</span> 
     </span>
    </p>
   </div>
   <div class='ocr_carea' id='block_1_61' title="bbox 302 4231 608 4301">
    <p class='ocr_par' dir='ltr' id='par_1_61' title="bbox 302 4231 608 4301">
     <span class='ocr_line' id='line_1_61' title="bbox 302 4231 608 4301; baseline 0 -15"><span class='ocrx_word' id='word_1_424' title='bbox 302 4231 608 4301; x_wconf 88' lang='lat' dir='ltr'>accipiunt.</span> 
     </span>
    </p>
   </div>
   <div class='ocr_carea' id='block_1_62' title="bbox 2081 1850 3798 1925">
    <p class='ocr_par' dir='ltr' id='par_1_62' title="bbox 2081 1850 3798 1925">
     <span class='ocr_line' id='line_1_62' title="bbox 2081 1850 3798 1925; baseline -0.002 -18"><span class='ocrx_word' id='word_1_425' title='bbox 2081 1871 2185 1925; x_wconf 90' lang='lat' dir='ltr'>per</span> <span class='ocrx_word' id='word_1_426' title='bbox 2212 1852 2515 1924; x_wconf 89' lang='lat' dir='ltr'>parochias</span> <span class='ocrx_word' id='word_1_427' title='bbox 2545 1868 2686 1923; x_wconf 87' lang='lat' dir='ltr'>quas</span> <span class='ocrx_word' id='word_1_428' title='bbox 2717 1851 3044 1905; x_wconf 89' lang='lat' dir='ltr'>visitaturus</span> <span class='ocrx_word' id='word_1_429' title='bbox 3077 1856 3179 1905; x_wconf 91' lang='lat' dir='ltr'>est.</span> <span class='ocrx_word' id='word_1_430' title='bbox 3217 1851 3284 1904; x_wconf 88' lang='lat' dir='ltr'>Et</span> <span class='ocrx_word' id='word_1_431' title='bbox 3343 1850 3512 1921; x_wconf 89' lang='lat' dir='ltr'>plebe</span> <span class='ocrx_word' id='word_1_432' title='bbox 3566 1866 3798 1904; x_wconf 90' lang='lat' dir='ltr'>convo—</span> 
     </span>
    </p>
   </div>
   <div class='ocr_carea' id='block_1_63' title="bbox 2083 1938 3792 2010">
    <p class='ocr_par' dir='ltr' id='par_1_63' title="bbox 2083 1938 3792 2010">
     <span class='ocr_line' id='line_1_63' title="bbox 2083 1938 3792 2010; baseline -0.002 -14"><span class='ocrx_word' id='word_1_433' title='bbox 2083 1947 2227 2008; x_wconf 89' lang='lat' dir='ltr'>cata,</span> <span class='ocrx_word' id='word_1_434' title='bbox 2255 1942 2599 1995; x_wconf 85' lang='lat' dir='ltr'>annuntiare</span> <span class='ocrx_word' id='word_1_435' title='bbox 2656 1940 2826 1995; x_wconf 87' lang='lat' dir='ltr'>debet</span> <span class='ocrx_word' id='word_1_436' title='bbox 2875 1938 3092 2010; x_wconf 89' lang='lat' dir='ltr'>proprii</span> <span class='ocrx_word' id='word_1_437' title='bbox 3153 1940 3397 2010; x_wconf 89' lang='lat' dir='ltr'>pastoris</span> <span class='ocrx_word' id='word_1_438' title='bbox 3445 1939 3792 1992; x_wconf 88' lang='lat' dir='ltr'>adventum.</span> 
     </span>
    </p>
   </div>
   <div class='ocr_carea' id='block_1_64' title="bbox 2084 2027 3798 2100">
    <p class='ocr_par' dir='ltr' id='par_1_64' title="bbox 2084 2027 3798 2100">
     <span class='ocr_line' id='line_1_64' title="bbox 2084 2027 3798 2100; baseline -0.004 -14"><span class='ocrx_word' id='word_1_439' title='bbox 2084 2032 2148 2086; x_wconf 81' lang='lat' dir='ltr'>Et</span> <span class='ocrx_word' id='word_1_440' title='bbox 2177 2037 2242 2085; x_wconf 89' lang='lat' dir='ltr'>ut</span> <span class='ocrx_word' id='word_1_441' title='bbox 2270 2047 2489 2096; x_wconf 84' lang='lat' dir='ltr'>omnes,</span> <span class='ocrx_word' id='word_1_442' title='bbox 2534 2029 2782 2100; x_wconf 83' lang='lat' dir='ltr'>exceptis</span> <span class='ocrx_word' id='word_1_443' title='bbox 2817 2029 3083 2095; x_wconf 87' lang='lat' dir='ltr'>inﬁrmis,</span> <span class='ocrx_word' id='word_1_444' title='bbox 3117 2028 3190 2082; x_wconf 90' lang='lat' dir='ltr'>ad</span> <span class='ocrx_word' id='word_1_445' title='bbox 3220 2029 3345 2098; x_wconf 86' lang='lat' dir='ltr'>ejus</span> <span class='ocrx_word' id='word_1_446' title='bbox 3373 2029 3664 2099; x_wconf 81' lang='lat' dir='ltr'>synodum</span> <span class='ocrx_word' id='word_1_447' title='bbox 3698 2027 3798 2082; x_wconf 89' lang='lat' dir='ltr'>die</span> 
     </span>
    </p>
   </div>
   <div class='ocr_carea' id='block_1_65' title="bbox 2087 2116 3802 2188">
    <p class='ocr_par' dir='ltr' id='par_1_65' title="bbox 2087 2116 3802 2188">
     <span class='ocr_line' id='line_1_65' title="bbox 2087 2116 3802 2188; baseline -0.002 -15"><span class='ocrx_word' id='word_1_448' title='bbox 2087 2119 2456 2174; x_wconf 85' lang='lat' dir='ltr'>denominata</span> <span class='ocrx_word' id='word_1_449' title='bbox 2484 2118 2952 2188; x_wconf 70' lang='lat' dir='ltr'>impraatermisse</span> <span class='ocrx_word' id='word_1_450' title='bbox 2983 2121 3306 2181; x_wconf 88' lang='lat' dir='ltr'>occurrant,</span> <span class='ocrx_word' id='word_1_451' title='bbox 3346 2121 3404 2170; x_wconf 91' lang='lat' dir='ltr'>et</span> <span class='ocrx_word' id='word_1_452' title='bbox 3433 2116 3802 2171; x_wconf 87' lang='lat' dir='ltr'>omnimodis</span> 
     </span>
    </p>
   </div>
   <div class='ocr_carea' id='block_1_66' title="bbox 2087 2205 3803 2276">
    <p class='ocr_par' dir='ltr' id='par_1_66' title="bbox 2087 2205 3803 2276">
     <span class='ocr_line' id='line_1_66' title="bbox 2087 2205 3803 2276; baseline -0.001 -15"><span class='ocrx_word' id='word_1_453' title='bbox 2087 2223 2152 2261; x_wconf 88' lang='lat' dir='ltr'>ex</span> <span class='ocrx_word' id='word_1_454' title='bbox 2230 2208 2568 2261; x_wconf 89' lang='lat' dir='ltr'>auctoritate</span> <span class='ocrx_word' id='word_1_455' title='bbox 2625 2211 2954 2260; x_wconf 89' lang='lat' dir='ltr'>sanctorum</span> <span class='ocrx_word' id='word_1_456' title='bbox 3001 2221 3289 2259; x_wconf 90' lang='lat' dir='ltr'>canonum</span> <span class='ocrx_word' id='word_1_457' title='bbox 3335 2205 3673 2276; x_wconf 70' lang='lat' dir='ltr'>prmcipere,</span> <span class='ocrx_word' id='word_1_458' title='bbox 3737 2210 3803 2259; x_wconf 83' lang='lat' dir='ltr'>et</span> 
     </span>
    </p>
   </div>
   <div class='ocr_carea' id='block_1_67' title="bbox 2088 2292 3803 2364">
    <p class='ocr_par' dir='ltr' id='par_1_67' title="bbox 2088 2292 3803 2364">
     <span class='ocr_line' id='line_1_67' title="bbox 2088 2292 3803 2364; baseline -0.002 -14"><span class='ocrx_word' id='word_1_459' title='bbox 2088 2296 2386 2350; x_wconf 90' lang='lat' dir='ltr'>minaciter</span> <span class='ocrx_word' id='word_1_460' title='bbox 2441 2296 2778 2350; x_wconf 89' lang='lat' dir='ltr'>denuntiare</span> <span class='ocrx_word' id='word_1_461' title='bbox 2836 2295 3024 2360; x_wconf 85' lang='lat' dir='ltr'>debet,</span> <span class='ocrx_word' id='word_1_462' title='bbox 3053 2293 3206 2364; x_wconf 90' lang='lat' dir='ltr'>quod</span> <span class='ocrx_word' id='word_1_463' title='bbox 3270 2293 3316 2346; x_wconf 91' lang='lat' dir='ltr'>si</span> <span class='ocrx_word' id='word_1_464' title='bbox 3382 2292 3512 2364; x_wconf 89' lang='lat' dir='ltr'>quis</span> <span class='ocrx_word' id='word_1_465' title='bbox 3572 2292 3803 2362; x_wconf 86' lang='lat' dir='ltr'>absque</span> 
     </span>
    </p>
   </div>
   <div class='ocr_carea' id='block_1_68' title="bbox 2089 2381 3802 2456">
    <p class='ocr_par' dir='ltr' id='par_1_68' title="bbox 2089 2381 3802 2456">
     <span class='ocr_line' id='line_1_68' title="bbox 2089 2381 3802 2456; baseline -0.002 -18"><span class='ocrx_word' id='word_1_466' title='bbox 2089 2384 2249 2456; x_wconf 87' lang='lat' dir='ltr'>gravi</span> <span class='ocrx_word' id='word_1_467' title='bbox 2298 2384 2631 2438; x_wconf 88' lang='lat' dir='ltr'>necessitate</span> <span class='ocrx_word' id='word_1_468' title='bbox 2677 2383 2946 2449; x_wconf 83' lang='lat' dir='ltr'>defuerit,</span> <span class='ocrx_word' id='word_1_469' title='bbox 3005 2381 3384 2453; x_wconf 89' lang='lat' dir='ltr'>proculdubio</span> <span class='ocrx_word' id='word_1_470' title='bbox 3440 2398 3475 2434; x_wconf 90' lang='lat' dir='ltr'>a</span> <span class='ocrx_word' id='word_1_471' title='bbox 3532 2396 3802 2434; x_wconf 89' lang='lat' dir='ltr'>commu-</span> 
     </span>
    </p>
   </div>
   <div class='ocr_carea' id='block_1_69' title="bbox 2099 2469 3807 2540">
    <p class='ocr_par' dir='ltr' id='par_1_69' title="bbox 2099 2469 3807 2540">
     <span class='ocr_line' id='line_1_69' title="bbox 2099 2469 3807 2540; baseline -0.001 -16"><span class='ocrx_word' id='word_1_472' title='bbox 2099 2472 2271 2525; x_wconf 90' lang='lat' dir='ltr'>nione</span> <span class='ocrx_word' id='word_1_473' title='bbox 2295 2470 2614 2525; x_wconf 88' lang='lat' dir='ltr'>Christiana</span> <span class='ocrx_word' id='word_1_474' title='bbox 2648 2469 2715 2524; x_wconf 90' lang='lat' dir='ltr'>sit</span> <span class='ocrx_word' id='word_1_475' title='bbox 2742 2469 3125 2540; x_wconf 88' lang='lat' dir='ltr'>repellendus.</span> <span class='ocrx_word' id='word_1_476' title='bbox 3184 2469 3400 2522; x_wconf 91' lang='lat' dir='ltr'>Deinde</span> <span class='ocrx_word' id='word_1_477' title='bbox 3457 2469 3650 2522; x_wconf 91' lang='lat' dir='ltr'>accitis</span> <span class='ocrx_word' id='word_1_478' title='bbox 3703 2485 3807 2523; x_wconf 89' lang='lat' dir='ltr'>se-</span> 
     </span>
    </p>
   </div>
   <div class='ocr_carea' id='block_1_70' title="bbox 2097 2557 3808 2630">
    <p class='ocr_par' dir='ltr' id='par_1_70' title="bbox 2097 2557 3808 2630">
     <span class='ocr_line' id='line_1_70' title="bbox 2097 2557 3808 2630; baseline -0.002 -16"><span class='ocrx_word' id='word_1_479' title='bbox 2097 2577 2228 2614; x_wconf 91' lang='lat' dir='ltr'>cum</span> <span class='ocrx_word' id='word_1_480' title='bbox 2260 2559 2596 2630; x_wconf 88' lang='lat' dir='ltr'>presbyteri,</span> <span class='ocrx_word' id='word_1_481' title='bbox 2627 2558 2728 2629; x_wconf 92' lang='lat' dir='ltr'>qui</span> <span class='ocrx_word' id='word_1_482' title='bbox 2784 2562 2845 2612; x_wconf 90' lang='lat' dir='ltr'>in</span> <span class='ocrx_word' id='word_1_483' title='bbox 2890 2558 2990 2612; x_wconf 90' lang='lat' dir='ltr'>illo</span> <span class='ocrx_word' id='word_1_484' title='bbox 3045 2559 3167 2612; x_wconf 92' lang='lat' dir='ltr'>loco</span> <span class='ocrx_word' id='word_1_485' title='bbox 3217 2557 3517 2610; x_wconf 90' lang='lat' dir='ltr'>servitium</span> <span class='ocrx_word' id='word_1_486' title='bbox 3581 2557 3808 2612; x_wconf 85' lang='lat' dir='ltr'>debent</span> 
     </span>
    </p>
   </div>
   <div class='ocr_carea' id='block_1_71' title="bbox 2090 2645 3806 2718">
    <p class='ocr_par' dir='ltr' id='par_1_71' title="bbox 2090 2645 3806 2718">
     <span class='ocr_line' id='line_1_71' title="bbox 2090 2645 3806 2718; baseline -0.002 -15"><span class='ocrx_word' id='word_1_487' title='bbox 2090 2648 2356 2703; x_wconf 85' lang='lat' dir='ltr'>exhibere</span> <span class='ocrx_word' id='word_1_488' title='bbox 2381 2647 2668 2718; x_wconf 88' lang='lat' dir='ltr'>episcopo,</span> <span class='ocrx_word' id='word_1_489' title='bbox 2703 2646 2986 2718; x_wconf 90' lang='lat' dir='ltr'>quidquid</span> <span class='ocrx_word' id='word_1_490' title='bbox 3039 2646 3108 2700; x_wconf 91' lang='lat' dir='ltr'>de</span> <span class='ocrx_word' id='word_1_491' title='bbox 3137 2645 3458 2700; x_wconf 89' lang='lat' dir='ltr'>minoribus</span> <span class='ocrx_word' id='word_1_492' title='bbox 3505 2655 3563 2700; x_wconf 85' lang='lat' dir='ltr'>et</span> <span class='ocrx_word' id='word_1_493' title='bbox 3617 2645 3806 2701; x_wconf 86' lang='lat' dir='ltr'>levio-</span> 
     </span>
    </p>
   </div>
   <div class='ocr_carea' id='block_1_72' title="bbox 2090 2733 3805 2805">
    <p class='ocr_par' dir='ltr' id='par_1_72' title="bbox 2090 2733 3805 2805">
     <span class='ocr_line' id='line_1_72' title="bbox 2090 2733 3805 2805; baseline -0.002 -15"><span class='ocrx_word' id='word_1_494' title='bbox 2090 2737 2249 2790; x_wconf 89' lang='lat' dir='ltr'>ribus</span> <span class='ocrx_word' id='word_1_495' title='bbox 2271 2737 2456 2790; x_wconf 87' lang='lat' dir='ltr'>causis</span> <span class='ocrx_word' id='word_1_496' title='bbox 2500 2734 2790 2805; x_wconf 81' lang='lat' dir='ltr'>corrigere</span> <span class='ocrx_word' id='word_1_497' title='bbox 2851 2739 3058 2804; x_wconf 89' lang='lat' dir='ltr'>potest,</span> <span class='ocrx_word' id='word_1_498' title='bbox 3093 2733 3399 2788; x_wconf 89' lang='lat' dir='ltr'>emendare</span> <span class='ocrx_word' id='word_1_499' title='bbox 3457 2738 3702 2803; x_wconf 80' lang='lat' dir='ltr'>satagat,</span> <span class='ocrx_word' id='word_1_500' title='bbox 3737 2738 3805 2787; x_wconf 88' lang='lat' dir='ltr'>ut</span> 
     </span>
    </p>
   </div>
   <div class='ocr_carea' id='block_1_73' title="bbox 2093 2821 3804 2896">
    <p class='ocr_par' dir='ltr' id='par_1_73' title="bbox 2093 2821 3804 2896">
     <span class='ocr_line' id='line_1_73' title="bbox 2093 2821 3804 2896; baseline -0.002 -18"><span class='ocrx_word' id='word_1_501' title='bbox 2093 2824 2343 2896; x_wconf 84' lang='lat' dir='ltr'>pontifex</span> <span class='ocrx_word' id='word_1_502' title='bbox 2401 2823 2632 2877; x_wconf 90' lang='lat' dir='ltr'>veniens</span> <span class='ocrx_word' id='word_1_503' title='bbox 2665 2838 3029 2894; x_wconf 88' lang='lat' dir='ltr'>nequaquam</span> <span class='ocrx_word' id='word_1_504' title='bbox 3059 2823 3116 2876; x_wconf 93' lang='lat' dir='ltr'>in</span> <span class='ocrx_word' id='word_1_505' title='bbox 3145 2821 3497 2876; x_wconf 87' lang='lat' dir='ltr'>facilioribus</span> <span class='ocrx_word' id='word_1_506' title='bbox 3546 2823 3804 2893; x_wconf 83' lang='lat' dir='ltr'>negotiis</span> 
     </span>
    </p>
   </div>
   <div class='ocr_carea' id='block_1_74' title="bbox 2093 2909 3802 2983">
    <p class='ocr_par' dir='ltr' id='par_1_74' title="bbox 2093 2909 3802 2983">
     <span class='ocr_line' id='line_1_74' title="bbox 2093 2909 3802 2983; baseline -0.004 -15"><span class='ocrx_word' id='word_1_507' title='bbox 2093 2913 2384 2983; x_wconf 86' lang='lat' dir='ltr'>fatigetur,</span> <span class='ocrx_word' id='word_1_508' title='bbox 2420 2918 2517 2966; x_wconf 89' lang='lat' dir='ltr'>aut</span> <span class='ocrx_word' id='word_1_509' title='bbox 2537 2911 2646 2966; x_wconf 91' lang='lat' dir='ltr'>sibi</span> <span class='ocrx_word' id='word_1_510' title='bbox 2676 2911 2972 2965; x_wconf 83' lang='lat' dir='ltr'>immorari</span> <span class='ocrx_word' id='word_1_511' title='bbox 3004 2910 3252 2981; x_wconf 91' lang='lat' dir='ltr'>amplius</span> <span class='ocrx_word' id='word_1_512' title='bbox 3299 2926 3527 2965; x_wconf 90' lang='lat' dir='ltr'>necesse</span> <span class='ocrx_word' id='word_1_513' title='bbox 3577 2909 3650 2963; x_wconf 87' lang='lat' dir='ltr'>sit</span> <span class='ocrx_word' id='word_1_514' title='bbox 3693 2909 3802 2976; x_wconf 93' lang='lat' dir='ltr'>ibi,</span> 
     </span>
    </p>
   </div>
   <div class='ocr_carea' id='block_1_75' title="bbox 2097 2997 3802 3073">
    <p class='ocr_par' dir='ltr' id='par_1_75' title="bbox 2097 2997 3802 3073">
     <span class='ocr_line' id='line_1_75' title="bbox 2097 2997 3802 3073; baseline -0.004 -17"><span class='ocrx_word' id='word_1_515' title='bbox 2097 3019 2270 3073; x_wconf 85' lang='lat' dir='ltr'>quam</span> <span class='ocrx_word' id='word_1_516' title='bbox 2297 3017 2542 3071; x_wconf 87' lang='lat' dir='ltr'>expensa</span> <span class='ocrx_word' id='word_1_517' title='bbox 2563 3000 2823 3055; x_wconf 83' lang='lat' dir='ltr'>sufﬁciat.</span> <span class='ocrx_word' id='word_1_518' title='bbox 2855 2999 2948 3054; x_wconf 80' lang='lat' dir='ltr'>Ait</span> <span class='ocrx_word' id='word_1_519' title='bbox 2994 2999 3152 3053; x_wconf 90' lang='lat' dir='ltr'>enim</span> <span class='ocrx_word' id='word_1_520' title='bbox 3208 2998 3483 3053; x_wconf 91' lang='lat' dir='ltr'>Dominus</span> <span class='ocrx_word' id='word_1_521' title='bbox 3543 2999 3617 3052; x_wconf 86' lang='lat' dir='ltr'>ad</span> <span class='ocrx_word' id='word_1_522' title='bbox 3676 2997 3802 3052; x_wconf 83' lang='lat' dir='ltr'>Mo-</span> 
     </span>
    </p>
   </div>
   <div class='ocr_carea' id='block_1_76' title="bbox 2092 3085 3795 3160">
    <p class='ocr_par' dir='ltr' id='par_1_76' title="bbox 2092 3085 3795 3160">
     <span class='ocr_line' id='line_1_76' title="bbox 2092 3085 3795 3160; baseline -0.004 -15"><span class='ocrx_word' id='word_1_523' title='bbox 2092 3107 2214 3154; x_wconf 90' lang='lat' dir='ltr'>sen,</span> <span class='ocrx_word' id='word_1_524' title='bbox 2241 3091 2310 3144; x_wconf 90' lang='lat' dir='ltr'>de</span> <span class='ocrx_word' id='word_1_525' title='bbox 2340 3088 2741 3160; x_wconf 86' lang='lat' dir='ltr'>hujuscemodi</span> <span class='ocrx_word' id='word_1_526' title='bbox 2771 3087 3240 3158; x_wconf 89' lang='lat' dir='ltr'>cooperatoribus</span> <span class='ocrx_word' id='word_1_527' title='bbox 3273 3102 3286 3140; x_wconf 91' lang='lat'><strong>:</strong></span> <span class='ocrx_word' id='word_1_528' title='bbox 3327 3086 3398 3140; x_wconf 91' lang='lat' dir='ltr'>Ut</span> <span class='ocrx_word' id='word_1_529' title='bbox 3424 3092 3638 3148; x_wconf 90' lang='lat' dir='ltr'>tecum,</span> <span class='ocrx_word' id='word_1_530' title='bbox 3706 3085 3795 3138; x_wconf 85' lang='lat' dir='ltr'>in-</span> 
     </span>
    </p>
   </div>
   <div class='ocr_carea' id='block_1_77' title="bbox 2094 3173 3796 3250">
    <p class='ocr_par' dir='ltr' id='par_1_77' title="bbox 2094 3173 3796 3250">
     <span class='ocr_line' id='line_1_77' title="bbox 2094 3173 3796 3250; baseline -0.003 -19"><span class='ocrx_word' id='word_1_531' title='bbox 2094 3177 2240 3250; x_wconf 88' lang='lat' dir='ltr'>quit,</span> <span class='ocrx_word' id='word_1_532' title='bbox 2271 3181 2589 3230; x_wconf 83' lang='lat' dir='ltr'>sustentant</span> <span class='ocrx_word' id='word_1_533' title='bbox 2619 3191 2765 3228; x_wconf 90' lang='lat' dir='ltr'>onus</span> <span class='ocrx_word' id='word_1_534' title='bbox 2805 3174 3020 3246; x_wconf 90' lang='lat' dir='ltr'>populi,</span> <span class='ocrx_word' id='word_1_535' title='bbox 3076 3190 3190 3228; x_wconf 92' lang='lat' dir='ltr'>non</span> <span class='ocrx_word' id='word_1_536' title='bbox 3249 3179 3315 3228; x_wconf 88' lang='lat' dir='ltr'>tu</span> <span class='ocrx_word' id='word_1_537' title='bbox 3375 3173 3530 3227; x_wconf 89' lang='lat' dir='ltr'>solus</span> <span class='ocrx_word' id='word_1_538' title='bbox 3587 3187 3796 3242; x_wconf 85' lang='lat' dir='ltr'>grave-</span> 
     </span>
    </p>
   </div>
   <div class='ocr_carea' id='block_1_78' title="bbox 2091 3260 3800 3334">
    <p class='ocr_par' dir='ltr' id='par_1_78' title="bbox 2091 3260 3800 3334">
     <span class='ocr_line' id='line_1_78' title="bbox 2091 3260 3800 3334; baseline -0.004 -13"><span class='ocrx_word' id='word_1_539' title='bbox 2091 3267 2192 3321; x_wconf 90' lang='lat' dir='ltr'>ris.</span> <span class='ocrx_word' id='word_1_540' title='bbox 2225 3267 2287 3320; x_wconf 88' lang='lat' dir='ltr'>Et</span> <span class='ocrx_word' id='word_1_541' title='bbox 2315 3264 2515 3320; x_wconf 88' lang='lat' dir='ltr'>beatus</span> <span class='ocrx_word' id='word_1_542' title='bbox 2560 3265 2807 3319; x_wconf 80' lang='lat' dir='ltr'>Joannes</span> <span class='ocrx_word' id='word_1_543' title='bbox 2870 3262 3120 3334; x_wconf 82' lang='lat' dir='ltr'>Baptista</span> <span class='ocrx_word' id='word_1_544' title='bbox 3173 3261 3483 3315; x_wconf 89' lang='lat' dir='ltr'>adventum</span> <span class='ocrx_word' id='word_1_545' title='bbox 3557 3260 3800 3314; x_wconf 85' lang='lat' dir='ltr'>Domini</span> 
     </span>
    </p>
   </div>
   <div class='ocr_carea' id='block_1_79' title="bbox 2095 3347 3800 3428">
    <p class='ocr_par' dir='ltr' id='par_1_79' title="bbox 2095 3347 3800 3428">
     <span class='ocr_line' id='line_1_79' title="bbox 2095 3347 3800 3428; baseline -0.005 -18"><span class='ocrx_word' id='word_1_546' title='bbox 2095 3352 2467 3428; x_wconf 68' lang='lat' dir='ltr'>praecucurrit</span> <span class='ocrx_word' id='word_1_547' title='bbox 2551 3351 2937 3423; x_wconf 61' lang='lat' dir='ltr'>praedicando,</span> <span class='ocrx_word' id='word_1_548' title='bbox 3018 3350 3214 3405; x_wconf 88' lang='lat' dir='ltr'>dicens</span> <span class='ocrx_word' id='word_1_549' title='bbox 3301 3365 3314 3402; x_wconf 93' lang='lat'>:</span> <span class='ocrx_word' id='word_1_550' title='bbox 3385 3347 3800 3403; x_wconf 78' lang='lat' dir='ltr'>Pmnitentiam</span> 
     </span>
    </p>
   </div>
   <div class='ocr_carea' id='block_1_80' title="bbox 2095 3436 3803 3514">
    <p class='ocr_par' dir='ltr' id='par_1_80' title="bbox 2095 3436 3803 3514">
     <span class='ocr_line' id='line_1_80' title="bbox 2095 3436 3803 3514; baseline -0.005 -16"><span class='ocrx_word' id='word_1_551' title='bbox 2095 3444 2263 3514; x_wconf 85' lang='lat' dir='ltr'>agite,</span> <span class='ocrx_word' id='word_1_552' title='bbox 2298 3448 2402 3496; x_wconf 89' lang='lat' dir='ltr'>etc.</span> <span class='ocrx_word' id='word_1_553' title='bbox 2440 3443 2504 3496; x_wconf 89' lang='lat' dir='ltr'>Et</span> <span class='ocrx_word' id='word_1_554' title='bbox 2528 3441 2665 3495; x_wconf 89' lang='lat' dir='ltr'>item</span> <span class='ocrx_word' id='word_1_555' title='bbox 2696 3455 2711 3494; x_wconf 89' lang='lat'><strong>:</strong></span> <span class='ocrx_word' id='word_1_556' title='bbox 2740 3441 2939 3494; x_wconf 83' lang='lat' dir='ltr'>Parata</span> <span class='ocrx_word' id='word_1_557' title='bbox 2977 3439 3131 3492; x_wconf 86' lang='lat' dir='ltr'>viam</span> <span class='ocrx_word' id='word_1_558' title='bbox 3185 3437 3446 3492; x_wconf 91' lang='lat' dir='ltr'>Domino.</span> <span class='ocrx_word' id='word_1_559' title='bbox 3495 3436 3803 3508; x_wconf 88' lang='lat' dir='ltr'>Siquidem</span> 
     </span>
    </p>
   </div>
   <div class='ocr_carea' id='block_1_81' title="bbox 2097 3525 3805 3603">
    <p class='ocr_par' dir='ltr' id='par_1_81' title="bbox 2097 3525 3805 3603">
     <span class='ocr_line' id='line_1_81' title="bbox 2097 3525 3805 3603; baseline -0.003 -18"><span class='ocrx_word' id='word_1_560' title='bbox 2097 3531 2397 3603; x_wconf 90' lang='lat' dir='ltr'>episcopus</span> <span class='ocrx_word' id='word_1_561' title='bbox 2428 3529 2608 3583; x_wconf 89' lang='lat' dir='ltr'>vicem</span> <span class='ocrx_word' id='word_1_562' title='bbox 2648 3527 2856 3584; x_wconf 87' lang='lat' dir='ltr'>Christi</span> <span class='ocrx_word' id='word_1_563' title='bbox 2910 3543 3080 3598; x_wconf 84' lang='lat' dir='ltr'>agere</span> <span class='ocrx_word' id='word_1_564' title='bbox 3112 3526 3359 3595; x_wconf 91' lang='lat' dir='ltr'>videtur,</span> <span class='ocrx_word' id='word_1_565' title='bbox 3391 3530 3448 3580; x_wconf 88' lang='lat' dir='ltr'>et</span> <span class='ocrx_word' id='word_1_566' title='bbox 3503 3525 3634 3579; x_wconf 91' lang='lat' dir='ltr'>ideo</span> <span class='ocrx_word' id='word_1_567' title='bbox 3665 3542 3805 3580; x_wconf 91' lang='lat' dir='ltr'>cum</span> 
     </span>
    </p>
   </div>
   <div class='ocr_carea' id='block_1_82' title="bbox 2098 3614 3812 3691">
    <p class='ocr_par' dir='ltr' id='par_1_82' title="bbox 2098 3614 3812 3691">
     <span class='ocr_line' id='line_1_82' title="bbox 2098 3614 3812 3691; baseline -0.004 -17"><span class='ocrx_word' id='word_1_568' title='bbox 2098 3619 2330 3691; x_wconf 89' lang='lat' dir='ltr'>gaudio,</span> <span class='ocrx_word' id='word_1_569' title='bbox 2361 3619 2590 3683; x_wconf 88' lang='lat' dir='ltr'>timore,</span> <span class='ocrx_word' id='word_1_570' title='bbox 2624 3622 2680 3671; x_wconf 90' lang='lat' dir='ltr'>et</span> <span class='ocrx_word' id='word_1_571' title='bbox 2707 3632 2934 3670; x_wconf 89' lang='lat' dir='ltr'>summa</span> <span class='ocrx_word' id='word_1_572' title='bbox 2963 3614 3284 3670; x_wconf 88' lang='lat' dir='ltr'>reverentia</span> <span class='ocrx_word' id='word_1_573' title='bbox 3331 3631 3364 3668; x_wconf 88' lang='lat' dir='ltr'>a</span> <span class='ocrx_word' id='word_1_574' title='bbox 3392 3614 3657 3686; x_wconf 90' lang='lat' dir='ltr'>plebibus</span> <span class='ocrx_word' id='word_1_575' title='bbox 3693 3614 3812 3668; x_wconf 90' lang='lat' dir='ltr'>sibi</span> 
     </span>
    </p>
   </div>
   <div class='ocr_carea' id='block_1_83' title="bbox 2100 3701 3810 3779">
    <p class='ocr_par' dir='ltr' id='par_1_83' title="bbox 2100 3701 3810 3779">
     <span class='ocr_line' id='line_1_83' title="bbox 2100 3701 3810 3779; baseline -0.004 -16"><span class='ocrx_word' id='word_1_576' title='bbox 2100 3709 2385 3779; x_wconf 90' lang='lat' dir='ltr'>subjectus</span> <span class='ocrx_word' id='word_1_577' title='bbox 2419 3705 2813 3776; x_wconf 89' lang='lat' dir='ltr'>suscipiendus</span> <span class='ocrx_word' id='word_1_578' title='bbox 2834 3709 2920 3759; x_wconf 87' lang='lat' dir='ltr'>est</span> <span class='ocrx_word' id='word_1_579' title='bbox 2952 3721 2964 3758; x_wconf 93' lang='lat'>:</span> <span class='ocrx_word' id='word_1_580' title='bbox 2997 3709 3060 3758; x_wconf 90' lang='lat' dir='ltr'>ut</span> <span class='ocrx_word' id='word_1_581' title='bbox 3091 3703 3204 3756; x_wconf 89' lang='lat' dir='ltr'>illis</span> <span class='ocrx_word' id='word_1_582' title='bbox 3241 3719 3372 3756; x_wconf 90' lang='lat' dir='ltr'>cum</span> <span class='ocrx_word' id='word_1_583' title='bbox 3405 3702 3571 3756; x_wconf 88' lang='lat' dir='ltr'>laude</span> <span class='ocrx_word' id='word_1_584' title='bbox 3645 3701 3810 3756; x_wconf 86' lang='lat' dir='ltr'>dica-</span> 
     </span>
    </p>
   </div>
   <div class='ocr_carea' id='block_1_84' title="bbox 2101 3790 3812 3868">
    <p class='ocr_par' dir='ltr' id='par_1_84' title="bbox 2101 3790 3812 3868">
     <span class='ocr_line' id='line_1_84' title="bbox 2101 3790 3812 3868; baseline -0.005 -16"><span class='ocrx_word' id='word_1_585' title='bbox 2101 3805 2196 3852; x_wconf 88' lang='lat' dir='ltr'>tur</span> <span class='ocrx_word' id='word_1_586' title='bbox 2250 3795 2405 3868; x_wconf 90' lang='lat' dir='ltr'>quod</span> <span class='ocrx_word' id='word_1_587' title='bbox 2450 3795 2756 3867; x_wconf 82' lang='lat' dir='ltr'>Apostolus</span> <span class='ocrx_word' id='word_1_588' title='bbox 2808 3791 3103 3863; x_wconf 91' lang='lat' dir='ltr'>discipulis</span> <span class='ocrx_word' id='word_1_589' title='bbox 3133 3791 3315 3846; x_wconf 88' lang='lat' dir='ltr'>dicit:</span> <span class='ocrx_word' id='word_1_590' title='bbox 3356 3790 3812 3851; x_wconf 85' lang='lat' dir='ltr'>Testimonium.</span> 
     </span>
    </p>
   </div>
   <div class='ocr_carea' id='block_1_85' title="bbox 2101 3879 3817 3957">
    <p class='ocr_par' dir='ltr' id='par_1_85' title="bbox 2101 3879 3817 3957">
     <span class='ocr_line' id='line_1_85' title="bbox 2101 3879 3817 3957; baseline -0.004 -17"><span class='ocrx_word' id='word_1_591' title='bbox 2101 3886 2309 3957; x_wconf 91' lang='lat' dir='ltr'>inquit,</span> <span class='ocrx_word' id='word_1_592' title='bbox 2336 3885 2493 3938; x_wconf 88' lang='lat' dir='ltr'>vobis</span> <span class='ocrx_word' id='word_1_593' title='bbox 2539 3884 2835 3955; x_wconf 88' lang='lat' dir='ltr'>perhibeo.</span> <span class='ocrx_word' id='word_1_594' title='bbox 2870 3884 3024 3954; x_wconf 90' lang='lat' dir='ltr'>quod</span> <span class='ocrx_word' id='word_1_595' title='bbox 3054 3883 3134 3936; x_wconf 89' lang='lat' dir='ltr'>ita</span> <span class='ocrx_word' id='word_1_596' title='bbox 3163 3880 3492 3952; x_wconf 87' lang='lat' dir='ltr'>suscepistis</span> <span class='ocrx_word' id='word_1_597' title='bbox 3524 3895 3618 3934; x_wconf 89' lang='lat' dir='ltr'>me</span> <span class='ocrx_word' id='word_1_598' title='bbox 3657 3879 3817 3934; x_wconf 83' lang='lat' dir='ltr'>sicut.</span> 
     </span>
    </p>
   </div>
   <div class='ocr_carea' id='block_1_86' title="bbox 2103 3971 3285 4044">
    <p class='ocr_par' dir='ltr' id='par_1_86' title="bbox 2103 3971 3285 4044">
     <span class='ocr_line' id='line_1_86' title="bbox 2103 3971 3285 4044; baseline -0.007 -15"><span class='ocrx_word' id='word_1_599' title='bbox 2103 3975 2373 4044; x_wconf 88' lang='lat' dir='ltr'>angelum</span> <span class='ocrx_word' id='word_1_600' title='bbox 2408 3972 2526 4039; x_wconf 91' lang='lat' dir='ltr'>Dei,</span> <span class='ocrx_word' id='word_1_601' title='bbox 2559 3972 2704 4026; x_wconf 90' lang='lat' dir='ltr'>sicut</span> <span class='ocrx_word' id='word_1_602' title='bbox 2736 3971 3041 4025; x_wconf 90' lang='lat' dir='ltr'>Dominum</span> <span class='ocrx_word' id='word_1_603' title='bbox 3072 3971 3285 4024; x_wconf 85' lang='lat' dir='ltr'>Jesum.</span> 
     </span>
    </p>
   </div>
   <div class='ocr_carea' id='block_1_87' title="bbox 2103 4057 3816 4127">
    <p class='ocr_par' dir='ltr' id='par_1_87' title="bbox 2103 4057 3816 4127">
     <span class='ocr_line' id='line_1_87' title="bbox 2103 4057 3816 4127; baseline -0.005 -8"><span class='ocrx_word' id='word_1_604' title='bbox 2103 4064 2232 4119; x_wconf 78' lang='lat' dir='ltr'>CAP.</span> <span class='ocrx_word' id='word_1_605' title='bbox 2266 4063 2395 4117; x_wconf 89' lang='lat' dir='ltr'>XCI.</span> <span class='ocrx_word' id='word_1_606' title='bbox 2469 4092 2534 4102; x_wconf 97' lang='lat'>—</span> <span class='ocrx_word' id='word_1_607' title='bbox 2588 4061 2878 4115; x_wconf 84' lang='lat' dir='ltr'>Decretalis</span> <span class='ocrx_word' id='word_1_608' title='bbox 2910 4060 3219 4114; x_wconf 82' lang='lat' dir='ltr'>constitutio</span> <span class='ocrx_word' id='word_1_609' title='bbox 3273 4057 3606 4124; x_wconf 84' lang='lat' dir='ltr'>Eutychiani</span> <span class='ocrx_word' id='word_1_610' title='bbox 3648 4072 3816 4127; x_wconf 60' lang='lat' dir='ltr'>papa</span> 
     </span>
    </p>
   </div>
   <div class='ocr_carea' id='block_1_88' title="bbox 2318 4127 3584 4204">
    <p class='ocr_par' dir='ltr' id='par_1_88' title="bbox 2318 4127 3584 4204">
     <span class='ocr_line' id='line_1_88' title="bbox 2318 4127 3584 4204; baseline -0.006 -18"><span class='ocrx_word' id='word_1_611' title='bbox 2318 4132 2455 4204; x_wconf 85' lang='lat' dir='ltr'>quid</span> <span class='ocrx_word' id='word_1_612' title='bbox 2481 4134 2719 4202; x_wconf 85' lang='lat' dir='ltr'>episcopi</span> <span class='ocrx_word' id='word_1_613' title='bbox 2747 4135 2805 4185; x_wconf 87' lang='lat' dir='ltr'>in</span> <span class='ocrx_word' id='word_1_614' title='bbox 2832 4130 3036 4199; x_wconf 77' lang='lat' dir='ltr'>synodo</span> <span class='ocrx_word' id='word_1_615' title='bbox 3069 4144 3306 4199; x_wconf 75' lang='lat' dir='ltr'>quaerere</span> <span class='ocrx_word' id='word_1_616' title='bbox 3337 4127 3584 4181; x_wconf 80' lang='lat' dir='ltr'>debeant.</span> 
     </span>
    </p>
   </div>
   <div class='ocr_carea' id='block_1_89' title="bbox 2177 4216 3820 4292">
    <p class='ocr_par' dir='ltr' id='par_1_89' title="bbox 2177 4216 3820 4292">
     <span class='ocr_line' id='line_1_89' title="bbox 2177 4216 3820 4292; baseline -0.004 -15"><span class='ocrx_word' id='word_1_617' title='bbox 2177 4222 2285 4292; x_wconf 76' lang='lat' dir='ltr'>(Ea:</span> <span class='ocrx_word' id='word_1_618' title='bbox 2337 4221 2481 4275; x_wconf 88' lang='lat' dir='ltr'>decr.</span> <span class='ocrx_word' id='word_1_619' title='bbox 2525 4220 2851 4288; x_wconf 83' lang='lat' dir='ltr'>Eutychian.</span> <span class='ocrx_word' id='word_1_620' title='bbox 2905 4233 3086 4288; x_wconf 61' lang='lat' dir='ltr'>papa,</span> <span class='ocrx_word' id='word_1_621' title='bbox 3129 4233 3250 4286; x_wconf 87' lang='lat' dir='ltr'>cap.</span> <span class='ocrx_word' id='word_1_622' title='bbox 3285 4219 3364 4284; x_wconf 89' lang='grc'>9.)</span> <span class='ocrx_word' id='word_1_623' title='bbox 3396 4217 3709 4286; x_wconf 84' lang='lat' dir='ltr'>Episcopus</span> <span class='ocrx_word' id='word_1_624' title='bbox 3753 4216 3820 4270; x_wconf 92' lang='lat' dir='ltr'>in</span> 
     </span>
    </p>
   </div>
   <div class='ocr_carea' id='block_1_90' title="bbox 303 4304 3819 4399">
    <p class='ocr_par' dir='ltr' id='par_1_90' title="bbox 303 4304 3819 4399">
     <span class='ocr_line' id='line_1_90' title="bbox 303 4304 3819 4399; baseline -0.004 -31"><span class='ocrx_word' id='word_1_625' title='bbox 303 4321 440 4375; x_wconf 65' lang='lat' dir='ltr'>Cu.</span> <span class='ocrx_word' id='word_1_626' title='bbox 481 4321 735 4375; x_wconf 80' lang='lat' dir='ltr'><strong>LXXXIX.</strong></span> <span class='ocrx_word' id='word_1_627' title='bbox 775 4351 844 4361; x_wconf 90' lang='lat'>_</span> <span class='ocrx_word' id='word_1_628' title='bbox 898 4325 975 4377; x_wconf 79' lang='lat' dir='ltr'>De</span> <span class='ocrx_word' id='word_1_629' title='bbox 1029 4324 1273 4399; x_wconf 63' lang='grc' dir='ltr'>φίεορρο</span> <span class='ocrx_word' id='word_1_630' title='bbox 1315 4336 1380 4376; x_wconf 78' lang='grc' dir='ltr'><em>ηε</em></span> <span class='ocrx_word' id='word_1_631' title='bbox 1437 4322 1636 4376; x_wconf 76' lang='lat' dir='ltr'>laicum</span> <span class='ocrx_word' id='word_1_632' title='bbox 1673 4325 1845 4390; x_wconf 74' lang='lat' dir='ltr'>ponat</span> <span class='ocrx_word' id='word_1_633' title='bbox 1889 4320 1999 4376; x_wconf 71' lang='lat' dir='ltr'>sibi</span> <span class='ocrx_word' id='word_1_634' title='bbox 2024 4345 2068 4399; x_wconf 70' lang='grc' dir='ltr'><strong>Β</strong></span> <span class='ocrx_word' id='word_1_635' title='bbox 2107 4309 2328 4382; x_wconf 86' lang='lat' dir='ltr'>synodo</span> <span class='ocrx_word' id='word_1_636' title='bbox 2355 4309 2658 4399; x_wconf 44' lang='lat' dir='ltr'>residens,</span> <span class='ocrx_word' id='word_1_637' title='bbox 2684 4312 2816 4399; x_wconf 86' lang='lat' dir='ltr'>post</span> <span class='ocrx_word' id='word_1_638' title='bbox 2870 4321 3186 4399; x_wconf 78' lang='lat' dir='ltr'>congruam</span> <span class='ocrx_word' id='word_1_639' title='bbox 3213 4304 3649 4399; x_wconf 84' lang='lat' dir='ltr'>allocutionem,</span> <span class='ocrx_word' id='word_1_640' title='bbox 3681 4321 3819 4399; x_wconf 49' lang='lat' dir='ltr'>use-</span> 
     </span>
    </p>
   </div>
   <div class='ocr_carea' id='block_1_91' title="bbox 1005 4408 1292 4447">
    <p class='ocr_par' dir='ltr' id='par_1_91' title="bbox 1005 4408 1292 4447">
     <span class='ocr_line' id='line_1_91' title="bbox 1005 4408 1292 4447; baseline -0.007 -1"><span class='ocrx_word' id='word_1_641' title='bbox 1005 4408 1269 4447; x_wconf 74' lang='lat' dir='ltr'>vicarium</span> <span class='ocrx_word' id='word_1_642' title='bbox 1280 4432 1292 4444; x_wconf 88' lang='lat'>.</span> 
     </span>
    </p>
   </div>
   <div class='ocr_carea' id='block_1_92' title="bbox 375 4479 2003 4552">
    <p class='ocr_par' dir='ltr' id='par_1_92' title="bbox 375 4479 2003 4552">
     <span class='ocr_line' id='line_1_92' title="bbox 375 4479 2003 4552; baseline -0.002 -17"><span class='ocrx_word' id='word_1_643' title='bbox 375 4481 493 4552; x_wconf 79' lang='lat' dir='ltr'>(Ea:</span> <span class='ocrx_word' id='word_1_644' title='bbox 519 4482 710 4537; x_wconf 80' lang='lat' dir='ltr'>concil.</span> <span class='ocrx_word' id='word_1_645' title='bbox 745 4483 1002 4550; x_wconf 84' lang='lat' dir='ltr'>Bragar.,</span> <span class='ocrx_word' id='word_1_646' title='bbox 1055 4498 1174 4551; x_wconf 85' lang='lat' dir='ltr'>cap.</span> <span class='ocrx_word' id='word_1_647' title='bbox 1239 4481 1316 4552; x_wconf 89' lang='lat'>9.)</span> <span class='ocrx_word' id='word_1_648' title='bbox 1361 4481 1516 4536; x_wconf 84' lang='lat' dir='ltr'>Nova</span> <span class='ocrx_word' id='word_1_649' title='bbox 1574 4479 1797 4535; x_wconf 87' lang='lat' dir='ltr'>actione</span> <span class='ocrx_word' id='word_1_650' title='bbox 1853 4479 2003 4534; x_wconf 85' lang='lat' dir='ltr'>didi-</span> 
     </span>
    </p>
   </div>
   <div class='ocr_carea' id='block_1_93' title="bbox 301 4569 2004 4642">
    <p class='ocr_par' dir='ltr' id='par_1_93' title="bbox 301 4569 2004 4642">
     <span class='ocr_line' id='line_1_93' title="bbox 301 4569 2004 4642; baseline -0.002 -17"><span class='ocrx_word' id='word_1_651' title='bbox 301 4571 484 4625; x_wconf 90' lang='lat' dir='ltr'>cimus</span> <span class='ocrx_word' id='word_1_652' title='bbox 530 4571 809 4642; x_wconf 88' lang='lat' dir='ltr'>quosdam</span> <span class='ocrx_word' id='word_1_653' title='bbox 869 4587 936 4624; x_wconf 86' lang='lat' dir='ltr'>ex</span> <span class='ocrx_word' id='word_1_654' title='bbox 991 4577 1187 4625; x_wconf 91' lang='lat' dir='ltr'>nostro</span> <span class='ocrx_word' id='word_1_655' title='bbox 1245 4569 1484 4640; x_wconf 88' lang='lat' dir='ltr'>collegio</span> <span class='ocrx_word' id='word_1_656' title='bbox 1549 4575 1746 4624; x_wconf 89' lang='lat' dir='ltr'>contra</span> <span class='ocrx_word' id='word_1_657' title='bbox 1815 4583 2004 4624; x_wconf 88' lang='lat' dir='ltr'>mores</span> 
     </span>
    </p>
   </div>
   <div class='ocr_carea' id='block_1_94' title="bbox 305 4650 2002 4726">
    <p class='ocr_par' dir='ltr' id='par_1_94' title="bbox 305 4650 2002 4726">
     <span class='ocr_line' id='line_1_94' title="bbox 305 4650 2002 4726; baseline -0.002 -13"><span class='ocrx_word' id='word_1_658' title='bbox 305 4659 730 4726; x_wconf 85' lang='lat' dir='ltr'>ecclesiasticos,</span> <span class='ocrx_word' id='word_1_659' title='bbox 776 4659 948 4714; x_wconf 88' lang='lat' dir='ltr'>laicos</span> <span class='ocrx_word' id='word_1_660' title='bbox 1013 4659 1224 4715; x_wconf 85' lang='lat' dir='ltr'>habere</span> <span class='ocrx_word' id='word_1_661' title='bbox 1251 4659 1310 4713; x_wconf 90' lang='lat' dir='ltr'>in</span> <span class='ocrx_word' id='word_1_662' title='bbox 1343 4659 1515 4713; x_wconf 90' lang='lat' dir='ltr'>rebus</span> <span class='ocrx_word' id='word_1_663' title='bbox 1545 4657 1752 4711; x_wconf 89' lang='lat' dir='ltr'>divinis</span> <span class='ocrx_word' id='word_1_664' title='bbox 1785 4650 2002 4711; x_wconf 79' lang='lat' dir='ltr'>consti-</span> 
     </span>
    </p>
   </div>
   <div class='ocr_carea' id='block_1_95' title="bbox 303 4743 2003 4818">
    <p class='ocr_par' dir='ltr' id='par_1_95' title="bbox 303 4743 2003 4818">
     <span class='ocr_line' id='line_1_95' title="bbox 303 4743 2003 4818; baseline -0.004 -16"><span class='ocrx_word' id='word_1_665' title='bbox 303 4752 459 4802; x_wconf 88' lang='lat' dir='ltr'>tutos</span> <span class='ocrx_word' id='word_1_666' title='bbox 509 4763 856 4802; x_wconf 76' lang='lat' dir='ltr'>mconomos.</span> <span class='ocrx_word' id='word_1_667' title='bbox 923 4748 1170 4802; x_wconf 87' lang='lat' dir='ltr'>Proinde</span> <span class='ocrx_word' id='word_1_668' title='bbox 1201 4747 1418 4818; x_wconf 91' lang='lat' dir='ltr'>pariter</span> <span class='ocrx_word' id='word_1_669' title='bbox 1465 4750 1776 4800; x_wconf 88' lang='lat' dir='ltr'>tractantes</span> <span class='ocrx_word' id='word_1_670' title='bbox 1833 4743 2003 4814; x_wconf 87' lang='lat' dir='ltr'>eligi--</span> 
     </span>
    </p>
   </div>
   <div class='ocr_carea' id='block_1_96' title="bbox 308 4832 2005 4906">
    <p class='ocr_par' dir='ltr' id='par_1_96' title="bbox 308 4832 2005 4906">
     <span class='ocr_line' id='line_1_96' title="bbox 308 4832 2005 4906; baseline -0.003 -17"><span class='ocrx_word' id='word_1_671' title='bbox 308 4851 457 4902; x_wconf 87' lang='lat' dir='ltr'>mus,</span> <span class='ocrx_word' id='word_1_672' title='bbox 499 4840 565 4887; x_wconf 88' lang='lat' dir='ltr'>ut</span> <span class='ocrx_word' id='word_1_673' title='bbox 586 4835 951 4906; x_wconf 90' lang='lat' dir='ltr'>unusquique</span> <span class='ocrx_word' id='word_1_674' title='bbox 1008 4840 1266 4888; x_wconf 90' lang='lat' dir='ltr'>nostrum</span> <span class='ocrx_word' id='word_1_675' title='bbox 1321 4834 1636 4888; x_wconf 87' lang='lat' dir='ltr'>secundum</span> <span class='ocrx_word' id='word_1_676' title='bbox 1694 4832 2005 4888; x_wconf 88' lang='lat' dir='ltr'>Chalcedo-</span> 
     </span>
    </p>
   </div>
   <div class='ocr_carea' id='block_1_97' title="bbox 307 4922 2005 4993">
    <p class='ocr_par' dir='ltr' id='par_1_97' title="bbox 307 4922 2005 4993">
     <span class='ocr_line' id='line_1_97' title="bbox 307 4922 2005 4993; baseline -0.003 -16"><span class='ocrx_word' id='word_1_677' title='bbox 307 4923 572 4977; x_wconf 86' lang='lat' dir='ltr'>nensium</span> <span class='ocrx_word' id='word_1_678' title='bbox 591 4924 822 4977; x_wconf 88' lang='lat' dir='ltr'>Patrum</span> <span class='ocrx_word' id='word_1_679' title='bbox 843 4924 1088 4990; x_wconf 89' lang='lat' dir='ltr'>decreta,</span> <span class='ocrx_word' id='word_1_680' title='bbox 1105 4939 1171 4977; x_wconf 90' lang='lat' dir='ltr'>ex</span> <span class='ocrx_word' id='word_1_681' title='bbox 1197 4923 1434 4993; x_wconf 92' lang='lat' dir='ltr'>proprio</span> <span class='ocrx_word' id='word_1_682' title='bbox 1461 4922 1614 4976; x_wconf 89' lang='lat' dir='ltr'>clero</span> <span class='ocrx_word' id='word_1_683' title='bbox 1645 4935 2005 4975; x_wconf 73' lang='lat' dir='ltr'>meonomum</span> 
     </span>
    </p>
   </div>
   <div class='ocr_carea' id='block_1_98' title="bbox 308 5009 2009 5066">
    <p class='ocr_par' dir='ltr' id='par_1_98' title="bbox 308 5009 2009 5066">
     <span class='ocr_line' id='line_1_98' title="bbox 308 5009 2009 5066; baseline -0.002 0"><span class='ocrx_word' id='word_1_684' title='bbox 308 5011 416 5066; x_wconf 92' lang='lat' dir='ltr'>sibi</span> <span class='ocrx_word' id='word_1_685' title='bbox 446 5011 772 5066; x_wconf 90' lang='lat' dir='ltr'>constituat.</span> <span class='ocrx_word' id='word_1_686' title='bbox 807 5011 1146 5066; x_wconf 89' lang='lat' dir='ltr'>lndecorum</span> <span class='ocrx_word' id='word_1_687' title='bbox 1175 5017 1260 5065; x_wconf 89' lang='lat' dir='ltr'>est</span> <span class='ocrx_word' id='word_1_688' title='bbox 1315 5011 1524 5064; x_wconf 89' lang='lat' dir='ltr'>laicum</span> <span class='ocrx_word' id='word_1_689' title='bbox 1561 5009 1839 5064; x_wconf 89' lang='lat' dir='ltr'>vicarium</span> <span class='ocrx_word' id='word_1_690' title='bbox 1885 5023 2009 5062; x_wconf 89' lang='lat' dir='ltr'>esse</span> 
     </span>
    </p>
   </div>
   <div class='ocr_carea' id='block_1_99' title="bbox 307 5095 2007 5169">
    <p class='ocr_par' dir='ltr' id='par_1_99' title="bbox 307 5095 2007 5169">
     <span class='ocr_line' id='line_1_99' title="bbox 307 5095 2007 5169; baseline -0.002 -17"><span class='ocrx_word' id='word_1_691' title='bbox 307 5098 584 5169; x_wconf 90' lang='lat' dir='ltr'>episcopi,</span> <span class='ocrx_word' id='word_1_692' title='bbox 612 5103 669 5152; x_wconf 89' lang='lat' dir='ltr'>et</span> <span class='ocrx_word' id='word_1_693' title='bbox 699 5098 1000 5152; x_wconf 63' lang='lat' dir='ltr'>saeculares</span> <span class='ocrx_word' id='word_1_694' title='bbox 1065 5097 1124 5151; x_wconf 91' lang='lat' dir='ltr'>in</span> <span class='ocrx_word' id='word_1_695' title='bbox 1157 5097 1403 5152; x_wconf 85' lang='lat' dir='ltr'>Ecclesia</span> <span class='ocrx_word' id='word_1_696' title='bbox 1443 5096 1722 5168; x_wconf 89' lang='lat' dir='ltr'>judicare.</span> <span class='ocrx_word' id='word_1_697' title='bbox 1774 5095 1838 5149; x_wconf 91' lang='lat' dir='ltr'>In</span> <span class='ocrx_word' id='word_1_698' title='bbox 1889 5110 2007 5149; x_wconf 91' lang='lat' dir='ltr'>uno</span> 
     </span>
    </p>
   </div>
   <div class='ocr_carea' id='block_1_100' title="bbox 309 5183 2006 5257">
    <p class='ocr_par' dir='ltr' id='par_1_100' title="bbox 309 5183 2006 5257">
     <span class='ocr_line' id='line_1_100' title="bbox 309 5183 2006 5257; baseline -0.003 -16"><span class='ocrx_word' id='word_1_699' title='bbox 309 5189 632 5257; x_wconf 89' lang='lat' dir='ltr'>eodemque</span> <span class='ocrx_word' id='word_1_700' title='bbox 659 5187 847 5241; x_wconf 85' lang='lat' dir='ltr'>ofﬁcio</span> <span class='ocrx_word' id='word_1_701' title='bbox 897 5203 1014 5240; x_wconf 88' lang='lat' dir='ltr'>non</span> <span class='ocrx_word' id='word_1_702' title='bbox 1079 5186 1252 5240; x_wconf 91' lang='lat' dir='ltr'>debet</span> <span class='ocrx_word' id='word_1_703' title='bbox 1303 5186 1496 5256; x_wconf 85' lang='lat' dir='ltr'>dispar</span> <span class='ocrx_word' id='word_1_704' title='bbox 1545 5200 1664 5238; x_wconf 91' lang='lat' dir='ltr'>esse</span> <span class='ocrx_word' id='word_1_705' title='bbox 1712 5183 2006 5255; x_wconf 88' lang='lat' dir='ltr'>professio.</span> 
     </span>
    </p>
   </div>
   <div class='ocr_carea' id='block_1_101' title="bbox 309 5273 2007 5345">
    <p class='ocr_par' dir='ltr' id='par_1_101' title="bbox 309 5273 2007 5345">
     <span class='ocr_line' id='line_1_101' title="bbox 309 5273 2007 5345; baseline -0.004 -15"><span class='ocrx_word' id='word_1_706' title='bbox 309 5277 472 5340; x_wconf 89' lang='lat' dir='ltr'>Quod</span> <span class='ocrx_word' id='word_1_707' title='bbox 499 5275 669 5329; x_wconf 87' lang='lat' dir='ltr'>etiam</span> <span class='ocrx_word' id='word_1_708' title='bbox 703 5277 761 5329; x_wconf 91' lang='lat' dir='ltr'>in</span> <span class='ocrx_word' id='word_1_709' title='bbox 791 5276 918 5345; x_wconf 86' lang='lat' dir='ltr'>lege</span> <span class='ocrx_word' id='word_1_710' title='bbox 947 5275 1140 5330; x_wconf 87' lang='lat' dir='ltr'>divina</span> <span class='ocrx_word' id='word_1_711' title='bbox 1174 5275 1537 5345; x_wconf 89' lang='lat' dir='ltr'>prohibetur,</span> <span class='ocrx_word' id='word_1_712' title='bbox 1565 5273 1790 5327; x_wconf 90' lang='lat' dir='ltr'>dicente</span> <span class='ocrx_word' id='word_1_713' title='bbox 1819 5273 1968 5326; x_wconf 90' lang='lat' dir='ltr'>Mose</span> <span class='ocrx_word' id='word_1_714' title='bbox 1996 5286 2007 5323; x_wconf 93' lang='lat'><strong>:</strong></span> 
     </span>
    </p>
   </div>
   <div class='ocr_carea' id='block_1_102' title="bbox 313 5359 2013 5433">
    <p class='ocr_par' dir='ltr' id='par_1_102' title="bbox 313 5359 2013 5433">
     <span class='ocr_line' id='line_1_102' title="bbox 313 5359 2013 5433; baseline -0.007 -11"><span class='ocrx_word' id='word_1_715' title='bbox 313 5368 436 5422; x_wconf 85' lang='lat' dir='ltr'>Non</span> <span class='ocrx_word' id='word_1_716' title='bbox 466 5365 654 5420; x_wconf 85' lang='lat' dir='ltr'>arabis</span> <span class='ocrx_word' id='word_1_717' title='bbox 685 5365 742 5418; x_wconf 92' lang='lat' dir='ltr'>in</span> <span class='ocrx_word' id='word_1_718' title='bbox 770 5365 912 5418; x_wconf 92' lang='lat' dir='ltr'>bove</span> <span class='ocrx_word' id='word_1_719' title='bbox 933 5364 1180 5418; x_wconf 90' lang='lat' dir='ltr'>simulet</span> <span class='ocrx_word' id='word_1_720' title='bbox 1208 5363 1389 5428; x_wconf 90' lang='lat' dir='ltr'>asino,</span> <span class='ocrx_word' id='word_1_721' title='bbox 1414 5361 1568 5433; x_wconf 91' lang='lat' dir='ltr'>quod</span> <span class='ocrx_word' id='word_1_722' title='bbox 1611 5366 1714 5427; x_wconf 89' lang='lat' dir='ltr'>est,</span> <span class='ocrx_word' id='word_1_723' title='bbox 1748 5359 2013 5415; x_wconf 88' lang='lat' dir='ltr'>homines</span> 
     </span>
    </p>
   </div>
   <div class='ocr_carea' id='block_1_103' title="bbox 313 5445 2008 5524">
    <p class='ocr_par' dir='ltr' id='par_1_103' title="bbox 313 5445 2008 5524">
     <span class='ocr_line' id='line_1_103' title="bbox 313 5445 2008 5524; baseline -0.007 -14"><span class='ocrx_word' id='word_1_724' title='bbox 313 5455 552 5510; x_wconf 63' lang='lat' dir='ltr'>diverse</span> <span class='ocrx_word' id='word_1_725' title='bbox 603 5451 980 5524; x_wconf 87' lang='lat' dir='ltr'>professionis</span> <span class='ocrx_word' id='word_1_726' title='bbox 1032 5451 1094 5505; x_wconf 90' lang='lat' dir='ltr'>in</span> <span class='ocrx_word' id='word_1_727' title='bbox 1161 5449 1350 5504; x_wconf 85' lang='lat' dir='ltr'>ofﬁcio</span> <span class='ocrx_word' id='word_1_728' title='bbox 1400 5466 1516 5502; x_wconf 90' lang='lat' dir='ltr'>uno</span> <span class='ocrx_word' id='word_1_729' title='bbox 1575 5464 1693 5502; x_wconf 91' lang='lat' dir='ltr'>non</span> <span class='ocrx_word' id='word_1_730' title='bbox 1747 5445 2008 5500; x_wconf 88' lang='lat' dir='ltr'>sociabis.</span> 
     </span>
    </p>
   </div>
   <div class='ocr_carea' id='block_1_104' title="bbox 316 5536 2012 5609">
    <p class='ocr_par' dir='ltr' id='par_1_104' title="bbox 316 5536 2012 5609">
     <span class='ocr_line' id='line_1_104' title="bbox 316 5536 2012 5609; baseline -0.005 -13"><span class='ocrx_word' id='word_1_731' title='bbox 316 5542 472 5597; x_wconf 89' lang='lat' dir='ltr'>Unde</span> <span class='ocrx_word' id='word_1_732' title='bbox 519 5543 752 5609; x_wconf 88' lang='lat' dir='ltr'>oportet</span> <span class='ocrx_word' id='word_1_733' title='bbox 803 5555 909 5592; x_wconf 93' lang='lat' dir='ltr'>nos</span> <span class='ocrx_word' id='word_1_734' title='bbox 972 5544 1028 5593; x_wconf 91' lang='lat' dir='ltr'>et</span> <span class='ocrx_word' id='word_1_735' title='bbox 1086 5536 1293 5593; x_wconf 88' lang='lat' dir='ltr'>divinis</span> <span class='ocrx_word' id='word_1_736' title='bbox 1347 5536 1510 5591; x_wconf 88' lang='lat' dir='ltr'>libris</span> <span class='ocrx_word' id='word_1_737' title='bbox 1569 5541 1627 5590; x_wconf 89' lang='lat' dir='ltr'>et</span> <span class='ocrx_word' id='word_1_738' title='bbox 1683 5539 2012 5589; x_wconf 85' lang='lat' dir='ltr'>sanctorum</span> 
     </span>
    </p>
   </div>
   <div class='ocr_carea' id='block_1_105' title="bbox 318 5621 2013 5696">
    <p class='ocr_par' dir='ltr' id='par_1_105' title="bbox 318 5621 2013 5696">
     <span class='ocr_line' id='line_1_105' title="bbox 318 5621 2013 5696; baseline -0.004 -14"><span class='ocrx_word' id='word_1_739' title='bbox 318 5631 549 5682; x_wconf 86' lang='lat' dir='ltr'>Patrum</span> <span class='ocrx_word' id='word_1_740' title='bbox 610 5625 845 5678; x_wconf 87' lang='lat' dir='ltr'>obedire</span> <span class='ocrx_word' id='word_1_741' title='bbox 883 5625 1206 5696; x_wconf 67' lang='lat' dir='ltr'>praeceptis,</span> <span class='ocrx_word' id='word_1_742' title='bbox 1248 5624 1659 5677; x_wconf 87' lang='lat' dir='ltr'>constituentes</span> <span class='ocrx_word' id='word_1_743' title='bbox 1691 5628 1751 5676; x_wconf 91' lang='lat' dir='ltr'>ut</span> <span class='ocrx_word' id='word_1_744' title='bbox 1793 5621 1853 5677; x_wconf 87' lang='lat' dir='ltr'>hi</span> <span class='ocrx_word' id='word_1_745' title='bbox 1913 5621 2013 5692; x_wconf 92' lang='lat' dir='ltr'>qui</span> 
     </span>
    </p>
   </div>
   <div class='ocr_carea' id='block_1_106' title="bbox 2107 4393 3821 4470">
    <p class='ocr_par' dir='ltr' id='par_1_106' title="bbox 2107 4393 3821 4470">
     <span class='ocr_line' id='line_1_106' title="bbox 2107 4393 3821 4470; baseline -0.004 -17"><span class='ocrx_word' id='word_1_746' title='bbox 2107 4403 2266 4470; x_wconf 84' lang='lat' dir='ltr'>ptem</span> <span class='ocrx_word' id='word_1_747' title='bbox 2297 4413 2362 4452; x_wconf 84' lang='lat' dir='ltr'>ex</span> <span class='ocrx_word' id='word_1_748' title='bbox 2395 4397 2561 4467; x_wconf 89' lang='lat' dir='ltr'>plebe</span> <span class='ocrx_word' id='word_1_749' title='bbox 2644 4396 2825 4466; x_wconf 89' lang='lat' dir='ltr'>ipsius</span> <span class='ocrx_word' id='word_1_750' title='bbox 2881 4394 3191 4465; x_wconf 65' lang='lat' dir='ltr'>parochias,</span> <span class='ocrx_word' id='word_1_751' title='bbox 3275 4393 3360 4446; x_wconf 90' lang='lat' dir='ltr'>vel</span> <span class='ocrx_word' id='word_1_752' title='bbox 3415 4409 3481 4446; x_wconf 93' lang='lat' dir='ltr'>eo</span> <span class='ocrx_word' id='word_1_753' title='bbox 3537 4393 3821 4463; x_wconf 82' lang='lat' dir='ltr'>amplius,</span> 
     </span>
    </p>
   </div>
   <div class='ocr_carea' id='block_1_107' title="bbox 2110 4481 3820 4559">
    <p class='ocr_par' dir='ltr' id='par_1_107' title="bbox 2110 4481 3820 4559">
     <span class='ocr_line' id='line_1_107' title="bbox 2110 4481 3820 4559; baseline -0.004 -18"><span class='ocrx_word' id='word_1_754' title='bbox 2110 4491 2282 4559; x_wconf 86' lang='lat' dir='ltr'>prout</span> <span class='ocrx_word' id='word_1_755' title='bbox 2320 4485 2528 4540; x_wconf 88' lang='lat' dir='ltr'>viderit</span> <span class='ocrx_word' id='word_1_756' title='bbox 2572 4484 2862 4556; x_wconf 87' lang='lat' dir='ltr'>expedire,</span> <span class='ocrx_word' id='word_1_757' title='bbox 2915 4482 3279 4546; x_wconf 89' lang='lat' dir='ltr'>maturiores,</span> <span class='ocrx_word' id='word_1_758' title='bbox 3311 4481 3698 4547; x_wconf 88' lang='lat' dir='ltr'>honestiores,</span> <span class='ocrx_word' id='word_1_759' title='bbox 3735 4487 3820 4535; x_wconf 80' lang='lat' dir='ltr'>at-</span> 
     </span>
    </p>
   </div>
   <div class='ocr_carea' id='block_1_108' title="bbox 2112 4567 3823 4646">
    <p class='ocr_par' dir='ltr' id='par_1_108' title="bbox 2112 4567 3823 4646">
     <span class='ocr_line' id='line_1_108' title="bbox 2112 4567 3823 4646; baseline -0.005 -18"><span class='ocrx_word' id='word_1_760' title='bbox 2112 4591 2224 4646; x_wconf 91' lang='lat' dir='ltr'>que</span> <span class='ocrx_word' id='word_1_761' title='bbox 2255 4572 2569 4626; x_wconf 86' lang='lat' dir='ltr'>veraciores</span> <span class='ocrx_word' id='word_1_762' title='bbox 2590 4572 2760 4636; x_wconf 90' lang='lat' dir='ltr'>viros,</span> <span class='ocrx_word' id='word_1_763' title='bbox 2796 4569 2854 4624; x_wconf 90' lang='lat' dir='ltr'>in</span> <span class='ocrx_word' id='word_1_764' title='bbox 2886 4569 3144 4624; x_wconf 89' lang='lat' dir='ltr'>medium</span> <span class='ocrx_word' id='word_1_765' title='bbox 3175 4567 3341 4622; x_wconf 89' lang='lat' dir='ltr'>debet</span> <span class='ocrx_word' id='word_1_766' title='bbox 3393 4582 3651 4621; x_wconf 89' lang='lat' dir='ltr'>evocare.</span> <span class='ocrx_word' id='word_1_767' title='bbox 3733 4569 3823 4632; x_wconf 85' lang='lat' dir='ltr'>Et,</span> 
     </span>
    </p>
   </div>
   <div class='ocr_carea' id='block_1_109' title="bbox 2113 4653 3826 4730">
    <p class='ocr_par' dir='ltr' id='par_1_109' title="bbox 2113 4653 3826 4730">
     <span class='ocr_line' id='line_1_109' title="bbox 2113 4653 3826 4730; baseline -0.005 -13"><span class='ocrx_word' id='word_1_768' title='bbox 2113 4661 2646 4728; x_wconf 46' lang='lat' dir='ltr'>allatisZsanctorum</span> <span class='ocrx_word' id='word_1_769' title='bbox 2667 4657 3026 4730; x_wconf 90' lang='lat' dir='ltr'>pignoribus,</span> <span class='ocrx_word' id='word_1_770' title='bbox 3060 4669 3536 4726; x_wconf 86' lang='lat' dir='ltr'>unumquemque</span> <span class='ocrx_word' id='word_1_771' title='bbox 3563 4653 3826 4722; x_wconf 63' lang='lat' dir='ltr'>jillorum</span> 
     </span>
    </p>
   </div>
   <div class='ocr_carea' id='block_1_110' title="bbox 2113 4747 3012 4814">
    <p class='ocr_par' dir='ltr' id='par_1_110' title="bbox 2113 4747 3012 4814">
     <span class='ocr_line' id='line_1_110' title="bbox 2113 4747 3012 4814; baseline -0.007 -9"><span class='ocrx_word' id='word_1_772' title='bbox 2113 4751 2216 4805; x_wconf 86' lang='lat' dir='ltr'>tali</span> <span class='ocrx_word' id='word_1_773' title='bbox 2253 4754 2608 4804; x_wconf 89' lang='lat' dir='ltr'>sacramento</span> <span class='ocrx_word' id='word_1_774' title='bbox 2639 4747 3012 4814; x_wconf 87' lang='lat' dir='ltr'>constringat.</span> 
     </span>
    </p>
   </div>
   <div class='ocr_carea' id='block_1_111' title="bbox 2363 4829 3562 4902">
    <p class='ocr_par' dir='ltr' id='par_1_111' title="bbox 2363 4829 3562 4902">
     <span class='ocr_line' id='line_1_111' title="bbox 2363 4829 3562 4902; baseline -0.008 -9"><span class='ocrx_word' id='word_1_775' title='bbox 2363 4837 2489 4893; x_wconf 69' lang='lat' dir='ltr'>Car.</span> <span class='ocrx_word' id='word_1_776' title='bbox 2533 4837 2691 4891; x_wconf 88' lang='lat' dir='ltr'>XCII.</span> <span class='ocrx_word' id='word_1_777' title='bbox 2729 4864 2798 4876; x_wconf 75' lang='grc' dir='ltr'>-ο</span> <span class='ocrx_word' id='word_1_778' title='bbox 2839 4832 3252 4902; x_wconf 84' lang='lat' dir='ltr'>Jusjurandum</span> <span class='ocrx_word' id='word_1_779' title='bbox 3284 4829 3562 4897; x_wconf 82' lang='lat' dir='ltr'>synodale.</span> 
     </span>
    </p>
   </div>
   <div class='ocr_carea' id='block_1_112' title="bbox 2186 4899 3829 4980">
    <p class='ocr_par' dir='ltr' id='par_1_112' title="bbox 2186 4899 3829 4980">
     <span class='ocr_line' id='line_1_112' title="bbox 2186 4899 3829 4980; baseline -0.006 -16"><span class='ocrx_word' id='word_1_780' title='bbox 2186 4911 2294 4980; x_wconf 79' lang='lat' dir='ltr'>(Ea:</span> <span class='ocrx_word' id='word_1_781' title='bbox 2351 4909 2532 4964; x_wconf 89' lang='lat' dir='ltr'>eodem</span> <span class='ocrx_word' id='word_1_782' title='bbox 2587 4906 2805 4974; x_wconf 87' lang='lat' dir='ltr'>decret.)</span> <span class='ocrx_word' id='word_1_783' title='bbox 2856 4909 2902 4959; x_wconf 73' lang='grc' dir='ltr'><strong>Α</strong></span> <span class='ocrx_word' id='word_1_784' title='bbox 2945 4899 3117 4958; x_wconf 81' lang='lat' dir='ltr'>modo</span> <span class='ocrx_word' id='word_1_785' title='bbox 3180 4903 3242 4956; x_wconf 90' lang='lat' dir='ltr'>in</span> <span class='ocrx_word' id='word_1_786' title='bbox 3290 4908 3480 4965; x_wconf 89' lang='lat' dir='ltr'>antea,</span> <span class='ocrx_word' id='word_1_787' title='bbox 3531 4899 3829 4972; x_wconf 90' lang='lat' dir='ltr'>quidquid</span> 
     </span>
    </p>
   </div>
   <div class='ocr_carea' id='block_1_113' title="bbox 2115 4988 3830 5066">
    <p class='ocr_par' dir='ltr' id='par_1_113' title="bbox 2115 4988 3830 5066">
     <span class='ocr_line' id='line_1_113' title="bbox 2115 4988 3830 5066; baseline -0.006 -13"><span class='ocrx_word' id='word_1_788' title='bbox 2115 4999 2286 5066; x_wconf 90' lang='lat' dir='ltr'>nosti,</span> <span class='ocrx_word' id='word_1_789' title='bbox 2319 5003 2418 5051; x_wconf 91' lang='lat' dir='ltr'>aut</span> <span class='ocrx_word' id='word_1_790' title='bbox 2474 4996 2701 5059; x_wconf 90' lang='lat' dir='ltr'>audisti,</span> <span class='ocrx_word' id='word_1_791' title='bbox 2751 5007 2850 5048; x_wconf 84' lang='lat' dir='ltr'>aut</span> <span class='ocrx_word' id='word_1_792' title='bbox 2883 4992 3252 5064; x_wconf 86' lang='lat' dir='ltr'>postmodum</span> <span class='ocrx_word' id='word_1_793' title='bbox 3297 4988 3684 5060; x_wconf 89' lang='lat' dir='ltr'>inquisiturus</span> <span class='ocrx_word' id='word_1_794' title='bbox 3746 5006 3830 5056; x_wconf 88' lang='lat' dir='ltr'>es,</span> 
     </span>
    </p>
   </div>
   <div class='ocr_carea' id='block_1_114' title="bbox 2117 5077 3833 5158">
    <p class='ocr_par' dir='ltr' id='par_1_114' title="bbox 2117 5077 3833 5158">
     <span class='ocr_line' id='line_1_114' title="bbox 2117 5077 3833 5158; baseline -0.005 -20"><span class='ocrx_word' id='word_1_795' title='bbox 2117 5088 2270 5158; x_wconf 86' lang='lat' dir='ltr'>quod</span> <span class='ocrx_word' id='word_1_796' title='bbox 2300 5091 2492 5140; x_wconf 90' lang='lat' dir='ltr'>contra</span> <span class='ocrx_word' id='word_1_797' title='bbox 2524 5084 2625 5139; x_wconf 91' lang='lat' dir='ltr'>Dei</span> <span class='ocrx_word' id='word_1_798' title='bbox 2662 5084 3018 5138; x_wconf 84' lang='lat' dir='ltr'>voluntatem</span> <span class='ocrx_word' id='word_1_799' title='bbox 3049 5087 3107 5135; x_wconf 91' lang='lat' dir='ltr'>et</span> <span class='ocrx_word' id='word_1_800' title='bbox 3154 5077 3833 5144; x_wconf 65' lang='lat' dir='ltr'>rectam,Christianita-</span> 
     </span>
    </p>
   </div>
   <div class='ocr_carea' id='block_1_115' title="bbox 2117 5167 3824 5244">
    <p class='ocr_par' dir='ltr' id='par_1_115' title="bbox 2117 5167 3824 5244">
     <span class='ocr_line' id='line_1_115' title="bbox 2117 5167 3824 5244; baseline -0.007 -15"><span class='ocrx_word' id='word_1_801' title='bbox 2117 5181 2255 5240; x_wconf 89' lang='lat' dir='ltr'>tem,</span> <span class='ocrx_word' id='word_1_802' title='bbox 2290 5175 2352 5228; x_wconf 91' lang='lat' dir='ltr'>in</span> <span class='ocrx_word' id='word_1_803' title='bbox 2381 5175 2488 5227; x_wconf 89' lang='lat' dir='ltr'>ista</span> <span class='ocrx_word' id='word_1_804' title='bbox 2516 5172 2789 5244; x_wconf 87' lang='lat' dir='ltr'>parochia</span> <span class='ocrx_word' id='word_1_805' title='bbox 2815 5171 3029 5224; x_wconf 88' lang='lat' dir='ltr'>factum</span> <span class='ocrx_word' id='word_1_806' title='bbox 3087 5168 3181 5233; x_wconf 89' lang='lat' dir='ltr'>sit,</span> <span class='ocrx_word' id='word_1_807' title='bbox 3206 5173 3308 5221; x_wconf 90' lang='lat' dir='ltr'>aut</span> <span class='ocrx_word' id='word_1_808' title='bbox 3362 5167 3630 5220; x_wconf 86' lang='lat' dir='ltr'>futurum</span> <span class='ocrx_word' id='word_1_809' title='bbox 3690 5168 3824 5231; x_wconf 86' lang='lat' dir='ltr'>erit,</span> 
     </span>
    </p>
   </div>
   <div class='ocr_carea' id='block_1_116' title="bbox 2120 5255 3833 5323">
    <p class='ocr_par' dir='ltr' id='par_1_116' title="bbox 2120 5255 3833 5323">
     <span class='ocr_line' id='line_1_116' title="bbox 2120 5255 3833 5323; baseline -0.005 -6"><span class='ocrx_word' id='word_1_810' title='bbox 2120 5264 2254 5317; x_wconf 89' lang='lat' dir='ltr'>siin</span> <span class='ocrx_word' id='word_1_811' title='bbox 2286 5262 2486 5316; x_wconf 90' lang='lat' dir='ltr'>diebus</span> <span class='ocrx_word' id='word_1_812' title='bbox 2515 5262 2628 5314; x_wconf 89' lang='lat' dir='ltr'>tuis</span> <span class='ocrx_word' id='word_1_813' title='bbox 2676 5259 2948 5323; x_wconf 90' lang='lat' dir='ltr'>evenerit,</span> <span class='ocrx_word' id='word_1_814' title='bbox 2991 5262 3236 5321; x_wconf 88' lang='lat' dir='ltr'>tantum,</span> <span class='ocrx_word' id='word_1_815' title='bbox 3290 5260 3352 5308; x_wconf 88' lang='lat' dir='ltr'>ut</span> <span class='ocrx_word' id='word_1_816' title='bbox 3405 5255 3475 5307; x_wconf 88' lang='lat' dir='ltr'>ad</span> <span class='ocrx_word' id='word_1_817' title='bbox 3536 5260 3703 5309; x_wconf 89' lang='lat' dir='ltr'>tuam</span> <span class='ocrx_word' id='word_1_818' title='bbox 3740 5273 3833 5308; x_wconf 88' lang='lat' dir='ltr'>co-</span> 
     </span>
    </p>
   </div>
   <div class='ocr_carea' id='block_1_117' title="bbox 2119 5343 3840 5422">
    <p class='ocr_par' dir='ltr' id='par_1_117' title="bbox 2119 5343 3840 5422">
     <span class='ocr_line' id='line_1_117' title="bbox 2119 5343 3840 5422; baseline -0.004 -18"><span class='ocrx_word' id='word_1_819' title='bbox 2119 5351 2442 5422; x_wconf 89' lang='lat' dir='ltr'>gnitionem</span> <span class='ocrx_word' id='word_1_820' title='bbox 2473 5364 2817 5420; x_wconf 89' lang='lat' dir='ltr'>quocunque</span> <span class='ocrx_word' id='word_1_821' title='bbox 2870 5346 3038 5400; x_wconf 91' lang='lat' dir='ltr'>modo</span> <span class='ocrx_word' id='word_1_822' title='bbox 3096 5343 3418 5416; x_wconf 88' lang='lat' dir='ltr'>perveniat,</span> <span class='ocrx_word' id='word_1_823' title='bbox 3477 5343 3527 5395; x_wconf 92' lang='lat' dir='ltr'>si</span> <span class='ocrx_word' id='word_1_824' title='bbox 3594 5343 3710 5397; x_wconf 89' lang='lat' dir='ltr'>scis</span> <span class='ocrx_word' id='word_1_825' title='bbox 3737 5351 3840 5398; x_wconf 89' lang='lat' dir='ltr'>aut</span> 
     </span>
    </p>
   </div>
   <div class='ocr_carea' id='block_1_118' title="bbox 2124 5435 3837 5507">
    <p class='ocr_par' dir='ltr' id='par_1_118' title="bbox 2124 5435 3837 5507">
     <span class='ocr_line' id='line_1_118' title="bbox 2124 5435 3837 5507; baseline -0.004 -13"><span class='ocrx_word' id='word_1_826' title='bbox 2124 5441 2224 5494; x_wconf 91' lang='lat' dir='ltr'>tibi</span> <span class='ocrx_word' id='word_1_827' title='bbox 2258 5440 2571 5493; x_wconf 90' lang='lat' dir='ltr'>indicatum</span> <span class='ocrx_word' id='word_1_828' title='bbox 2604 5437 2777 5492; x_wconf 85' lang='lat' dir='ltr'>fuerit</span> <span class='ocrx_word' id='word_1_829' title='bbox 2806 5435 3141 5507; x_wconf 85' lang='lat' dir='ltr'>synodalem</span> <span class='ocrx_word' id='word_1_830' title='bbox 3193 5449 3423 5487; x_wconf 86' lang='lat' dir='ltr'>causam</span> <span class='ocrx_word' id='word_1_831' title='bbox 3481 5448 3632 5500; x_wconf 89' lang='lat' dir='ltr'>esse,</span> <span class='ocrx_word' id='word_1_832' title='bbox 3662 5438 3724 5487; x_wconf 89' lang='lat' dir='ltr'>et</span> <span class='ocrx_word' id='word_1_833' title='bbox 3766 5436 3837 5487; x_wconf 91' lang='lat' dir='ltr'>ad</span> 
     </span>
    </p>
   </div>
   <div class='ocr_carea' id='block_1_119' title="bbox 2125 5521 3842 5597">
    <p class='ocr_par' dir='ltr' id='par_1_119' title="bbox 2125 5521 3842 5597">
     <span class='ocr_line' id='line_1_119' title="bbox 2125 5521 3842 5597; baseline -0.003 -15"><span class='ocrx_word' id='word_1_834' title='bbox 2125 5527 2509 5583; x_wconf 91' lang='lat' dir='ltr'>ministerium</span> <span class='ocrx_word' id='word_1_835' title='bbox 2537 5525 2790 5597; x_wconf 90' lang='lat' dir='ltr'>episcopi</span> <span class='ocrx_word' id='word_1_836' title='bbox 2818 5524 3134 5596; x_wconf 90' lang='lat' dir='ltr'>pertinere,</span> <span class='ocrx_word' id='word_1_837' title='bbox 3174 5521 3326 5593; x_wconf 90' lang='lat' dir='ltr'>quod</span> <span class='ocrx_word' id='word_1_838' title='bbox 3359 5528 3421 5574; x_wconf 87' lang='lat' dir='ltr'>tu</span> <span class='ocrx_word' id='word_1_839' title='bbox 3456 5537 3562 5575; x_wconf 90' lang='lat' dir='ltr'>nec</span> <span class='ocrx_word' id='word_1_840' title='bbox 3595 5531 3842 5593; x_wconf 87' lang='lat' dir='ltr'>propter</span> 
     </span>
    </p>
   </div>
   <div class='ocr_carea' id='block_1_120' title="bbox 2125 5612 3839 5684">
    <p class='ocr_par' dir='ltr' id='par_1_120' title="bbox 2125 5612 3839 5684">
     <span class='ocr_line' id='line_1_120' title="bbox 2125 5612 3839 5684; baseline -0.004 -14"><span class='ocrx_word' id='word_1_841' title='bbox 2125 5632 2402 5681; x_wconf 89' lang='lat' dir='ltr'>amorem,</span> <span class='ocrx_word' id='word_1_842' title='bbox 2462 5632 2566 5668; x_wconf 90' lang='lat' dir='ltr'>nec</span> <span class='ocrx_word' id='word_1_843' title='bbox 2613 5620 2854 5684; x_wconf 87' lang='lat' dir='ltr'>propter</span> <span class='ocrx_word' id='word_1_844' title='bbox 2896 5612 3186 5676; x_wconf 90' lang='lat' dir='ltr'>timorem,</span> <span class='ocrx_word' id='word_1_845' title='bbox 3232 5626 3336 5663; x_wconf 89' lang='lat' dir='ltr'>nec</span> <span class='ocrx_word' id='word_1_846' title='bbox 3389 5616 3637 5680; x_wconf 84' lang='lat' dir='ltr'>propter</span> <span class='ocrx_word' id='word_1_847' title='bbox 3685 5628 3839 5681; x_wconf 79' lang='lat' dir='ltr'>pra:-</span> 
     </span>
    </p>
   </div>
  </div>
