3950 6400
184 387 289 439 573

184 614 445 668 scopum,
476 603 575 652 aut
604 597 729 668 ejus
762 597 997 650 missum
1028 597 1122 651 cui
1157 598 1266 651 hoc
1308 597 1603 668 inquirere
1629 599 1885 668 jusserit,

182 688 649 758 quandocunque
678 691 734 739 te
756 701 824 740 ex
868 686 974 740 hoc
1010 685 1448 757 interrogaverit
1482 703 1495 741 :
1537 686 1616 741 sic
1650 693 1704 741 te
1741 690 1887 742 Deus

182 776 415 847 adjuvet
444 781 500 829 et
527 775 649 829 ista;
668 779 996 829 sanctorum
1035 775 1316 845 reliquias.

427 865 555 919 CAP.
588 864 773 918 XCIII.
818 893 885 903 —
909 867 1286 919 Juramentnm
1316 868 1646 919 ceterorum.

256 950 365 1022 (Ea:
393 951 613 1019 eodem.)
646 952 801 1005 Istud
840 957 1262 1006 sacramentum
1315 952 1624 1023 quodliste
1678 952 1893 1023 juravit

186 1041 259 1095 de
288 1039 552 1111 synodali
571 1055 760 1105 causa,
784 1040 937 1109 quod
958 1046 1020 1093 tu
1040 1040 1181 1094 illud
1210 1058 1274 1094 ex
1292 1045 1345 1095 te
1367 1040 1445 1096 ita
1462 1041 1807 1109 observabis,
1832 1040 1893 1094 in

188 1132 469 1197 quantum
510 1127 679 1197 sapis,
723 1132 822 1182 aut
851 1128 1084 1194 audisti,
1118 1135 1218 1182 aut
1253 1130 1321 1183 ab
1352 1130 1460 1184 hac
1513 1131 1605 1184 die
1636 1129 1697 1184 in
1727 1134 1895 1184 antea

187 1217 569 1287 inquisilurus
601 1233 681 1281 es,
717 1216 795 1270 sic
822 1221 875 1271 te
906 1219 1051 1271 Deus
1090 1218 1339 1288 adjuvet,
1372 1225 1477 1274 etc.

189 1302 330 1357 CAP.
388 1303 565 1358 XCIV.
625 1334 691 1344 —
754 1307 879 1360 Post
933 1305 1123 1360 datum
1172 1314 1569 1362 sacramentum
1615 1309 1893 1377 episcopus

502 1394 623 1447 illos
657 1396 753 1461 qui
763 1396 1100 1462 juraverunt
1126 1397 1207 1449 ita
1241 1397 1572 1464 attoquatur.

265 1480 375 1549 (Ea:
407 1480 630 1551 eodem.)
685 1482 900 1547 Videte,
961 1483 1187 1550 fratres,
1222 1489 1285 1538 ut
1343 1485 1587 1539 Domino
1642 1484 1895 1539 reddatis

184 1568 517 1639 juramenta
576 1575 806 1624 vestra:
843 1587 955 1624 non
1009 1572 1163 1625 enim
1222 1573 1446 1626 homini
1482 1573 1738 1644 jurastis,
1796 1575 1894 1627 sed

190 1659 307 1712 Deo
348 1659 590 1713 creatori
621 1665 826 1714 vestro.
866 1662 977 1714 Nos
1024 1666 1240 1727 autem,
1301 1661 1399 1731 qui
1458 1663 1583 1732 ejus
1649 1661 1895 1715 ministri

152 1763 410 1819 _sumus,
472 1764 588 1802 non
641 1754 927 1803 terrenam
978 1748 1359 1803 substantiam
1406 1755 1654 1804 vestram
1693 1766 1896 1804 concu-

188 1834 484 1906 piscimus,
516 1836 614 1890 sed
665 1837 909 1891 salutem
960 1837 1286 1892 animarum
1336 1843 1651 1893 vestrarum
1701 1840 1899 1910 requi-

190 1923 393 1978 rimus.
448 1926 649 1979 Cavete
702 1941 776 1979 ne
833 1925 1052 1997 aliquid
1127 1926 1509 1995 abscondatis,
1547 1944 1612 1983 ex
1661 1928 1898 1983 alterius

189 2018 429 2085 peecato
463 2018 647 2067 vestra
677 2014 775 2068 ﬁat
796 2014 1111 2070 damnatio.

376 2104 563 2157 Prima
589 2105 943 2173 interrogatio
980 2106 1217 2173 episcopi
1247 2105 1490 2174 autejus
1542 2106 1716 2160 missi.

264 2190 377 2258 (Ea:
396 2191 615 2260 eodem.)
640 2192 735 2245 Est
755 2191 814 2245 in
837 2192 944 2246 hac
963 2193 1236 2263 parochia
1254 2194 1559 2257 homicida,
1588 2194 1687 2265 qui
1721 2193 1901 2248 homi-

190 2295 352 2345 nem,
390 2285 489 2333 aut
517 2285 835 2350 spontanea
888 2282 1201 2350 voluntate,
1263 2287 1361 2336 aut
1403 2282 1750 2353 cupiditatis,
1802 2287 1902 2337 aut

192 2366 521 2438 rapacitatis
550 2384 739 2435 causa,
774 2373 871 2421 aut
905 2384 1057 2437 casu,
1090 2374 1190 2424 aut
1241 2370 1465 2437 nolens,
1499 2374 1598 2424 aut
1653 2376 1897 2437 coactus,

192 2461 296 2509 aut
326 2471 430 2526 pro
469 2455 715 2510 vindicta
758 2460 1087 2527 parentum,
1118 2463 1217 2512 aut
1273 2459 1332 2513 in
1382 2460 1556 2527 bello,
1612 2461 1902 2531 autjussu

194 2543 447 2609 Domini,
479 2548 575 2597 aut
602 2543 906 2614 proprium
937 2560 1167 2599 servum
1194 2546 1511 2602 occiderit?

824 2634 1185 2702 Interrogatio
1216 2636 1268 2687 2.

265 2719 363 2773 Est
389 2718 596 2790 aliquis
643 2720 949 2791 parricida,
1011 2727 1110 2776 aut
1166 2721 1481 2787 fratricida,
1515 2722 1615 2794 qui
1654 2728 1899 2796 patrem,

189 2814 463 2873 matrem,
505 2824 782 2873 sororem,
840 2809 1098 2873 fratrem,
1135 2812 1480 2865 avunculum
1515 2818 1614 2867 aut
1651 2813 1901 2884 aliquem

194 2895 452 2963 Domini,
486 2901 582 2951 aut
614 2896 913 2968 proprium
945 2914 1172 2952 servum
1201 2899 1591 2956 interfecerit?

824 2988 1186 3053 Interrogatio
1218 2991 1267 3043 3.

1185 386 1660 443 DECRETORUM
1706 388 1889 444 LIBRI
1929 388 2038 443 XX.
2076 416 2143 426 -—
2190 388 2394 443 LIBER
2428 387 2704 444 PRIMUS.

182 512 389 572 mium,
412 523 519 563 nec
573 510 807 580 propter
834 506 1192 578 parentelam
1229 508 1514 563 ullatenus
1552 511 1697 564 celes
1726 510 1885 579 epir-
1915 512 1962 566 A

3606 391 3708 443 574

2611 513 2974 579 Interrogatio
3008 515 3089 566 10.

2072 598 2164 651 Est
2205 597 2415 669 aliquis
2454 598 2555 670 qui
2602 599 2900 669 proprium
2965 616 3194 655 servum
3250 605 3409 655 extra
3451 600 3707 671 judicem

1999 686 2287 753 occiderit,
2323 692 2379 741 et
2404 688 2597 758 aliqua
2642 688 2850 741 femina
2903 704 3032 759 qua:
3084 689 3349 743 ancillam
3402 692 3699 760 propriam

1999 775 2283 829 necaverit
2310 776 2505 829 furore
2562 774 2669 829 zeli
2702 776 3089 831 inflammata?

2613 867 2974 931 Interrogatio
3000 869 3015 919 1
3038 869 3082 920 1.

2074 954 2167 1007 Est
2200 952 2430 1023 aliquis,
2479 952 2601 1025 qui,
2650 952 2876 1008 diabolo
2922 954 3277 1025 impellente,
3334 954 3705 1027 semetipsum

2003 1041 2310 1095 occiderit?

2613 1132 2980 1198 Interrogatio
3015 1134 3100 1186 12.

2076 1218 2171 1272 Est
2214 1216 2419 1288 aliquis
2475 1217 2576 1288 qui
2631 1218 2689 1271 in
2723 1219 2873 1272 bello
2915 1219 3144 1288 publico
3200 1218 3463 1273 homines
3516 1220 3712 1274 vulne-

2003 1307 2232 1371 raverit,
2263 1312 2320 1361 et
2348 1306 2527 1360 nescit
2566 1306 2611 1360 si
2654 1308 2722 1361 de
2772 1308 2869 1361 illo
2909 1308 3144 1361 vulnere
3184 1308 3392 1378 aliquis
3431 1308 3710 1379 perierit?

2008 1398 2072 1451 Et
2100 1396 2147 1449 si
2196 1395 2366 1450 alicui
2413 1395 2733 1465 imputatur
2788 1396 2939 1467 quod
2990 1396 3285 1450 hominem
3335 1396 3623 1463 occiderit,
3657 1401 3715 1450 et

2004 1485 2127 1557 ipse
2157 1485 2268 1540 hoc
2309 1485 2712 1555 denegaverit?

2610 1575 2970 1642 Interrogatio
3018 1576 3101 1629 13.

2076 1661 2174 1713 Est
2202 1659 2409 1731 aliquis
2441 1660 2541 1731 qui
2568 1660 2625 1713 in
2658 1661 2899 1714 consilio
2952 1660 3126 1715 fuerit
3153 1664 3217 1714 ut
3266 1660 3440 1715 homo
3489 1659 3710 1715 interli-

2005 1754 2249 1813 ceretur,
2283 1754 2340 1803 et
2366 1765 2480 1802 non
2510 1749 2620 1803 fuit
2667 1749 2729 1803 in
2761 1749 2927 1816 facto,
2960 1754 3015 1803 et
3062 1754 3252 1804 tamen
3290 1766 3392 1820 per
3422 1750 3545 1821 ejus
3576 1765 3709 1803 con-

2009 1835 2201 1890 silium
2224 1841 2280 1891 et
2309 1837 2763 1891 exhortationem
2804 1837 3134 1892 interfectus
3161 1838 3285 1894 est?

2618 1928 2975 1993 Interrogatio
3014 1928 3097 1982 14.

2082 2014 2175 2068 Est
2229 2014 2436 2086 aliquis
2495 2015 2596 2086 qui
2666 2016 3060 2070 truncationes
3116 2032 3417 2084 manuum,
3476 2014 3711 2087 pedum,

2009 2102 2246 2173 linguae,
2289 2107 2348 2157 et
2391 2102 2788 2158 testiculorum
2846 2104 3066 2174 fecerit,
3126 2109 3182 2159 et
3228 2105 3423 2160 oculos
3478 2104 3713 2158 alterius

2010 2191 2265 2245 eruerit?

2616 2282 2977 2348 Interrogatio
3026 2284 3105 2335 15.

2084 2369 2177 2423 Est
2219 2367 2427 2440 aliquis
2483 2369 2839 2440 conjugatus,
2893 2370 2995 2440 qui
3050 2385 3181 2423 cum
3250 2369 3485 2424 alterius
3538 2385 3713 2423 uxore

2012 2457 2360 2512 adulterium
2393 2457 2762 2529 perpetravit,
2808 2459 2895 2512 vel
2934 2474 3081 2512 uxor
3110 2474 3242 2513 cum
3280 2458 3515 2513 alterius
3554 2457 3717 2513 viro?

2616 2548 2982 2614 Interrogatio
3028 2550 3109 2601 l6.

2084 2635 2177 2688 Est
2208 2634 2413 2705 aliquis
2452 2651 2687 2689 uxorem
2723 2635 2936 2688 haber
2961 2675 2975 2703 ,
3007 2634 3107 2706 qui
3141 2633 3518 2689 concubinam
3546 2633 3716 2709 simul

2013 2719 2280 2774 habuerit
2304 2721 2569 2775 ancillam
2600 2720 2917 2791 propriam,
2947 2726 3045 2775 aut
3070 2721 3240 2775 aliam
3272 2721 3585 2776 feminam?

2618 2809 2980 2875 Interrogatio
3026 2812 3082 2861 l7
3095 2848 3108 2861 .

2085 2896 2182 2948 Est
2232 2895 2440 2966 aliquis
2488 2894 2587 2965 qui
2633 2912 2868 2950 uxorem
2926 2895 3244 2966 legitimam
3304 2895 3611 2961 dimiserit,
3661 2900 3719 2949 et

2013 2984 2179 3038 alteri
2210 3002 2268 3039 se
2307 2985 2685 3056 conjunxerit,
2724 2989 2779 3039 et
2828 2984 3001 3039 aliam
3047 2985 3107 3038 in
3155 2985 3489 3055 conjugium
3557 3000 3715 3039 acce-

266 3072 367 3126 Est
431 3071 640 3142 aliquis
691 3073 789 3144 qui
825 3074 1246 3145 presbyterum,
1298 3079 1397 3130 aut
1443 3075 1770 3142 diaconum,
1809 3080 1907 3131 aut
1943 3082 1981 3137 C
2016 3073 2191 3144 perit.

188 3159 452 3229 aliquem
508 3160 848 3216 clericorum
906 3163 1199 3231 occiderit,
1241 3165 1328 3219 vel
1386 3164 1579 3236 aliquo
1643 3166 1905 3220 membro

190 3247 666 3305 detruncaverit?

824 3339 1199 3408 Interrogatio
1232 3341 1284 3395 4.

269 3425 367 3479 Est
419 3423 627 3495 aliquis
676 3425 765 3479 vel
843 3426 1037 3497 aliqua
1105 3428 1206 3498 qui
1264 3429 1546 3484 infantem
1604 3431 1907 3501 proprium

194 3511 575 3583 oppresserit,
605 3511 692 3565 vel
724 3512 1194 3568 vestimentorum
1227 3517 1480 3586 pondere
1525 3518 1905 3585 suifocaverit,

192 3606 251 3655 et
282 3600 332 3654 si
366 3600 475 3654 hoc
504 3599 718 3655 factum
763 3606 848 3655 est
900 3606 1031 3657 ante
1088 3603 1458 3672 baptismum,
1510 3612 1608 3660 aut
1647 3612 1776 3677 post
1807 3606 1908 3662 ba-

189 3690 501 3760 ptismum,
526 3691 627 3741 aut
647 3688 693 3743 si
722 3688 911 3742 infans
967 3689 1293 3744 infirmatus
1339 3707 1444 3761 per
1490 3693 1908 3765 negligentiam

188 3778 453 3849 parentis
482 3778 697 3849 absque
724 3778 1012 3849 baptismo
1039 3779 1288 3833 abierit?

832 3868 1193 3936 Interrogatio
1233 3872 1283 3922 5.

267 3956 367 4010 Est
396 3954 603 4025 aliquis
634 3954 722 4009 vel
761 3954 956 4025 aliqua
981 3955 1082 4025 qui
1129 3955 1366 4010 alterius
1422 3960 1650 4027 partum
1710 3973 1907 4012 excus-

188 4044 357 4108 serit,
404 4044 493 4097 vel
551 4042 599 4096 si
652 4042 779 4113 ipsa
832 4042 1046 4097 femina
1096 4045 1331 4115 propria
1379 4047 1669 4100 voluntate
1739 4063 1908 4101 suum

190 4136 436 4203 partum
475 4131 563 4185 vel
599 4135 944 4202 conceptum
995 4134 1328 4200 excusserit,
1377 4138 1434 4188 et
1479 4135 1804 4190 abortivum
1826 4136 1907 4190 fe-

194 4218 385 4273 cerit?

835 4307 1196 4372 Interrogatio
1226 4310 1277 4362 6.

274 4394 373 4448 Est
402 4391 595 4463 aliqua
648 4391 861 4448 femina
892 4394 1109 4465 quaein
1156 4395 1535 4451 fornicatione
1583 4399 1910 4469 concipiens

194 4481 417 4535 timens
448 4496 521 4535 ne
552 4482 1039 4552 manifestaretur,
1068 4482 1347 4538 infantem
1369 4486 1690 4555 proprium,
1724 4493 1823 4541 aut
1850 4488 1911 4542 in

194 4584 417 4641 aquam
465 4568 793 4639 projecerit,
840 4574 941 4625 aut
986 4570 1045 4625 in
1098 4576 1252 4626 terra
1312 4574 1701 4641 occultaverit,
1755 4576 1911 4647 quod
1954 4566 1957 4567 ν

194 4658 388 4715 morth
417 4657 654 4713 dicunt?

838 4748 1199 4815 Interrogatio
1222 4754 1275 4803 7.

2628 3163 2989 3232 Interrogatio
3026 3164 3108 3216 18.

2091 3249 2184 3302 Est
2216 3248 2408 3320 aliqua
2438 3248 2648 3303 mulier
2684 3265 2814 3319 quas
2847 3250 3031 3304 virum
3075 3248 3375 3321 proprium
3409 3248 3714 3320 dimiserit]

2019 3343 2076 3393 et
2108 3338 2273 3393 alteri
2304 3354 2362 3391 se
2391 3338 2792 3407 conjunxerit?

2622 3430 2981 3495 Interrogatio
3025 3431 3108 3483 l9.

2089 3515 2232 3570 Sunt
2260 3515 2461 3587 aliqui,
2493 3515 2907 3570 interveniente
2948 3516 3210 3589 repudio,
3237 3516 3339 3588 qui
3372 3516 3444 3571 ab
3475 3514 3719 3570 invicem

2018 3604 2133 3659 sint
2165 3605 2412 3675 separati
2443 3608 2499 3658 et
2524 3603 2933 3672 sic-maneant?

2622 3712 2980 3779 Interrogatio
3022 3713 3109 3765 20.

2028 3817 2051 3835 ι
2090 3800 2186 3852 Est
2226 3796 2436 3869 aliquis
2462 3797 2559 3869 qui
2608 3800 2822 3871 absque
2874 3815 3151 3853 consensu
3201 3799 3418 3865 uxoris,
3450 3799 3722 3854 derelicto

2019 3886 2280 3957 legitimo
2308 3887 2598 3959 conjugio,
2643 3887 2701 3941 in
2750 3889 3160 3943 monasterium
3189 3888 3524 3944 intraverit?

2626 3997 2984 4062 Interrogatio
3027 3998 3115 4050 21.

2091 4082 2186 4137 Est
2227 4082 2434 4154 aliquis
2483 4082 2582 4155 qui
2633 4100 2796 4138 suam
2837 4085 3146 4155 conjugem
3176 4084 3439 4157 quamvis
3468 4084 3723 4156 culpabi-

2021 4169 2134 4226 lem
2163 4170 2285 4225 sine
2315 4170 2570 4242 episcopi
2614 4171 2832 4243 judicio
2881 4173 3222 4244 reliquerit?

2376 4252 2385 4261 ’
2610 4280 2983 4348 Interrogatio
3014 4282 3102 4333 22.

2100 4367 2196 4421 Est
2221 4365 2414 4437 aliqua
2443 4366 2650 4421 mulier
2679 4383 2829 4437 qua},
2875 4367 3099 4421 conscio
3126 4366 3245 4421 viro
3285 4383 3410 4433 suo,
3451 4366 3728 4421 fornicata

2018 4454 2232 4510 fuerit?

2622 4561 2982 4627 Interrogatio
3029 4564 3118 4616 23.

2093 4651 2187 4705 Est
2208 4648 2415 4721 aliquis
2446 4663 2627 4705 nitore
2683 4666 2904 4717 carens,
2964 4651 3062 4722 qui
3122 4666 3253 4705 cum
3304 4650 3541 4705 alterius
3588 4668 3723 4705 con-

2013 4738 2153 4810 juge
2179 4738 2487 4792 fornicatus
2515 4738 2689 4792 fuerit
2714 4756 2728 4793 :
2756 4744 2856 4792 aut
2886 4739 2931 4793 si
2972 4756 3087 4811 qua
3114 4740 3322 4795 mulier
3362 4756 3475 4794 non
3509 4740 3725 4795 habens

273 4836 375 4891 Est
431 4833 639 4906 aliquis
690 4833 790 4906 qui
865 4852 1099 4890 uxorem
1156 4853 1318 4892 suam
1363 4838 1576 4910 absque
1624 4839 1770 4912 lege,
1815 4844 1914 4895 aut
2019 4827 2203 4881 Virum
2234 4842 2364 4881 Cum
2396 4826 2631 4881 alterius
2662 4828 2905 4884 mari“)?

189 4929 355 4979 certa
388 4922 731 4993 probatione
757 4922 1150 4979 interfecerit?

839 5014 1198 5081 Interrogatio
1231 5016 1283 5069 8.

264 5101 368 5155 Est
398 5098 593 5170 aliqua
622 5098 835 5153 femina
884 5116 1013 5171 qua:
1045 5101 1228 5154 virum
1278 5117 1468 5165 suum,
1519 5103 1605 5156 vel
1657 5102 1908 5175 aliquem

186 5188 499 5244 hominem
534 5203 637 5259 per
680 5189 889 5243 herbas
942 5194 1269 5258 venenatas,
1300 5191 1388 5245 vel
1421 5192 1745 5247 mortiferas
1806 5209 1909 5263 po-

184 5278 387 5333 tiones
416 5275 775 5331 interfecerit
814 5278 897 5332 vel
930 5278 1107 5332 alium
1141 5279 1247 5333 hoc
1285 5279 1470 5335 facere
1501 5280 1804 5336 docuerit?

837 5368 1205 5434 Interrogatio
1238 5372 1288 5423 9.

262 5456 367 5509 Est
402 5453 609 5526 aliquis
640 5456 730 5511 vel
786 5455 982 5526 aliqua
1035 5456 1135 5527 qui
1166 5457 1273 5511 hoc
1320 5456 1536 5523 fecerit,
1595 5458 1683 5513 vel
1732 5458 1912 5513 alium

184 5544 384 5598 facere
440 5543 721 5609 docuerit,
767 5549 831 5598 ut
873 5544 961 5598 vir
1034 5560 1153 5599 non
1220 5545 1404 5616 possit
1452 5562 1748 5617 generare,
1812 5553 1913 5602 aut

184 5630 416 5686 femina
435 5629 739 5701 concipere
754 5632 782 5685 ?

2623 4918 2985 4985 Interrogatio
3030 4920 3119 4974 2i.

2092 5004 2186 5058 Est
2207 5002 2413 5074 aliquis
2444 5019 2560 5058 non
2604 5004 2822 5059 habens
2871 5023 3129 5075 uxorem,
3176 5007 3276 5078 qui
3333 5025 3463 5064 cum
3510 5008 3724 5064 femina

2019 5108 2148 5164 qua:
2176 5090 2361 5146 virum
2396 5109 2509 5147 non
2540 5094 2714 5149 habet
2741 5095 3054 5151 fornicatus
3084 5096 3296 5151 fuerit?

2628 5185 2995 5253 Interrogatio
3025 5189 3114 5239 25.

2094 5270 2186 5324 Est
2211 5269 2419 5341 aliquis
2451 5270 2595 5326 laica
2624 5272 2815 5344 vigor;
2880 5290 3011 5345 quae
3063 5272 3343 5328 mmchata
3372 5271 3540 5327 fuerit
3590 5288 3721 5326 cum

2021 5356 2379 5413 adolescente
2391 5358 2419 5413 ?

2628 5467 2991 5533 Interrogatio
3028 5466 3115 5518 26.

2092 5550 2186 5605 Est
2206 5549 2415 5621 aliquis
2460 5550 2559 5623 qui
2590 5551 2992 5621 desponsatam
3021 5550 3273 5619 puellam
3313 5566 3431 5607 non
3470 5553 3717 5618 duxerit,

2018 5642 2077 5692 et
2105 5638 2279 5694 fidem
2311 5639 2732 5709 sponsaliorum
2766 5638 3050 5709 fregerit?
