4200 6426
529 433 630 487 575

600 640 696 695 Est
723 636 932 709 aliquis
956 639 1063 707 qut
1107 636 1347 690 alterius
1396 648 1666 705 sponsam
1713 629 1988 704 rapuerit,
2020 633 2077 685 et
2121 628 2231 683 sibi

529 724 870 782 sociaverit?

1135 830 1503 896 Interrogatio
1539 830 1629 882 28.

603 920 700 974 Est
731 917 936 990 aliquis
976 917 1076 989 qui
1119 931 1522 988 quamcunque
1577 913 1870 981 feminam,
1914 911 2223 983 virginem,

533 1013 632 1062 aut
680 1007 907 1061 viduam
962 1023 1062 1076 per
1106 1011 1336 1078 raptum
1389 1003 1642 1070 traxerit,
1686 1008 1743 1056 et
1791 1001 2092 1056 sociaverit
2120 1000 2231 1055 sibi

531 1095 592 1150 in
631 1095 1062 1150 matrimonium
1098 1110 1112 1148 :
1143 1098 1200 1147 et
1226 1094 1272 1146 si
1311 1091 1488 1162 aliqui
1523 1095 1674 1158 sunt,
1718 1089 1817 1161 qui
1847 1091 1907 1144 in
1959 1090 2062 1144 hoc
2093 1105 2231 1144 con-
2259 1102 2276 1112 '

534 1185 844 1240 sentientes
882 1189 938 1238 et
965 1184 1302 1254 adjuvantes
1335 1180 1595 1234 fuerint?

1135 1271 1489 1336 Interrogatio
1541 1269 1630 1323 29.

610 1362 702 1416 Est
749 1359 953 1431 aliquis
1000 1359 1121 1430 qui,
1175 1374 1303 1412 cum
1363 1357 1582 1422 Iudaea,
1635 1356 1746 1424 vel,
1787 1355 1834 1409 si
1880 1355 2116 1410 Iudaeus
2144 1353 2234 1409 vel

535 1465 810 1523 paganus,
837 1463 967 1502 cum
995 1446 1203 1518 aliquis
1230 1446 1551 1502 Christiana
1579 1445 1897 1500 moechatus
1920 1443 2127 1498 fuerit?

1133 1553 1495 1619 Interrogatio
1541 1553 1628 1606 30.

608 1641 701 1695 Est
728 1639 924 1712 aliqui,
975 1639 1076 1712 qui
1123 1639 1640 1708 sanctimonialem,
1689 1639 1777 1694 vel
1820 1638 2051 1694 viduam
2119 1639 2233 1692 Deo

535 1735 809 1784 sacratam
841 1729 1113 1801 rapuerit,
1147 1734 1202 1783 et
1265 1729 1327 1783 in
1386 1728 1721 1799 conjugium
1782 1727 2111 1798 sumpserit,
2144 1727 2231 1781 vel

534 1817 674 1888 ipsis
705 1817 1186 1872 consentientibus
1205 1833 1337 1870 cum
1372 1817 1453 1870 eis
1482 1816 1794 1870 fornicatus
1815 1815 2022 1870 fuerit?
2267 1819 2305 1872 Β

1135 1923 1498 1990 Interrogatio
1548 1924 1635 1976 3i.

608 2011 702 2066 Est
751 2010 956 2082 aliquis
985 2010 1087 2082 qui
1150 2011 1376 2064 vivente
1427 2009 1656 2076 marito,
1719 2009 2027 2079 conjugem
2085 2006 2238 2060 illius

535 2100 885 2154 adulterasse
943 2103 1260 2162 accusatur,
1321 2103 1380 2152 et
1420 2114 1487 2152 eo
1537 2098 1599 2152 in
1654 2097 1920 2169 proximo
1974 2096 2240 2151 defuncto

539 2189 803 2244 eamdem
825 2188 1139 2258 sumpsisse
1169 2185 1488 2242 dinoscitur
1507 2187 1537 2239 ?

1143 2296 1504 2362 Interrogatio
1549 2295 1637 2348 32.

611 2385 706 2438 Est
725 2382 919 2454 aliqua
980 2382 1189 2436 mulier
1235 2398 1365 2451 qua:
1411 2382 1562 2435 dicat
1608 2379 1760 2450 quod
1810 2379 1897 2434 vir
1945 2379 2067 2449 ejus
2125 2394 2240 2432 non

537 2473 715 2544 possit
741 2487 873 2525 cum
903 2487 971 2525 ea
1021 2470 1194 2536 coire,
1227 2476 1283 2524 et
1331 2470 1404 2524 ob
1459 2470 1606 2524 hanc
1659 2485 1888 2522 causam
1942 2467 2242 2523 dissidium

537 2560 765 2632 quaerit,
790 2565 848 2614 et
877 2560 1056 2614 alium
1094 2559 1280 2614 virum
1321 2558 1454 2612 velit
1480 2558 1781 2628 accipere?
2256 2542 2263 2549 ’

1144 2649 1514 2715 Interrogatio
1545 2650 1629 2702 33.

545 2762 547 2764 ·
612 2739 707 2801 Est
731 2735 939 2808 aliquis
969 2735 1229 2806 quicum
1271 2741 1584 2790 commatre
1631 2733 1874 2806 spiritali
1927 2733 2241 2788 moechatus

539 2825 728 2892 fuerit,
770 2825 858 2878 vel
889 2840 1014 2878 eam
1046 2824 1105 2878 in
1144 2823 1578 2878 matrimonium
1601 2823 1905 2894 acceperit,
1947 2823 2246 2876 similiter-

541 2931 652 2984 que
680 2929 811 2967 cum
843 2913 1019 2968 ﬁliola
1057 2928 1229 2983 quam
1262 2929 1331 2966 ex
1355 2928 1515 2966 sacro
1555 2911 1712 2967 fonte
1758 2911 2094 2981 susceperit,
2142 2914 2242 2964 aut

539 3006 670 3056 ante
707 3001 1042 3073 episcopum
1074 3000 1302 3054 tenuit?

1147 3090 1506 3156 Interrogatio
1538 3088 1624 3142 34.

612 3178 706 3233 Est
724 3177 932 3249 aliquis
955 3176 1056 3248 qui
1079 3177 1465 3248 prOpinquam
1487 3181 1543 3230 et
1565 3175 2053 3246 consanguineam
2078 3191 2241 3229 suam

542 3266 604 3321 in
637 3266 1073 3321 matrimonium
1111 3265 1332 3336 accepit
1353 3269 1475 3331 ,aut
1501 3281 1631 3319 cum
1662 3280 1731 3319 ea
1760 3264 2077 3318 fornicatus
2114 3264 2240 3319 est?

1145 3355 1512 3420 Interrogatio
1546 3355 1630 3408 35.

618 3444 715 3498 Est
734 3441 946 3512 aliquis
983 3441 1084 3512 qui
1130 3440 1621 3506 irrationabiliter,
1672 3439 1730 3496 id
1760 3445 1864 3506 est,
1906 3445 2100 3495 contra
2138 3457 2241 3495 ua-

550 3536 741 3586 turam
790 3545 923 3583 cum
977 3529 1265 3597 masculis,
1315 3533 1372 3583 et
1425 3529 1601 3583 mutis
1651 3528 1957 3584 misceatur
2029 3528 2243 3583 anima-

549 3621 700 3675 libus
716 3620 746 3672 ?

1166 3706 1524 3772 Interrogatio
1554 3708 1640 3760 36.

612 3797 709 3852 Est
731 3796 925 3868 aliqua
962 3795 1172 3850 mulier
1200 3812 1328 3867 qua:
1357 3794 1708 3850 lenocinium
1744 3795 1980 3851 fecerit?

1129 3885 1498 3954 Interrogatio
1554 3887 1640 3939 37.

619 3975 714 4029 Est
743 3973 950 4046 aliquis
1005 3973 1106 4045 qui
1152 3973 1212 4028 in
1269 3990 1373 4029 sua
1411 3974 1586 4029 domo
1621 3973 1910 4029 consentit
1934 3989 2067 4028 cum
2111 3989 2245 4044 pro—

549 4061 690 4134 priis
727 4062 965 4131 ancillis,
1009 4063 1098 4118 vel
1157 4061 1475 4134 genitiariis
1536 4061 1655 4116 suis
1699 4062 1984 4117 adulteria
2038 4077 2251 4133 perpe-

547 4150 727 4206 trari?

1144 4240 1506 4308 Interrogatio
1555 4241 1642 4294 38.

621 4329 1097 4399 lnterrogandum
1126 4329 1173 4384 si
1229 4329 1441 4400 aliquis
1483 4329 1596 4394 fur,
1625 4331 1725 4381 aut
1743 4325 2052 4396 sacrilegus
2090 4326 2162 4381 sit
2192 4326 2249 4380 iu

549 4416 751 4471 eadem
780 4417 969 4488 plebe,
998 4417 1097 4489 qui
1118 4419 1384 4472 ecclesias
1419 4417 1522 4472 Dei
1551 4415 1874 4485 infregerit,
1905 4415 1996 4470 vel
2034 4415 2250 4486 aliquid

549 4505 620 4561 de
658 4505 897 4560 ecclesia
922 4505 1146 4562 furatus
1175 4507 1270 4573 sit,
1323 4511 1426 4561 aut
1474 4504 1707 4577 publice
1750 4503 2028 4574 rapuerit,
2055 4505 2143 4558 vel
2171 4505 2251 4558 la-

549 4597 738 4649 tenter
772 4595 1159 4665 surripuerit:
1217 4599 1319 4649 aut
1364 4593 1413 4648 si
1468 4591 1679 4664 aliquis
1709 4607 1904 4663 rapax,
1945 4596 2002 4647 et
2035 4597 2252 4665 raptor,

551 4687 609 4737 et
635 4683 936 4738 damnator
965 4683 1228 4738 Ecclesia:
1245 4682 1346 4737 Dei
1374 4681 1515 4737 est?.

1153 4788 1514 4855 Interrogatio
1563 4788 1650 4841 39.

621 4876 1098 4948 lnterrogandum
1127 4876 1177 4931 si
1197 4876 1406 4948 aliquis
1426 4875 1692 4947 perjurus
1711 4874 1802 4942 sit,
1833 4879 1934 4931 aut
1961 4875 2009 4931 si
2047 4875 2254 4944 sciens,

551 4967 610 5018 et
637 4979 744 5034 pro
775 4963 1087 5033 cupiditate
1119 4968 1346 5018 terrena
1383 4963 1731 5035 pejeraverit
1761 4979 1774 5018 :
1809 4968 1865 5018 et
1893 4963 1942 5017 si
1976 4965 2256 5030 nesciens,

551 5057 652 5107 aut
699 5051 746 5107 si
801 5055 1028 5107 coactus
1077 5053 1244 5122 jussu
1307 5052 1569 5120 senioris,
1631 5057 1734 5107 aut
1787 5068 1894 5123 pro
1957 5053 2255 5118 membris,

551 5145 653 5195 aut
681 5155 787 5211 pro
812 5139 927 5195 vita
950 5139 1290 5195 redimenda
1315 5155 1329 5196 :
1354 5144 1454 5194 aut
1491 5140 1540 5194 si
1598 5139 1808 5210 aliquis
1860 5139 2103 5194 scienter
2141 5156 2259 5194 non

551 5229 739 5284 solum
785 5229 1149 5300 pejeraverit,
1226 5229 1326 5283 sed
1379 5228 1556 5283 etiam
1606 5227 1754 5284 alios
1802 5227 1864 5282 in
1937 5229 2259 5299 perjurium

551 5317 813 5372 duxerit?

1158 5406 1522 5472 Interrogatio
1557 5404 1646 5458 40.

626 5494 1102 5564 lnterrogandum
1153 5493 1200 5548 si
1233 5493 1444 5564 aliquis
1485 5491 1732 5547 scienter
1777 5495 1974 5546 contra
2009 5491 2261 5564 aliquem

555 5580 763 5636 falsum
815 5581 1212 5637 testimonium
1267 5581 1594 5653 protulerit,
1644 5585 1702 5635 et
1741 5579 1930 5650 (quale
1983 5579 2262 5635 damnum

560 5669 769 5741 aliquis
791 5683 902 5740 per
930 5668 1075 5724 hanc
1097 5667 1558 5725 testiﬁcationem
1579 5666 1885 5724 habuerit?

1611 419 2014 478 BURCHARDI
2054 413 2586 476 WORMACIENSIS
2624 411 2956 470 EPlSCOPl.

1132 546 1492 614 Interrogatio
1534 546 1626 599 2‘7.
2254 543 2298 597 A

2283 4373 2323 4426 D

3938 412 4034 462 576

2942 537 3300 603 Interrogatio
3339 535 3427 588 4l.

2407 625 2886 696 lnterrogandum
2943 625 2989 677 si
3034 624 3242 695 aliquis
3296 621 3592 677 hominem
3639 621 3888 678 liberum
3945 628 4040 678 aut

2337 731 2564 770 servum
2594 714 2848 781 alterius,
2917 718 3017 767 aut
3075 712 3445 783 peregrinum
3511 717 3612 765 aut
3660 711 4040 766 adventitium

2337 805 2558 858 furatus
2605 804 2797 868 fuerit,
2863 807 2961 856 aut
3019 816 3152 854 eum
3182 800 3576 854 blandientem
3623 798 3917 852 seduxerit
3981 802 4035 851 et

2337 890 2678 955 vendiderit,
2709 895 2766 943 et
2791 894 2954 944 extra
2979 891 3225 958 patriam
3267 889 3326 940 in
3350 887 3742 956 captivitatem
3772 883 4003 939 duxerit
4027 899 4038 936 :

2339 985 2434 1033 aut
2465 979 2513 1032 si
2544 978 2750 1049 aliquis
2810 979 3010 1033 Iudaeo
3066 977 3152 1030 vel
3199 992 3424 1046 pagano
3471 976 3859 1029 Christianum
3892 988 4041 1026 man-

2337 1066 2551 1133 cipium
2581 1065 2919 1129 vendiderit,
2953 1070 3052 1118 aut
3081 1065 3129 1117 si
3151 1065 3261 1134 ipsi
3297 1062 3479 1117 Judzri
3511 1062 3832 1116 Christiana
3875 1075 4040 1115 man-

2339 1155 2487 1225 cipia
2507 1155 2566 1209 in
2604 1171 2706 1209 suo
2727 1154 2955 1208 servitio
2977 1153 3244 1217 habeant,
3291 1152 3380 1205 vel
3412 1149 3693 1204 vendant?

2944 1240 3303 1306 Interrogatio
3334 1239 3421 1292 4'2.

2411 1327 2892 1398 lnterrogandum
2942 1326 2988 1381 si
3030 1327 3237 1397 aliquis
3267 1326 3338 1379 sit
3398 1340 3621 1395 magus,
3679 1323 3917 1390 ariolus,
3950 1329 4045 1377 aut

2340 1415 2676 1475 incantatur,
2748 1416 2995 1481 divinus,
3059 1420 3158 1468 aut
3211 1414 3558 1484 sortilegus:
3592 1413 3681 1467 vel
3735 1413 3783 1466 si
3839 1412 4046 1483 aliquis

2339 1511 2469 1559 vota
2500 1506 2569 1560 ad
2619 1505 2874 1570 arbores,
2924 1503 3012 1557 vel
3058 1503 3128 1557 ad
3167 1502 3376 1570 fontes,
3434 1503 3519 1555 vel
3576 1498 3794 1571 lapides
3856 1499 4040 1565 faciat,

2343 1599 2439 1648 aut
2464 1593 2542 1647 ibi
2564 1593 2864 1646 candelam
2920 1607 3021 1645 seu
3075 1589 3369 1662 quodlibet
3420 1605 3631 1643 munus
3682 1589 3919 1653 deferat,
3963 1604 4047 1643 ve-

2342 1681 2449 1736 luti
2471 1681 2550 1734 ibi
2583 1680 2873 1751 quoddam
2902 1695 3122 1733 numen
3165 1678 3255 1745 sit,
3290 1679 3445 1748 quod
3485 1678 3722 1742 bonum,
3775 1681 3871 1730 aut
3921 1692 4038 1729 nia-

2343 1771 2461 1824 lum
2490 1769 2672 1840 possit
2701 1769 2913 1823 inferre
2927 1769 2953 1821 Ὺ

2895 1883 2900 1887 ι
2948 1857 3309 1922 Interrogatio
3345 1857 3432 1908 43.

2415 1942 2899 2000 Perscrutandum
2943 1943 2990 1996 si
3030 1942 3235 2012 aliquis
3285 1941 3578 2006 subulcus,
3630 1940 3719 1993 vel
3748 1939 4052 2004 bubulcus,

2347 2034 2463 2087 sive
2519 2039 2777 2097 venator,
2832 2032 2918 2084 vel
2964 2032 3151 2084 caeteri
3201 2029 3530 2099 hujusmodi
3598 2028 3878 2082 diabolica
3932 2043 4052 2080 car-

2346 2123 2505 2177 mina
2534 2121 2685 2174 dicat
2713 2135 2887 2190 super
2921 2135 3149 2189 panem,
3206 2125 3303 2171 aut
3332 2133 3502 2188 super
3552 2117 3780 2184 herbas,
3812 2120 3914 2170 aut
3964 2132 4053 2169 su-

2347 2228 2450 2282 per
2489 2210 2756 2282 quaedam
2785 2209 3004 2261 nefaria
3033 2209 3368 2276 ligamenta,
3398 2210 3454 2259 et
3480 2205 3602 2258 hinc
3640 2210 3739 2258 aut
3761 2204 3821 2258 in
3852 2203 4055 2258 arbore

2348 2299 2676 2364 abscondat,
2724 2297 2921 2351 autin
2973 2296 3144 2361 bino,
3198 2295 3377 2348 autin
3435 2295 3601 2348 trivio
3654 2294 3940 2364 projiciat,
3997 2299 4057 2347 ut

2348 2405 2452 2442 sua
2489 2387 2764 2442 animalia
2809 2385 3012 2440 liberet
3041 2400 3074 2436 a
3102 2389 3262 2454 peste
3293 2389 3349 2436 et
3379 2383 3561 2453 clade,
3590 2387 3646 2437 et
3665 2381 3900 2436 alterius
3927 2397 4055 2453 per-

2350 2475 2485 2531 dat?

2958 2563 3317 2628 Interrogatio
3357 2560 3444 2614 44.

2423 2650 2879 2722 Perquireudum
2908 2649 2956 2703 si
2977 2651 3170 2720 aliqua
3200 2649 3432 2703 immiua
3463 2647 3556 2713 sit,
3590 2663 3717 2717 quae
3757 2662 3862 2718 per
3896 2662 4057 2716 qua:-

2349 2741 2481 2796 dam
2533 2741 2830 2805 malelicia,
2886 2743 2942 2792 et
3001 2739 3435 2799 incantationes,
3487 2748 3708 2789 mentes
3754 2736 4060 2789 hominum

2353 2846 2410 2883 se
2441 2830 2747 2882 immutare
2777 2842 2943 2898 posse
2983 2826 3150 2888 dicat,
3173 2826 3232 2880 id
3265 2834 3370 2891 est,
3407 2830 3467 2878 ut
3497 2825 3566 2878 de
3613 2825 3746 2878 odio
3778 2826 3839 2877 in
3890 2840 4060 2877 amo-

2353 2933 2498 2983 rem,
2528 2922 2628 2970 aut
2683 2916 2752 2969 de
2811 2930 3005 2968 amore
3039 2915 3098 2968 in
3143 2914 3342 2968 odium
3382 2919 3695 2980 convertat,
3763 2920 3866 2966 aut
3912 2913 4063 2966 bona

2351 3007 2674 3069 hominum,
2729 3009 2828 3056 aut
2858 3004 3111 3069 damnet,
3144 3010 3242 3057 aut
3270 3003 3587 3073 surripiat?
3641 3003 3704 3056 Et
3759 3002 3805 3054 si
3863 3003 4064 3071 aliqua

2273 3097 2313 3152 C
2353 3102 2438 3150 est
2466 3110 2595 3165 qua:
2626 3109 2683 3146 se
2711 3093 2862 3146 dicat
2890 3107 3021 3145 cum
3052 3091 3382 3145 daemonum
3416 3092 3582 3144 turba
3617 3092 3678 3144 in
3723 3091 4067 3144 similitudi-

2354 3198 2486 3236 nem
2529 3182 2836 3235 mulierum
2871 3181 3276 3234 transformata
3306 3179 3474 3234 certis
3506 3181 3766 3233 noctibus
3794 3181 4064 3250 equitare

2353 3285 2524 3339 super
2554 3268 2828 3339 quasdam
2851 3267 3077 3334 bestias,
3096 3273 3148 3322 et
3180 3269 3239 3322 in
3279 3284 3480 3321 eorum
3528 3269 3820 3321 consortio
3873 3283 4067 3320 annu-

2353 3363 2632 3412 meratam
2655 3374 2775 3411 esse
2791 3360 2818 3410 ?

2952 3448 3317 3514 Interrogatio
3364 3447 3452 3500 45.

2426 3533 2904 3604 lnterrogandum
2935 3533 2980 3587 si
3022 3535 3231 3605 aliquis
3270 3533 3610 3604 sanguinem
3660 3532 4068 3596 morticinum,

2355 3629 2456 3678 aut
2479 3623 2851 3678 dilaceratum
2885 3640 2916 3676 a
2946 3623 3128 3677 bestia
3156 3622 3506 3676 comederit?

2959 3713 3316 3778 Interrogatio
3364 3711 3452 3764 46.

2428 3800 2750 3872 Estaliquis
2779 3799 2879 3871 qui
2919 3799 3134 3872 juravit
3180 3799 3333 3870 quod
3386 3799 3500 3852 Deo
3553 3797 3915 3851 contrarium
3964 3802 4076 3864 est,

2357 3893 2419 3944 ut
2444 3888 2606 3943 fratri
2626 3903 2924 3959 nunquam
2973 3888 3390 3950 reconcilietur,
3449 3887 3605 3958 quod
3636 3892 3720 3940 est
3765 3893 4078 3953 peccatum

2360 3993 2544 4050 usque
2573 3977 2642 4032 ad
2675 3975 2960 4031 mortem?

2961 4067 3318 4132 Interrogatio
3365 4065 3452 4119 47.

2433 4155 2526 4208 Est
2553 4153 2760 4226 aliquis
2789 4153 2890 4224 qui
2918 4152 3065 4208 bibit
3117 4153 3185 4207 de
3233 4155 3456 4224 liquore
3496 4152 3556 4207 in
3608 4169 3723 4224 quo
3790 4153 4080 4214 mustela,

2361 4245 2451 4299 vel
2482 4260 2630 4309 mus,
2673 4244 2788 4297 sive
2838 4242 3070 4314 aliquod
3125 4243 3494 4297 immundum
3532 4242 3748 4296 animal
3795 4249 4085 4296 necatum

2363 4338 2450 4388 est
2461 4333 2488 4389 ?

2978 4422 3335 4488 Interrogatio
3369 4422 3457 4475 48.

2433 4513 2526 4566 Est
2553 4509 2760 4582 aliquis
2781 4509 2881 4582 qui
2904 4510 3192 4580 jejunium
3219 4507 3734 4579 quadragesimale,
3779 4508 3882 4562 vel
3946 4523 4090 4578 qua-

2361 4603 2494 4655 tuor
2516 4605 2865 4670 temporum,
2899 4599 3015 4653 sive
3053 4599 3302 4653 Letania:
3354 4597 3609 4666 majoris,
3659 4597 3748 4650 vel
3786 4596 4090 4668 Rogatio-

2363 4703 2526 4755 num,
2558 4688 2673 4742 sive
2711 4687 2992 4741 indictum
3023 4687 3094 4740 ab
3127 4687 3398 4756 episcopo
3440 4685 3732 4756 jejunium
3761 4700 3883 4755 pro
3939 4703 4091 4757 qua-

2363 4791 2588 4848 cunque
2619 4777 2806 4848 plaga,
2838 4792 2951 4830 non
2986 4775 3407 4830 observaverit?

2972 4866 3328 4931 Interrogatio
3359 4866 3447 4918 49.

2436 4955 2531 5008 Est
2560 4953 2768 5025 aliquis
2797 4953 2896 5026 qui
2944 4953 3110 5018 bibit,
3144 4960 3243 5007 aut
3273 4952 3661 5020 manducavit,
3689 4955 3786 5005 aut
3821 4953 4103 5024 portavit

2365 5059 2537 5113 super
2562 5059 2619 5096 se
2651 5059 2764 5113 quo
2801 5043 3226 5098 existimaverat
3276 5059 3335 5096 se
3381 5041 3479 5098 Dei
3520 5041 3806 5113 judicium
3847 5058 4100 5113 perver-

2364 5135 2485 5186 tere
2516 5133 2722 5202 posse?

2975 5221 3330 5286 Interrogatio
3361 5222 3446 5273 50.

2440 5310 2534 5364 Est
2555 5309 2762 5380 aliquis
2791 5309 2892 5381 qui
2918 5309 2976 5363 in
3011 5310 3250 5364 Kalend.
3289 5308 3546 5364 Ianuarii
3577 5307 3804 5377 aliquid
3845 5308 4102 5368 fecerat.

2367 5399 2522 5470 quod
2549 5415 2582 5452 a
2610 5399 2851 5470 paganis
2906 5399 3203 5452 inventum
3252 5403 3360 5464 est,
3384 5403 3441 5450 et
3477 5397 3600 5451 dies
3639 5396 4022 5464 observavit,
4055 5416 4106 5450 ei

2367 5489 2586 5556 lunam,
2613 5492 2669 5541 et
2698 5504 2939 5555 menses,
2969 5494 3025 5542 et
3044 5487 3252 5542 horum
3277 5487 3534 5541 ell‘ectiva
3556 5485 3824 5558 potentia
3867 5487 4109 5560 aliquid

2368 5581 2697 5648 speraverat
2747 5577 2808 5631 in
2856 5577 3082 5642 melius,
3130 5580 3230 5630 aut
3277 5575 3336 5630 in
3415 5575 3670 5629 deterius
3720 5591 3915 5646 posse
3970 5594 4109 5632 cou-

2371 5665 2554 5721 verti?
