4200 6370
357 382 461 432 577

955 496 1316 562 Interrogatio
1364 497 1448 547 51.

450 585 546 638 Est
613 583 824 653 aliquis
899 584 1280 653 quodcunque
1362 599 1505 651 opus
1579 582 1873 648 inchoaus,
1953 582 2052 652 qui

354 671 578 743 aliquid
637 672 878 737 dixerat,
940 676 1039 724 aut
1083 687 1422 742 quacunque
1482 671 1705 740 magica
1741 677 1861 725 arte
1901 671 2054 725 aliud

355 760 514 825 fecit,
563 759 675 813 nisi
727 763 793 812 ut
846 760 1154 828 Apostolus
1209 759 1392 825 docet,
1454 758 1650 811 omnia
1705 758 1766 812 in
1822 759 2055 812 nomine

357 847 593 902 Domini
638 847 947 901 facienda?
976 848 1170 917 Neque
1201 847 1354 900 enim
1386 847 1677 900 daemones
1708 847 1766 900 in
1797 852 2056 901 nostrum

356 935 715 1004 adiutorium
747 935 1022 988 debemus
1069 935 1354 1000 invocare,
1403 935 1500 987 sed
1548 936 1747 1002 Deum,
1789 935 1849 988 in
1879 934 2056 988 colle-

357 1024 546 1076 ctione
577 1023 844 1076 similiter
891 1023 1198 1076 herbarum
1234 1022 1687 1086 medicinalium,
1730 1023 2052 1093 symbolum

357 1116 414 1164 et
462 1113 786 1165 orationem
843 1112 1198 1165 Dominicam
1256 1111 1465 1182 dicere,
1499 1115 1743 1183 oportet,
1803 1116 1861 1166 et
1912 1112 2054 1166 nihil

361 1199 517 1254 aliud
540 1199 567 1253 ?

977 1287 1332 1355 Interrogatio
1363 1291 1449 1342 52.

432 1375 822 1438 Quaerendum
875 1375 1046 1428 etiam
1083 1375 1126 1427 si
1169 1375 1434 1428 mulieres
1483 1375 1543 1428 in
1594 1374 1856 1430 laniﬁciis
1915 1375 2052 1441 suis,

358 1464 445 1517 vel
508 1463 871 1518 inordiendis
941 1464 1068 1516 telis
1145 1463 1358 1533 aliquid
1428 1464 1636 1529 dicant,
1707 1469 1803 1518 aut
1858 1465 2050 1518 obser-

359 1557 517 1617 vent,
550 1552 681 1619 nisi,
739 1557 803 1606 ut
846 1568 1020 1623 supra
1068 1552 1281 1604 dictum
1323 1556 1425 1619 est,
1478 1553 1671 1606 omnia
1718 1557 1777 1606 in
1819 1554 2052 1606 nomine

357 1642 591 1695 Domini
615 1640 643 1694 ?

974 1731 1342 1796 Interrogatio
1367 1731 1450 1783 53.

429 1818 528 1871 Est
574 1818 786 1888 aliquis
835 1818 933 1888 qui
977 1818 1312 1881 oblationes,
1367 1817 1424 1870 id
1483 1822 1587 1883 est,
1633 1818 2051 1890 eleemosynam

353 1908 665 1974 parentum
693 1905 1092 1959 defunctorum
1123 1906 1332 1974 injuste
1363 1904 1646 1959 retineat?

975 1995 1336 2060 Interrogatio
1368 1994 1454 2046 54.

429 2082 526 2134 Est
563 2080 772 2151 aliquis
821 2081 921 2151 qui
969 2097 1141 2150 supra
1199 2086 1492 2134 mortuum
1541 2079 1836 2134 nocturnis
1899 2079 2053 2134 horis

351 2168 616 2221 carmina
643 2168 923 2221 diabolica
949 2173 1224 2233 cantaret,
1248 2175 1303 2222 et
1325 2169 1566 2234 biberet,
1599 2171 1655 2221 et
1688 2168 2057 2222 manducaret

348 2257 457 2320 ibi,
513 2256 676 2325 quasi
737 2256 806 2309 de
860 2257 983 2325 ejus
1041 2262 1223 2310 morte
1281 2259 1684 2327 gratularetur,
1725 2262 1782 2310 et
1835 2256 1881 2309 si
1919 2257 2056 2311 alibi

347 2345 574 2398 mortui
604 2346 662 2399 in
711 2344 922 2416 vigiliis
969 2346 1284 2413 nocturnis,
1336 2345 1445 2399 nisi
1491 2345 1549 2399 in
1585 2344 1829 2398 Ecclesia
1858 2349 2054 2399 custo-

345 2434 594 2487 diantur
621 2435 648 2486 ?

982 2521 1339 2587 Interrogatio

424 2608 527 2661 Est
559 2606 770 2677 aliquis
800 2606 900 2676 qui
945 2622 1060 2660 non
1112 2606 1515 2673 communicet,
1549 2606 1635 2659 vel
1684 2606 1866 2660 tribus
1902 2609 2053 2660 tem-

339 2695 597 2765 poribus
645 2696 704 2748 in
743 2711 912 2760 anno,
961 2695 1017 2748 id
1063 2700 1165 2759 est,
1214 2695 1273 2747 in
1319 2695 1549 2759 Pascha,
1601 2696 1950 2762 Pentecoste,
1998 2697 2053 2746 et

342 2784 544 2838 Natali
599 2783 848 2850 Domini,
903 2782 1012 2836 nisi
1061 2799 1165 2854 pro
1223 2783 1534 2836 mortiferis
1595 2782 1952 2850 criminibus,
2000 2787 2054 2836 et

340 2872 612 2942 episcopi
634 2873 720 2925 vel
745 2872 1104 2925 sacerdotum
1131 2871 1371 2941 judicio,
1395 2887 1428 2924 a
1453 2871 1852 2924 communione
1881 2870 2055 2924 fuerit

334 2957 660 3012 remotus?

980 3047 1346 3113 Interrogatio
1375 3047 1458 3099 56.

417 3136 527 3188 Est
559 3134 766 3204 aliquis
812 3134 911 3204 qui
958 3135 1016 3187 in
1061 3134 1152 3188 die
1194 3133 1506 3198 Dominica,
1538 3133 1624 3186 vel
1659 3133 1718 3186 in
1750 3132 2052 3203 praecipuis

332 3223 784 3288 festivitatibus,
860 3222 1177 3292 quidquam
1232 3223 1421 3291 operis
1499 3221 1720 3274 faciat:
1781 3227 1837 3275 et
1889 3223 1933 3274 si
1983 3223 2051 3275 ad

330 3311 664 3365 Matutinas
713 3315 770 3363 et
813 3311 883 3364 ad
922 3312 1169 3378 Missam,
1211 3314 1266 3363 et
1293 3311 1360 3363 ad
1405 3311 1696 3379 Vesperas,
1730 3309 1819 3363 his
1852 3309 2051 3364 diebus

329 3399 828 3471 impraetermisse
859 3415 1057 3452 omnes
1087 3399 1434 3451 occurrant?

959 3487 1326 3551 Interrogatio
1361 3489 1446 3538 57.

411 3576 521 3629 Est
552 3573 764 3644 aliquis
793 3574 1342 3639 excommunicatns,
1368 3572 1465 3642 qui
1493 3587 1596 3642 pro
1620 3573 1799 3627 nihilo
1831 3574 2053 3628 duxerit

324 3659 1009 3716 excommunicationem
1037 3675 1051 3712 :
1098 3662 1154 3712 et
1176 3657 1222 3711 si
1253 3658 1460 3729 aliquis
1503 3674 1631 3711 cum
1660 3661 2047 3714 excommuni-

321 3756 470 3805 cato
501 3748 1015 3802 communicaverit
1037 3745 1064 3798 ἱ)

981 3836 1337 3900 Interrogatio
1364 3835 1448 3886 58.

397 3927 512 3979 Est
545 3922 753 3993 aliquis
798 3921 896 3992 qui
928 3923 1162 3976 modum
1198 3921 1552 3992 paenitentiae
1583 3922 1688 3976 sibi
1728 3922 2047 3993 injunctum

321 4031 460 4068 non
488 4009 880 4066 custodierit?

971 4099 1328 4164 Interrogatio
1354 4100 1438 4151 59.

399 4189 517 4241 Est
555 4186 762 4256 aliquis
797 4185 896 4255 qui
927 4190 1149 4255 patrem
1183 4191 1282 4239 aut
1331 4192 1570 4240 matrem
1602 4186 2046 4255 inhonoraverit,

317 4283 433 4332 aut
462 4275 845 4348 percusserit,
873 4281 972 4328 aut
995 4274 1353 4330 maledixerit
1368 4277 1397 4329 ?

974 4364 1330 4428 Interrogatio
1360 4363 1443 4416 60.

379 4455 496 4508 Est
545 4450 757 4520 aliquis
797 4449 897 4520 qui
951 4450 1225 4503 vomitum
1269 4455 1397 4519 post
1442 4454 1729 4520 acceptam
1779 4450 2044 4505 Euchari-

308 4544 508 4598 stiam
549 4555 658 4609 per
679 4539 1013 4592 ebrietatem
1042 4536 1282 4591 fecerit?

966 4628 1325 4693 Interrogatio
1355 4628 1412 4678 6t
1427 4666 1441 4679 .

389 4721 503 4774 Est
535 4713 752 4785 aliquis
783 4714 880 4784 qui
927 4729 1089 4767 suam
1133 4713 1572 4768 decimationem
1613 4715 1724 4767 Deo
1753 4717 1809 4767 et
1841 4714 2045 4767 sanctis

309 4809 458 4879 ejus
496 4801 860 4859 retraxerit?

953 4891 1309 4955 Interrogatio
1343 4891 1428 4943 62.

385 4985 499 5039 Est
537 4979 754 5048 aliquis
805 4981 921 5030 tam
972 4994 1272 5047 perversus
1305 4983 1362 5030 et
1395 4979 1506 5030 Deo
1540 4977 1781 5041 alienus,
1827 4982 1890 5031 ut
1931 4977 2042 5031 sal-

294 5080 432 5130 tem
468 5066 787 5125 Dominica
812 5065 901 5118 die
934 5066 1000 5117 ad
1029 5064 1320 5118 ecclesiam
1360 5081 1475 5118 non
1507 5066 1768 5120 venerit?

981 5155 1345 5221 Interrogatio
1371 5156 1458 5207 63.

376 5249 442 5306 Si
490 5241 778 5318 porcarii,
813 5246 867 5294 ct
895 5242 991 5294 alii
1033 5249 1290 5310 pastores
1327 5241 1614 5294 Dominica
1644 5241 1733 5295 die
1762 5241 1829 5294 ad
1859 5242 2042 5295 eccle-

293 5343 460 5393 siam
493 5349 629 5388 non
671 5330 926 5394 veniant,
972 5335 1026 5382 et
1081 5330 1278 5382 Missas
1311 5345 1426 5382 non
1471 5329 1734 5396 audiunt,
1781 5329 2043 5383 similiter

292 5430 361 5483 in
393 5425 549 5481 aliis
576 5417 1029 5475 festivitatibus?

954 5506 1311 5570 Interrogatio
1342 5504 1408 5557 6i
1422 5545 1433 5558 .

360 5607 470 5660 Est
529 5595 757 5666 aliquis
807 5593 905 5663 qui
949 5593 1016 5647 ad
1052 5592 1470 5647 confessionem
1517 5607 1635 5646 non
1671 5590 1908 5657 veniret,
1951 5590 2040 5646 vel

1352 374 1821 432 DECRETORUM
1865 375 2048 430 LIBRI
2089 374 2197 430 XX.
2231 403 2300 414 —
2339 373 2545 428 LIBER
2584 371 2858 426 PRIMUS.

2081 495 2127 546 Α
2165 508 2279 546 una
2317 492 2436 545 vice
2464 491 2522 545 in
2574 508 2744 557 anno,
2799 492 2855 546 id
2903 495 3006 555 est,
3055 491 3113 546 in
3157 492 3339 563 capite
3369 494 3848 567 Quadragesimze,

3748 377 3850 428 578

2166 587 2222 635 et
2244 581 2639 652 pmnitentiam
2670 596 2776 651 pro
2805 580 3049 650 peccatis
3084 580 3199 634 suis
3232 597 3344 636 non
3369 583 3729 654 susciperet?

2773 671 3131 735 Interrogatio
3162 671 3250 724 65.

2237 759 2329 811 Est
2377 755 2585 826 aliquis
2640 756 2739 826 qui
2803 757 3094 810 assiduam
3170 757 3504 812 ebrietatem
3578 765 3842 828 sectetur,

2161 846 2432 915 Apostolo
2478 844 2733 898 dicente:
2771 847 2965 915 Neque
3009 844 3164 898 enim
3217 845 3426 900 ebriosi
3476 863 3719 918 regnum
3751 851 3849 904 Dei

2163 931 2581 1003 possidebunt?

2769 1038 3133 1104 Interrogatio
3161 1041 3247 1093 66.

2232 1126 2328 1178 Est
2350 1123 2556 1194 aliquis
2587 1124 2686 1194 qui
2704 1130 3034 1195 contempto
3066 1143 3168 1180 suo
3197 1126 3552 1198 presbytero,
3584 1128 3645 1184 in
3677 1131 3846 1184 aliam

2162 1213 2493 1283 parochiam
2539 1213 2649 1266 iret
2690 1213 2757 1267 ad
2797 1213 3115 1280 ecclesiam,
3162 1219 3221 1268 et
3263 1215 3343 1269 ibi
3374 1218 3844 1285 communicaret,

2163 1305 2219 1356 et
2249 1317 2410 1355 suam
2445 1301 2723 1355 decimam
2754 1301 2958 1356 daret?

2768 1393 3123 1456 Interrogatio
3154 1393 3242 1445 67.

2230 1476 2641 1547 Inquirendum
2672 1477 2740 1531 de
2789 1478 3064 1532 mendicis
3110 1478 3210 1549 qui
3240 1495 3343 1548 per
3372 1481 3700 1550 parochiam
3736 1482 3848 1537 dis-

2160 1571 2398 1619 currunt
2423 1582 2434 1619 :
2457 1569 2512 1620 et
2541 1566 2587 1619 si
2635 1565 3028 1637 unusquisque
3060 1583 3376 1637 pauperem
3407 1569 3474 1622 de
3504 1569 3720 1623 familia
3751 1587 3852 1624 sua

2161 1655 2396 1724 pascat?

2778 1763 3135 1829 Interrogatio
3157 1765 3244 1816 68.

2233 1849 2710 1919 Interrogandum
2737 1850 2782 1902 si
2814 1849 2873 1902 in
2913 1866 3258 1921 unaquaque
3299 1848 3465 1919 plebe
3497 1851 3694 1905 decani
3737 1853 3852 1905 sint

2159 1952 2264 2006 per
2291 1937 2452 1989 villas
2483 1936 2796 2005 constituti,
2819 1937 2925 1990 viri
2947 1954 3171 1991 veraces
3204 1942 3260 1992 et
3291 1939 3598 1993 Dominum
3631 1940 3850 1994 timen-

2161 2028 2267 2085 tes,
2317 2024 2417 2094 qui
2454 2030 2688 2078 caeteras
2753 2025 3098 2079 admoneant
3152 2030 3213 2080 ut
3271 2027 3340 2079 ad
3387 2028 3680 2081 ecclesiam
3722 2045 3849 2098 per-

2163 2115 2319 2180 gant,
2354 2113 2420 2165 ad
2458 2113 2782 2178 Matutinas,
2841 2113 2911 2166 ad
2945 2114 3188 2180 Missam,
3233 2119 3287 2167 et
3334 2115 3400 2168 ad
3429 2116 3754 2185 Vesperam,
3793 2121 3849 2170 et

2165 2199 2310 2253 nihil
2369 2201 2559 2269 operis
2616 2200 2676 2253 in
2729 2200 2929 2254 diebus
2976 2201 3130 2254 festis
3185 2201 3428 2255 faciant:
3458 2207 3514 2256 et
3565 2205 3608 2256 si
3641 2204 3850 2257 horum

2162 2288 2465 2358 quisquam
2551 2293 2936 2358 transgressus
3000 2289 3190 2355 fuerit,
3271 2289 3460 2342 statim
3519 2291 3849 2361 presbytero

2161 2376 2524 2443 annuntient,
2579 2376 2842 2430 similiter
2897 2376 2966 2431 de
3038 2377 3284 2440 luxuria,
3341 2382 3398 2432 et
3454 2378 3609 2432 omni
3677 2395 3849 2449 opere

2160 2479 2337 2533 pravo
2360 2465 2389 2517 ?

2767 2571 3126 2638 Interrogatio
3157 2573 3243 2623 69.

2231 2657 2324 2710 Est
2372 2656 2578 2726 aliquis
2626 2655 2726 2726 qui
2759 2656 3014 2710 bannum
3055 2657 3324 2727 episcopi,
3393 2661 3491 2711 aut
3533 2658 3848 2729 presbyteri

2161 2743 2269 2810 sui,
2302 2749 2360 2798 et
2384 2745 3025 2799 excommunicationem
3055 2745 3462 2815 parvipendit?

2777 2834 3132 2900 Interrogatio
3157 2835 3242 2886 70.
3409 2897 3411 2899 _

2231 2919 2685 2990 Perquirendum
2717 2919 2762 2972 si
2811 2920 3138 2991 parochiani
3174 2920 3501 2990 presbytero
3547 2937 3650 2975 suo
3684 2922 3848 2976 debi-

2160 3011 2281 3061 tum
2311 3007 2588 3061 honorem
2629 3007 2981 3078 impendant,
3017 3014 3116 3062 aut
3153 3009 3200 3061 si
3235 3014 3317 3061 est
3349 3009 3553 3079 aliquis
3585 3009 3685 3080 qui
3715 3027 3846 3064 eum

2163 3096 2351 3163 verbo,
2384 3096 2471 3150 vel
2499 3096 2646 3149 facto
2695 3096 3087 3162 inhonoraret,
3133 3101 3190 3150 et
3216 3097 3337 3166 ejus
3368 3097 3584 3151 monita
3613 3115 3846 3168 sperne-

2163 3189 2244 3238 ret
2268 3183 2295 3237 ?

2776 3293 3132 3359 Interrogatio
3172 3295 3258 3344 7t.

2231 3379 2325 3431 Est
2364 3378 2569 3448 aliquis
2616 3379 2717 3450 qui
2762 3379 3089 3450 peregrino,
3144 3385 3242 3434 aut
3283 3379 3487 3433 viatori
3531 3379 3846 3450 hospitium

2158 3467 2568 3520 contradixerit
2585 3468 2611 3521 ?

2768 3573 3126 3638 Interrogatio
3151 3573 3240 3626 72.

2227 3657 2640 3728 Inquirendum
2663 3662 2747 3712 est
2767 3674 2908 3728 quas
2930 3658 3264 3712 festivitates
3291 3659 3527 3713 colant?

2765 3748 3122 3812 Interrogatio
3149 3749 3238 3800 73.

2228 3834 2703 3904 Interrogandum
2746 3835 2792 3886 si
2844 3834 3056 3903 patrini
3101 3835 3295 3888 tiliolis
3344 3835 3460 3888 suis
3511 3836 3842 3906 Symbolum

2155 3925 2212 3973 et
2242 3922 2567 3976 Orationem
2630 3922 2984 3976 Dominicam
3042 3923 3354 3992 insinuent,
3415 3929 3512 3978 aut
3567 3925 3845 3980 insinuari

2158 4007 2368 4063 faciant
2394 4011 2422 4062 ?

2771 4099 3136 4162 Interrogatio
3167 4098 3253 4152 74.

2228 4184 2682 4255 Perquirendum
2732 4185 2778 4238 si
2807 4186 2907 4239 IIII
2956 4191 3053 4239 aut
3099 4186 3140 4238 V
3188 4186 3273 4239 vel
3321 4186 3514 4255 plures
3546 4186 3844 4240 interfece-

2161 4273 2278 4327 rint
2308 4273 2603 4326 hominem
2626 4272 2653 4326 ‘?

2779 4362 3144 4426 Interrogatio
3173 4365 3260 4414 75.

2230 4448 2327 4502 Est
2373 4447 2578 4518 aliquis
2627 4447 2727 4517 qui
2757 4449 3094 4501 contradicit
3136 4448 3403 4518 episcopo
3433 4453 3532 4502 aut
3578 4451 3698 4519 ejus
3733 4450 3809 4504 mi

2157 4536 2370 4601 nistris,
2417 4552 2487 4589 ne
2543 4535 2729 4589 coloni
2783 4541 2881 4588 aut
2928 4536 3072 4588 servi
3111 4552 3214 4606 pro
3246 4537 3562 4591 commissis
3594 4538 3817 4591 crimini

2155 4622 2262 4676 bus
2291 4624 2463 4694 virgis
2485 4623 2624 4678 nudi
2656 4623 2946 4677 credantur
2967 4625 2994 4676 ?

2756 4713 3121 4778 Interrogatio
3151 4715 3241 4766 76.

2226 4799 2706 4870 Interrogandum
2753 4799 2800 4852 si
2844 4799 3049 4869 aliquis
3089 4800 3481 4871 peregrinum,
3515 4802 3611 4872 qui
3648 4803 3716 4855 de
3745 4819 3822 4856 sxa

2153 4887 2339 4956 patria
2368 4893 2602 4958 propter
2646 4903 3002 4957 paganorum
3057 4887 3501 4954 infestationem,
3536 4891 3619 4943 vel
3660 4904 3822 4960 pern-

2155 4977 2438 5029 cutionem
2497 4976 2660 5046 fugit,
2713 4976 2818 5029 hac
2865 4976 2933 5029 de
2991 4993 3160 5029 causa
3209 4977 3343 5047 quia
3390 4978 3449 5031 in
3504 4978 3671 5031 domo
3722 4980 3819 5047 ejis

2158 5063 2385 5128 mansit,
2411 5066 2464 5116 et
2497 5062 2696 5115 diebus
2728 5067 2826 5115 aut
2869 5063 3035 5115 annis
3088 5064 3212 5116 loco
3247 5065 3582 5116 mercenarii
3613 5063 3695 5116 illi
3727 5077 3819 5115 sr-

2155 5151 2311 5218 vivit,
2359 5168 2462 5221 pro
2514 5152 2750 5221 proprio
2804 5168 2965 5205 servo
3023 5152 3158 5206 velit
3209 5152 3439 5218 habere,
3493 5157 3548 5204 et
3578 5153 3814 5216 vendee,

2156 5244 2255 5293 aut
2282 5240 2415 5294 dare
2445 5239 2617 5292 alicui
2654 5238 3010 5309 praisumat?

2760 5329 3118 5392 Interrogatio
3147 5330 3234 5378 77.

2226 5415 2318 5467 Est
2374 5412 2579 5483 aliquis
2617 5413 2717 5484 qui
2767 5413 2976 5483 injusta
3023 5428 3287 5466 mensura
3326 5428 3488 5466 suam
3530 5427 3809 5475 aunonan,

2152 5507 2252 5555 aut
2284 5502 2479 5554 vinum
2521 5501 2752 5566 vendat,
2804 5516 2933 5554 cum
2975 5499 3250 5552 Dominus
3299 5499 3484 5554 dicat:
3525 5499 3813 5572 IEquussit

2150 5587 2257 5641 tibi
2288 5587 2534 5653 modius,
2564 5592 2621 5641 et
2651 5603 2850 5657 aequus
2879 5587 3152 5640 sextarius
3174 5585 3201 5641 ?
