3950 6442
264 395 367 445 579

881 513 1240 579 Interrogatio
1268 513 1357 566 '78.

1347 391 1751 447 BURCHARDI
1795 391 2326 447 WORMACIENSIS
2367 391 2702 447 EPISCOPI.

1992 516 2040 568 Α
2077 529 2202 580 nos,
2247 513 2401 584 quod
2465 513 2588 567 sine
2636 511 2981 566 verecundia
3027 527 3348 568 memorare
3403 530 3526 569 non
3577 531 3796 586 possu-

3686 394 3787 448 580

337 599 816 654 Denunciandum
855 600 1028 654 etiam
1051 616 1223 670 quam
1257 616 1528 672 magnum
1561 601 1848 672 piaculum
1892 601 1968 656 sit
2075 618 2224 666 mus,
2271 601 2690 656 fraternitatem
2741 606 2901 655 tuam
2947 602 3408 666 Grammaticam.
3444 610 3504 658 et
3537 605 3641 658 illa
3689 604 3794 658 dif-

260 703 463 741 usuras
512 688 759 758 exigere,
811 690 964 743 etde
1012 689 1199 744 alieno
1232 690 1429 743 fenore
1459 691 1603 743 velle
1661 690 1961 754 ditescere,

261 781 317 831 et
353 777 504 847 quod
554 776 700 830 sacri
750 792 994 831 canones
1037 779 1178 832 tales
1219 777 1288 831 ab
1335 779 1580 832 Ecclesia
1611 778 1962 849 ejiciprasci-

260 864 442 936 piant.

863 957 1228 1024 Interrogatio
1262 959 1348 1009 79.

333 1043 429 1096 Est
475 1041 682 1113 aliquis
723 1043 822 1114 qui
865 1049 1100 1112 propter
1143 1043 1519 1114 cupiditatem
1556 1044 1820 1099 Judaeum
1871 1045 1960 1100 vel

259 1143 554 1198 paganum
587 1131 984 1185 interfecerit?

881 1220 1242 1287 Interrogatio
1266 1223 1352 1274 80.

333 1305 427 1360 Est
471 1306 677 1378 aliquis
724 1306 1018 1361 insaniens
1048 1307 1148 1378 qui
1177 1308 1433 1378 aliquem
1481 1308 1780 1364 hominem
1809 1309 1956 1364 occi-

257 1390 452 1447 derit?

867 1484 1227 1550 Interrogatio
1261 1487 1316 1538 8l
1335 1524 1348 1538 .

326 1567 418 1620 Est
456 1567 665 1639 aliquis
696 1569 796 1640 qui
850 1571 1114 1624 arborem
1165 1572 1502 1639 succideret,
1537 1578 1592 1626 et
1622 1573 1760 1627 dum
1792 1573 1953 1643 operi

254 1656 572 1710 necessario
611 1657 922 1726 insisteret,
972 1660 1180 1730 aliquis
1232 1661 1432 1715 subtus
1477 1662 1743 1716 arborem
1791 1662 1955 1718 deve-

253 1743 436 1809 niens,
466 1744 778 1815 improvise
806 1748 1237 1818 opprimeretur
1257 1751 1286 1802 ?

833 1895 838 1902 1
874 1837 1236 1904 Interrogatio
1266 1840 1354 1891 82.

322 1919 419 1974 Est
465 1919 672 1992 aliquis
735 1923 837 1996 qui
903 1925 1328 1996 conjurationes
1380 1931 1437 1981 et
1499 1927 1953 1999 conspirationes

250 2013 563 2064 sectaretur
582 2010 610 2066 ?

872 2104 1232 2169 Interrogatio
1265 2105 1352 2158 83.

319 2187 414 2240 Est
465 2187 674 2258 aliquis
728 2189 830 2260 qui
884 2191 1181 2245 ecclesiam
1238 2195 1338 2245 aut
1383 2190 1656 2246 clericum
1706 2191 1949 2262 fatigare

249 2277 683 2346 praesumpserit
701 2279 731 2332 ?

884 2368 1245 2435 Interrogatio
1268 2368 1354 2421 84.

321 2451 741 2521 Inquireudum
802 2454 873 2509 de
940 2456 1160 2526 refugis
1209 2460 1265 2511 et
1309 2455 1547 2526 perfidis
1611 2456 1832 2511 clericis
1892 2463 1952 2512 et

247 2537 427 2594 laicis.

872 2634 1231 2702 Interrogatio
1253 2635 1339 2688 85.

319 2716 780 2772 Percontandum
813 2721 881 2774 (te
926 2722 1250 2776 confratriis
1300 2727 1358 2776 et
1399 2721 1818 2778 fraternitatem
1855 2739 1944 2776 so-

242 2802 542 2859 cietatibus
573 2807 820 2877 qualiter
844 2808 903 2862 in
935 2808 1206 2880 parochia
1238 2815 1501 2880 agantur.

848 2898 1206 2964 Interrogatio
1236 2900 1302 2951 86
1317 2937 1332 2953 .

315 2981 799 3053 lnterrogandum
832 2985 878 3038 si
917 2987 1137 3040 cantica
1183 2986 1377 3057 turpia
1417 2989 1473 3041 et
1497 2987 1673 3040 risum
1707 3003 1941 3042 moven-

243 3066 322 3120 tia
349 3068 556 3140 aliquis
584 3071 734 3126 circa
767 3074 1061 3128 ecclesiam
1093 3080 1324 3128 cantare
1347 3079 1676 3145 praesumat.

859 3163 1224 3228 Interrogatio
1255 3165 1342 3216 87.

312 3243 770 3315 Perquirendum
821 3251 867 3303 si
905 3250 1117 3320 aliquis
1148 3250 1444 3304 ecclesiam
1490 3249 1734 3314 intrans,
1781 3251 1942 3304 fabu-

241 3330 311 3384 lis
344 3347 544 3388 vacare
571 3337 884 3403 consuevit,
918 3343 974 3392 et
1003 3354 1116 3392 non
1150 3339 1454 3408 diligenter
1481 3339 1762 3392 auscultat
1791 3339 1940 3393 divi-

241 3435 316 3473 na
338 3423 590 3496 eloquia,
622 3431 680 3482 et
723 3426 768 3480 si
802 3431 1112 3498 antequam
1162 3427 1326 3481 Missa
1355 3427 1609 3493 finiatur,
1650 3427 1720 3482 de
1761 3427 1940 3482 eccle-

242 3523 323 3576 sia
347 3516 601 3576 exierit?

844 3605 1208 3671 Interrogatio
1239 3607 1326 3658 88.

309 3693 788 3766 Interrogandum
821 3693 867 3746 si
915 3692 1289 3759 oblationem,
1329 3692 1385 3746 id
1416 3696 1501 3746 est
1529 3708 1739 3763 panem
1770 3697 1827 3746 et
1857 3693 1940 3746 vi-

238 3804 402 3852 num,
438 3785 545 3838 viri
587 3789 642 3838 et
694 3782 928 3836 femina).
979 3783 1049 3835 ad
1078 3782 1270 3835 Missas
1300 3781 1563 3847 offerant,
1618 3786 1676 3835 et
1727 3781 1773 3834 si
1825 3797 1938 3835 non

149 3867 151 3872 ’
236 3875 342 3928 viri
389 3873 666 3944 conjuges
719 3870 984 3934 offerant,
1025 3884 1132 3938 pro
1188 3885 1249 3923 se
1298 3869 1530 3940 suisque
1563 3868 1830 3923 omnibus
1877 3874 1940 3923 ut

159 3965 161 3970 “
238 3965 296 4018 in
325 3979 540 4017 canone
569 3957 944 4014 continetur?

311 4054 439 4106 CAP.
497 4049 648 4103 XCV.
705 4077 778 4086 --
827 4049 892 4100 Ut
949 4047 1186 4184 93:20:51:
1258 4047 1421 4100 libros
1489 4045 1777 4113 gentilium
1833 4061 1938 4100 non

312 4213 425 4277 (Ea:
479 4208 668 4263 concil.
714 4205 1012 4272 Carthag,
1059 4219 1177 4273 cap.
1224 4205 1336 4273 l6.)
1367 4205 1436 4258 Ut
1465 4203 1717 4275 episcopi
1762 4204 1938 4259 libros

2072 690 2314 744 ﬁciliora
2365 690 2710 761 quibusdam
2760 705 3068 760 exponere.
3130 690 3314 754 Quam
3360 707 3485 746 rem
3534 692 3619 746 ita
3668 709 3794 746 mo-

2072 779 2213 833 leste
2259 779 2638 849 suscepimus,
2703 795 2768 832 ac
2814 795 3013 832 sumus
3072 780 3446 835 vehementer
3509 798 3792 852 asperna-

2071 867 2138 935 ti,
2187 872 2251 921 ut
2297 884 2364 921 ea
2403 883 2530 938 quae
2579 867 2739 937 prius
2781 867 2934 922 dicta
2978 867 3232 936 fuerunt,
3292 869 3351 923 in
3401 871 3692 940 gemitum
3736 876 3797 925 et

2068 955 2357 1009 tristitiam
2401 961 2755 1010 verteremus
2791 997 2804 1010 .
2856 955 2993 1026 quia
3032 957 3092 1010 in
3139 973 3258 1011 uno
3307 973 3408 1011 ore
3455 974 3588 1012 cum
3630 959 3792 1012 Iovis

2068 1044 2355 1111 laudibus,
2405 1043 2615 1098 Christi
2664 1044 2857 1098 laude:I
2895 1061 3017 1099 esse
3048 1061 3165 1100 non
3211 1051 3471 1116 possunt.
3505 1049 3571 1101 Et
3605 1065 3787 1118 quam

2068 1148 2239 1202 grave
2276 1133 2709 1203 nefandumque
2757 1132 2831 1186 sit
2867 1134 3154 1204 episcopis
3198 1150 3424 1200 canere,
3470 1137 3625 1206 quod
3681 1152 3791 1190 nec

2067 1221 2209 1275 laico
2257 1221 2521 1292 religioso
2570 1221 2887 1276 conveniat.
2943 1223 3007 1275 Et
3049 1222 3312 1293 quamvis
3370 1223 3790 1279 dilectissimus

2065 1309 2218 1364 ﬁlius
2250 1314 2447 1363 noster
2478 1309 2760 1364 Candidus
2793 1309 3096 1380 presbyter
3127 1312 3494 1381 postmodum
3516 1313 3788 1383 veniens,

2065 1399 2171 1453 hac
2192 1398 2262 1452 de
2307 1414 2367 1452 re
2414 1397 2701 1452 subtiliter
2740 1399 3049 1469 requisitus
3096 1401 3413 1470 negaverit,
3471 1406 3644 1472 atque
3680 1418 3790 1456 vos

2064 1490 2301 1540 conatus
2357 1485 2530 1539 fuerit
2579 1501 2886 1542 excusare:
2945 1487 3016 1540 de
3064 1493 3261 1542 nostro
3321 1493 3517 1542 tamen
3588 1489 3788 1544 adhuc

2065 1575 2260 1628 animo
2295 1590 2412 1627 non
2458 1574 2729 1628 recessit:
2781 1573 2918 1644 quia
2960 1581 3243 1645 quantum
3293 1577 3648 1630 exsecrabile
3696 1584 3787 1631 est

2063 1662 2171 1717 hoc
2204 1664 2273 1716 de
2322 1661 2614 1715 sacerdote
2653 1661 2930 1730 enarrari,
2977 1667 3136 1716 tanto
3171 1669 3369 1718 utrum
3416 1665 3497 1718 ita
3540 1681 3785 1719 necesse

2063 1751 2137 1804 sit
2163 1751 2416 1805 districta
2446 1757 2498 1804 et
2531 1750 2714 1804 veraci
2763 1755 2991 1820 oportet
3028 1751 3416 1807 satisfactione
3478 1754 3783 1824 cognosci.

2067 1839 2224 1894 Unde
2258 1841 2303 1891 si
2337 1844 2463 1909 post
2510 1838 2619 1892 hoc
2663 1838 2956 1892 evidenter
2988 1837 3111 1892 hinc
3147 1855 3276 1909 qua:
3303 1839 3372 1893 ad
3419 1856 3522 1892 nos
3548 1842 3786 1910 perlata

2062 1933 2196 1980 sunt
2223 1926 2363 1979 falsa
2393 1942 2514 1979 esse
2543 1926 2871 1989 claruerint,
2924 1941 3111 1996 neque
3143 1943 3238 1979 vos
3271 1927 3443 1996 nugis
3485 1933 3542 1981 et
3585 1945 3782 1984 saecu-

2061 2015 2275 2069 laribus
2296 2014 2501 2068 litteris
2531 2014 2759 2068 studere
2791 2013 3135 2080 constiterit,
3168 2019 3224 2067 et
3250 2015 3367 2068 Deo
3411 2020 3611 2068 nostro
3642 2031 3782 2086 gra-

2059 2103 2167 2158 tias
2215 2119 2473 2173 agamus,
2517 2102 2618 2172 qui
2651 2118 2750 2156 cor
2794 2107 3047 2156 vestrum
3086 2102 3358 2156 maculari
3416 2103 3781 2174 blasphemis

2059 2193 2438 2247 nefandorum
2483 2190 2746 2244 laudibus
2775 2206 2894 2244 non
2924 2190 3204 2259 permisit,
3251 2196 3310 2245 et
3354 2192 3424 2246 de
3449 2193 3781 2247 conceden-

2059 2282 2147 2336 dis
2177 2297 2306 2352 quas
2339 2279 2569 2350 poscitis
2599 2279 2782 2333 securi
2799 2279 2921 2349 jam
2952 2283 3011 2333 et
3038 2278 3160 2334 sine
3175 2280 3370 2351 aliqua
3399 2279 3776 2335 dubitatione

2057 2373 2389 2424 tractemus.

2057 2473 2186 2528 CAP.
2227 2475 2455 2528 XCVlll.
2496 2503 2564 2513 —
2605 2475 2880 2539 Quantum
2923 2475 3216 2528 discrimen
3253 2476 3536 2528 immineat
3575 2481 3768 2545 pasto-

2124 2545 2278 2599 ribus
2308 2549 2406 2614 qui
2428 2548 2708 2598 reritatem
2737 2546 2942 2600 Christi
2961 2545 3264 2613 praedicare
3282 2547 3582 2613 negligant.

2139 2633 2248 2702 (Ex
2310 2634 2454 2687 decr.
2533 2635 2708 2687 Marci
2783 2648 2964 2701 papa,
3037 2635 3419 2702 Egyptiorum
3495 2637 3772 2704 episcopis

2051 2724 2258 2788 missis,
2309 2737 2429 2790 cap.
2477 2722 2555 2790 3.)
2602 2721 2700 2777 Vae
2738 2721 2892 2774 enim
2925 2721 3034 2775 erit
3065 2721 3251 2786 nobis,
3292 2721 3394 2791 qui
3430 2722 3609 2792 hujus
3654 2726 3768 2777 mi-

2055 2809 2275 2864 nisterii
2316 2825 2462 2862 onus
2497 2813 2825 2878 susceptum
2877 2808 3176 2876 habemus,
3227 2809 3275 2862 si
3301 2810 3604 2864 veritatem
3636 2811 3770 2866 Sal-

2055 2899 2262 2952 vatoris
2311 2897 2494 2951 nostri
2544 2898 2675 2951 Jesu
2726 2897 2956 2961 Christi,
3012 2913 3186 2968 quam
3243 2898 3493 2968 apostoli
3541 2900 3770 2969 praedi-

2054 2991 2345 3050 caverunt,
2374 2986 2687 3056 prmdicare
2733 2986 3173 3055 neglexerimus.
3212 2987 3304 3040 Vae
3336 2987 3445 3041 erit
3485 2989 3682 3056 nobis,
3720 2989 3769 3042 si

1975 3072 2015 3125 C
2056 3075 2283 3128 silentio
2325 3075 2624 3127 veritatem
2668 3073 3147 3144 Oppresserimus,
3178 3074 3278 3144 qui
3310 3090 3552 3145 erogare
3590 3093 3768 3130 num-

2053 3163 2312 3217 mulariis
2337 3163 2630 3233 jubemur,
2663 3161 2719 3217 id
2751 3166 2857 3228 est,
2890 3161 3242 3216 Christianos
3271 3164 3516 3233 populos
3539 3164 3771 3219 imbue-

2053 3268 2112 3306 re
2165 3258 2223 3305 et
2263 3251 2489 3305 docere.
2537 3250 2683 3314 Quid
2731 3249 2792 3303 in
2845 3249 3027 3320 ipsius
3058 3250 3267 3306 Christi
3307 3251 3500 3305 futuro
3546 3252 3766 3308 dicturi

2051 3351 2249 3390 sumus
2279 3335 2561 3399 examine,
2611 3333 2658 3387 si
2691 3333 2976 3388 sermonis
3005 3334 3130 3404 ejus
3178 3335 3473 3389 veritatem
3508 3339 3761 3391 confun-

2051 3425 2244 3480 dimur
2288 3424 2600 3495 praedicare
2621 3421 2650 3478 7
2680 3421 2827 3486 Quid
2864 3421 2976 3476 erit
3005 3423 3075 3476 de
3108 3421 3291 3489 nobis,
3322 3439 3453 3478 cum
3493 3424 3566 3479 de
3597 3441 3766 3480 com-

2051 3513 2238 3567 missis
2281 3512 2449 3566 nobis
2479 3510 2802 3576 animabus,
2850 3514 2907 3564 et
2945 3510 3014 3564 de
3057 3509 3245 3564 oflicio
3284 3516 3547 3582 suscepto
3580 3515 3761 3568 ratio-

2048 3617 2182 3656 nem
2233 3602 2423 3670 justus
2459 3599 2638 3670 judex
2695 3597 2952 3653 Christus
3010 3598 3159 3652 Deus
3212 3603 3407 3652 noster
3435 3599 3761 3655 districtam

2047 3688 2345 3760 exegerit?

2049 3795 2175 3848 CAP.
2231 3792 2400 3846 XCIX.
2441 3823 2502 3830 —
2563 3790 2716 3856 Quod
2761 3793 3069 3860 episcopum
3119 3795 3366 3859 oporteat
3419 3792 3535 3844 sine
3581 3794 3759 3847 uiter-

2187 3867 2442 3917 missione
2470 3863 2776 3916 Ecclesiam
2804 3877 2967 3917 suam
2997 3862 3182 3915 docere
3203 3867 3254 3915 et
3271 3877 3476 3914 amare.

2119 3953 2272 4021 (Cap.
2310 3952 2566 4006 Evaristi
2587 3965 2749 4018 papae
2795 3952 2854 4015 V,
2895 3950 3141 4004 omnibus
3167 3965 3267 4018 per
3292 3951 3588 4018 Egyptum
3624 3953 3762 4017 fra-

2050 4041 2223 4094 tribus
2241 4040 2512 4108 missum.)
2548 4038 2884 4108 Episcopum
2913 4054 3043 4091 vero
3075 4042 3307 4108 oportet
3336 4043 3667 4107 opportune
3700 4046 3766 4094 et

2047 4129 2376 4198 importune
2415 4132 2586 4198 atque
2627 4124 2749 4180 sine
2779 4125 3204 4180 intermissione
3244 4126 3548 4179 Ecclesiam
3585 4142 3760 4181 suam

2046 4217 2248 4272 docere
2268 4231 2508 4285 eamque
2527 4214 2841 4285 prudenter
2863 4229 3061 4286 regere
3080 4218 3135 4268 et
3153 4229 3367 4279 amare,
3393 4219 3509 4268 uta
3525 4215 3680 4267 vitiis
3695 4233 3761 4270 se

193 4277 195 4284 Α
238 4298 541 4370 gentilium
587 4311 702 4349 non
750 4295 970 4364 legant:
1007 4293 1408 4349 haereticorum
1451 4299 1644 4348 autem
1689 4309 1794 4365 pro
1836 4309 1934 4347 ne-

2139 4305 2346 4373 stineat,
2400 4277 2465 4358 ut
2515 4277 2758 4358 salutem
2807 4277 3079 4373 consequi
3133 4302 3314 4373 possit
3352 4277 3648 4358 aeternam.
3686 4305 3764 4360 Et

205 4401 209 4448 ':
238 4388 496 4442 cessitate
520 4391 576 4438 et
597 4390 876 4454 tempore.

216 4476 365 4530 ‘CAP.
402 4475 574 4529 CXVI.
623 4500 698 4513 —
751 4474 818 4526 Ut
870 4473 1128 4540 episcopi,
1176 4474 1340 4538 prout
1385 4470 1580 4535 uulgus
1631 4470 1932 4535 intelligere

220 4579 224 4606 κ
304 4550 479 4616 possit
531 4542 824 4616 secundum
859 4543 1247 4610 praprielatem
1294 4544 1588 4596 communis
1628 4541 1828 4609 lingua
1856 4542 1931 4594 il-

305 4615 477 4671 lorum
503 4615 946 4685 praedicationem
975 4617 1286 4680 temperent.

236 4741 240 4746 ι
308 4706 429 4774 (Em
455 4705 641 4758 concil.
681 4702 945 4769 Remensi,
979 4716 1100 4768 cap.
1140 4699 1252 4768 ll.)
1285 4700 1355 4753 Ut
1397 4697 1648 4768 episcopi
1701 4697 1929 4752 Sermo-

239 4785 334 4856 nes
365 4798 420 4846 et
452 4790 736 4846 Homelias
758 4794 1085 4842 sanctorum
1119 4789 1375 4855 Patrum,
1406 4792 1580 4858 prout
1617 4801 1816 4839 omnes
1841 4785 1929 4838 iu-

241 4869 490 4952 ‘telligere
530 4878 772 4950 possint,
797 4876 1108 4931 secundum
1139 4874 1554 4947 proprietatem
1607 4873 1931 4928 communis

251 4957 445 5040 lingua
477 4965 786 5037 praedicare
817 4965 1101 5018 studeant.

258 5042 342 5128 {AP
385 5056 630 5128 XCXVlI.
675 5083 745 5092 —-
792 5053 1149 5122 Reprehensio
1190 5054 1430 5128 episcgpi
1474 5053 1533 5105 in
1579 5052 1793 5128 pulpito
1828 5066 1932 5128 pa-

275 5143 467 5194 ganos
499 5127 664 5179 libros
721 5128 1056 5191 exponentis,
1105 5139 1163 5176 eo
1208 5123 1353 5192 quod
1397 5138 1517 5176 cum
1565 5124 1724 5176 Jovis
1755 5122 1936 5175 laudi-

277 5205 280 5224 '
304 5200 398 5251 bus
421 5200 626 5254 Christi
651 5195 837 5250 laudes
865 5209 974 5247 non
1004 5199 1341 5248 conveniant.

284 5286 405 5351 :(Eav
449 5301 562 5352 reg.
633 5282 709 5337 ad
774 5282 1120 5337 Desiderium
1166 5280 1330 5350 episc.
1377 5281 1597 5344 Gallis,
1641 5297 1762 5349 cap.
1816 5280 1931 5349 84.)

257 5373 371 5428 01m
429 5375 609 5427 multa
657 5371 824 5426 nobis
862 5370 1016 5425 bona
1061 5370 1131 5423 de
1179 5368 1382 5422 vestris
1434 5367 1676 5421 fuissent
1730 5367 1934 5420 studiis

258 5455 516 5527 ninciata,
548 5462 627 5514 ita
673 5459 831 5513 cordi
873 5465 1071 5512 nostro
1107 5462 1192 5511 est
1218 5462 1352 5510 nata
1382 5454 1601 5518 laetitia,
1642 5459 1707 5509 ut
1752 5471 1933 5524 nega-

259 5557 307 5602 rt
367 5563 431 5601 ea
499 5548 608 5600 sibi
665 5547 994 5601 fraternitas
1073 5550 1261 5598 vestra
1335 5543 1696 5597 concedenda
1752 5559 1931 5614 popo-

258 5640 434 5704 serat,
466 5635 707 5689 minime
731 5641 1082 5703 pateremur.
1123 5633 1228 5687 Sed
1277 5637 1404 5702 post
1431 5632 1539 5686 hoc
1569 5631 1833 5701 pervenit
1863 5631 1930 5685 ad

2045 4394 2143 4448 illa
2169 4409 2297 4448 cum
2331 4397 2488 4446 tanta
2537 4391 2856 4445 reverentia
2903 4391 3027 4462 ejus
3055 4390 3375 4445 doctrinam
3409 4391 3577 4446 debet
3617 4408 3757 4445 sus-

2040 4484 2255 4552 cipere,
2306 4497 2556 4551 eumque
2609 4496 2804 4533 amare
2843 4485 2901 4533 et
2937 4479 3201 4549 diligere,
3241 4485 3306 4533 ut
3355 4480 3608 4548 legatum
3644 4481 3755 4535 Dei

2039 4577 2095 4626 et
2149 4585 2472 4640 praeconem
2503 4565 2773 4632 veritatis,
2806 4567 2963 4638 quia,
2991 4573 3233 4622 testante
3265 4568 3532 4632 Veritate,
3555 4569 3751 4638 quod-

2039 4675 2266 4730 cunque
2315 4657 2578 4728 ligaverit
2619 4673 2794 4726 super
2844 4662 3079 4722 terram,
3127 4656 3235 4710 erit
3282 4656 3524 4725 ligatum
3571 4661 3630 4708 et
3679 4657 3748 4711 in

2039 4748 2203 4812 coelo,
2237 4750 2293 4800 et
2346 4746 2732 4816 quodcunque
2763 4743 2998 4798 solverit
3025 4760 3198 4814 super
3226 4749 3461 4811 terram,
3502 4743 3610 4797 erit
3644 4761 3747 4797 so-

2041 4838 2224 4890 lutum
2257 4839 2311 4888 et
2340 4835 2398 4887 in
2431 4834 2606 4887 caelis.

2114 4941 2243 4995 CAP.
2279 4942 2337 4994 C.
2362 4970 2429 4979 —
2460 4940 2540 4994 De
2561 4941 2874 5062 ignozantia
2896 4939 3169 5061 omnjbus,
3191 4941 3430 4991 mamime
3450 4937 3760 4992 sacerdoti-

2729 5025 2811 5062 us.
2844 5013 3004 5062 vitan
3047 5025 3102 5062 a.

2729 5025 2811 5073 us,
2844 5013 3102 5064 vitanda.

2118 5100 2241 5170 (Ea:
2297 5099 2487 5153 concil.
2526 5099 2776 5152 Toletano
2807 5101 2860 5160 5,
2911 5113 3028 5166 cap.
3060 5096 3173 5166 25.)
3204 5096 3536 5167 Ignorantia
3565 5101 3766 5152 mater-

2042 5194 2380 5243 cunctorum
2432 5202 2716 5253 errorum,
2777 5185 3027 5238 maxime
3081 5185 3142 5238 in
3201 5184 3593 5238 sacerdotibus
3655 5186 3763 5240 Dei

2041 5277 2272 5332 vitanda
2303 5281 2408 5341 est,
2462 5275 2562 5346 qui
2619 5274 2860 5328 docendi
2911 5272 3165 5327 ofﬁcium
3200 5273 3260 5326 in
3301 5273 3529 5343 populis
3559 5289 3760 5328 susce-

2042 5371 2274 5438 perunt.
2334 5363 2665 5418 Sacerdotes
2721 5362 2877 5416 enim
2934 5361 3127 5431 legere
3195 5367 3391 5414 sancta
3456 5361 3764 5432 Scriptura

2045 5453 2338 5518 admonet,
2390 5452 2568 5505 Paulo
2618 5450 2878 5520 apostolo
2929 5449 3150 5503 dicente
3217 5449 3286 5502 ad
3333 5449 3756 5505 Timotheum:

2044 5541 2283 5595 Intende
2338 5538 2588 5604 lectioni,
2637 5537 3044 5593 exhortationi.
3079 5537 3345 5590 Doctores
3402 5553 3639 5606 semper
3696 5555 3760 5594 se

2045 5643 2385 5700 permanere
2417 5626 2476 5681 in
2511 5627 2600 5682 his
2631 5626 2830 5682 sciant.
2865 5625 3049 5698 Igitur
3079 5625 3398 5680 sacerdotes
3427 5624 3759 5698 Scripturas
