  <div class='ocr_page' id='page_1' title='image "/cluster/home/n/w/nwhite01/storage/ocr_20150623/140-141/uc1.31175018559917/298.png"; bbox 0 0 3950 6404; ppageno 0'>
   <div class='ocr_carea' id='block_1_1' title="bbox 105 394 202 446">
    <p class='ocr_par' dir='ltr' id='par_1_1' title="bbox 105 394 202 446">
     <span class='ocr_line' id='line_1_1' title="bbox 105 394 202 446; baseline 0.041 -3"><span class='ocrx_word' id='word_1_1' title='bbox 105 394 202 446; x_wconf 73' lang='grc'>581</span> 
     </span>
    </p>
   </div>
   <div class='ocr_carea' id='block_1_2' title="bbox 1104 390 2647 447">
    <p class='ocr_par' dir='ltr' id='par_1_2' title="bbox 1104 390 2647 447">
     <span class='ocr_line' id='line_1_2' title="bbox 1104 390 2647 447; baseline -0.001 -1"><span class='ocrx_word' id='word_1_2' title='bbox 1104 390 1584 447; x_wconf 79' lang='lat' dir='ltr'>DECRETORUM</span> <span class='ocrx_word' id='word_1_3' title='bbox 1630 391 1816 446; x_wconf 83' lang='lat' dir='ltr'><strong>LIBRI</strong></span> <span class='ocrx_word' id='word_1_4' title='bbox 1858 392 1965 446; x_wconf 83' lang='lat' dir='ltr'>XX.</span> <span class='ocrx_word' id='word_1_5' title='bbox 2009 421 2076 429; x_wconf 91' lang='lat'>—</span> <span class='ocrx_word' id='word_1_6' title='bbox 2117 392 2326 446; x_wconf 79' lang='lat' dir='ltr'><strong>LIBER</strong></span> <span class='ocrx_word' id='word_1_7' title='bbox 2372 391 2647 446; x_wconf 79' lang='lat' dir='ltr'>PRIMUS.</span> 
     </span>
    </p>
   </div>
   <div class='ocr_carea' id='block_1_3' title="bbox 3535 396 3639 449">
    <p class='ocr_par' dir='ltr' id='par_1_3' title="bbox 3535 396 3639 449">
     <span class='ocr_line' id='line_1_3' title="bbox 3535 396 3639 449; baseline 0 -1"><span class='ocrx_word' id='word_1_8' title='bbox 3535 396 3639 449; x_wconf 75' lang='lat'>382</span> 
     </span>
    </p>
   </div>
   <div class='ocr_carea' id='block_1_4' title="bbox 101 516 1993 603">
    <p class='ocr_par' dir='ltr' id='par_1_4' title="bbox 101 516 1993 587">
     <span class='ocr_line' id='line_1_4' title="bbox 101 516 1993 587; baseline 0.001 -18"><span class='ocrx_word' id='word_1_9' title='bbox 101 520 327 569; x_wconf 86' lang='lat' dir='ltr'>sanctas</span> <span class='ocrx_word' id='word_1_10' title='bbox 358 520 414 569; x_wconf 88' lang='lat' dir='ltr'>et</span> <span class='ocrx_word' id='word_1_11' title='bbox 443 532 688 569; x_wconf 83' lang='lat' dir='ltr'>canones</span> <span class='ocrx_word' id='word_1_12' title='bbox 722 516 1085 584; x_wconf 89' lang='lat' dir='ltr'>meditentur,</span> <span class='ocrx_word' id='word_1_13' title='bbox 1132 521 1199 569; x_wconf 89' lang='lat' dir='ltr'>ut</span> <span class='ocrx_word' id='word_1_14' title='bbox 1230 532 1402 569; x_wconf 91' lang='lat' dir='ltr'>omne</span> <span class='ocrx_word' id='word_1_15' title='bbox 1434 531 1580 586; x_wconf 91' lang='lat' dir='ltr'>opus</span> <span class='ocrx_word' id='word_1_16' title='bbox 1611 532 1811 569; x_wconf 91' lang='lat' dir='ltr'>eorum</span> <span class='ocrx_word' id='word_1_17' title='bbox 1843 518 1891 570; x_wconf 77' lang='grc' dir='ltr'>Α</span> <span class='ocrx_word' id='word_1_18' title='bbox 1931 530 1993 587; x_wconf 54' lang='grc' dir='ltr'>ελ</span> 
     </span>
    </p>
   </div>
   <div class='ocr_carea' id='block_1_5' title="bbox 2014 516 3639 603">
    <p class='ocr_par' dir='ltr' id='par_1_5' title="bbox 2014 531 3639 603">
     <span class='ocr_line' id='line_1_5' title="bbox 2014 531 3639 603; baseline 0.002 -19"><span class='ocrx_word' id='word_1_19' title='bbox 2014 547 2060 585; x_wconf 86' lang='lat' dir='ltr'><strong>P.</strong></span> <span class='ocrx_word' id='word_1_20' title='bbox 2097 531 2283 585; x_wconf 82' lang='lat' dir='ltr'><strong>CVIII.</strong></span> <span class='ocrx_word' id='word_1_21' title='bbox 2312 560 2384 571; x_wconf 93' lang='lat'><strong><em>—</em></strong></span> <span class='ocrx_word' id='word_1_22' title='bbox 2412 534 2478 586; x_wconf 90' lang='lat' dir='ltr'>Ut</span> <span class='ocrx_word' id='word_1_23' title='bbox 2507 533 2691 586; x_wconf 88' lang='lat' dir='ltr'>nullus</span> <span class='ocrx_word' id='word_1_24' title='bbox 2739 534 3019 601; x_wconf 89' lang='lat' dir='ltr'>episcopus</span> <span class='ocrx_word' id='word_1_25' title='bbox 3049 535 3107 585; x_wconf 86' lang='lat' dir='ltr'>in</span> <span class='ocrx_word' id='word_1_26' title='bbox 3140 534 3371 587; x_wconf 81' lang='lat' dir='ltr'>alterius</span> <span class='ocrx_word' id='word_1_27' title='bbox 3401 536 3639 603; x_wconf 79' lang='lat' dir='ltr'>episcopi</span> 
     </span>
    </p>
   </div>
   <div class='ocr_carea' id='block_1_6' title="bbox 46 604 1819 676">
    <p class='ocr_par' dir='ltr' id='par_1_6' title="bbox 46 604 1819 676">
     <span class='ocr_line' id='line_1_6' title="bbox 46 604 1819 676; baseline -0.001 -17"><span class='ocrx_word' id='word_1_28' title='bbox 46 634 58 643; x_wconf 90' lang='lat'><strong>-</strong></span> <span class='ocrx_word' id='word_1_29' title='bbox 105 606 165 659; x_wconf 92' lang='lat' dir='ltr'>in</span> <span class='ocrx_word' id='word_1_30' title='bbox 206 607 621 676; x_wconf 72' lang='lat' dir='ltr'>prmdicalione</span> <span class='ocrx_word' id='word_1_31' title='bbox 666 610 722 659; x_wconf 90' lang='lat' dir='ltr'>et</span> <span class='ocrx_word' id='word_1_32' title='bbox 770 605 1029 659; x_wconf 84' lang='lat' dir='ltr'>doctrina</span> <span class='ocrx_word' id='word_1_33' title='bbox 1071 605 1366 669; x_wconf 75' lang='lat' dir='ltr'>consistat,</span> <span class='ocrx_word' id='word_1_34' title='bbox 1418 612 1591 675; x_wconf 90' lang='lat' dir='ltr'>atque</span> <span class='ocrx_word' id='word_1_35' title='bbox 1639 604 1819 658; x_wconf 65' lang='lat' dir='ltr'>aedili-</span> 
     </span>
    </p>
   </div>
   <div class='ocr_carea' id='block_1_7' title="bbox 104 691 1822 762">
    <p class='ocr_par' dir='ltr' id='par_1_7' title="bbox 104 691 1822 762">
     <span class='ocr_line' id='line_1_7' title="bbox 104 691 1822 762; baseline -0.001 -16"><span class='ocrx_word' id='word_1_36' title='bbox 104 699 239 746; x_wconf 89' lang='lat' dir='ltr'>cent</span> <span class='ocrx_word' id='word_1_37' title='bbox 270 697 503 746; x_wconf 89' lang='lat' dir='ltr'>cunctos</span> <span class='ocrx_word' id='word_1_38' title='bbox 536 697 653 746; x_wconf 89' lang='lat' dir='ltr'>tam</span> <span class='ocrx_word' id='word_1_39' title='bbox 688 692 821 747; x_wconf 84' lang='lat' dir='ltr'>fidei</span> <span class='ocrx_word' id='word_1_40' title='bbox 852 692 1110 759; x_wconf 89' lang='lat' dir='ltr'>scientia,</span> <span class='ocrx_word' id='word_1_41' title='bbox 1145 707 1318 761; x_wconf 79' lang='lat' dir='ltr'>quam</span> <span class='ocrx_word' id='word_1_42' title='bbox 1373 708 1614 762; x_wconf 90' lang='lat' dir='ltr'>operum</span> <span class='ocrx_word' id='word_1_43' title='bbox 1660 691 1822 746; x_wconf 87' lang='lat' dir='ltr'>disci-</span> 
     </span>
    </p>
   </div>
   <div class='ocr_carea' id='block_1_8' title="bbox 104 782 291 852">
    <p class='ocr_par' dir='ltr' id='par_1_8' title="bbox 104 782 291 852">
     <span class='ocr_line' id='line_1_8' title="bbox 104 782 291 852; baseline 0.005 -18"><span class='ocrx_word' id='word_1_44' title='bbox 104 782 291 852; x_wconf 86' lang='lat' dir='ltr'>plina.</span> 
     </span>
    </p>
   </div>
   <div class='ocr_carea' id='block_1_9' title="bbox 108 866 1825 995">
    <p class='ocr_par' dir='ltr' id='par_1_9' title="bbox 108 866 1825 995">
     <span class='ocr_line' id='line_1_9' title="bbox 108 866 1825 995; baseline -0.002 -72"><span class='ocrx_word' id='word_1_45' title='bbox 108 868 241 923; x_wconf 79' lang='lat' dir='ltr'><strong>CAP.</strong></span> <span class='ocrx_word' id='word_1_46' title='bbox 277 868 363 923; x_wconf 89' lang='lat' dir='ltr'>CI.</span> <span class='ocrx_word' id='word_1_47' title='bbox 391 896 464 909; x_wconf 94' lang='lat'><strong>—</strong></span> <span class='ocrx_word' id='word_1_48' title='bbox 521 871 585 923; x_wconf 90' lang='lat' dir='ltr'>Ut</span> <span class='ocrx_word' id='word_1_49' title='bbox 615 870 903 939; x_wconf 89' lang='lat' dir='ltr'>episcopus</span> <span class='ocrx_word' id='word_1_50' title='bbox 936 869 1275 995; x_wconf 50' lang='lat' dir='ltr'>[ciliisidentes</span> <span class='ocrx_word' id='word_1_51' title='bbox 1319 866 1644 923; x_wconf 82' lang='lat' dir='ltr'>concordare</span> <span class='ocrx_word' id='word_1_52' title='bbox 1690 882 1825 921; x_wconf 88' lang='lat' dir='ltr'>com-</span> 
     </span>
     <span class='ocr_line' id='line_1_10' title="bbox 866 957 1059 995; baseline -0.01 0"><span class='ocrx_word' id='word_1_53' title='bbox 866 957 931 995; x_wconf 77' lang='lat' dir='ltr'>ne</span> <span class='ocrx_word' id='word_1_54' title='bbox 976 958 1007 993; x_wconf 89' lang='lat' dir='ltr'>a</span> <span class='ocrx_word' id='word_1_55' title='bbox 1047 980 1059 993; x_wconf 94' lang='lat'>.</span> 
     </span>
    </p>
   </div>
   <div class='ocr_carea' id='block_1_10' title="bbox 862 957 1059 1010">
    <p class='ocr_par' dir='ltr' id='par_1_10' title="bbox 862 957 1059 1010">
     <span class='ocr_line' id='line_1_11' title="bbox 862 957 1059 1010; baseline -0.005 -16"><span class='ocrx_word' id='word_1_56' title='bbox 862 957 1034 1010; x_wconf 74' lang='lat' dir='ltr'>peuaz</span> <span class='ocrx_word' id='word_1_57' title='bbox 1047 980 1059 993; x_wconf 94' lang='lat'>.</span> 
     </span>
    </p>
   </div>
   <div class='ocr_carea' id='block_1_11' title="bbox 186 1026 1824 1098">
    <p class='ocr_par' dir='ltr' id='par_1_11' title="bbox 186 1026 1824 1098">
     <span class='ocr_line' id='line_1_12' title="bbox 186 1026 1824 1098; baseline -0.002 -17"><span class='ocrx_word' id='word_1_58' title='bbox 186 1028 309 1098; x_wconf 73' lang='lat' dir='ltr'>(Ex</span> <span class='ocrx_word' id='word_1_59' title='bbox 340 1028 529 1081; x_wconf 90' lang='lat' dir='ltr'>concil.</span> <span class='ocrx_word' id='word_1_60' title='bbox 578 1030 831 1097; x_wconf 86' lang='lat' dir='ltr'>Cartha.,</span> <span class='ocrx_word' id='word_1_61' title='bbox 863 1045 985 1098; x_wconf 91' lang='lat' dir='ltr'>cap.</span> <span class='ocrx_word' id='word_1_62' title='bbox 1024 1031 1138 1095; x_wconf 82' lang='lat'>26.)</span> <span class='ocrx_word' id='word_1_63' title='bbox 1166 1028 1527 1083; x_wconf 88' lang='lat' dir='ltr'>Studendum</span> <span class='ocrx_word' id='word_1_64' title='bbox 1558 1026 1824 1098; x_wconf 90' lang='lat' dir='ltr'>episcopo</span> 
     </span>
    </p>
   </div>
   <div class='ocr_carea' id='block_1_12' title="bbox 116 1112 1827 1185">
    <p class='ocr_par' dir='ltr' id='par_1_12' title="bbox 116 1112 1827 1185">
     <span class='ocr_line' id='line_1_13' title="bbox 116 1112 1827 1185; baseline -0.001 -16"><span class='ocrx_word' id='word_1_65' title='bbox 116 1121 180 1170; x_wconf 90' lang='lat' dir='ltr'>ut</span> <span class='ocrx_word' id='word_1_66' title='bbox 228 1116 570 1170; x_wconf 82' lang='lat' dir='ltr'>dissidentes</span> <span class='ocrx_word' id='word_1_67' title='bbox 619 1116 843 1183; x_wconf 81' lang='lat' dir='ltr'>fratres,</span> <span class='ocrx_word' id='word_1_68' title='bbox 892 1116 1009 1170; x_wconf 92' lang='lat' dir='ltr'>sive</span> <span class='ocrx_word' id='word_1_69' title='bbox 1057 1116 1313 1185; x_wconf 85' lang='lat' dir='ltr'>clericos,</span> <span class='ocrx_word' id='word_1_70' title='bbox 1358 1116 1473 1170; x_wconf 86' lang='lat' dir='ltr'>sive</span> <span class='ocrx_word' id='word_1_71' title='bbox 1522 1116 1721 1181; x_wconf 90' lang='lat' dir='ltr'>laicos,</span> <span class='ocrx_word' id='word_1_72' title='bbox 1754 1112 1827 1169; x_wconf 91' lang='lat' dir='ltr'>ad</span> 
     </span>
    </p>
   </div>
   <div class='ocr_carea' id='block_1_13' title="bbox 112 1204 1448 1275">
    <p class='ocr_par' dir='ltr' id='par_1_13' title="bbox 112 1204 1448 1275">
     <span class='ocr_line' id='line_1_14' title="bbox 112 1204 1448 1275; baseline 0.003 -20"><span class='ocrx_word' id='word_1_73' title='bbox 112 1219 317 1273; x_wconf 89' lang='lat' dir='ltr'>pacem</span> <span class='ocrx_word' id='word_1_74' title='bbox 346 1204 527 1274; x_wconf 90' lang='lat' dir='ltr'>magis</span> <span class='ocrx_word' id='word_1_75' title='bbox 560 1221 733 1274; x_wconf 91' lang='lat' dir='ltr'>quam</span> <span class='ocrx_word' id='word_1_76' title='bbox 763 1206 831 1259; x_wconf 91' lang='lat' dir='ltr'>ad</span> <span class='ocrx_word' id='word_1_77' title='bbox 856 1204 1137 1275; x_wconf 91' lang='lat' dir='ltr'>judicium</span> <span class='ocrx_word' id='word_1_78' title='bbox 1167 1206 1448 1259; x_wconf 78' lang='lat' dir='ltr'>hortetur.</span> 
     </span>
    </p>
   </div>
   <div class='ocr_carea' id='block_1_14' title="bbox 118 1308 1827 1450">
    <p class='ocr_par' dir='ltr' id='par_1_14' title="bbox 118 1308 1827 1450">
     <span class='ocr_line' id='line_1_15' title="bbox 118 1308 1827 1450; baseline 0 -87"><span class='ocrx_word' id='word_1_79' title='bbox 118 1308 247 1363; x_wconf 78' lang='lat' dir='ltr'>CAP.</span> <span class='ocrx_word' id='word_1_80' title='bbox 284 1309 395 1363; x_wconf 86' lang='lat' dir='ltr'><strong>CII.</strong></span> <span class='ocrx_word' id='word_1_81' title='bbox 427 1338 500 1351; x_wconf 93' lang='lat'>—</span> <span class='ocrx_word' id='word_1_82' title='bbox 543 1312 607 1365; x_wconf 82' lang='lat' dir='ltr'>Ut</span> <span class='ocrx_word' id='word_1_83' title='bbox 642 1314 699 1364; x_wconf 87' lang='lat' dir='ltr'>in</span> <span class='ocrx_word' id='word_1_84' title='bbox 749 1311 835 1364; x_wconf 82' lang='lat' dir='ltr'>die</span> <span class='ocrx_word' id='word_1_85' title='bbox 870 1313 1145 1450; x_wconf 50' lang='lat' dir='ltr'>Dorginifa</span> <span class='ocrx_word' id='word_1_86' title='bbox 1184 1327 1366 1365; x_wconf 86' lang='lat' dir='ltr'>rerum</span> <span class='ocrx_word' id='word_1_87' title='bbox 1405 1310 1827 1380; x_wconf 82' lang='lat' dir='ltr'>dijudicationes</span> 
     </span>
     <span class='ocr_line' id='line_1_16' title="bbox 826 1397 1119 1436; baseline 0.003 -1"><span class='ocrx_word' id='word_1_88' title='bbox 826 1397 933 1435; x_wconf 88' lang='lat' dir='ltr'>non</span> <span class='ocrx_word' id='word_1_89' title='bbox 1004 1398 1119 1436; x_wconf 87' lang='lat' dir='ltr'>an.</span> 
     </span>
    </p>
   </div>
   <div class='ocr_carea' id='block_1_15' title="bbox 826 1397 1119 1436">
    <p class='ocr_par' dir='ltr' id='par_1_15' title="bbox 826 1397 1119 1436">
     <span class='ocr_line' id='line_1_17' title="bbox 826 1397 1119 1436; baseline 0.003 -1"><span class='ocrx_word' id='word_1_90' title='bbox 826 1397 933 1435; x_wconf 89' lang='lat' dir='ltr'>non</span> <span class='ocrx_word' id='word_1_91' title='bbox 964 1397 1119 1436; x_wconf 83' lang='lat' dir='ltr'>nant.</span> 
     </span>
    </p>
   </div>
   <div class='ocr_carea' id='block_1_16' title="bbox 190 1483 1825 1554">
    <p class='ocr_par' dir='ltr' id='par_1_16' title="bbox 190 1483 1825 1554">
     <span class='ocr_line' id='line_1_18' title="bbox 190 1483 1825 1554; baseline -0.002 -15"><span class='ocrx_word' id='word_1_92' title='bbox 190 1484 300 1554; x_wconf 79' lang='lat' dir='ltr'>(Ea:</span> <span class='ocrx_word' id='word_1_93' title='bbox 325 1487 515 1540; x_wconf 90' lang='lat' dir='ltr'>concil.</span> <span class='ocrx_word' id='word_1_94' title='bbox 541 1485 834 1554; x_wconf 89' lang='lat' dir='ltr'>Spalensi.,</span> <span class='ocrx_word' id='word_1_95' title='bbox 885 1501 1007 1553; x_wconf 87' lang='lat' dir='ltr'>cap.</span> <span class='ocrx_word' id='word_1_96' title='bbox 1044 1486 1125 1553; x_wconf 81' lang='lat'>2.)</span> <span class='ocrx_word' id='word_1_97' title='bbox 1162 1485 1232 1539; x_wconf 91' lang='lat' dir='ltr'>Ut</span> <span class='ocrx_word' id='word_1_98' title='bbox 1276 1485 1471 1538; x_wconf 91' lang='lat' dir='ltr'>nullus</span> <span class='ocrx_word' id='word_1_99' title='bbox 1502 1483 1825 1554; x_wconf 90' lang='lat' dir='ltr'>episcopus,</span> 
     </span>
    </p>
   </div>
   <div class='ocr_carea' id='block_1_17' title="bbox 117 1574 1829 1645">
    <p class='ocr_par' dir='ltr' id='par_1_17' title="bbox 117 1574 1829 1645">
     <span class='ocr_line' id='line_1_19' title="bbox 117 1574 1829 1645; baseline 0 -18"><span class='ocrx_word' id='word_1_100' title='bbox 117 1575 205 1627; x_wconf 89' lang='lat' dir='ltr'>vel</span> <span class='ocrx_word' id='word_1_101' title='bbox 239 1574 387 1628; x_wconf 85' lang='lat' dir='ltr'>infra</span> <span class='ocrx_word' id='word_1_102' title='bbox 417 1574 661 1645; x_wconf 90' lang='lat' dir='ltr'>positus,</span> <span class='ocrx_word' id='word_1_103' title='bbox 694 1574 785 1629; x_wconf 88' lang='lat' dir='ltr'>die</span> <span class='ocrx_word' id='word_1_104' title='bbox 833 1574 1131 1628; x_wconf 90' lang='lat' dir='ltr'>Dominica</span> <span class='ocrx_word' id='word_1_105' title='bbox 1173 1590 1368 1628; x_wconf 84' lang='lat' dir='ltr'><strong>causas</strong></span> <span class='ocrx_word' id='word_1_106' title='bbox 1392 1574 1649 1645; x_wconf 81' lang='lat' dir='ltr'>judicare</span> <span class='ocrx_word' id='word_1_107' title='bbox 1679 1589 1829 1644; x_wconf 75' lang='lat' dir='ltr'>pra:-</span> 
     </span>
    </p>
   </div>
   <div class='ocr_carea' id='block_1_18' title="bbox 120 1666 333 1716">
    <p class='ocr_par' dir='ltr' id='par_1_18' title="bbox 120 1666 333 1716">
     <span class='ocr_line' id='line_1_20' title="bbox 120 1666 333 1716; baseline 0.005 -1"><span class='ocrx_word' id='word_1_108' title='bbox 120 1666 333 1716; x_wconf 85' lang='lat' dir='ltr'>sumat.</span> 
     </span>
    </p>
   </div>
   <div class='ocr_carea' id='block_1_19' title="bbox 1998 603 3636 674">
    <p class='ocr_par' dir='ltr' id='par_1_19' title="bbox 1998 603 3636 674">
     <span class='ocr_line' id='line_1_21' title="bbox 1998 603 3636 674; baseline 0.002 -20"><span class='ocrx_word' id='word_1_109' title='bbox 1998 605 2261 671; x_wconf 84' lang='lat' dir='ltr'>parochia</span> <span class='ocrx_word' id='word_1_110' title='bbox 2310 603 2386 655; x_wconf 88' lang='lat' dir='ltr'>ad</span> <span class='ocrx_word' id='word_1_111' title='bbox 2426 604 2817 672; x_wconf 88' lang='lat' dir='ltr'>promotionem</span> <span class='ocrx_word' id='word_1_112' title='bbox 2856 606 3151 658; x_wconf 76' lang='lat' dir='ltr'>ministerii</span> <span class='ocrx_word' id='word_1_113' title='bbox 3200 605 3450 659; x_wconf 80' lang='lat' dir='ltr'>accedere</span> <span class='ocrx_word' id='word_1_114' title='bbox 3491 620 3636 674; x_wconf 78' lang='lat' dir='ltr'>prae-</span> 
     </span>
    </p>
   </div>
   <div class='ocr_carea' id='block_1_20' title="bbox 2002 679 2201 726">
    <p class='ocr_par' dir='ltr' id='par_1_20' title="bbox 2002 679 2201 726">
     <span class='ocr_line' id='line_1_22' title="bbox 2002 679 2201 726; baseline 0 0"><span class='ocrx_word' id='word_1_115' title='bbox 2002 679 2201 726; x_wconf 84' lang='lat' dir='ltr'>sumat.</span> 
     </span>
    </p>
   </div>
   <div class='ocr_carea' id='block_1_21' title="bbox 2005 778 3639 852">
    <p class='ocr_par' dir='ltr' id='par_1_21' title="bbox 2005 778 3639 852">
     <span class='ocr_line' id='line_1_23' title="bbox 2005 778 3639 852; baseline 0.002 -20"><span class='ocrx_word' id='word_1_116' title='bbox 2005 778 2115 848; x_wconf 73' lang='lat' dir='ltr'>(Em</span> <span class='ocrx_word' id='word_1_117' title='bbox 2138 780 2322 833; x_wconf 87' lang='lat' dir='ltr'>concil.</span> <span class='ocrx_word' id='word_1_118' title='bbox 2356 779 2637 848; x_wconf 83' lang='lat' dir='ltr'>Antioch.,</span> <span class='ocrx_word' id='word_1_119' title='bbox 2668 795 2789 847; x_wconf 86' lang='lat' dir='ltr'>cap.</span> <span class='ocrx_word' id='word_1_120' title='bbox 2828 779 2940 849; x_wconf 84' lang='lat' dir='ltr'>I3.)</span> <span class='ocrx_word' id='word_1_121' title='bbox 2985 781 3187 835; x_wconf 85' lang='lat' dir='ltr'>Nullus</span> <span class='ocrx_word' id='word_1_122' title='bbox 3232 780 3538 852; x_wconf 86' lang='lat' dir='ltr'>episcopus</span> <span class='ocrx_word' id='word_1_123' title='bbox 3571 797 3639 835; x_wconf 82' lang='lat' dir='ltr'>ex</span> 
     </span>
    </p>
   </div>
   <div class='ocr_carea' id='block_1_22' title="bbox 1935 866 3636 939">
    <p class='ocr_par' dir='ltr' id='par_1_22' title="bbox 1935 866 3636 939">
     <span class='ocr_line' id='line_1_24' title="bbox 1935 866 3636 939; baseline 0.003 -20"><span class='ocrx_word' id='word_1_124' title='bbox 1935 866 2047 919; x_wconf 88' lang='lat' dir='ltr'>alia</span> <span class='ocrx_word' id='word_1_125' title='bbox 2100 868 2393 937; x_wconf 84' lang='lat' dir='ltr'>provincia</span> <span class='ocrx_word' id='word_1_126' title='bbox 2448 868 2659 921; x_wconf 81' lang='lat' dir='ltr'>audeat</span> <span class='ocrx_word' id='word_1_127' title='bbox 2714 869 2781 922; x_wconf 91' lang='lat' dir='ltr'>ad</span> <span class='ocrx_word' id='word_1_128' title='bbox 2837 870 3008 923; x_wconf 91' lang='lat' dir='ltr'>aliam</span> <span class='ocrx_word' id='word_1_129' title='bbox 3059 870 3403 939; x_wconf 79' lang='lat' dir='ltr'>transgredi,</span> <span class='ocrx_word' id='word_1_130' title='bbox 3461 877 3518 923; x_wconf 91' lang='lat' dir='ltr'>et</span> <span class='ocrx_word' id='word_1_131' title='bbox 3566 872 3636 924; x_wconf 91' lang='lat' dir='ltr'>ad</span> 
     </span>
    </p>
   </div>
   <div class='ocr_carea' id='block_1_23' title="bbox 1933 956 3640 1027">
    <p class='ocr_par' dir='ltr' id='par_1_23' title="bbox 1933 956 3640 1027">
     <span class='ocr_line' id='line_1_25' title="bbox 1933 956 3640 1027; baseline 0.002 -19"><span class='ocrx_word' id='word_1_132' title='bbox 1933 956 2359 1025; x_wconf 91' lang='lat' dir='ltr'>promotionem</span> <span class='ocrx_word' id='word_1_133' title='bbox 2419 956 2726 1010; x_wconf 85' lang='lat' dir='ltr'>ministerii</span> <span class='ocrx_word' id='word_1_134' title='bbox 2781 957 3005 1027; x_wconf 91' lang='lat' dir='ltr'>aliquos</span> <span class='ocrx_word' id='word_1_135' title='bbox 3050 957 3109 1011; x_wconf 92' lang='lat' dir='ltr'>in</span> <span class='ocrx_word' id='word_1_136' title='bbox 3163 958 3425 1011; x_wconf 90' lang='lat' dir='ltr'>Ecclesiis</span> <span class='ocrx_word' id='word_1_137' title='bbox 3485 958 3640 1012; x_wconf 90' lang='lat' dir='ltr'>ordi-</span> 
     </span>
    </p>
   </div>
   <div class='ocr_carea' id='block_1_24' title="bbox 1935 1044 3640 1115">
    <p class='ocr_par' dir='ltr' id='par_1_24' title="bbox 1935 1044 3640 1115">
     <span class='ocr_line' id='line_1_26' title="bbox 1935 1044 3640 1115; baseline 0.001 -18"><span class='ocrx_word' id='word_1_138' title='bbox 1935 1059 2096 1107; x_wconf 86' lang='lat' dir='ltr'>nare,</span> <span class='ocrx_word' id='word_1_139' title='bbox 2139 1044 2269 1097; x_wconf 90' lang='lat' dir='ltr'>licet</span> <span class='ocrx_word' id='word_1_140' title='bbox 2299 1060 2641 1098; x_wconf 89' lang='lat' dir='ltr'>consensum</span> <span class='ocrx_word' id='word_1_141' title='bbox 2690 1045 2995 1099; x_wconf 87' lang='lat' dir='ltr'>videantur</span> <span class='ocrx_word' id='word_1_142' title='bbox 3047 1046 3306 1115; x_wconf 62' lang='lat' dir='ltr'>praebere</span> <span class='ocrx_word' id='word_1_143' title='bbox 3354 1048 3640 1111; x_wconf 90' lang='lat' dir='ltr'>nonnulli,</span> 
     </span>
    </p>
   </div>
   <div class='ocr_carea' id='block_1_25' title="bbox 1937 1130 3643 1205">
    <p class='ocr_par' dir='ltr' id='par_1_25' title="bbox 1937 1130 3643 1205">
     <span class='ocr_line' id='line_1_27' title="bbox 1937 1130 3643 1205; baseline 0.003 -22"><span class='ocrx_word' id='word_1_144' title='bbox 1937 1130 2047 1184; x_wconf 89' lang='lat' dir='ltr'>nisi</span> <span class='ocrx_word' id='word_1_145' title='bbox 2077 1131 2285 1185; x_wconf 89' lang='lat' dir='ltr'>litteris</span> <span class='ocrx_word' id='word_1_146' title='bbox 2319 1137 2433 1186; x_wconf 90' lang='lat' dir='ltr'>tam</span> <span class='ocrx_word' id='word_1_147' title='bbox 2463 1134 2903 1203; x_wconf 84' lang='lat' dir='ltr'>Metropolitani,</span> <span class='ocrx_word' id='word_1_148' title='bbox 2938 1150 3111 1204; x_wconf 89' lang='lat' dir='ltr'>quam</span> <span class='ocrx_word' id='word_1_149' title='bbox 3144 1142 3503 1195; x_wconf 75' lang='lat' dir='ltr'>cmterorum.</span> <span class='ocrx_word' id='word_1_150' title='bbox 3543 1135 3643 1205; x_wconf 92' lang='lat' dir='ltr'>qui</span> 
     </span>
    </p>
   </div>
   <div class='ocr_carea' id='block_1_26' title="bbox 1938 1221 3645 1291">
    <p class='ocr_par' dir='ltr' id='par_1_26' title="bbox 1938 1221 3645 1291">
     <span class='ocr_line' id='line_1_28' title="bbox 1938 1221 3645 1291; baseline 0.001 -18"><span class='ocrx_word' id='word_1_151' title='bbox 1938 1236 2069 1273; x_wconf 91' lang='lat' dir='ltr'>cum</span> <span class='ocrx_word' id='word_1_152' title='bbox 2113 1235 2180 1274; x_wconf 90' lang='lat' dir='ltr'>eo</span> <span class='ocrx_word' id='word_1_153' title='bbox 2214 1226 2365 1288; x_wconf 90' lang='lat' dir='ltr'>sunt,</span> <span class='ocrx_word' id='word_1_154' title='bbox 2400 1221 2803 1291; x_wconf 88' lang='lat' dir='ltr'>episcoporum</span> <span class='ocrx_word' id='word_1_155' title='bbox 2854 1226 3089 1291; x_wconf 88' lang='lat' dir='ltr'>rogatus</span> <span class='ocrx_word' id='word_1_156' title='bbox 3135 1222 3420 1289; x_wconf 83' lang='lat' dir='ltr'>adveniat,</span> <span class='ocrx_word' id='word_1_157' title='bbox 3470 1228 3528 1277; x_wconf 89' lang='lat' dir='ltr'>et</span> <span class='ocrx_word' id='word_1_158' title='bbox 3566 1224 3645 1275; x_wconf 89' lang='lat' dir='ltr'>sic</span> 
     </span>
    </p>
   </div>
   <div class='ocr_carea' id='block_1_27' title="bbox 1938 1308 3642 1377">
    <p class='ocr_par' dir='ltr' id='par_1_27' title="bbox 1938 1308 3642 1377">
     <span class='ocr_line' id='line_1_29' title="bbox 1938 1308 3642 1377; baseline 0.001 -15"><span class='ocrx_word' id='word_1_159' title='bbox 1938 1308 2007 1363; x_wconf 90' lang='lat' dir='ltr'>ad</span> <span class='ocrx_word' id='word_1_160' title='bbox 2063 1309 2347 1363; x_wconf 89' lang='lat' dir='ltr'>actionem</span> <span class='ocrx_word' id='word_1_161' title='bbox 2405 1308 2783 1363; x_wconf 86' lang='lat' dir='ltr'>ordinationis</span> <span class='ocrx_word' id='word_1_162' title='bbox 2835 1310 3082 1364; x_wconf 86' lang='lat' dir='ltr'>accedat.</span> <span class='ocrx_word' id='word_1_163' title='bbox 3145 1310 3201 1364; x_wconf 89' lang='lat' dir='ltr'>Si</span> <span class='ocrx_word' id='word_1_164' title='bbox 3256 1328 3413 1377; x_wconf 90' lang='lat' dir='ltr'>vero,</span> <span class='ocrx_word' id='word_1_165' title='bbox 3480 1310 3642 1365; x_wconf 90' lang='lat' dir='ltr'>nullo</span> 
     </span>
    </p>
   </div>
   <div class='ocr_carea' id='block_1_28' title="bbox 1936 1397 3642 1470">
    <p class='ocr_par' dir='ltr' id='par_1_28' title="bbox 1936 1397 3642 1470">
     <span class='ocr_line' id='line_1_30' title="bbox 1936 1397 3642 1470; baseline 0.002 -20"><span class='ocrx_word' id='word_1_166' title='bbox 1936 1404 2199 1465; x_wconf 88' lang='lat' dir='ltr'>vocante,</span> <span class='ocrx_word' id='word_1_167' title='bbox 2230 1397 2559 1452; x_wconf 92' lang='lat' dir='ltr'>inordinato</span> <span class='ocrx_word' id='word_1_168' title='bbox 2592 1415 2748 1453; x_wconf 89' lang='lat' dir='ltr'>more</span> <span class='ocrx_word' id='word_1_169' title='bbox 2776 1399 3123 1469; x_wconf 84' lang='lat' dir='ltr'>deproperet</span> <span class='ocrx_word' id='word_1_170' title='bbox 3153 1414 3326 1468; x_wconf 83' lang='lat' dir='ltr'>surer</span> <span class='ocrx_word' id='word_1_171' title='bbox 3352 1399 3642 1470; x_wconf 84' lang='lat' dir='ltr'>aliquibus</span> 
     </span>
    </p>
   </div>
   <div class='ocr_carea' id='block_1_29' title="bbox 1940 1486 3643 1557">
    <p class='ocr_par' dir='ltr' id='par_1_29' title="bbox 1940 1486 3643 1557">
     <span class='ocr_line' id='line_1_31' title="bbox 1940 1486 3643 1557; baseline 0.002 -18"><span class='ocrx_word' id='word_1_172' title='bbox 1940 1486 2427 1553; x_wconf 86' lang='lat' dir='ltr'>ordinationibus,</span> <span class='ocrx_word' id='word_1_173' title='bbox 2493 1491 2550 1540; x_wconf 87' lang='lat' dir='ltr'>et</span> <span class='ocrx_word' id='word_1_174' title='bbox 2608 1486 3004 1540; x_wconf 88' lang='lat' dir='ltr'>ecclesiasticis</span> <span class='ocrx_word' id='word_1_175' title='bbox 3070 1487 3318 1557; x_wconf 88' lang='lat' dir='ltr'>negotiis</span> <span class='ocrx_word' id='word_1_176' title='bbox 3377 1488 3446 1542; x_wconf 88' lang='lat' dir='ltr'>ad</span> <span class='ocrx_word' id='word_1_177' title='bbox 3513 1504 3643 1543; x_wconf 92' lang='lat' dir='ltr'>eum</span> 
     </span>
    </p>
   </div>
   <div class='ocr_carea' id='block_1_30' title="bbox 1939 1573 3641 1645">
    <p class='ocr_par' dir='ltr' id='par_1_30' title="bbox 1939 1573 3641 1645">
     <span class='ocr_line' id='line_1_32' title="bbox 1939 1573 3641 1645; baseline 0.002 -19"><span class='ocrx_word' id='word_1_178' title='bbox 1939 1589 2056 1626; x_wconf 90' lang='lat' dir='ltr'>non</span> <span class='ocrx_word' id='word_1_179' title='bbox 2090 1573 2515 1643; x_wconf 82' lang='lat' dir='ltr'>pertinentibus</span> <span class='ocrx_word' id='word_1_180' title='bbox 2562 1575 2974 1643; x_wconf 89' lang='lat' dir='ltr'>componendis</span> <span class='ocrx_word' id='word_1_181' title='bbox 3008 1590 3021 1627; x_wconf 92' lang='lat'>:</span> <span class='ocrx_word' id='word_1_182' title='bbox 3057 1574 3218 1628; x_wconf 86' lang='lat' dir='ltr'>irrita</span> <span class='ocrx_word' id='word_1_183' title='bbox 3246 1574 3479 1644; x_wconf 90' lang='lat' dir='ltr'>quidem</span> <span class='ocrx_word' id='word_1_184' title='bbox 3512 1592 3641 1645; x_wconf 55' lang='lat' dir='ltr'>quae,</span> 
     </span>
    </p>
   </div>
   <div class='ocr_carea' id='block_1_31' title="bbox 1940 1662 3645 1733">
    <p class='ocr_par' dir='ltr' id='par_1_31' title="bbox 1940 1662 3645 1733">
     <span class='ocr_line' id='line_1_33' title="bbox 1940 1662 3645 1733; baseline 0.001 -18"><span class='ocrx_word' id='word_1_185' title='bbox 1940 1662 2011 1715; x_wconf 89' lang='lat' dir='ltr'>ab</span> <span class='ocrx_word' id='word_1_186' title='bbox 2044 1678 2110 1715; x_wconf 90' lang='lat' dir='ltr'>eo</span> <span class='ocrx_word' id='word_1_187' title='bbox 2145 1666 2425 1731; x_wconf 89' lang='lat' dir='ltr'>geruntur</span> <span class='ocrx_word' id='word_1_188' title='bbox 2447 1662 2709 1715; x_wconf 80' lang='lat' dir='ltr'>existant.</span> <span class='ocrx_word' id='word_1_189' title='bbox 2745 1663 2871 1731; x_wconf 88' lang='lat' dir='ltr'>Ipse</span> <span class='ocrx_word' id='word_1_190' title='bbox 2898 1678 3029 1716; x_wconf 92' lang='lat' dir='ltr'>vero</span> <span class='ocrx_word' id='word_1_191' title='bbox 3060 1663 3429 1733; x_wconf 88' lang='lat' dir='ltr'>incompositi</span> <span class='ocrx_word' id='word_1_192' title='bbox 3454 1670 3645 1717; x_wconf 87' lang='lat' dir='ltr'>motus</span> 
     </span>
    </p>
   </div>
   <div class='ocr_carea' id='block_1_32' title="bbox 117 1750 3643 1845">
    <p class='ocr_par' dir='ltr' id='par_1_32' title="bbox 117 1750 3643 1845">
     <span class='ocr_line' id='line_1_34' title="bbox 117 1750 3643 1845; baseline -0 -39"><span class='ocrx_word' id='word_1_193' title='bbox 117 1770 249 1825; x_wconf 46' lang='lat' dir='ltr'>CAP.</span> <span class='ocrx_word' id='word_1_194' title='bbox 285 1769 427 1825; x_wconf 49' lang='grc' dir='ltr'>ειη,</span> <span class='ocrx_word' id='word_1_195' title='bbox 470 1798 538 1809; x_wconf 93' lang='lat'>_</span> <span class='ocrx_word' id='word_1_196' title='bbox 590 1772 658 1824; x_wconf 69' lang='lat' dir='ltr'>De</span> <span class='ocrx_word' id='word_1_197' title='bbox 701 1768 994 1823; x_wconf 60' lang='lat' dir='ltr'>domestica</span> <span class='ocrx_word' id='word_1_198' title='bbox 1036 1772 1086 1822; x_wconf 71' lang='grc' dir='ltr'>ρε</span> <span class='ocrx_word' id='word_1_199' title='bbox 1133 1770 1384 1823; x_wconf 55' lang='lat' dir='ltr'>interiori</span> <span class='ocrx_word' id='word_1_200' title='bbox 1432 1770 1831 1823; x_wconf 59' lang='lat' dir='ltr'>conversatione</span> <span class='ocrx_word' id='word_1_201' title='bbox 1863 1792 1904 1845; x_wconf 76' lang='grc' dir='ltr'>Β</span> <span class='ocrx_word' id='word_1_202' title='bbox 1945 1750 2053 1817; x_wconf 88' lang='lat' dir='ltr'>sui,</span> <span class='ocrx_word' id='word_1_203' title='bbox 2087 1756 2143 1804; x_wconf 88' lang='lat' dir='ltr'>et</span> <span class='ocrx_word' id='word_1_204' title='bbox 2162 1750 2575 1804; x_wconf 89' lang='lat' dir='ltr'>irrationabilis</span> <span class='ocrx_word' id='word_1_205' title='bbox 2604 1750 2855 1805; x_wconf 59' lang='lat' dir='ltr'>audacia</span> <span class='ocrx_word' id='word_1_206' title='bbox 2885 1751 3086 1805; x_wconf 83' lang='lat' dir='ltr'>subeat</span> <span class='ocrx_word' id='word_1_207' title='bbox 3116 1751 3417 1819; x_wconf 87' lang='lat' dir='ltr'>ultionem,</span> <span class='ocrx_word' id='word_1_208' title='bbox 3450 1768 3515 1805; x_wconf 85' lang='lat' dir='ltr'>ex</span> <span class='ocrx_word' id='word_1_209' title='bbox 3540 1752 3643 1805; x_wconf 90' lang='lat' dir='ltr'>hoc</span> 
     </span>
    </p>
   </div>
   <div class='ocr_carea' id='block_1_33' title="bbox 778 1843 1169 1909">
    <p class='ocr_par' dir='ltr' id='par_1_33' title="bbox 778 1843 1169 1909">
     <span class='ocr_line' id='line_1_35' title="bbox 778 1843 1169 1909; baseline -0.003 -15"><span class='ocrx_word' id='word_1_210' title='bbox 778 1843 1169 1909; x_wconf 87' lang='lat' dir='ltr'>episcoporum.</span> 
     </span>
    </p>
   </div>
   <div class='ocr_carea' id='block_1_34' title="bbox 190 1945 1833 2016">
    <p class='ocr_par' dir='ltr' id='par_1_34' title="bbox 190 1945 1833 2016">
     <span class='ocr_line' id='line_1_36' title="bbox 190 1945 1833 2016; baseline -0.001 -16"><span class='ocrx_word' id='word_1_211' title='bbox 190 1946 302 2015; x_wconf 71' lang='lat' dir='ltr'>(Ex</span> <span class='ocrx_word' id='word_1_212' title='bbox 333 1946 521 1999; x_wconf 85' lang='lat' dir='ltr'>concil.</span> <span class='ocrx_word' id='word_1_213' title='bbox 556 1946 869 2008; x_wconf 73' lang='lat' dir='ltr'>Aurelian,</span> <span class='ocrx_word' id='word_1_214' title='bbox 899 1962 1019 2015; x_wconf 91' lang='lat' dir='ltr'>cap.</span> <span class='ocrx_word' id='word_1_215' title='bbox 1055 1945 1129 2016; x_wconf 78' lang='lat'>5.)</span> <span class='ocrx_word' id='word_1_216' title='bbox 1162 1945 1416 2000; x_wconf 89' lang='lat' dir='ltr'>Decrevit</span> <span class='ocrx_word' id='word_1_217' title='bbox 1444 1950 1636 1999; x_wconf 89' lang='lat' dir='ltr'>sancta</span> <span class='ocrx_word' id='word_1_218' title='bbox 1667 1962 1833 2016; x_wconf 83' lang='lat' dir='ltr'>syno-</span> 
     </span>
    </p>
   </div>
   <div class='ocr_carea' id='block_1_35' title="bbox 118 2033 1830 2105">
    <p class='ocr_par' dir='ltr' id='par_1_35' title="bbox 118 2033 1830 2105">
     <span class='ocr_line' id='line_1_37' title="bbox 118 2033 1830 2105; baseline 0 -17"><span class='ocrx_word' id='word_1_219' title='bbox 118 2035 228 2089; x_wconf 92' lang='lat' dir='ltr'>dus</span> <span class='ocrx_word' id='word_1_220' title='bbox 260 2034 631 2088; x_wconf 75' lang='lat' dir='ltr'>domesticam</span> <span class='ocrx_word' id='word_1_221' title='bbox 682 2039 740 2087; x_wconf 92' lang='lat' dir='ltr'>et</span> <span class='ocrx_word' id='word_1_222' title='bbox 785 2034 1118 2089; x_wconf 90' lang='lat' dir='ltr'>interiorem</span> <span class='ocrx_word' id='word_1_223' title='bbox 1154 2033 1405 2105; x_wconf 83' lang='lat' dir='ltr'>episcopi</span> <span class='ocrx_word' id='word_1_224' title='bbox 1446 2035 1830 2088; x_wconf 80' lang='lat' dir='ltr'>conversatio-</span> 
     </span>
    </p>
   </div>
   <div class='ocr_carea' id='block_1_36' title="bbox 120 2122 1831 2195">
    <p class='ocr_par' dir='ltr' id='par_1_36' title="bbox 120 2122 1831 2195">
     <span class='ocr_line' id='line_1_38' title="bbox 120 2122 1831 2195; baseline 0 -18"><span class='ocrx_word' id='word_1_225' title='bbox 120 2139 253 2177; x_wconf 87' lang='lat' dir='ltr'>nem</span> <span class='ocrx_word' id='word_1_226' title='bbox 286 2122 462 2176; x_wconf 88' lang='lat' dir='ltr'>totius</span> <span class='ocrx_word' id='word_1_227' title='bbox 493 2122 954 2193; x_wconf 85' lang='lat' dir='ltr'>reprehensionis</span> <span class='ocrx_word' id='word_1_228' title='bbox 995 2130 1162 2193; x_wconf 88' lang='lat' dir='ltr'>atque</span> <span class='ocrx_word' id='word_1_229' title='bbox 1195 2124 1535 2195; x_wconf 84' lang='lat' dir='ltr'>suspicionis</span> <span class='ocrx_word' id='word_1_230' title='bbox 1567 2124 1831 2194; x_wconf 88' lang='lat' dir='ltr'>impene-</span> 
     </span>
    </p>
   </div>
   <div class='ocr_carea' id='block_1_37' title="bbox 124 2210 1831 2283">
    <p class='ocr_par' dir='ltr' id='par_1_37' title="bbox 124 2210 1831 2283">
     <span class='ocr_line' id='line_1_39' title="bbox 124 2210 1831 2283; baseline -0.001 -17"><span class='ocrx_word' id='word_1_231' title='bbox 124 2212 393 2266; x_wconf 89' lang='lat' dir='ltr'>trabilem</span> <span class='ocrx_word' id='word_1_232' title='bbox 437 2210 561 2264; x_wconf 80' lang='lat' dir='ltr'>fieri</span> <span class='ocrx_word' id='word_1_233' title='bbox 594 2211 823 2275; x_wconf 89' lang='lat' dir='ltr'>debere,</span> <span class='ocrx_word' id='word_1_234' title='bbox 867 2216 929 2265; x_wconf 92' lang='lat' dir='ltr'>ut</span> <span class='ocrx_word' id='word_1_235' title='bbox 951 2212 1114 2281; x_wconf 82' lang='lat' dir='ltr'>juxta</span> <span class='ocrx_word' id='word_1_236' title='bbox 1160 2215 1494 2283; x_wconf 81' lang='lat' dir='ltr'>Apostolum</span> <span class='ocrx_word' id='word_1_237' title='bbox 1526 2213 1831 2282; x_wconf 82' lang='lat' dir='ltr'>providea-</span> 
     </span>
    </p>
   </div>
   <div class='ocr_carea' id='block_1_38' title="bbox 122 2300 1831 2367">
    <p class='ocr_par' dir='ltr' id='par_1_38' title="bbox 122 2300 1831 2367">
     <span class='ocr_line' id='line_1_40' title="bbox 122 2300 1831 2367; baseline 0 -13"><span class='ocrx_word' id='word_1_238' title='bbox 122 2317 255 2354; x_wconf 90' lang='lat' dir='ltr'>mus</span> <span class='ocrx_word' id='word_1_239' title='bbox 313 2300 483 2367; x_wconf 89' lang='lat' dir='ltr'>bona,</span> <span class='ocrx_word' id='word_1_240' title='bbox 539 2316 652 2354; x_wconf 90' lang='lat' dir='ltr'>non</span> <span class='ocrx_word' id='word_1_241' title='bbox 702 2301 887 2354; x_wconf 89' lang='lat' dir='ltr'>solum</span> <span class='ocrx_word' id='word_1_242' title='bbox 936 2317 1128 2355; x_wconf 89' lang='lat' dir='ltr'>coram</span> <span class='ocrx_word' id='word_1_243' title='bbox 1182 2303 1318 2366; x_wconf 92' lang='lat' dir='ltr'>Deo,</span> <span class='ocrx_word' id='word_1_244' title='bbox 1375 2302 1471 2355; x_wconf 91' lang='lat' dir='ltr'>sed</span> <span class='ocrx_word' id='word_1_245' title='bbox 1516 2302 1687 2356; x_wconf 89' lang='lat' dir='ltr'>etiam</span> <span class='ocrx_word' id='word_1_246' title='bbox 1738 2317 1831 2354; x_wconf 93' lang='lat' dir='ltr'>co-</span> 
     </span>
    </p>
   </div>
   <div class='ocr_carea' id='block_1_39' title="bbox 123 2388 1831 2460">
    <p class='ocr_par' dir='ltr' id='par_1_39' title="bbox 123 2388 1831 2460">
     <span class='ocr_line' id='line_1_41' title="bbox 123 2388 1831 2460; baseline 0 -17"><span class='ocrx_word' id='word_1_247' title='bbox 123 2406 250 2443; x_wconf 90' lang='lat' dir='ltr'>ram</span> <span class='ocrx_word' id='word_1_248' title='bbox 321 2388 592 2442; x_wconf 89' lang='lat' dir='ltr'>omnibus</span> <span class='ocrx_word' id='word_1_249' title='bbox 657 2388 1008 2443; x_wconf 91' lang='lat' dir='ltr'>hominibus.</span> <span class='ocrx_word' id='word_1_250' title='bbox 1074 2390 1311 2460; x_wconf 90' lang='lat' dir='ltr'>Oportet</span> <span class='ocrx_word' id='word_1_251' title='bbox 1372 2390 1549 2460; x_wconf 83' lang='lat' dir='ltr'>igitur</span> <span class='ocrx_word' id='word_1_252' title='bbox 1605 2395 1669 2443; x_wconf 89' lang='lat' dir='ltr'>ut</span> <span class='ocrx_word' id='word_1_253' title='bbox 1734 2405 1831 2443; x_wconf 84' lang='lat' dir='ltr'>cu-</span> 
     </span>
    </p>
   </div>
   <div class='ocr_carea' id='block_1_40' title="bbox 123 2476 1833 2549">
    <p class='ocr_par' dir='ltr' id='par_1_40' title="bbox 123 2476 1833 2549">
     <span class='ocr_line' id='line_1_42' title="bbox 123 2476 1833 2549; baseline -0.001 -17"><span class='ocrx_word' id='word_1_254' title='bbox 123 2478 320 2532; x_wconf 91' lang='lat' dir='ltr'>biculo</span> <span class='ocrx_word' id='word_1_255' title='bbox 379 2476 634 2547; x_wconf 87' lang='lat' dir='ltr'>episcopi</span> <span class='ocrx_word' id='word_1_256' title='bbox 696 2483 753 2531; x_wconf 90' lang='lat' dir='ltr'>et</span> <span class='ocrx_word' id='word_1_257' title='bbox 808 2478 1212 2532; x_wconf 82' lang='lat' dir='ltr'>secretioribus</span> <span class='ocrx_word' id='word_1_258' title='bbox 1270 2478 1619 2549; x_wconf 75' lang='lat' dir='ltr'>quibUslibet</span> <span class='ocrx_word' id='word_1_259' title='bbox 1672 2478 1833 2532; x_wconf 88' lang='lat' dir='ltr'>obse-</span> 
     </span>
    </p>
   </div>
   <div class='ocr_carea' id='block_1_41' title="bbox 124 2561 1835 2633">
    <p class='ocr_par' dir='ltr' id='par_1_41' title="bbox 124 2561 1835 2633">
     <span class='ocr_line' id='line_1_43' title="bbox 124 2561 1835 2633; baseline 0 -18"><span class='ocrx_word' id='word_1_260' title='bbox 124 2562 279 2633; x_wconf 89' lang='lat' dir='ltr'>quiis</span> <span class='ocrx_word' id='word_1_261' title='bbox 344 2562 583 2615; x_wconf 69' lang='lat' dir='ltr'>sinceraa</span> <span class='ocrx_word' id='word_1_262' title='bbox 638 2561 932 2632; x_wconf 85' lang='lat' dir='ltr'>Opinionis</span> <span class='ocrx_word' id='word_1_263' title='bbox 989 2563 1308 2616; x_wconf 85' lang='lat' dir='ltr'>sacerdotes</span> <span class='ocrx_word' id='word_1_264' title='bbox 1369 2567 1425 2616; x_wconf 89' lang='lat' dir='ltr'>et</span> <span class='ocrx_word' id='word_1_265' title='bbox 1489 2562 1679 2616; x_wconf 90' lang='lat' dir='ltr'>clerici</span> <span class='ocrx_word' id='word_1_266' title='bbox 1739 2579 1835 2615; x_wconf 89' lang='lat' dir='ltr'>as-</span> 
     </span>
    </p>
   </div>
   <div class='ocr_carea' id='block_1_42' title="bbox 130 2650 1837 2721">
    <p class='ocr_par' dir='ltr' id='par_1_42' title="bbox 130 2650 1837 2721">
     <span class='ocr_line' id='line_1_44' title="bbox 130 2650 1837 2721; baseline 0.001 -18"><span class='ocrx_word' id='word_1_267' title='bbox 130 2652 364 2714; x_wconf 87' lang='lat' dir='ltr'>sistant,</span> <span class='ocrx_word' id='word_1_268' title='bbox 435 2650 533 2721; x_wconf 82' lang='lat' dir='ltr'>qui</span> <span class='ocrx_word' id='word_1_269' title='bbox 599 2650 966 2721; x_wconf 81' lang='lat' dir='ltr'>vigilantem,</span> <span class='ocrx_word' id='word_1_270' title='bbox 1035 2658 1329 2720; x_wconf 86' lang='lat' dir='ltr'>orantem,</span> <span class='ocrx_word' id='word_1_271' title='bbox 1385 2668 1543 2705; x_wconf 91' lang='lat' dir='ltr'>sacra</span> <span class='ocrx_word' id='word_1_272' title='bbox 1604 2650 1837 2721; x_wconf 91' lang='lat' dir='ltr'>eloquia</span> 
     </span>
    </p>
   </div>
   <div class='ocr_carea' id='block_1_43' title="bbox 127 2738 1835 2810">
    <p class='ocr_par' dir='ltr' id='par_1_43' title="bbox 127 2738 1835 2810">
     <span class='ocr_line' id='line_1_45' title="bbox 127 2738 1835 2810; baseline -0.001 -16"><span class='ocrx_word' id='word_1_273' title='bbox 127 2744 504 2805; x_wconf 88' lang='lat' dir='ltr'>scrutantem,</span> <span class='ocrx_word' id='word_1_274' title='bbox 533 2738 867 2809; x_wconf 84' lang='lat' dir='ltr'>episcopum</span> <span class='ocrx_word' id='word_1_275' title='bbox 896 2756 1065 2793; x_wconf 89' lang='lat' dir='ltr'>suum</span> <span class='ocrx_word' id='word_1_276' title='bbox 1095 2740 1309 2810; x_wconf 90' lang='lat' dir='ltr'>jugiter</span> <span class='ocrx_word' id='word_1_277' title='bbox 1335 2740 1653 2806; x_wconf 87' lang='lat' dir='ltr'>attendant,</span> <span class='ocrx_word' id='word_1_278' title='bbox 1683 2739 1835 2809; x_wconf 89' lang='lat' dir='ltr'>ejus-</span> 
     </span>
    </p>
   </div>
   <div class='ocr_carea' id='block_1_44' title="bbox 126 2828 1836 2899">
    <p class='ocr_par' dir='ltr' id='par_1_44' title="bbox 126 2828 1836 2899">
     <span class='ocr_line' id='line_1_46' title="bbox 126 2828 1836 2899; baseline 0.001 -18"><span class='ocrx_word' id='word_1_279' title='bbox 126 2845 240 2899; x_wconf 86' lang='lat' dir='ltr'>que</span> <span class='ocrx_word' id='word_1_280' title='bbox 288 2834 503 2881; x_wconf 71' lang='lat' dir='ltr'>sanctze</span> <span class='ocrx_word' id='word_1_281' title='bbox 550 2828 1001 2881; x_wconf 80' lang='lat' dir='ltr'>conversationis</span> <span class='ocrx_word' id='word_1_282' title='bbox 1045 2832 1239 2893; x_wconf 88' lang='lat' dir='ltr'>testes,</span> <span class='ocrx_word' id='word_1_283' title='bbox 1292 2828 1627 2895; x_wconf 87' lang='lat' dir='ltr'>imitatores,</span> <span class='ocrx_word' id='word_1_284' title='bbox 1677 2834 1733 2881; x_wconf 91' lang='lat' dir='ltr'>et</span> <span class='ocrx_word' id='word_1_285' title='bbox 1764 2828 1836 2883; x_wconf 88' lang='lat' dir='ltr'>ad</span> 
     </span>
    </p>
   </div>
   <div class='ocr_carea' id='block_1_45' title="bbox 129 2916 1252 2988">
    <p class='ocr_par' dir='ltr' id='par_1_45' title="bbox 129 2916 1252 2988">
     <span class='ocr_line' id='line_1_47' title="bbox 129 2916 1252 2988; baseline -0.002 -17"><span class='ocrx_word' id='word_1_286' title='bbox 129 2919 228 2971; x_wconf 90' lang='lat' dir='ltr'>Dei</span> <span class='ocrx_word' id='word_1_287' title='bbox 260 2918 512 2988; x_wconf 81' lang='lat' dir='ltr'>gloriam</span> <span class='ocrx_word' id='word_1_288' title='bbox 539 2916 965 2987; x_wconf 66' lang='lat' dir='ltr'>praedicationis</span> <span class='ocrx_word' id='word_1_289' title='bbox 992 2916 1252 2970; x_wconf 85' lang='lat' dir='ltr'>existant.</span> 
     </span>
    </p>
   </div>
   <div class='ocr_carea' id='block_1_46' title="bbox 132 3021 1839 3094">
    <p class='ocr_par' dir='ltr' id='par_1_46' title="bbox 132 3021 1839 3094">
     <span class='ocr_line' id='line_1_48' title="bbox 132 3021 1839 3094; baseline -0.001 -16"><span class='ocrx_word' id='word_1_290' title='bbox 132 3021 261 3079; x_wconf 81' lang='lat' dir='ltr'>CAP.</span> <span class='ocrx_word' id='word_1_291' title='bbox 300 3025 435 3080; x_wconf 85' lang='lat' dir='ltr'><strong>CIV.</strong></span> <span class='ocrx_word' id='word_1_292' title='bbox 471 3054 539 3064; x_wconf 94' lang='lat'><strong><em>—</em></strong></span> <span class='ocrx_word' id='word_1_293' title='bbox 593 3026 659 3079; x_wconf 87' lang='lat' dir='ltr'>Ut</span> <span class='ocrx_word' id='word_1_294' title='bbox 710 3026 989 3094; x_wconf 82' lang='lat' dir='ltr'>episcopus</span> <span class='ocrx_word' id='word_1_295' title='bbox 1040 3026 1201 3091; x_wconf 86' lang='lat' dir='ltr'>quasi</span> <span class='ocrx_word' id='word_1_296' title='bbox 1232 3023 1426 3093; x_wconf 84' lang='lat' dir='ltr'>hospes</span> <span class='ocrx_word' id='word_1_297' title='bbox 1465 3038 1519 3077; x_wconf 90' lang='lat' dir='ltr'>se</span> <span class='ocrx_word' id='word_1_298' title='bbox 1565 3024 1839 3077; x_wconf 86' lang='lat' dir='ltr'>continere</span> 
     </span>
    </p>
   </div>
   <div class='ocr_carea' id='block_1_47' title="bbox 878 3095 1085 3148">
    <p class='ocr_par' dir='ltr' id='par_1_47' title="bbox 878 3095 1085 3148">
     <span class='ocr_line' id='line_1_49' title="bbox 878 3095 1085 3148; baseline -0.005 0"><span class='ocrx_word' id='word_1_299' title='bbox 878 3095 1085 3148; x_wconf 83' lang='lat' dir='ltr'>debeat.</span> 
     </span>
    </p>
   </div>
   <div class='ocr_carea' id='block_1_48' title="bbox 198 3202 1839 3274">
    <p class='ocr_par' dir='ltr' id='par_1_48' title="bbox 198 3202 1839 3274">
     <span class='ocr_line' id='line_1_50' title="bbox 198 3202 1839 3274; baseline -0.002 -13"><span class='ocrx_word' id='word_1_300' title='bbox 198 3205 308 3274; x_wconf 70' lang='lat' dir='ltr'>(Ea:</span> <span class='ocrx_word' id='word_1_301' title='bbox 364 3205 532 3259; x_wconf 86' lang='lat' dir='ltr'>dictis</span> <span class='ocrx_word' id='word_1_302' title='bbox 580 3204 836 3271; x_wconf 76' lang='lat' dir='ltr'>August.)</span> <span class='ocrx_word' id='word_1_303' title='bbox 884 3203 1194 3273; x_wconf 86' lang='lat' dir='ltr'>Episcopus</span> <span class='ocrx_word' id='word_1_304' title='bbox 1242 3203 1407 3273; x_wconf 92' lang='lat' dir='ltr'>quasi</span> <span class='ocrx_word' id='word_1_305' title='bbox 1457 3203 1666 3273; x_wconf 90' lang='lat' dir='ltr'>hospes</span> <span class='ocrx_word' id='word_1_306' title='bbox 1713 3202 1839 3257; x_wconf 81' lang='lat' dir='ltr'>ﬁeri</span> 
     </span>
    </p>
   </div>
   <div class='ocr_carea' id='block_1_49' title="bbox 128 3288 1838 3361">
    <p class='ocr_par' dir='ltr' id='par_1_49' title="bbox 128 3288 1838 3361">
     <span class='ocr_line' id='line_1_51' title="bbox 128 3288 1838 3361; baseline -0.001 -16"><span class='ocrx_word' id='word_1_307' title='bbox 128 3290 321 3355; x_wconf 82' lang='lat' dir='ltr'>debet.</span> <span class='ocrx_word' id='word_1_308' title='bbox 372 3296 428 3345; x_wconf 92' lang='lat' dir='ltr'>et</span> <span class='ocrx_word' id='word_1_309' title='bbox 460 3292 739 3361; x_wconf 85' lang='lat' dir='ltr'>privatam</span> <span class='ocrx_word' id='word_1_310' title='bbox 789 3290 1025 3344; x_wconf 91' lang='lat' dir='ltr'>domum</span> <span class='ocrx_word' id='word_1_311' title='bbox 1078 3304 1197 3342; x_wconf 91' lang='lat' dir='ltr'>non</span> <span class='ocrx_word' id='word_1_312' title='bbox 1248 3288 1475 3356; x_wconf 85' lang='lat' dir='ltr'>habeat,</span> <span class='ocrx_word' id='word_1_313' title='bbox 1530 3290 1628 3343; x_wconf 89' lang='lat' dir='ltr'>sed</span> <span class='ocrx_word' id='word_1_314' title='bbox 1675 3290 1838 3360; x_wconf 89' lang='lat' dir='ltr'>quasi</span> 
     </span>
    </p>
   </div>
   <div class='ocr_carea' id='block_1_50' title="bbox 127 3378 1838 3451">
    <p class='ocr_par' dir='ltr' id='par_1_50' title="bbox 127 3378 1838 3451">
     <span class='ocr_line' id='line_1_52' title="bbox 127 3378 1838 3451; baseline -0.001 -18"><span class='ocrx_word' id='word_1_315' title='bbox 127 3379 335 3451; x_wconf 88' lang='lat' dir='ltr'>hospes</span> <span class='ocrx_word' id='word_1_316' title='bbox 369 3396 492 3433; x_wconf 88' lang='lat' dir='ltr'>esse</span> <span class='ocrx_word' id='word_1_317' title='bbox 549 3380 738 3443; x_wconf 84' lang='lat' dir='ltr'>debet,</span> <span class='ocrx_word' id='word_1_318' title='bbox 788 3384 849 3431; x_wconf 90' lang='lat' dir='ltr'>ut</span> <span class='ocrx_word' id='word_1_319' title='bbox 898 3378 1153 3432; x_wconf 88' lang='lat' dir='ltr'>Christus</span> <span class='ocrx_word' id='word_1_320' title='bbox 1203 3378 1324 3432; x_wconf 85' lang='lat' dir='ltr'>ait:</span> <span class='ocrx_word' id='word_1_321' title='bbox 1362 3378 1536 3432; x_wconf 85' lang='lat' dir='ltr'>Filius</span> <span class='ocrx_word' id='word_1_322' title='bbox 1582 3378 1838 3433; x_wconf 88' lang='lat' dir='ltr'>hominis</span> 
     </span>
    </p>
   </div>
   <div class='ocr_carea' id='block_1_51' title="bbox 134 3466 1267 3538">
    <p class='ocr_par' dir='ltr' id='par_1_51' title="bbox 134 3466 1267 3538">
     <span class='ocr_line' id='line_1_53' title="bbox 134 3466 1267 3538; baseline -0.002 -15"><span class='ocrx_word' id='word_1_323' title='bbox 134 3485 247 3523; x_wconf 92' lang='lat' dir='ltr'>non</span> <span class='ocrx_word' id='word_1_324' title='bbox 280 3468 457 3523; x_wconf 86' lang='lat' dir='ltr'>habet</span> <span class='ocrx_word' id='word_1_325' title='bbox 486 3468 586 3523; x_wconf 90' lang='lat' dir='ltr'>ubi</span> <span class='ocrx_word' id='word_1_326' title='bbox 610 3472 782 3538; x_wconf 90' lang='lat' dir='ltr'>caput</span> <span class='ocrx_word' id='word_1_327' title='bbox 811 3483 978 3521; x_wconf 90' lang='lat' dir='ltr'>suum</span> <span class='ocrx_word' id='word_1_328' title='bbox 1009 3466 1267 3521; x_wconf 88' lang='lat' dir='ltr'>reclinet.</span> 
     </span>
    </p>
   </div>
   <div class='ocr_carea' id='block_1_52' title="bbox 129 3573 1833 3644">
    <p class='ocr_par' dir='ltr' id='par_1_52' title="bbox 129 3573 1833 3644">
     <span class='ocr_line' id='line_1_54' title="bbox 129 3573 1833 3644; baseline -0.001 -15"><span class='ocrx_word' id='word_1_329' title='bbox 129 3575 255 3630; x_wconf 67' lang='lat' dir='ltr'><strong>CAP.</strong></span> <span class='ocrx_word' id='word_1_330' title='bbox 307 3576 416 3631; x_wconf 88' lang='lat' dir='ltr'><strong>CV.</strong></span> <span class='ocrx_word' id='word_1_331' title='bbox 455 3606 524 3614; x_wconf 90' lang='lat'><strong><em>—</em></strong></span> <span class='ocrx_word' id='word_1_332' title='bbox 577 3576 643 3628; x_wconf 89' lang='lat' dir='ltr'>Ut</span> <span class='ocrx_word' id='word_1_333' title='bbox 691 3576 931 3644; x_wconf 76' lang='lat' dir='ltr'>episcopi</span> <span class='ocrx_word' id='word_1_334' title='bbox 971 3576 1286 3642; x_wconf 83' lang='lat' dir='ltr'>frequenter</span> <span class='ocrx_word' id='word_1_335' title='bbox 1315 3574 1515 3628; x_wconf 77' lang='lat' dir='ltr'>Missas</span> <span class='ocrx_word' id='word_1_336' title='bbox 1555 3573 1833 3627; x_wconf 82' lang='lat' dir='ltr'>celebrent.</span> 
     </span>
    </p>
   </div>
   <div class='ocr_carea' id='block_1_53' title="bbox 197 3677 1837 3751">
    <p class='ocr_par' dir='ltr' id='par_1_53' title="bbox 197 3677 1837 3751">
     <span class='ocr_line' id='line_1_55' title="bbox 197 3677 1837 3751; baseline -0.002 -16"><span class='ocrx_word' id='word_1_337' title='bbox 197 3681 309 3751; x_wconf 74' lang='lat' dir='ltr'>(Ea:</span> <span class='ocrx_word' id='word_1_338' title='bbox 351 3682 543 3735; x_wconf 90' lang='lat' dir='ltr'>concil.</span> <span class='ocrx_word' id='word_1_339' title='bbox 594 3680 881 3741; x_wconf 85' lang='lat' dir='ltr'>Arausico,</span> <span class='ocrx_word' id='word_1_340' title='bbox 934 3694 1056 3747; x_wconf 89' lang='lat' dir='ltr'>cap.</span> <span class='ocrx_word' id='word_1_341' title='bbox 1109 3679 1185 3749; x_wconf 90' lang='lat'>3)</span> <span class='ocrx_word' id='word_1_342' title='bbox 1232 3677 1566 3740; x_wconf 84' lang='lat' dir='ltr'>Statuimus,</span> <span class='ocrx_word' id='word_1_343' title='bbox 1614 3682 1677 3731; x_wconf 88' lang='lat' dir='ltr'>ut</span> <span class='ocrx_word' id='word_1_344' title='bbox 1718 3694 1837 3732; x_wconf 89' lang='lat' dir='ltr'>non</span> 
     </span>
    </p>
   </div>
   <div class='ocr_carea' id='block_1_54' title="bbox 126 3766 1836 3838">
    <p class='ocr_par' dir='ltr' id='par_1_54' title="bbox 126 3766 1836 3838">
     <span class='ocr_line' id='line_1_56' title="bbox 126 3766 1836 3838; baseline -0.002 -16"><span class='ocrx_word' id='word_1_345' title='bbox 126 3773 349 3824; x_wconf 88' lang='lat' dir='ltr'>tantum</span> <span class='ocrx_word' id='word_1_346' title='bbox 401 3767 714 3823; x_wconf 85' lang='lat' dir='ltr'>Dominicis</span> <span class='ocrx_word' id='word_1_347' title='bbox 760 3768 980 3833; x_wconf 90' lang='lat' dir='ltr'>diebus,</span> <span class='ocrx_word' id='word_1_348' title='bbox 1023 3774 1078 3821; x_wconf 88' lang='lat' dir='ltr'>et</span> <span class='ocrx_word' id='word_1_349' title='bbox 1108 3768 1409 3838; x_wconf 67' lang='lat' dir='ltr'>prmeipuis</span> <span class='ocrx_word' id='word_1_350' title='bbox 1439 3766 1836 3821; x_wconf 85' lang='lat' dir='ltr'>festivitatibus</span> 
     </span>
    </p>
   </div>
   <div class='ocr_carea' id='block_1_55' title="bbox 127 3854 1833 3928">
    <p class='ocr_par' dir='ltr' id='par_1_55' title="bbox 127 3854 1833 3928">
     <span class='ocr_line' id='line_1_57' title="bbox 127 3854 1833 3928; baseline -0.001 -18"><span class='ocrx_word' id='word_1_351' title='bbox 127 3857 381 3928; x_wconf 89' lang='lat' dir='ltr'>episcopi</span> <span class='ocrx_word' id='word_1_352' title='bbox 431 3857 626 3911; x_wconf 77' lang='lat' dir='ltr'>Missas</span> <span class='ocrx_word' id='word_1_353' title='bbox 671 3856 981 3922; x_wconf 87' lang='lat' dir='ltr'>celebrent,</span> <span class='ocrx_word' id='word_1_354' title='bbox 1018 3855 1114 3909; x_wconf 89' lang='lat' dir='ltr'>sed</span> <span class='ocrx_word' id='word_1_355' title='bbox 1160 3871 1289 3909; x_wconf 88' lang='lat' dir='ltr'>cum</span> <span class='ocrx_word' id='word_1_356' title='bbox 1337 3854 1609 3925; x_wconf 90' lang='lat' dir='ltr'>possibile</span> <span class='ocrx_word' id='word_1_357' title='bbox 1640 3855 1833 3921; x_wconf 86' lang='lat' dir='ltr'>fuerit,</span> 
     </span>
    </p>
   </div>
   <div class='ocr_carea' id='block_1_56' title="bbox 126 3942 1836 4017">
    <p class='ocr_par' dir='ltr' id='par_1_56' title="bbox 126 3942 1836 4017">
     <span class='ocr_line' id='line_1_58' title="bbox 126 3942 1836 4017; baseline -0.001 -18"><span class='ocrx_word' id='word_1_358' title='bbox 126 3945 467 4016; x_wconf 88' lang='lat' dir='ltr'>quotidiana</span> <span class='ocrx_word' id='word_1_359' title='bbox 516 3960 749 4017; x_wconf 89' lang='lat' dir='ltr'>quoque</span> <span class='ocrx_word' id='word_1_360' title='bbox 794 3943 1070 3999; x_wconf 85' lang='lat' dir='ltr'>sacriﬁcia</span> <span class='ocrx_word' id='word_1_361' title='bbox 1102 3944 1489 4014; x_wconf 78' lang='lat' dir='ltr'>frequentant,</span> <span class='ocrx_word' id='word_1_362' title='bbox 1544 3959 1649 3998; x_wconf 91' lang='lat' dir='ltr'>nec</span> <span class='ocrx_word' id='word_1_363' title='bbox 1682 3942 1836 3998; x_wconf 87' lang='lat' dir='ltr'>fasti-</span> 
     </span>
    </p>
   </div>
   <div class='ocr_carea' id='block_1_57' title="bbox 128 4032 309 4087">
    <p class='ocr_par' dir='ltr' id='par_1_57' title="bbox 128 4032 309 4087">
     <span class='ocr_line' id='line_1_59' title="bbox 128 4032 309 4087; baseline 0.006 -1"><span class='ocrx_word' id='word_1_364' title='bbox 128 4032 309 4087; x_wconf 88' lang='lat' dir='ltr'>diant.</span> 
     </span>
    </p>
   </div>
   <div class='ocr_carea' id='block_1_58' title="bbox 130 4138 1834 4208">
    <p class='ocr_par' dir='ltr' id='par_1_58' title="bbox 130 4138 1834 4208">
     <span class='ocr_line' id='line_1_60' title="bbox 130 4138 1834 4208; baseline 0.001 -16"><span class='ocrx_word' id='word_1_365' title='bbox 130 4138 256 4195; x_wconf 78' lang='lat' dir='ltr'><strong>CAP.</strong></span> <span class='ocrx_word' id='word_1_366' title='bbox 289 4140 405 4194; x_wconf 88' lang='lat' dir='ltr'>CVI</span> <span class='ocrx_word' id='word_1_367' title='bbox 473 4171 541 4179; x_wconf 94' lang='lat'><strong><em>—</em></strong></span> <span class='ocrx_word' id='word_1_368' title='bbox 592 4142 669 4194; x_wconf 89' lang='lat' dir='ltr'>Ne</span> <span class='ocrx_word' id='word_1_369' title='bbox 719 4140 997 4207; x_wconf 89' lang='lat' dir='ltr'>episcopus</span> <span class='ocrx_word' id='word_1_370' title='bbox 1041 4140 1218 4207; x_wconf 88' lang='lat' dir='ltr'>pretio</span> <span class='ocrx_word' id='word_1_371' title='bbox 1276 4143 1563 4208; x_wconf 89' lang='lat' dir='ltr'>corruptus</span> <span class='ocrx_word' id='word_1_372' title='bbox 1607 4139 1834 4193; x_wconf 81' lang='lat' dir='ltr'>alterius</span> 
     </span>
    </p>
   </div>
   <div class='ocr_carea' id='block_1_59' title="bbox 542 4209 1425 4279">
    <p class='ocr_par' dir='ltr' id='par_1_59' title="bbox 542 4209 1425 4279">
     <span class='ocr_line' id='line_1_61' title="bbox 542 4209 1425 4279; baseline -0.003 -15"><span class='ocrx_word' id='word_1_373' title='bbox 542 4212 794 4265; x_wconf 82' lang='lat' dir='ltr'>clericum</span> <span class='ocrx_word' id='word_1_374' title='bbox 825 4209 1083 4263; x_wconf 87' lang='lat' dir='ltr'>ordinare</span> <span class='ocrx_word' id='word_1_375' title='bbox 1107 4214 1425 4279; x_wconf 61' lang='lat' dir='ltr'>presumat.</span> 
     </span>
    </p>
   </div>
   <div class='ocr_carea' id='block_1_60' title="bbox 200 4313 1833 4383">
    <p class='ocr_par' dir='ltr' id='par_1_60' title="bbox 200 4313 1833 4383">
     <span class='ocr_line' id='line_1_62' title="bbox 200 4313 1833 4383; baseline -0.001 -15"><span class='ocrx_word' id='word_1_376' title='bbox 200 4316 307 4379; x_wconf 80' lang='lat' dir='ltr'>(Ea:</span> <span class='ocrx_word' id='word_1_377' title='bbox 336 4317 527 4369; x_wconf 90' lang='lat' dir='ltr'>concil.</span> <span class='ocrx_word' id='word_1_378' title='bbox 559 4316 919 4377; x_wconf 82' lang='lat' dir='ltr'>Hannerensi,</span> <span class='ocrx_word' id='word_1_379' title='bbox 952 4330 1072 4383; x_wconf 87' lang='lat' dir='ltr'>cap.</span> <span class='ocrx_word' id='word_1_380' title='bbox 1118 4315 1195 4382; x_wconf 84' lang='lat' dir='ltr'>I.)</span> <span class='ocrx_word' id='word_1_381' title='bbox 1228 4313 1507 4369; x_wconf 88' lang='lat' dir='ltr'>Omnibus</span> <span class='ocrx_word' id='word_1_382' title='bbox 1555 4314 1833 4368; x_wconf 89' lang='lat' dir='ltr'>ministris</span> 
     </span>
    </p>
   </div>
   <div class='ocr_carea' id='block_1_61' title="bbox 130 4401 1834 4473">
    <p class='ocr_par' dir='ltr' id='par_1_61' title="bbox 130 4401 1834 4473">
     <span class='ocr_line' id='line_1_63' title="bbox 130 4401 1834 4473; baseline 0.001 -19"><span class='ocrx_word' id='word_1_383' title='bbox 130 4402 524 4455; x_wconf 66' lang='lat' dir='ltr'>ecclesiastica:</span> <span class='ocrx_word' id='word_1_384' title='bbox 611 4402 910 4473; x_wconf 88' lang='lat' dir='ltr'>dignitatis</span> <span class='ocrx_word' id='word_1_385' title='bbox 994 4401 1425 4469; x_wconf 79' lang='lat' dir='ltr'>interdicimus,</span> <span class='ocrx_word' id='word_1_386' title='bbox 1499 4406 1563 4456; x_wconf 90' lang='lat' dir='ltr'>ut</span> <span class='ocrx_word' id='word_1_387' title='bbox 1640 4404 1834 4457; x_wconf 89' lang='lat' dir='ltr'>nullus</span> 
     </span>
    </p>
   </div>
   <div class='ocr_carea' id='block_1_62' title="bbox 130 4490 1832 4561">
    <p class='ocr_par' dir='ltr' id='par_1_62' title="bbox 130 4490 1832 4561">
     <span class='ocr_line' id='line_1_64' title="bbox 130 4490 1832 4561; baseline 0.003 -20"><span class='ocrx_word' id='word_1_388' title='bbox 130 4504 479 4561; x_wconf 89' lang='lat' dir='ltr'>quocunque</span> <span class='ocrx_word' id='word_1_389' title='bbox 518 4507 759 4544; x_wconf 88' lang='lat' dir='ltr'>munere</span> <span class='ocrx_word' id='word_1_390' title='bbox 807 4495 908 4544; x_wconf 89' lang='lat' dir='ltr'>aut</span> <span class='ocrx_word' id='word_1_391' title='bbox 954 4490 1146 4545; x_wconf 79' lang='lat' dir='ltr'>favore</span> <span class='ocrx_word' id='word_1_392' title='bbox 1195 4494 1518 4559; x_wconf 91' lang='lat' dir='ltr'>corruptus,</span> <span class='ocrx_word' id='word_1_393' title='bbox 1560 4491 1832 4545; x_wconf 89' lang='lat' dir='ltr'>clericum</span> 
     </span>
    </p>
   </div>
   <div class='ocr_carea' id='block_1_63' title="bbox 130 4578 1834 4650">
    <p class='ocr_par' dir='ltr' id='par_1_63' title="bbox 130 4578 1834 4650">
     <span class='ocr_line' id='line_1_65' title="bbox 130 4578 1834 4650; baseline 0.002 -20"><span class='ocrx_word' id='word_1_394' title='bbox 130 4579 364 4633; x_wconf 90' lang='lat' dir='ltr'>alterius</span> <span class='ocrx_word' id='word_1_395' title='bbox 425 4580 713 4650; x_wconf 74' lang='lat' dir='ltr'>parochias</span> <span class='ocrx_word' id='word_1_396' title='bbox 767 4580 1015 4633; x_wconf 88' lang='lat' dir='ltr'>latenter</span> <span class='ocrx_word' id='word_1_397' title='bbox 1077 4595 1141 4633; x_wconf 90' lang='lat' dir='ltr'>ac</span> <span class='ocrx_word' id='word_1_398' title='bbox 1197 4579 1403 4633; x_wconf 87' lang='lat' dir='ltr'>furtive</span> <span class='ocrx_word' id='word_1_399' title='bbox 1464 4578 1535 4632; x_wconf 85' lang='lat' dir='ltr'>ad</span> <span class='ocrx_word' id='word_1_400' title='bbox 1603 4580 1834 4633; x_wconf 85' lang='lat' dir='ltr'>ordina-</span> 
     </span>
    </p>
   </div>
   <div class='ocr_carea' id='block_1_64' title="bbox 131 4665 1834 4736">
    <p class='ocr_par' dir='ltr' id='par_1_64' title="bbox 131 4665 1834 4736">
     <span class='ocr_line' id='line_1_66' title="bbox 131 4665 1834 4736; baseline 0.004 -21"><span class='ocrx_word' id='word_1_401' title='bbox 131 4665 343 4719; x_wconf 92' lang='lat' dir='ltr'>tionem</span> <span class='ocrx_word' id='word_1_402' title='bbox 398 4666 874 4719; x_wconf 89' lang='lat' dir='ltr'>subintroducere</span> <span class='ocrx_word' id='word_1_403' title='bbox 927 4671 1256 4736; x_wconf 69' lang='lat' dir='ltr'>praesumat.</span> <span class='ocrx_word' id='word_1_404' title='bbox 1309 4665 1472 4730; x_wconf 88' lang='lat' dir='ltr'>Quod</span> <span class='ocrx_word' id='word_1_405' title='bbox 1526 4665 1572 4719; x_wconf 89' lang='lat' dir='ltr'>si</span> <span class='ocrx_word' id='word_1_406' title='bbox 1616 4666 1834 4733; x_wconf 88' lang='lat' dir='ltr'>fecerit,</span> 
     </span>
    </p>
   </div>
   <div class='ocr_carea' id='block_1_65' title="bbox 126 4754 1833 4825">
    <p class='ocr_par' dir='ltr' id='par_1_65' title="bbox 126 4754 1833 4825">
     <span class='ocr_line' id='line_1_67' title="bbox 126 4754 1833 4825; baseline 0.004 -22"><span class='ocrx_word' id='word_1_407' title='bbox 126 4754 286 4821; x_wconf 84' lang='lat' dir='ltr'>juxta</span> <span class='ocrx_word' id='word_1_408' title='bbox 320 4754 786 4809; x_wconf 86' lang='lat' dir='ltr'>Chalcedonense</span> <span class='ocrx_word' id='word_1_409' title='bbox 838 4754 1152 4817; x_wconf 90' lang='lat' dir='ltr'>decretum,</span> <span class='ocrx_word' id='word_1_410' title='bbox 1186 4754 1232 4808; x_wconf 89' lang='lat' dir='ltr'>is</span> <span class='ocrx_word' id='word_1_411' title='bbox 1281 4754 1381 4825; x_wconf 88' lang='lat' dir='ltr'>qui</span> <span class='ocrx_word' id='word_1_412' title='bbox 1411 4754 1694 4809; x_wconf 81' lang='lat' dir='ltr'>mediator</span> <span class='ocrx_word' id='word_1_413' title='bbox 1738 4772 1833 4810; x_wconf 88' lang='lat' dir='ltr'>ex-</span> 
     </span>
    </p>
   </div>
   <div class='ocr_carea' id='block_1_66' title="bbox 132 4840 1836 4913">
    <p class='ocr_par' dir='ltr' id='par_1_66' title="bbox 132 4840 1836 4913">
     <span class='ocr_line' id='line_1_68' title="bbox 132 4840 1836 4913; baseline 0.003 -21"><span class='ocrx_word' id='word_1_414' title='bbox 132 4840 287 4907; x_wconf 86' lang='lat' dir='ltr'>stitit,</span> <span class='ocrx_word' id='word_1_415' title='bbox 321 4843 367 4896; x_wconf 87' lang='lat' dir='ltr'>si</span> <span class='ocrx_word' id='word_1_416' title='bbox 399 4842 641 4897; x_wconf 90' lang='lat' dir='ltr'>clericus</span> <span class='ocrx_word' id='word_1_417' title='bbox 684 4848 789 4906; x_wconf 91' lang='lat' dir='ltr'>est,</span> <span class='ocrx_word' id='word_1_418' title='bbox 825 4844 1062 4913; x_wconf 90' lang='lat' dir='ltr'>proprio</span> <span class='ocrx_word' id='word_1_419' title='bbox 1095 4844 1278 4913; x_wconf 86' lang='lat' dir='ltr'>gradu</span> <span class='ocrx_word' id='word_1_420' title='bbox 1305 4842 1547 4910; x_wconf 86' lang='lat' dir='ltr'>decidat,</span> <span class='ocrx_word' id='word_1_421' title='bbox 1580 4845 1627 4898; x_wconf 90' lang='lat' dir='ltr'>si</span> <span class='ocrx_word' id='word_1_422' title='bbox 1657 4845 1836 4899; x_wconf 89' lang='lat' dir='ltr'>laicus</span> 
     </span>
    </p>
   </div>
   <div class='ocr_carea' id='block_1_67' title="bbox 134 4928 1153 4994">
    <p class='ocr_par' dir='ltr' id='par_1_67' title="bbox 134 4928 1153 4994">
     <span class='ocr_line' id='line_1_69' title="bbox 134 4928 1153 4994; baseline 0.005 -16"><span class='ocrx_word' id='word_1_423' title='bbox 134 4933 227 4980; x_wconf 87' lang='lat' dir='ltr'>aut</span> <span class='ocrx_word' id='word_1_424' title='bbox 249 4928 583 4994; x_wconf 84' lang='lat' dir='ltr'>monachus,</span> <span class='ocrx_word' id='word_1_425' title='bbox 618 4930 1153 4984; x_wconf 86' lang='lat' dir='ltr'>anathematizetur.</span> 
     </span>
    </p>
   </div>
   <div class='ocr_carea' id='block_1_68' title="bbox 134 5030 1837 5106">
    <p class='ocr_par' dir='ltr' id='par_1_68' title="bbox 134 5030 1837 5106">
     <span class='ocr_line' id='line_1_70' title="bbox 134 5030 1837 5106; baseline 0.005 -23"><span class='ocrx_word' id='word_1_426' title='bbox 134 5030 257 5087; x_wconf 78' lang='lat' dir='ltr'><strong>CAP.</strong></span> <span class='ocrx_word' id='word_1_427' title='bbox 293 5034 451 5089; x_wconf 89' lang='lat' dir='ltr'><strong>CVII.</strong></span> <span class='ocrx_word' id='word_1_428' title='bbox 488 5065 556 5072; x_wconf 90' lang='lat'><strong>—</strong></span> <span class='ocrx_word' id='word_1_429' title='bbox 611 5036 675 5089; x_wconf 87' lang='lat' dir='ltr'>Ut</span> <span class='ocrx_word' id='word_1_430' title='bbox 725 5037 1006 5101; x_wconf 72' lang='lat' dir='ltr'>episcopus</span> <span class='ocrx_word' id='word_1_431' title='bbox 1053 5037 1271 5090; x_wconf 83' lang='lat' dir='ltr'>clericos</span> <span class='ocrx_word' id='word_1_432' title='bbox 1316 5037 1541 5091; x_wconf 84' lang='lat' dir='ltr'>alterius</span> <span class='ocrx_word' id='word_1_433' title='bbox 1562 5038 1837 5106; x_wconf 73' lang='lat' dir='ltr'>parochiae</span> 
     </span>
    </p>
   </div>
   <div class='ocr_carea' id='block_1_69' title="bbox 688 5107 1271 5161">
    <p class='ocr_par' dir='ltr' id='par_1_69' title="bbox 688 5107 1271 5161">
     <span class='ocr_line' id='line_1_71' title="bbox 688 5107 1271 5161; baseline 0.003 -2"><span class='ocrx_word' id='word_1_434' title='bbox 688 5108 997 5160; x_wconf 82' lang='lat' dir='ltr'>nullatenus</span> <span class='ocrx_word' id='word_1_435' title='bbox 1034 5107 1271 5161; x_wconf 79' lang='lat' dir='ltr'>ordinet.</span> 
     </span>
    </p>
   </div>
   <div class='ocr_carea' id='block_1_70' title="bbox 202 5210 1836 5285">
    <p class='ocr_par' dir='ltr' id='par_1_70' title="bbox 202 5210 1836 5285">
     <span class='ocr_line' id='line_1_72' title="bbox 202 5210 1836 5285; baseline 0.003 -22"><span class='ocrx_word' id='word_1_436' title='bbox 202 5210 313 5275; x_wconf 69' lang='lat' dir='ltr'>(Ex</span> <span class='ocrx_word' id='word_1_437' title='bbox 368 5211 557 5265; x_wconf 87' lang='lat' dir='ltr'>concil.</span> <span class='ocrx_word' id='word_1_438' title='bbox 616 5212 944 5277; x_wconf 82' lang='lat' dir='ltr'>Parisiensi,</span> <span class='ocrx_word' id='word_1_439' title='bbox 997 5227 1119 5281; x_wconf 87' lang='lat' dir='ltr'>cap.</span> <span class='ocrx_word' id='word_1_440' title='bbox 1190 5213 1299 5282; x_wconf 86' lang='lat'>3&#39;2.)</span> <span class='ocrx_word' id='word_1_441' title='bbox 1359 5212 1669 5285; x_wconf 88' lang='lat' dir='ltr'>Episcopus</span> <span class='ocrx_word' id='word_1_442' title='bbox 1718 5230 1836 5269; x_wconf 91' lang='lat' dir='ltr'>non</span> 
     </span>
    </p>
   </div>
   <div class='ocr_carea' id='block_1_71' title="bbox 134 5298 1836 5372">
    <p class='ocr_par' dir='ltr' id='par_1_71' title="bbox 134 5298 1836 5372">
     <span class='ocr_line' id='line_1_73' title="bbox 134 5298 1836 5372; baseline 0.005 -24"><span class='ocrx_word' id='word_1_443' title='bbox 134 5298 437 5353; x_wconf 87' lang='lat' dir='ltr'>constituat</span> <span class='ocrx_word' id='word_1_444' title='bbox 486 5300 853 5370; x_wconf 80' lang='lat' dir='ltr'>presbyteros</span> <span class='ocrx_word' id='word_1_445' title='bbox 895 5304 993 5354; x_wconf 87' lang='lat' dir='ltr'>aut</span> <span class='ocrx_word' id='word_1_446' title='bbox 1024 5300 1294 5355; x_wconf 88' lang='lat' dir='ltr'>diaconos</span> <span class='ocrx_word' id='word_1_447' title='bbox 1339 5302 1505 5356; x_wconf 90' lang='lat' dir='ltr'>alteri</span> <span class='ocrx_word' id='word_1_448' title='bbox 1553 5302 1836 5372; x_wconf 87' lang='lat' dir='ltr'>subjectos</span> 
     </span>
    </p>
   </div>
   <div class='ocr_carea' id='block_1_72' title="bbox 134 5384 1833 5460">
    <p class='ocr_par' dir='ltr' id='par_1_72' title="bbox 134 5384 1833 5460">
     <span class='ocr_line' id='line_1_74' title="bbox 134 5384 1833 5460; baseline 0.005 -26"><span class='ocrx_word' id='word_1_449' title='bbox 134 5384 414 5457; x_wconf 85' lang='lat' dir='ltr'>episcOpo,</span> <span class='ocrx_word' id='word_1_450' title='bbox 470 5386 579 5440; x_wconf 77' lang='lat' dir='ltr'>nisi</span> <span class='ocrx_word' id='word_1_451' title='bbox 610 5387 757 5441; x_wconf 86' lang='lat' dir='ltr'>forte</span> <span class='ocrx_word' id='word_1_452' title='bbox 791 5403 922 5441; x_wconf 90' lang='lat' dir='ltr'>cum</span> <span class='ocrx_word' id='word_1_453' title='bbox 955 5388 1192 5441; x_wconf 88' lang='lat' dir='ltr'>consilio</span> <span class='ocrx_word' id='word_1_454' title='bbox 1224 5392 1281 5443; x_wconf 89' lang='lat' dir='ltr'>et</span> <span class='ocrx_word' id='word_1_455' title='bbox 1309 5389 1600 5445; x_wconf 88' lang='lat' dir='ltr'>voluntate</span> <span class='ocrx_word' id='word_1_456' title='bbox 1632 5390 1833 5460; x_wconf 87' lang='lat' dir='ltr'>ipsius.</span> 
     </span>
    </p>
   </div>
   <div class='ocr_carea' id='block_1_73' title="bbox 135 5469 1834 5548">
    <p class='ocr_par' dir='ltr' id='par_1_73' title="bbox 135 5469 1834 5548">
     <span class='ocr_line' id='line_1_75' title="bbox 135 5469 1834 5548; baseline 0.005 -24"><span class='ocrx_word' id='word_1_457' title='bbox 135 5469 188 5524; x_wconf 90' lang='lat' dir='ltr'>Si</span> <span class='ocrx_word' id='word_1_458' title='bbox 262 5475 390 5545; x_wconf 83' lang='lat' dir='ltr'>quis</span> <span class='ocrx_word' id='word_1_459' title='bbox 462 5480 655 5529; x_wconf 89' lang='lat' dir='ltr'>autem</span> <span class='ocrx_word' id='word_1_460' title='bbox 734 5476 849 5529; x_wconf 89' lang='lat' dir='ltr'>tale</span> <span class='ocrx_word' id='word_1_461' title='bbox 932 5476 1155 5547; x_wconf 89' lang='lat' dir='ltr'>aliquid</span> <span class='ocrx_word' id='word_1_462' title='bbox 1238 5493 1407 5548; x_wconf 86' lang='lat' dir='ltr'>agere</span> <span class='ocrx_word' id='word_1_463' title='bbox 1483 5479 1834 5548; x_wconf 86' lang='lat' dir='ltr'>tentaverit,</span> 
     </span>
    </p>
   </div>
   <div class='ocr_carea' id='block_1_74' title="bbox 138 5558 1835 5640">
    <p class='ocr_par' dir='ltr' id='par_1_74' title="bbox 138 5558 1835 5640">
     <span class='ocr_line' id='line_1_76' title="bbox 138 5558 1835 5640; baseline 0.006 -29"><span class='ocrx_word' id='word_1_464' title='bbox 138 5558 292 5615; x_wconf 85' lang='lat' dir='ltr'>irrita</span> <span class='ocrx_word' id='word_1_465' title='bbox 345 5563 419 5618; x_wconf 89' lang='lat' dir='ltr'>sit</span> <span class='ocrx_word' id='word_1_466' title='bbox 473 5564 599 5635; x_wconf 88' lang='lat' dir='ltr'>ejus</span> <span class='ocrx_word' id='word_1_467' title='bbox 647 5564 954 5633; x_wconf 84' lang='lat' dir='ltr'>ordinatio,</span> <span class='ocrx_word' id='word_1_468' title='bbox 1004 5569 1060 5619; x_wconf 92' lang='lat' dir='ltr'>et</span> <span class='ocrx_word' id='word_1_469' title='bbox 1106 5565 1228 5636; x_wconf 91' lang='lat' dir='ltr'>ipse</span> <span class='ocrx_word' id='word_1_470' title='bbox 1276 5573 1611 5623; x_wconf 77' lang='lat' dir='ltr'>coercentur</span> <span class='ocrx_word' id='word_1_471' title='bbox 1660 5584 1693 5622; x_wconf 92' lang='lat' dir='ltr'>a</span> <span class='ocrx_word' id='word_1_472' title='bbox 1738 5584 1835 5640; x_wconf 82' lang='lat' dir='ltr'>sy-</span> 
     </span>
    </p>
   </div>
   <div class='ocr_carea' id='block_1_75' title="bbox 139 5649 296 5705">
    <p class='ocr_par' dir='ltr' id='par_1_75' title="bbox 139 5649 296 5705">
     <span class='ocr_line' id='line_1_77' title="bbox 139 5649 296 5705; baseline 0.032 -5"><span class='ocrx_word' id='word_1_473' title='bbox 139 5649 296 5705; x_wconf 90' lang='lat' dir='ltr'>nodo.</span> 
     </span>
    </p>
   </div>
   <div class='ocr_carea' id='block_1_76' title="bbox 1934 1838 2980 1908">
    <p class='ocr_par' dir='ltr' id='par_1_76' title="bbox 1934 1838 2980 1908">
     <span class='ocr_line' id='line_1_78' title="bbox 1934 1838 2980 1908; baseline 0 -17"><span class='ocrx_word' id='word_1_474' title='bbox 1934 1838 2058 1908; x_wconf 89' lang='lat' dir='ltr'>jam</span> <span class='ocrx_word' id='word_1_475' title='bbox 2092 1838 2397 1892; x_wconf 86' lang='lat' dir='ltr'>damnatus</span> <span class='ocrx_word' id='word_1_476' title='bbox 2426 1853 2459 1890; x_wconf 91' lang='lat' dir='ltr'>a</span> <span class='ocrx_word' id='word_1_477' title='bbox 2489 1842 2685 1892; x_wconf 90' lang='lat' dir='ltr'>sancto</span> <span class='ocrx_word' id='word_1_478' title='bbox 2717 1838 2980 1892; x_wconf 91' lang='lat' dir='ltr'>concilio.</span> 
     </span>
    </p>
   </div>
   <div class='ocr_carea' id='block_1_77' title="bbox 1942 1941 3643 2009">
    <p class='ocr_par' dir='ltr' id='par_1_77' title="bbox 1942 1941 3643 2009">
     <span class='ocr_line' id='line_1_79' title="bbox 1942 1941 3643 2009; baseline -0.001 -14"><span class='ocrx_word' id='word_1_479' title='bbox 1942 1941 2051 1995; x_wconf 79' lang='lat' dir='ltr'>CAP</span> <span class='ocrx_word' id='word_1_480' title='bbox 2095 1941 2225 1996; x_wconf 85' lang='lat' dir='ltr'><strong>CIX.</strong></span> <span class='ocrx_word' id='word_1_481' title='bbox 2259 1971 2328 1980; x_wconf 73' lang='grc' dir='ltr'>ο-</span> <span class='ocrx_word' id='word_1_482' title='bbox 2374 1942 2450 1995; x_wconf 88' lang='lat' dir='ltr'>Ne</span> <span class='ocrx_word' id='word_1_483' title='bbox 2494 1942 2775 2009; x_wconf 86' lang='lat' dir='ltr'>episcopus</span> <span class='ocrx_word' id='word_1_484' title='bbox 2823 1941 3054 1996; x_wconf 85' lang='lat' dir='ltr'>alterius</span> <span class='ocrx_word' id='word_1_485' title='bbox 3098 1941 3347 1996; x_wconf 66' lang='lat' dir='ltr'>Ecclesia</span> <span class='ocrx_word' id='word_1_486' title='bbox 3392 1941 3643 1995; x_wconf 86' lang='lat' dir='ltr'>clericum</span> 
     </span>
    </p>
   </div>
   <div class='ocr_carea' id='block_1_78' title="bbox 2385 2011 3201 2066">
    <p class='ocr_par' dir='ltr' id='par_1_78' title="bbox 2385 2011 3201 2066">
     <span class='ocr_line' id='line_1_80' title="bbox 2385 2011 3201 2066; baseline 0 -1"><span class='ocrx_word' id='word_1_487' title='bbox 2385 2012 2646 2066; x_wconf 87' lang='lat' dir='ltr'>audacter</span> <span class='ocrx_word' id='word_1_488' title='bbox 2672 2011 2928 2065; x_wconf 76' lang='lat' dir='ltr'>invadere</span> <span class='ocrx_word' id='word_1_489' title='bbox 2958 2016 3201 2065; x_wconf 75' lang='lat' dir='ltr'>attentet.</span> 
     </span>
    </p>
   </div>
   <div class='ocr_carea' id='block_1_79' title="bbox 2012 2118 3648 2189">
    <p class='ocr_par' dir='ltr' id='par_1_79' title="bbox 2012 2118 3648 2189">
     <span class='ocr_line' id='line_1_81' title="bbox 2012 2118 3648 2189; baseline -0.002 -14"><span class='ocrx_word' id='word_1_490' title='bbox 2012 2119 2123 2175; x_wconf 79' lang='lat' dir='ltr'>(Ea:</span> <span class='ocrx_word' id='word_1_491' title='bbox 2178 2119 2363 2173; x_wconf 89' lang='lat' dir='ltr'>concil.</span> <span class='ocrx_word' id='word_1_492' title='bbox 2424 2120 2664 2180; x_wconf 58' lang='lat' dir='ltr'>Niceno,</span> <span class='ocrx_word' id='word_1_493' title='bbox 2716 2134 2835 2186; x_wconf 85' lang='lat' dir='ltr'>cap.</span> <span class='ocrx_word' id='word_1_494' title='bbox 2900 2118 3010 2185; x_wconf 84' lang='lat' dir='ltr'>l6.)</span> <span class='ocrx_word' id='word_1_495' title='bbox 3057 2118 3113 2172; x_wconf 88' lang='lat' dir='ltr'>Si</span> <span class='ocrx_word' id='word_1_496' title='bbox 3170 2118 3299 2188; x_wconf 90' lang='lat' dir='ltr'>quis</span> <span class='ocrx_word' id='word_1_497' title='bbox 3345 2118 3648 2189; x_wconf 88' lang='lat' dir='ltr'>episcopus</span> 
     </span>
    </p>
   </div>
   <div class='ocr_carea' id='block_1_80' title="bbox 1942 2206 3646 2277">
    <p class='ocr_par' dir='ltr' id='par_1_80' title="bbox 1942 2206 3646 2277">
     <span class='ocr_line' id='line_1_82' title="bbox 1942 2206 3646 2277; baseline -0.001 -17"><span class='ocrx_word' id='word_1_498' title='bbox 1942 2206 2214 2261; x_wconf 89' lang='lat' dir='ltr'>clericum</span> <span class='ocrx_word' id='word_1_499' title='bbox 2261 2207 2331 2260; x_wconf 88' lang='lat' dir='ltr'>ad</span> <span class='ocrx_word' id='word_1_500' title='bbox 2380 2206 2559 2260; x_wconf 90' lang='lat' dir='ltr'>alium</span> <span class='ocrx_word' id='word_1_501' title='bbox 2609 2207 2996 2277; x_wconf 89' lang='lat' dir='ltr'>pertinentem</span> <span class='ocrx_word' id='word_1_502' title='bbox 3046 2207 3316 2261; x_wconf 85' lang='lat' dir='ltr'>audacter</span> <span class='ocrx_word' id='word_1_503' title='bbox 3356 2207 3646 2269; x_wconf 87' lang='lat' dir='ltr'>invadere,</span> 
     </span>
    </p>
   </div>
   <div class='ocr_carea' id='block_1_81' title="bbox 1943 2294 3646 2361">
    <p class='ocr_par' dir='ltr' id='par_1_81' title="bbox 1943 2294 3646 2361">
     <span class='ocr_line' id='line_1_83' title="bbox 1943 2294 3646 2361; baseline -0.001 -12"><span class='ocrx_word' id='word_1_504' title='bbox 1943 2301 1998 2349; x_wconf 92' lang='lat' dir='ltr'>et</span> <span class='ocrx_word' id='word_1_505' title='bbox 2050 2296 2111 2349; x_wconf 91' lang='lat' dir='ltr'>in</span> <span class='ocrx_word' id='word_1_506' title='bbox 2166 2312 2268 2349; x_wconf 89' lang='lat' dir='ltr'>sua</span> <span class='ocrx_word' id='word_1_507' title='bbox 2322 2295 2569 2348; x_wconf 84' lang='lat' dir='ltr'>Ecclesia</span> <span class='ocrx_word' id='word_1_508' title='bbox 2622 2296 2891 2349; x_wconf 87' lang='lat' dir='ltr'>ordinare</span> <span class='ocrx_word' id='word_1_509' title='bbox 2947 2294 3271 2361; x_wconf 88' lang='lat' dir='ltr'>tentaverit,</span> <span class='ocrx_word' id='word_1_510' title='bbox 3330 2312 3447 2349; x_wconf 90' lang='lat' dir='ltr'>non</span> <span class='ocrx_word' id='word_1_511' title='bbox 3506 2312 3646 2349; x_wconf 90' lang='lat' dir='ltr'>con-</span> 
     </span>
    </p>
   </div>
   <div class='ocr_carea' id='block_1_82' title="bbox 1943 2383 3647 2454">
    <p class='ocr_par' dir='ltr' id='par_1_82' title="bbox 1943 2383 3647 2454">
     <span class='ocr_line' id='line_1_84' title="bbox 1943 2383 3647 2454; baseline 0 -17"><span class='ocrx_word' id='word_1_512' title='bbox 1943 2384 2224 2438; x_wconf 91' lang='lat' dir='ltr'>sentiente</span> <span class='ocrx_word' id='word_1_513' title='bbox 2281 2384 2550 2454; x_wconf 90' lang='lat' dir='ltr'>episcopo</span> <span class='ocrx_word' id='word_1_514' title='bbox 2600 2400 2632 2437; x_wconf 89' lang='lat' dir='ltr'>a</span> <span class='ocrx_word' id='word_1_515' title='bbox 2681 2400 2794 2454; x_wconf 92' lang='lat' dir='ltr'>quo</span> <span class='ocrx_word' id='word_1_516' title='bbox 2850 2383 3128 2448; x_wconf 89' lang='lat' dir='ltr'>discessit,</span> <span class='ocrx_word' id='word_1_517' title='bbox 3189 2383 3235 2436; x_wconf 91' lang='lat' dir='ltr'>is</span> <span class='ocrx_word' id='word_1_518' title='bbox 3284 2384 3385 2454; x_wconf 90' lang='lat' dir='ltr'>qui</span> <span class='ocrx_word' id='word_1_519' title='bbox 3432 2384 3647 2454; x_wconf 68' lang='lat' dir='ltr'>regulae</span> 
     </span>
    </p>
   </div>
   <div class='ocr_carea' id='block_1_83' title="bbox 1944 2471 3648 2543">
    <p class='ocr_par' dir='ltr' id='par_1_83' title="bbox 1944 2471 3648 2543">
     <span class='ocr_line' id='line_1_85' title="bbox 1944 2471 3648 2543; baseline -0.001 -17"><span class='ocrx_word' id='word_1_520' title='bbox 1944 2472 2335 2542; x_wconf 87' lang='lat' dir='ltr'>mancipatur,</span> <span class='ocrx_word' id='word_1_521' title='bbox 2405 2471 2693 2526; x_wconf 90' lang='lat' dir='ltr'>ordinatio</span> <span class='ocrx_word' id='word_1_522' title='bbox 2762 2471 3098 2541; x_wconf 85' lang='lat' dir='ltr'>hujusmodi</span> <span class='ocrx_word' id='word_1_523' title='bbox 3160 2471 3321 2526; x_wconf 87' lang='lat' dir='ltr'>irrita</span> <span class='ocrx_word' id='word_1_524' title='bbox 3385 2488 3648 2543; x_wconf 88' lang='lat' dir='ltr'>compro-</span> 
     </span>
    </p>
   </div>
   <div class='ocr_carea' id='block_1_84' title="bbox 1946 2561 2134 2615">
    <p class='ocr_par' dir='ltr' id='par_1_84' title="bbox 1946 2561 2134 2615">
     <span class='ocr_line' id='line_1_86' title="bbox 1946 2561 2134 2615; baseline -0.011 0"><span class='ocrx_word' id='word_1_525' title='bbox 1946 2561 2134 2615; x_wconf 90' lang='lat' dir='ltr'>betur.</span> 
     </span>
    </p>
   </div>
   <div class='ocr_carea' id='block_1_85' title="bbox 1946 2666 3646 2789">
    <p class='ocr_par' dir='ltr' id='par_1_85' title="bbox 1946 2666 3646 2789">
     <span class='ocr_line' id='line_1_87' title="bbox 1946 2666 3646 2789; baseline 0.003 -73"><span class='ocrx_word' id='word_1_526' title='bbox 1946 2666 2074 2720; x_wconf 75' lang='lat' dir='ltr'>CAP.</span> <span class='ocrx_word' id='word_1_527' title='bbox 2117 2666 2220 2720; x_wconf 84' lang='lat' dir='ltr'><strong>CX.</strong></span> <span class='ocrx_word' id='word_1_528' title='bbox 2269 2694 2333 2705; x_wconf 97' lang='lat'><strong><em>—</em></strong></span> <span class='ocrx_word' id='word_1_529' title='bbox 2381 2668 2459 2720; x_wconf 90' lang='lat' dir='ltr'>De</span> <span class='ocrx_word' id='word_1_530' title='bbox 2499 2681 2606 2719; x_wconf 88' lang='lat' dir='ltr'>non</span> <span class='ocrx_word' id='word_1_531' title='bbox 2638 2666 3034 2789; x_wconf 65' lang='lat' dir='ltr'>przsbumendis</span> <span class='ocrx_word' id='word_1_532' title='bbox 3078 2668 3290 2721; x_wconf 88' lang='lat' dir='ltr'>illicitis</span> <span class='ocrx_word' id='word_1_533' title='bbox 3340 2667 3646 2722; x_wconf 84' lang='lat' dir='ltr'>ordinatio-</span> 
     </span>
     <span class='ocr_line' id='line_1_88' title="bbox 2706 2752 2884 2789; baseline 0 0"><span class='ocrx_word' id='word_1_534' title='bbox 2706 2754 2762 2789; x_wconf 68' lang='grc' dir='ltr'>ηπ</span> <span class='ocrx_word' id='word_1_535' title='bbox 2802 2752 2884 2789; x_wconf 90' lang='lat' dir='ltr'>us.</span> 
     </span>
    </p>
   </div>
   <div class='ocr_carea' id='block_1_86' title="bbox 2706 2752 2884 2791">
    <p class='ocr_par' dir='ltr' id='par_1_86' title="bbox 2706 2752 2884 2791">
     <span class='ocr_line' id='line_1_89' title="bbox 2706 2752 2884 2791; baseline 0.006 -1"><span class='ocrx_word' id='word_1_536' title='bbox 2706 2752 2884 2791; x_wconf 87' lang='lat' dir='ltr'>mous.</span> 
     </span>
    </p>
   </div>
   <div class='ocr_carea' id='block_1_87' title="bbox 2017 2824 3649 2894">
    <p class='ocr_par' dir='ltr' id='par_1_87' title="bbox 2017 2824 3649 2894">
     <span class='ocr_line' id='line_1_90' title="bbox 2017 2824 3649 2894; baseline 0.001 -16"><span class='ocrx_word' id='word_1_537' title='bbox 2017 2824 2127 2893; x_wconf 80' lang='lat' dir='ltr'>(Ea:</span> <span class='ocrx_word' id='word_1_538' title='bbox 2168 2826 2325 2892; x_wconf 89' lang='lat' dir='ltr'>epist.</span> <span class='ocrx_word' id='word_1_539' title='bbox 2352 2824 2626 2893; x_wconf 82' lang='lat' dir='ltr'>Simplicii</span> <span class='ocrx_word' id='word_1_540' title='bbox 2650 2840 2784 2893; x_wconf 89' lang='lat' dir='ltr'>pap.</span> <span class='ocrx_word' id='word_1_541' title='bbox 2818 2827 2990 2879; x_wconf 80' lang='lat' dir='ltr'>missa</span> <span class='ocrx_word' id='word_1_542' title='bbox 3018 2827 3241 2894; x_wconf 83' lang='lat' dir='ltr'>Equitio</span> <span class='ocrx_word' id='word_1_543' title='bbox 3279 2828 3568 2893; x_wconf 81' lang='lat' dir='ltr'>Florentio,</span> <span class='ocrx_word' id='word_1_544' title='bbox 3600 2832 3649 2880; x_wconf 91' lang='lat' dir='ltr'>et</span> 
     </span>
    </p>
   </div>
   <div class='ocr_carea' id='block_1_88' title="bbox 1948 2912 3650 2982">
    <p class='ocr_par' dir='ltr' id='par_1_88' title="bbox 1948 2912 3650 2982">
     <span class='ocr_line' id='line_1_91' title="bbox 1948 2912 3650 2982; baseline 0.001 -15"><span class='ocrx_word' id='word_1_545' title='bbox 1948 2914 2097 2967; x_wconf 85' lang='lat' dir='ltr'>Seve.</span> <span class='ocrx_word' id='word_1_546' title='bbox 2146 2913 2307 2981; x_wconf 84' lang='lat' dir='ltr'>epist.</span> <span class='ocrx_word' id='word_1_547' title='bbox 2360 2926 2485 2982; x_wconf 87' lang='lat' dir='ltr'>cap.</span> <span class='ocrx_word' id='word_1_548' title='bbox 2548 2912 2618 2981; x_wconf 91' lang='lat' dir='ltr'>I.)</span> <span class='ocrx_word' id='word_1_549' title='bbox 2671 2912 2889 2967; x_wconf 85' lang='lat' dir='ltr'>Relatio</span> <span class='ocrx_word' id='word_1_550' title='bbox 2946 2928 3052 2967; x_wconf 90' lang='lat' dir='ltr'>nos</span> <span class='ocrx_word' id='word_1_551' title='bbox 3095 2919 3295 2967; x_wconf 68' lang='lat' dir='ltr'>vestrm</span> <span class='ocrx_word' id='word_1_552' title='bbox 3328 2914 3650 2969; x_wconf 86' lang='lat' dir='ltr'>dilectionis</span> 
     </span>
    </p>
   </div>
   <div class='ocr_carea' id='block_1_89' title="bbox 1948 3000 3648 3071">
    <p class='ocr_par' dir='ltr' id='par_1_89' title="bbox 1948 3000 3648 3071">
     <span class='ocr_line' id='line_1_92' title="bbox 1948 3000 3648 3071; baseline 0.002 -18"><span class='ocrx_word' id='word_1_553' title='bbox 1948 3000 2237 3066; x_wconf 82' lang='lat' dir='ltr'>instruxit,</span> <span class='ocrx_word' id='word_1_554' title='bbox 2316 3004 2375 3054; x_wconf 92' lang='lat' dir='ltr'>et</span> <span class='ocrx_word' id='word_1_555' title='bbox 2437 3005 2730 3069; x_wconf 89' lang='lat' dir='ltr'>gestorum</span> <span class='ocrx_word' id='word_1_556' title='bbox 2798 3000 2974 3055; x_wconf 88' lang='lat' dir='ltr'>series</span> <span class='ocrx_word' id='word_1_557' title='bbox 3038 3002 3269 3071; x_wconf 89' lang='lat' dir='ltr'>plenius</span> <span class='ocrx_word' id='word_1_558' title='bbox 3337 3002 3648 3071; x_wconf 90' lang='lat' dir='ltr'>intimavit,</span> 
     </span>
    </p>
   </div>
   <div class='ocr_carea' id='block_1_90' title="bbox 1873 3079 3651 3145">
    <p class='ocr_par' dir='ltr' id='par_1_90' title="bbox 1873 3079 3651 3145">
     <span class='ocr_line' id='line_1_93' title="bbox 1873 3079 3651 3145; baseline 0.001 -2"><span class='ocrx_word' id='word_1_559' title='bbox 1873 3079 1912 3133; x_wconf 75' lang='grc' dir='ltr'><strong>Ο</strong></span> <span class='ocrx_word' id='word_1_560' title='bbox 1951 3088 2330 3143; x_wconf 86' lang='lat' dir='ltr'>Gaudentium</span> <span class='ocrx_word' id='word_1_561' title='bbox 2375 3088 2701 3143; x_wconf 84' lang='lat' dir='ltr'>0ftiniensis</span> <span class='ocrx_word' id='word_1_562' title='bbox 2749 3089 3008 3143; x_wconf 66' lang='lat' dir='ltr'>Ecclesiae</span> <span class='ocrx_word' id='word_1_563' title='bbox 3055 3090 3404 3144; x_wconf 91' lang='lat' dir='ltr'>sacerdotem</span> <span class='ocrx_word' id='word_1_564' title='bbox 3449 3097 3651 3145; x_wconf 89' lang='lat' dir='ltr'>contra</span> 
     </span>
    </p>
   </div>
   <div class='ocr_carea' id='block_1_91' title="bbox 1948 3180 3651 3249">
    <p class='ocr_par' dir='ltr' id='par_1_91' title="bbox 1948 3180 3651 3249">
     <span class='ocr_line' id='line_1_94' title="bbox 1948 3180 3651 3249; baseline 0.002 -18"><span class='ocrx_word' id='word_1_565' title='bbox 1948 3182 2161 3232; x_wconf 88' lang='lat' dir='ltr'>statuta</span> <span class='ocrx_word' id='word_1_566' title='bbox 2216 3193 2502 3231; x_wconf 91' lang='lat' dir='ltr'>canonum</span> <span class='ocrx_word' id='word_1_567' title='bbox 2561 3194 2624 3231; x_wconf 90' lang='lat' dir='ltr'>ac</span> <span class='ocrx_word' id='word_1_568' title='bbox 2674 3183 2866 3232; x_wconf 90' lang='lat' dir='ltr'>nostra</span> <span class='ocrx_word' id='word_1_569' title='bbox 2924 3184 3209 3249; x_wconf 66' lang='lat' dir='ltr'>praecepta</span> <span class='ocrx_word' id='word_1_570' title='bbox 3260 3180 3651 3234; x_wconf 89' lang='lat' dir='ltr'>ordinationes</span> 
     </span>
    </p>
   </div>
   <div class='ocr_carea' id='block_1_92' title="bbox 1947 3266 3652 3339">
    <p class='ocr_par' dir='ltr' id='par_1_92' title="bbox 1947 3266 3652 3339">
     <span class='ocr_line' id='line_1_95' title="bbox 1947 3266 3652 3339; baseline 0.002 -20"><span class='ocrx_word' id='word_1_571' title='bbox 1947 3266 2176 3320; x_wconf 90' lang='lat' dir='ltr'>illicitas</span> <span class='ocrx_word' id='word_1_572' title='bbox 2241 3271 2620 3336; x_wconf 88' lang='lat' dir='ltr'>perpetrasse.</span> <span class='ocrx_word' id='word_1_573' title='bbox 2699 3267 2955 3331; x_wconf 88' lang='lat' dir='ltr'>Quarum</span> <span class='ocrx_word' id='word_1_574' title='bbox 3027 3267 3109 3320; x_wconf 91' lang='lat' dir='ltr'>illi</span> <span class='ocrx_word' id='word_1_575' title='bbox 3180 3272 3355 3322; x_wconf 86' lang='lat' dir='ltr'>totam</span> <span class='ocrx_word' id='word_1_576' title='bbox 3422 3268 3652 3339; x_wconf 90' lang='lat' dir='ltr'>penitus</span> 
     </span>
    </p>
   </div>
   <div class='ocr_carea' id='block_1_93' title="bbox 1947 3354 3650 3426">
    <p class='ocr_par' dir='ltr' id='par_1_93' title="bbox 1947 3354 3650 3426">
     <span class='ocr_line' id='line_1_96' title="bbox 1947 3354 3650 3426; baseline 0.001 -18"><span class='ocrx_word' id='word_1_577' title='bbox 1947 3354 2162 3409; x_wconf 84' lang='lat' dir='ltr'>auferri</span> <span class='ocrx_word' id='word_1_578' title='bbox 2213 3355 2581 3425; x_wconf 68' lang='lat' dir='ltr'>praecipimus</span> <span class='ocrx_word' id='word_1_579' title='bbox 2612 3360 2972 3426; x_wconf 90' lang='lat' dir='ltr'>potestatem.</span> <span class='ocrx_word' id='word_1_580' title='bbox 3024 3355 3366 3425; x_wconf 87' lang='lat' dir='ltr'>Scripsimns</span> <span class='ocrx_word' id='word_1_581' title='bbox 3397 3357 3548 3410; x_wconf 89' lang='lat' dir='ltr'>enim</span> <span class='ocrx_word' id='word_1_582' title='bbox 3581 3358 3650 3410; x_wconf 90' lang='lat' dir='ltr'>ad</span> 
     </span>
    </p>
   </div>
   <div class='ocr_carea' id='block_1_94' title="bbox 1947 3444 3651 3516">
    <p class='ocr_par' dir='ltr' id='par_1_94' title="bbox 1947 3444 3651 3516">
     <span class='ocr_line' id='line_1_97' title="bbox 1947 3444 3651 3516; baseline 0 -17"><span class='ocrx_word' id='word_1_583' title='bbox 1947 3444 2219 3499; x_wconf 91' lang='lat' dir='ltr'>Severum</span> <span class='ocrx_word' id='word_1_584' title='bbox 2272 3444 2507 3498; x_wconf 86' lang='lat' dir='ltr'>fratrem</span> <span class='ocrx_word' id='word_1_585' title='bbox 2560 3448 2616 3498; x_wconf 90' lang='lat' dir='ltr'>et</span> <span class='ocrx_word' id='word_1_586' title='bbox 2666 3445 3063 3516; x_wconf 90' lang='lat' dir='ltr'>coepiscopum</span> <span class='ocrx_word' id='word_1_587' title='bbox 3128 3451 3410 3511; x_wconf 88' lang='lat' dir='ltr'>nostrum,</span> <span class='ocrx_word' id='word_1_588' title='bbox 3463 3450 3545 3511; x_wconf 89' lang='lat' dir='ltr'>ut,</span> <span class='ocrx_word' id='word_1_589' title='bbox 3606 3446 3651 3499; x_wconf 91' lang='lat' dir='ltr'>si</span> 
     </span>
    </p>
   </div>
   <div class='ocr_carea' id='block_1_95' title="bbox 1946 3532 3647 3603">
    <p class='ocr_par' dir='ltr' id='par_1_95' title="bbox 1946 3532 3647 3603">
     <span class='ocr_line' id='line_1_98' title="bbox 1946 3532 3647 3603; baseline 0.002 -19"><span class='ocrx_word' id='word_1_590' title='bbox 1946 3546 2175 3585; x_wconf 85' lang='lat' dir='ltr'>necesse</span> <span class='ocrx_word' id='word_1_591' title='bbox 2228 3532 2418 3596; x_wconf 90' lang='lat' dir='ltr'>fuerit,</span> <span class='ocrx_word' id='word_1_592' title='bbox 2468 3532 2588 3602; x_wconf 89' lang='lat' dir='ltr'>ipse</span> <span class='ocrx_word' id='word_1_593' title='bbox 2636 3532 2696 3586; x_wconf 92' lang='lat' dir='ltr'>in</span> <span class='ocrx_word' id='word_1_594' title='bbox 2744 3533 3077 3603; x_wconf 88' lang='lat' dir='ltr'>supradicta</span> <span class='ocrx_word' id='word_1_595' title='bbox 3132 3534 3399 3598; x_wconf 88' lang='lat' dir='ltr'>Ecclesia,</span> <span class='ocrx_word' id='word_1_596' title='bbox 3459 3535 3647 3588; x_wconf 89' lang='lat' dir='ltr'>consi-</span> 
     </span>
    </p>
   </div>
   <div class='ocr_carea' id='block_1_96' title="bbox 1943 3620 3650 3692">
    <p class='ocr_par' dir='ltr' id='par_1_96' title="bbox 1943 3620 3650 3692">
     <span class='ocr_line' id='line_1_99' title="bbox 1943 3620 3650 3692; baseline 0.003 -20"><span class='ocrx_word' id='word_1_597' title='bbox 1943 3620 2155 3673; x_wconf 89' lang='lat' dir='ltr'>deratis</span> <span class='ocrx_word' id='word_1_598' title='bbox 2215 3622 2447 3674; x_wconf 87' lang='lat' dir='ltr'>Patrum</span> <span class='ocrx_word' id='word_1_599' title='bbox 2504 3620 2737 3690; x_wconf 88' lang='lat' dir='ltr'>regulis,</span> <span class='ocrx_word' id='word_1_600' title='bbox 2804 3622 2911 3675; x_wconf 94' lang='lat' dir='ltr'>hoc</span> <span class='ocrx_word' id='word_1_601' title='bbox 2962 3622 3239 3691; x_wconf 89' lang='lat' dir='ltr'>fungatur</span> <span class='ocrx_word' id='word_1_602' title='bbox 3288 3623 3475 3677; x_wconf 87' lang='lat' dir='ltr'>ofticio</span> <span class='ocrx_word' id='word_1_603' title='bbox 3535 3638 3650 3692; x_wconf 89' lang='lat' dir='ltr'>quo</span> 
     </span>
    </p>
   </div>
   <div class='ocr_carea' id='block_1_97' title="bbox 1943 3706 3652 3780">
    <p class='ocr_par' dir='ltr' id='par_1_97' title="bbox 1943 3706 3652 3780">
     <span class='ocr_line' id='line_1_100' title="bbox 1943 3706 3652 3780; baseline 0.002 -19"><span class='ocrx_word' id='word_1_604' title='bbox 1943 3706 2042 3761; x_wconf 88' lang='lat' dir='ltr'>ille</span> <span class='ocrx_word' id='word_1_605' title='bbox 2092 3707 2301 3761; x_wconf 90' lang='lat' dir='ltr'>abusus</span> <span class='ocrx_word' id='word_1_606' title='bbox 2350 3724 2474 3761; x_wconf 89' lang='lat' dir='ltr'>esse</span> <span class='ocrx_word' id='word_1_607' title='bbox 2520 3709 2817 3763; x_wconf 90' lang='lat' dir='ltr'>convictus</span> <span class='ocrx_word' id='word_1_608' title='bbox 2849 3714 2935 3763; x_wconf 74' lang='lat' dir='ltr'>est</span> <span class='ocrx_word' id='word_1_609' title='bbox 2968 3725 2981 3762; x_wconf 91' lang='lat'><strong><em>:</em></strong></span> <span class='ocrx_word' id='word_1_610' title='bbox 3012 3709 3089 3763; x_wconf 87' lang='lat' dir='ltr'>ita</span> <span class='ocrx_word' id='word_1_611' title='bbox 3120 3715 3185 3763; x_wconf 89' lang='lat' dir='ltr'>ut</span> <span class='ocrx_word' id='word_1_612' title='bbox 3216 3709 3273 3763; x_wconf 91' lang='lat' dir='ltr'>hi</span> <span class='ocrx_word' id='word_1_613' title='bbox 3326 3710 3425 3780; x_wconf 90' lang='lat' dir='ltr'>qui</span> <span class='ocrx_word' id='word_1_614' title='bbox 3458 3710 3652 3765; x_wconf 83' lang='lat' dir='ltr'>illicita</span> 
     </span>
    </p>
   </div>
   <div class='ocr_carea' id='block_1_98' title="bbox 1945 3796 3652 3868">
    <p class='ocr_par' dir='ltr' id='par_1_98' title="bbox 1945 3796 3652 3868">
     <span class='ocr_line' id='line_1_101' title="bbox 1945 3796 3652 3868; baseline 0.001 -18"><span class='ocrx_word' id='word_1_615' title='bbox 1945 3798 2015 3851; x_wconf 90' lang='lat' dir='ltr'>ab</span> <span class='ocrx_word' id='word_1_616' title='bbox 2047 3796 2249 3851; x_wconf 90' lang='lat' dir='ltr'>eodem</span> <span class='ocrx_word' id='word_1_617' title='bbox 2281 3802 2415 3852; x_wconf 87' lang='lat' dir='ltr'>sunt</span> <span class='ocrx_word' id='word_1_618' title='bbox 2459 3797 2733 3868; x_wconf 89' lang='lat' dir='ltr'>provecti,</span> <span class='ocrx_word' id='word_1_619' title='bbox 2766 3798 2837 3852; x_wconf 88' lang='lat' dir='ltr'>ab</span> <span class='ocrx_word' id='word_1_620' title='bbox 2880 3797 3285 3853; x_wconf 87' lang='lat' dir='ltr'>Ecclesiasticis</span> <span class='ocrx_word' id='word_1_621' title='bbox 3317 3799 3652 3853; x_wconf 87' lang='lat' dir='ltr'>ministeriis</span> 
     </span>
    </p>
   </div>
   <div class='ocr_carea' id='block_1_99' title="bbox 1943 3885 2314 3940">
    <p class='ocr_par' dir='ltr' id='par_1_99' title="bbox 1943 3885 2314 3940">
     <span class='ocr_line' id='line_1_102' title="bbox 1943 3885 2314 3940; baseline 0.003 -1"><span class='ocrx_word' id='word_1_622' title='bbox 1943 3885 2149 3939; x_wconf 90' lang='lat' dir='ltr'>remoti</span> <span class='ocrx_word' id='word_1_623' title='bbox 2181 3886 2314 3940; x_wconf 89' lang='lat' dir='ltr'>sint.</span> 
     </span>
    </p>
   </div>
   <div class='ocr_carea' id='block_1_100' title="bbox 1945 3990 3648 4062">
    <p class='ocr_par' dir='ltr' id='par_1_100' title="bbox 1945 3990 3648 4062">
     <span class='ocr_line' id='line_1_103' title="bbox 1945 3990 3648 4062; baseline 0.001 -16"><span class='ocrx_word' id='word_1_624' title='bbox 1945 3992 2071 4046; x_wconf 81' lang='lat' dir='ltr'>CAP.</span> <span class='ocrx_word' id='word_1_625' title='bbox 2108 3990 2237 4045; x_wconf 76' lang='lat' dir='ltr'><strong>CXI.</strong></span> <span class='ocrx_word' id='word_1_626' title='bbox 2288 4019 2361 4032; x_wconf 91' lang='lat'><strong>—</strong></span> <span class='ocrx_word' id='word_1_627' title='bbox 2407 3993 2482 4045; x_wconf 88' lang='lat' dir='ltr'>De</span> <span class='ocrx_word' id='word_1_628' title='bbox 2511 3994 2759 4061; x_wconf 84' lang='lat' dir='ltr'>episcopo</span> <span class='ocrx_word' id='word_1_629' title='bbox 2807 4007 2937 4046; x_wconf 69' lang='lat' dir='ltr'>caeco</span> <span class='ocrx_word' id='word_1_630' title='bbox 2977 3993 3092 4060; x_wconf 81' lang='lat' dir='ltr'>qui,</span> <span class='ocrx_word' id='word_1_631' title='bbox 3126 4006 3223 4060; x_wconf 87' lang='lat' dir='ltr'>per</span> <span class='ocrx_word' id='word_1_632' title='bbox 3267 3992 3648 4062; x_wconf 82' lang='lat' dir='ltr'>presbyterum</span> 
     </span>
    </p>
   </div>
   <div class='ocr_carea' id='block_1_101' title="bbox 2040 4062 3548 4133">
    <p class='ocr_par' dir='ltr' id='par_1_101' title="bbox 2040 4062 3548 4133">
     <span class='ocr_line' id='line_1_104' title="bbox 2040 4062 3548 4133; baseline 0.003 -18"><span class='ocrx_word' id='word_1_633' title='bbox 2040 4077 2219 4130; x_wconf 90' lang='lat' dir='ltr'>suum,</span> <span class='ocrx_word' id='word_1_634' title='bbox 2248 4062 2626 4133; x_wconf 86' lang='lat' dir='ltr'>presbyterum</span> <span class='ocrx_word' id='word_1_635' title='bbox 2652 4069 2701 4117; x_wconf 88' lang='lat' dir='ltr'>et</span> <span class='ocrx_word' id='word_1_636' title='bbox 2733 4063 2986 4117; x_wconf 85' lang='lat' dir='ltr'>diaconos</span> <span class='ocrx_word' id='word_1_637' title='bbox 3008 4063 3141 4117; x_wconf 87' lang='lat' dir='ltr'>duos</span> <span class='ocrx_word' id='word_1_638' title='bbox 3178 4065 3548 4119; x_wconf 85' lang='lat' dir='ltr'>ordinaverat.</span> 
     </span>
    </p>
   </div>
   <div class='ocr_carea' id='block_1_102' title="bbox 2016 4150 3651 4225">
    <p class='ocr_par' dir='ltr' id='par_1_102' title="bbox 2016 4150 3651 4225">
     <span class='ocr_line' id='line_1_105' title="bbox 2016 4150 3651 4225; baseline 0.001 -20"><span class='ocrx_word' id='word_1_639' title='bbox 2016 4150 2124 4221; x_wconf 71' lang='lat' dir='ltr'>(Ex</span> <span class='ocrx_word' id='word_1_640' title='bbox 2185 4152 2372 4207; x_wconf 86' lang='lat' dir='ltr'>concil.</span> <span class='ocrx_word' id='word_1_641' title='bbox 2433 4154 2697 4220; x_wconf 91' lang='lat' dir='ltr'>Bragga.,</span> <span class='ocrx_word' id='word_1_642' title='bbox 2765 4169 2886 4222; x_wconf 89' lang='lat' dir='ltr'>cap.</span> <span class='ocrx_word' id='word_1_643' title='bbox 2955 4152 3037 4220; x_wconf 81' lang='grc'>5.)</span> <span class='ocrx_word' id='word_1_644' title='bbox 3109 4153 3195 4207; x_wconf 84' lang='lat' dir='ltr'>Ad</span> <span class='ocrx_word' id='word_1_645' title='bbox 3261 4153 3651 4225; x_wconf 90' lang='lat' dir='ltr'>cognitionem</span> 
     </span>
    </p>
   </div>
   <div class='ocr_carea' id='block_1_103' title="bbox 1944 4239 3657 4312">
    <p class='ocr_par' dir='ltr' id='par_1_103' title="bbox 1944 4239 3657 4312">
     <span class='ocr_line' id='line_1_106' title="bbox 1944 4239 3657 4312; baseline 0.002 -19"><span class='ocrx_word' id='word_1_646' title='bbox 1944 4239 2123 4293; x_wconf 89' lang='lat' dir='ltr'>nostri</span> <span class='ocrx_word' id='word_1_647' title='bbox 2166 4240 2445 4294; x_wconf 90' lang='lat' dir='ltr'>examinis</span> <span class='ocrx_word' id='word_1_648' title='bbox 2497 4241 2804 4295; x_wconf 89' lang='lat' dir='ltr'>Gabrensis</span> <span class='ocrx_word' id='word_1_649' title='bbox 2863 4241 3089 4295; x_wconf 88' lang='lat' dir='ltr'>diaconi</span> <span class='ocrx_word' id='word_1_650' title='bbox 3148 4242 3333 4295; x_wconf 89' lang='lat' dir='ltr'>relatu</span> <span class='ocrx_word' id='word_1_651' title='bbox 3394 4243 3657 4312; x_wconf 90' lang='lat' dir='ltr'>pervenit</span> 
     </span>
    </p>
   </div>
   <div class='ocr_carea' id='block_1_104' title="bbox 1866 4325 3652 4420">
    <p class='ocr_par' dir='ltr' id='par_1_104' title="bbox 1866 4325 3652 4420">
     <span class='ocr_line' id='line_1_107' title="bbox 1866 4325 3652 4420; baseline 0.002 -41"><span class='ocrx_word' id='word_1_652' title='bbox 1866 4367 1908 4420; x_wconf 66' lang='grc' dir='ltr'>Β</span> <span class='ocrx_word' id='word_1_653' title='bbox 1947 4326 2015 4379; x_wconf 89' lang='lat' dir='ltr'>de</span> <span class='ocrx_word' id='word_1_654' title='bbox 2048 4325 2395 4397; x_wconf 91' lang='lat' dir='ltr'>quibusdam</span> <span class='ocrx_word' id='word_1_655' title='bbox 2438 4326 2623 4396; x_wconf 90' lang='lat' dir='ltr'>ipsius</span> <span class='ocrx_word' id='word_1_656' title='bbox 2655 4327 2917 4381; x_wconf 61' lang='lat' dir='ltr'>Ecclesiae</span> <span class='ocrx_word' id='word_1_657' title='bbox 2947 4327 3188 4393; x_wconf 88' lang='lat' dir='ltr'>clericis,</span> <span class='ocrx_word' id='word_1_658' title='bbox 3221 4344 3468 4399; x_wconf 89' lang='lat' dir='ltr'>quorum</span> <span class='ocrx_word' id='word_1_659' title='bbox 3514 4331 3652 4383; x_wconf 89' lang='lat' dir='ltr'>dum</span> 
     </span>
    </p>
   </div>
   <div class='ocr_carea' id='block_1_105' title="bbox 1947 4414 3651 4486">
    <p class='ocr_par' dir='ltr' id='par_1_105' title="bbox 1947 4414 3651 4486">
     <span class='ocr_line' id='line_1_108' title="bbox 1947 4414 3651 4486; baseline 0.002 -19"><span class='ocrx_word' id='word_1_660' title='bbox 1947 4430 2097 4469; x_wconf 88' lang='lat' dir='ltr'>unus</span> <span class='ocrx_word' id='word_1_661' title='bbox 2127 4415 2193 4468; x_wconf 90' lang='lat' dir='ltr'>ad</span> <span class='ocrx_word' id='word_1_662' title='bbox 2226 4415 2587 4486; x_wconf 89' lang='lat' dir='ltr'>presbyterii,</span> <span class='ocrx_word' id='word_1_663' title='bbox 2632 4416 2745 4469; x_wconf 93' lang='lat' dir='ltr'>duo</span> <span class='ocrx_word' id='word_1_664' title='bbox 2785 4416 2855 4469; x_wconf 89' lang='lat' dir='ltr'>ad</span> <span class='ocrx_word' id='word_1_665' title='bbox 2888 4414 3213 4469; x_wconf 90' lang='lat' dir='ltr'>Levitarum</span> <span class='ocrx_word' id='word_1_666' title='bbox 3264 4415 3651 4470; x_wconf 86' lang='lat' dir='ltr'>ministerium</span> 
     </span>
    </p>
   </div>
   <div class='ocr_carea' id='block_1_106' title="bbox 1945 4502 3649 4572">
    <p class='ocr_par' dir='ltr' id='par_1_106' title="bbox 1945 4502 3649 4572">
     <span class='ocr_line' id='line_1_109' title="bbox 1945 4502 3649 4572; baseline 0.001 -17"><span class='ocrx_word' id='word_1_667' title='bbox 1945 4507 2434 4568; x_wconf 89' lang='lat' dir='ltr'>consecrarentur,</span> <span class='ocrx_word' id='word_1_668' title='bbox 2490 4502 2795 4572; x_wconf 88' lang='lat' dir='ltr'>episcopus</span> <span class='ocrx_word' id='word_1_669' title='bbox 2842 4508 3036 4555; x_wconf 91' lang='lat' dir='ltr'>autem</span> <span class='ocrx_word' id='word_1_670' title='bbox 3098 4519 3298 4556; x_wconf 90' lang='lat' dir='ltr'>eorum</span> <span class='ocrx_word' id='word_1_671' title='bbox 3353 4505 3649 4558; x_wconf 90' lang='lat' dir='ltr'>oculorum</span> 
     </span>
    </p>
   </div>
   <div class='ocr_carea' id='block_1_107' title="bbox 1945 4590 3652 4661">
    <p class='ocr_par' dir='ltr' id='par_1_107' title="bbox 1945 4590 3652 4661">
     <span class='ocr_line' id='line_1_110' title="bbox 1945 4590 3652 4661; baseline 0.001 -17"><span class='ocrx_word' id='word_1_672' title='bbox 1945 4591 2142 4645; x_wconf 91' lang='lat' dir='ltr'>dolore</span> <span class='ocrx_word' id='word_1_673' title='bbox 2174 4590 2463 4657; x_wconf 87' lang='lat' dir='ltr'>detentus,</span> <span class='ocrx_word' id='word_1_674' title='bbox 2495 4590 2675 4644; x_wconf 84' lang='lat' dir='ltr'>fertur</span> <span class='ocrx_word' id='word_1_675' title='bbox 2706 4606 2941 4643; x_wconf 90' lang='lat' dir='ltr'>manum</span> <span class='ocrx_word' id='word_1_676' title='bbox 2976 4606 3138 4643; x_wconf 90' lang='lat' dir='ltr'>suam</span> <span class='ocrx_word' id='word_1_677' title='bbox 3172 4607 3348 4661; x_wconf 90' lang='lat' dir='ltr'>super</span> <span class='ocrx_word' id='word_1_678' title='bbox 3385 4592 3487 4645; x_wconf 87' lang='lat' dir='ltr'>hos</span> <span class='ocrx_word' id='word_1_679' title='bbox 3523 4598 3652 4646; x_wconf 88' lang='lat' dir='ltr'>tan-</span> 
     </span>
    </p>
   </div>
   <div class='ocr_carea' id='block_1_108' title="bbox 1944 4678 3653 4749">
    <p class='ocr_par' dir='ltr' id='par_1_108' title="bbox 1944 4678 3653 4749">
     <span class='ocr_line' id='line_1_111' title="bbox 1944 4678 3653 4749; baseline 0.002 -16"><span class='ocrx_word' id='word_1_680' title='bbox 1944 4684 2067 4733; x_wconf 90' lang='lat' dir='ltr'>tum</span> <span class='ocrx_word' id='word_1_681' title='bbox 2098 4679 2379 4748; x_wconf 91' lang='lat' dir='ltr'>posuisse,</span> <span class='ocrx_word' id='word_1_682' title='bbox 2432 4684 2489 4731; x_wconf 87' lang='lat' dir='ltr'>et</span> <span class='ocrx_word' id='word_1_683' title='bbox 2516 4678 2915 4749; x_wconf 84' lang='lat' dir='ltr'>presbyterum</span> <span class='ocrx_word' id='word_1_684' title='bbox 2948 4679 3260 4749; x_wconf 89' lang='lat' dir='ltr'>quemdam</span> <span class='ocrx_word' id='word_1_685' title='bbox 3307 4678 3422 4734; x_wconf 90' lang='lat' dir='ltr'>illis</span> <span class='ocrx_word' id='word_1_686' title='bbox 3452 4688 3653 4737; x_wconf 88' lang='lat' dir='ltr'>contra</span> 
     </span>
    </p>
   </div>
   <div class='ocr_carea' id='block_1_109' title="bbox 1944 4767 3653 4836">
    <p class='ocr_par' dir='ltr' id='par_1_109' title="bbox 1944 4767 3653 4836">
     <span class='ocr_line' id='line_1_112' title="bbox 1944 4767 3653 4836; baseline 0.002 -15"><span class='ocrx_word' id='word_1_687' title='bbox 1944 4768 2387 4821; x_wconf 89' lang='lat' dir='ltr'>ecclesiasticum</span> <span class='ocrx_word' id='word_1_688' title='bbox 2419 4768 2678 4821; x_wconf 88' lang='lat' dir='ltr'>ordinem</span> <span class='ocrx_word' id='word_1_689' title='bbox 2732 4767 3192 4822; x_wconf 88' lang='lat' dir='ltr'>benedictionem</span> <span class='ocrx_word' id='word_1_690' title='bbox 3246 4769 3495 4823; x_wconf 90' lang='lat' dir='ltr'>dedisse.</span> <span class='ocrx_word' id='word_1_691' title='bbox 3545 4771 3653 4836; x_wconf 88' lang='lat' dir='ltr'>Qui</span> 
     </span>
    </p>
   </div>
   <div class='ocr_carea' id='block_1_110' title="bbox 1945 4857 3657 4930">
    <p class='ocr_par' dir='ltr' id='par_1_110' title="bbox 1945 4857 3657 4930">
     <span class='ocr_line' id='line_1_113' title="bbox 1945 4857 3657 4930; baseline 0.003 -21"><span class='ocrx_word' id='word_1_692' title='bbox 1945 4857 2076 4910; x_wconf 92' lang='lat' dir='ltr'>licet</span> <span class='ocrx_word' id='word_1_693' title='bbox 2116 4861 2349 4927; x_wconf 91' lang='lat' dir='ltr'>propter</span> <span class='ocrx_word' id='word_1_694' title='bbox 2386 4860 2605 4909; x_wconf 90' lang='lat' dir='ltr'>tantam</span> <span class='ocrx_word' id='word_1_695' title='bbox 2660 4857 3123 4927; x_wconf 64' lang='lat' dir='ltr'>praesumptionis</span> <span class='ocrx_word' id='word_1_696' title='bbox 3168 4858 3465 4913; x_wconf 87' lang='lat' dir='ltr'>audaciam</span> <span class='ocrx_word' id='word_1_697' title='bbox 3498 4866 3657 4930; x_wconf 89' lang='lat' dir='ltr'>pote-</span> 
     </span>
    </p>
   </div>
   <div class='ocr_carea' id='block_1_111' title="bbox 1944 4945 3655 5015">
    <p class='ocr_par' dir='ltr' id='par_1_111' title="bbox 1944 4945 3655 5015">
     <span class='ocr_line' id='line_1_114' title="bbox 1944 4945 3655 5015; baseline 0.004 -18"><span class='ocrx_word' id='word_1_698' title='bbox 1944 4950 2033 4999; x_wconf 90' lang='lat' dir='ltr'>rat</span> <span class='ocrx_word' id='word_1_699' title='bbox 2086 4949 2381 4997; x_wconf 85' lang='lat' dir='ltr'>accusatus</span> <span class='ocrx_word' id='word_1_700' title='bbox 2433 4945 2649 5014; x_wconf 91' lang='lat' dir='ltr'>judicio</span> <span class='ocrx_word' id='word_1_701' title='bbox 2700 4946 2971 5015; x_wconf 69' lang='lat' dir='ltr'>prazsenti</span> <span class='ocrx_word' id='word_1_702' title='bbox 3028 4946 3312 5013; x_wconf 85' lang='lat' dir='ltr'>damnari,</span> <span class='ocrx_word' id='word_1_703' title='bbox 3374 4948 3421 5002; x_wconf 89' lang='lat' dir='ltr'>si</span> <span class='ocrx_word' id='word_1_704' title='bbox 3468 4950 3655 5004; x_wconf 88' lang='lat' dir='ltr'>adhuc</span> 
     </span>
    </p>
   </div>
   <div class='ocr_carea' id='block_1_112' title="bbox 1943 5034 3654 5104">
    <p class='ocr_par' dir='ltr' id='par_1_112' title="bbox 1943 5034 3654 5104">
     <span class='ocr_line' id='line_1_115' title="bbox 1943 5034 3654 5104; baseline 0.003 -16"><span class='ocrx_word' id='word_1_705' title='bbox 1943 5034 2002 5088; x_wconf 90' lang='lat' dir='ltr'>in</span> <span class='ocrx_word' id='word_1_706' title='bbox 2064 5048 2303 5104; x_wconf 90' lang='lat' dir='ltr'>corpore</span> <span class='ocrx_word' id='word_1_707' title='bbox 2360 5034 2601 5103; x_wconf 87' lang='lat' dir='ltr'>positus,</span> <span class='ocrx_word' id='word_1_708' title='bbox 2664 5050 2782 5087; x_wconf 91' lang='lat' dir='ltr'>non</span> <span class='ocrx_word' id='word_1_709' title='bbox 2840 5034 3046 5089; x_wconf 86' lang='lat' dir='ltr'>fuisset</span> <span class='ocrx_word' id='word_1_710' title='bbox 3101 5037 3305 5091; x_wconf 91' lang='lat' dir='ltr'>mortis</span> <span class='ocrx_word' id='word_1_711' title='bbox 3357 5040 3654 5093; x_wconf 78' lang='lat' dir='ltr'>vocatione</span> 
     </span>
    </p>
   </div>
   <div class='ocr_carea' id='block_1_113' title="bbox 1944 5122 3654 5194">
    <p class='ocr_par' dir='ltr' id='par_1_113' title="bbox 1944 5122 3654 5194">
     <span class='ocr_line' id='line_1_116' title="bbox 1944 5122 3654 5194; baseline 0.004 -20"><span class='ocrx_word' id='word_1_712' title='bbox 1944 5128 2272 5194; x_wconf 72' lang='lat' dir='ltr'>prreventus</span> <span class='ocrx_word' id='word_1_713' title='bbox 2302 5138 2314 5175; x_wconf 90' lang='lat'>:</span> <span class='ocrx_word' id='word_1_714' title='bbox 2352 5122 2448 5177; x_wconf 89' lang='lat' dir='ltr'>sed</span> <span class='ocrx_word' id='word_1_715' title='bbox 2478 5122 2613 5193; x_wconf 88' lang='lat' dir='ltr'>quia</span> <span class='ocrx_word' id='word_1_716' title='bbox 2635 5124 2755 5194; x_wconf 89' lang='lat' dir='ltr'>jam</span> <span class='ocrx_word' id='word_1_717' title='bbox 2788 5123 2883 5178; x_wconf 89' lang='lat' dir='ltr'>ille</span> <span class='ocrx_word' id='word_1_718' title='bbox 2916 5125 3166 5179; x_wconf 84' lang='lat' dir='ltr'>examini</span> <span class='ocrx_word' id='word_1_719' title='bbox 3198 5126 3393 5180; x_wconf 90' lang='lat' dir='ltr'>divino</span> <span class='ocrx_word' id='word_1_720' title='bbox 3424 5127 3654 5181; x_wconf 87' lang='lat' dir='ltr'>relictus</span> 
     </span>
    </p>
   </div>
   <div class='ocr_carea' id='block_1_114' title="bbox 1946 5211 3655 5285">
    <p class='ocr_par' dir='ltr' id='par_1_114' title="bbox 1946 5211 3655 5285">
     <span class='ocr_line' id='line_1_117' title="bbox 1946 5211 3655 5285; baseline 0.002 -21"><span class='ocrx_word' id='word_1_721' title='bbox 1946 5215 2053 5277; x_wconf 91' lang='lat' dir='ltr'>est,</span> <span class='ocrx_word' id='word_1_722' title='bbox 2106 5211 2360 5265; x_wconf 90' lang='lat' dir='ltr'>humano</span> <span class='ocrx_word' id='word_1_723' title='bbox 2412 5212 2632 5281; x_wconf 89' lang='lat' dir='ltr'>judicio</span> <span class='ocrx_word' id='word_1_724' title='bbox 2690 5214 2944 5267; x_wconf 88' lang='lat' dir='ltr'>accusari</span> <span class='ocrx_word' id='word_1_725' title='bbox 3000 5230 3116 5267; x_wconf 91' lang='lat' dir='ltr'>non</span> <span class='ocrx_word' id='word_1_726' title='bbox 3167 5220 3355 5283; x_wconf 91' lang='lat' dir='ltr'>potest</span> <span class='ocrx_word' id='word_1_727' title='bbox 3396 5216 3502 5269; x_wconf 90' lang='lat' dir='ltr'>:hi</span> <span class='ocrx_word' id='word_1_728' title='bbox 3553 5216 3655 5285; x_wconf 90' lang='lat' dir='ltr'>qui</span> 
     </span>
    </p>
   </div>
   <div class='ocr_carea' id='block_1_115' title="bbox 1946 5300 3653 5371">
    <p class='ocr_par' dir='ltr' id='par_1_115' title="bbox 1946 5300 3653 5371">
     <span class='ocr_line' id='line_1_118' title="bbox 1946 5300 3653 5371; baseline 0.003 -18"><span class='ocrx_word' id='word_1_729' title='bbox 1946 5305 2276 5371; x_wconf 89' lang='lat' dir='ltr'>supersunt,</span> <span class='ocrx_word' id='word_1_730' title='bbox 2321 5304 2378 5354; x_wconf 88' lang='lat' dir='ltr'>et</span> <span class='ocrx_word' id='word_1_731' title='bbox 2407 5300 2478 5354; x_wconf 88' lang='lat' dir='ltr'>ab</span> <span class='ocrx_word' id='word_1_732' title='bbox 2520 5316 2587 5355; x_wconf 89' lang='lat' dir='ltr'>eo</span> <span class='ocrx_word' id='word_1_733' title='bbox 2621 5317 2735 5354; x_wconf 91' lang='lat' dir='ltr'>nou</span> <span class='ocrx_word' id='word_1_734' title='bbox 2766 5302 3211 5356; x_wconf 88' lang='lat' dir='ltr'>consecrationis</span> <span class='ocrx_word' id='word_1_735' title='bbox 3247 5302 3501 5369; x_wconf 89' lang='lat' dir='ltr'>titulum,</span> <span class='ocrx_word' id='word_1_736' title='bbox 3555 5304 3653 5358; x_wconf 89' lang='lat' dir='ltr'>sed</span> 
     </span>
    </p>
   </div>
   <div class='ocr_carea' id='block_1_116' title="bbox 1947 5388 3655 5460">
    <p class='ocr_par' dir='ltr' id='par_1_116' title="bbox 1947 5388 3655 5460">
     <span class='ocr_line' id='line_1_119' title="bbox 1947 5388 3655 5460; baseline 0.002 -18"><span class='ocrx_word' id='word_1_737' title='bbox 1947 5388 2285 5459; x_wconf 73' lang='lat' dir='ltr'>ignominiaa</span> <span class='ocrx_word' id='word_1_738' title='bbox 2344 5389 2537 5459; x_wconf 91' lang='lat' dir='ltr'>potius</span> <span class='ocrx_word' id='word_1_739' title='bbox 2595 5390 2889 5460; x_wconf 87' lang='lat' dir='ltr'>eulogium</span> <span class='ocrx_word' id='word_1_740' title='bbox 2950 5396 3351 5460; x_wconf 85' lang='lat' dir='ltr'>perceperunt,</span> <span class='ocrx_word' id='word_1_741' title='bbox 3414 5406 3485 5444; x_wconf 87' lang='lat' dir='ltr'>ne</span> <span class='ocrx_word' id='word_1_742' title='bbox 3545 5392 3655 5446; x_wconf 89' lang='lat' dir='ltr'>sibi</span> 
     </span>
    </p>
   </div>
   <div class='ocr_carea' id='block_1_117' title="bbox 1947 5477 3654 5551">
    <p class='ocr_par' dir='ltr' id='par_1_117' title="bbox 1947 5477 3654 5551">
     <span class='ocr_line' id='line_1_120' title="bbox 1947 5477 3654 5551; baseline 0.003 -21"><span class='ocrx_word' id='word_1_743' title='bbox 1947 5477 2236 5531; x_wconf 90' lang='lat' dir='ltr'>licentiam</span> <span class='ocrx_word' id='word_1_744' title='bbox 2283 5479 2410 5531; x_wconf 84' lang='lat' dir='ltr'>talis</span> <span class='ocrx_word' id='word_1_745' title='bbox 2456 5478 2755 5549; x_wconf 86' lang='lat' dir='ltr'>usurpatio</span> <span class='ocrx_word' id='word_1_746' title='bbox 2803 5478 2991 5539; x_wconf 84' lang='lat' dir='ltr'>faciat,</span> <span class='ocrx_word' id='word_1_747' title='bbox 3041 5478 3396 5532; x_wconf 87' lang='lat' dir='ltr'>decrevimus</span> <span class='ocrx_word' id='word_1_748' title='bbox 3426 5484 3490 5533; x_wconf 92' lang='lat' dir='ltr'>ut</span> <span class='ocrx_word' id='word_1_749' title='bbox 3521 5495 3654 5551; x_wconf 88' lang='lat' dir='ltr'>gra-</span> 
     </span>
    </p>
   </div>
   <div class='ocr_carea' id='block_1_118' title="bbox 1949 5564 3654 5639">
    <p class='ocr_par' dir='ltr' id='par_1_118' title="bbox 1949 5564 3654 5639">
     <span class='ocr_line' id='line_1_121' title="bbox 1949 5564 3654 5639; baseline 0.004 -21"><span class='ocrx_word' id='word_1_750' title='bbox 1949 5564 2089 5619; x_wconf 91' lang='lat' dir='ltr'>dum</span> <span class='ocrx_word' id='word_1_751' title='bbox 2122 5566 2429 5621; x_wconf 88' lang='lat' dir='ltr'>sacerdotis</span> <span class='ocrx_word' id='word_1_752' title='bbox 2463 5568 2549 5621; x_wconf 88' lang='lat' dir='ltr'>vel</span> <span class='ocrx_word' id='word_1_753' title='bbox 2600 5564 2829 5620; x_wconf 89' lang='lat' dir='ltr'>Levitici</span> <span class='ocrx_word' id='word_1_754' title='bbox 2876 5566 3117 5633; x_wconf 89' lang='lat' dir='ltr'>ordinis,</span> <span class='ocrx_word' id='word_1_755' title='bbox 3167 5582 3341 5637; x_wconf 89' lang='lat' dir='ltr'>quem</span> <span class='ocrx_word' id='word_1_756' title='bbox 3390 5584 3654 5639; x_wconf 90' lang='lat' dir='ltr'>perverse</span> 
     </span>
    </p>
   </div>
   <div class='ocr_carea' id='block_1_119' title="bbox 1951 5653 3657 5725">
    <p class='ocr_par' dir='ltr' id='par_1_119' title="bbox 1951 5653 3657 5725">
     <span class='ocr_line' id='line_1_122' title="bbox 1951 5653 3657 5725; baseline 0.001 -18"><span class='ocrx_word' id='word_1_757' title='bbox 1951 5654 2145 5723; x_wconf 90' lang='lat' dir='ltr'>adepti</span> <span class='ocrx_word' id='word_1_758' title='bbox 2196 5658 2347 5720; x_wconf 88' lang='lat' dir='ltr'>sunt,</span> <span class='ocrx_word' id='word_1_759' title='bbox 2379 5653 2627 5725; x_wconf 89' lang='lat' dir='ltr'>depositi</span> <span class='ocrx_word' id='word_1_760' title='bbox 2678 5670 2845 5724; x_wconf 63' lang='lat' dir='ltr'>raquo</span> <span class='ocrx_word' id='word_1_761' title='bbox 2886 5653 3102 5723; x_wconf 89' lang='lat' dir='ltr'>judicio</span> <span class='ocrx_word' id='word_1_762' title='bbox 3135 5655 3465 5710; x_wconf 89' lang='lat' dir='ltr'>abutantur.</span> <span class='ocrx_word' id='word_1_763' title='bbox 3496 5655 3657 5711; x_wconf 84' lang='lat' dir='ltr'>Tales</span> 
     </span>
    </p>
   </div>
  </div>
