3950 6464
347 378 450 432 583

1429 368 1833 426 BUBCHARDI
1873 365 2406 424 WORMACIENSIS
2445 365 2780 423 EPISCOPI.
3761 369 3842 424 584

347 497 505 554 enim
563 494 772 550 merito
816 492 1064 565 judicati
1112 495 1247 547 sunt
1287 493 1637 559 removendi,
1690 491 1826 562 quia
1879 506 2048 560 prave
2075 491 2122 543 Α
2159 487 2324 542 nobis
2354 488 2423 543 de
2454 503 2522 542 eo
2555 491 2740 558 major
2771 488 2843 542 sit
2884 489 3243 557 verecundia,
3276 492 3334 544 et
3362 489 3447 544 illi
3496 488 3843 561 episcopatus

347 584 570 641 inventi
599 586 732 637 sunt
761 580 1076 636 constituti.

350 677 478 730 CAP.
543 672 699 728 CXII.
762 700 826 710 —
890 669 1043 737 Quod
1106 685 1212 723 non
1275 670 1519 738 oporteat
1581 669 1888 736 episcopum
1949 682 2048 735 per

727 745 1014 811 pecuniam
1053 741 1361 808 quempiam
1390 738 1663 792 ordinare.

420 832 543 902 (Em
587 831 773 886 concil.
827 828 1100 892 Cliatced.,
1150 843 1269 896 cap.
1322 830 1399 893 2.)
1446 826 1504 880 Si
1562 825 1689 897 quis
1745 824 2045 895 episcopus

346 937 452 992 per
496 919 802 990 pecuniam
852 917 1051 971 fecerit
1098 915 1548 979 ordinationem,
1605 918 1660 966 et
1705 914 1811 967 sub
1857 913 2045 983 pretio

349 1008 637 1079 redegerit
687 1005 932 1078 Spiritus
983 1003 1161 1058 sancti
1210 1002 1474 1073 gratiam,
1525 1019 1655 1073 qua:
1706 1018 1822 1055 non
1857 1006 2050 1072 potest

345 1097 539 1166 vendi,
591 1095 1049 1163 ordinaveritque
1080 1108 1184 1163 per
1225 1091 1527 1162 pecuniam
1560 1091 1913 1161 episcopum,
1950 1096 2049 1144 aut

342 1185 764 1256 presbyterum,
823 1187 922 1235 aut
969 1181 1296 1246 diaconum,
1347 1179 1436 1233 vel
1492 1179 1808 1250 quemlibet
1857 1195 1922 1232 ex
1955 1179 2046 1232 his

347 1274 448 1345 qui
500 1275 989 1327 connumerantur
1040 1268 1101 1323 in
1145 1269 1339 1322 clero:
1373 1268 1591 1338 proprii
1637 1267 1845 1338 gradus
1892 1267 2042 1338 peri-

344 1364 471 1416 cqu
516 1358 828 1430 subjacebit
861 1375 873 1412 :
908 1363 962 1411 et
1014 1357 1114 1426 qui
1166 1356 1463 1411 ordinatus
1512 1360 1613 1420 est,
1647 1354 1792 1409 nihil
1839 1371 1910 1409 ex
1941 1355 2046 1408 hac

345 1448 704 1504 ordinatione
750 1445 1030 1516 proﬁciet,
1081 1445 1178 1498 sed
1213 1445 1434 1498 alienus
1480 1443 1614 1496 sita
1655 1443 1953 1512 dignitate.
1987 1442 2046 1497 Si

344 1539 472 1610 quis
524 1553 656 1590 vero
706 1533 989 1588 mediator
1038 1533 1187 1586 datis
1244 1532 1332 1586 vel
1393 1531 1638 1601 acceptis
1694 1531 1974 1585 exstiterit
2025 1547 2038 1585 :

345 1626 391 1680 si
440 1625 674 1696 quidem
721 1622 960 1676 clericus
1007 1621 1199 1685 fuerit,
1255 1619 1493 1691 proprio
1537 1619 1718 1690 gradu
1774 1618 2040 1673 decidat:

342 1714 390 1768 si
417 1730 549 1768 vero
578 1712 917 1778 monachus,
953 1715 1051 1764 aut
1082 1710 1279 1773 laicus,
1312 1707 1846 1763 anathematizetur.

342 1804 474 1859 CAP.
529 1801 708 1857 CXIII.
768 1830 836 1839 —
887 1797 1044 1864 Quod
1070 1811 1284 1921 ίηιιλᾶιως
1335 1799 1497 1850 etiam
1534 1799 1609 1852 sit
1655 1812 1690 1850 a
1738 1797 1929 1863 lingua
1969 1799 2044 1850 vi;

1093 1883 1164 1920 an
1206 1883 1315 1920 um.

1093 1883 1295 1920 anaum
1303 1907 1315 1919 .

413 1962 523 2032 (Em
558 1959 718 2014 dictis
754 1958 1004 2025 Gregorii
1024 1957 1226 2026 papa.)
1260 1955 1405 2010 Sunt
1436 1954 1702 2009 nonnulli
1734 1954 1836 2025 qui
1870 1970 2040 2008 num-

341 2065 574 2103 morum
623 2047 855 2118 quidem
912 2044 1152 2116 prmmia
1199 2059 1266 2097 ex
1322 2043 1682 2097 ordinatione
1726 2059 1845 2096 non
1899 2043 2040 2096 acci-

340 2138 532 2208 piunt,
599 2141 794 2190 tamen
859 2150 1049 2186 sacros
1115 2133 1346 2186 ordines
1399 2147 1505 2202 pro
1557 2131 1809 2186 humana
1858 2131 2038 2201 gratia

341 2227 686 2296 largiuntur.
763 2222 829 2277 lli
894 2221 1173 2275 nimirum
1241 2220 1398 2291 quod
1463 2219 1639 2289 gratis
1708 2219 2038 2289 accipiunt,

341 2313 519 2384 gratis
551 2328 665 2366 non
713 2309 980 2364 tribuunt
1013 2325 1026 2362 :
1058 2309 1194 2380 quia
1241 2307 1451 2362 favoris
1496 2323 1802 2361 nummum
1834 2308 1903 2361 de
1931 2307 2038 2361 im-

340 2417 520 2472 penso
551 2398 738 2454 ofﬁcio
773 2397 1087 2451 sanctitatis
1130 2400 1419 2466 expetunt.
1465 2395 1624 2450 Unde
1673 2411 1802 2449 cum
1851 2395 2036 2449 virum

335 2491 558 2560 justum
606 2487 955 2542 describeret
1006 2484 1196 2550 Isaias,
1249 2485 1329 2539 ait
1368 2501 1380 2538 :
1423 2484 1531 2548 Qui
1581 2484 1793 2538 excutit
1839 2500 2041 2537 manus

342 2595 476 2632 suas
523 2577 593 2630 ab
644 2576 802 2630 omni
858 2590 1140 2628 munere:
1178 2573 1314 2645 quia
1364 2573 1520 2627 aliud
1575 2577 1661 2626 est
1709 2588 1920 2625 munus
1968 2573 2039 2626 ab

341 2665 641 2736 obsequio,
705 2663 859 2718 aliud
928 2678 1139 2716 munus
1195 2677 1227 2714 a
1276 2677 1472 2727 manu,
1529 2660 1680 2714 aliud
1746 2676 1955 2713 munus
2009 2676 2040 2712 a

331 2753 556 2825 lingua.
611 2754 813 2806 Munus
864 2751 932 2805 ab
989 2750 1280 2821 obsequio,
1334 2754 1419 2804 est
1463 2748 1738 2818 subjectio
1787 2748 2039 2803 indebite

337 2841 620 2912 impensa.
670 2841 872 2894 Munus
903 2856 935 2891 a
967 2854 1163 2904 manu,
1196 2837 1442 2908 pecunia
1487 2843 1589 2890 est.
1645 2838 1846 2891 Munus
1877 2854 1906 2889 a
1935 2836 2041 2889 Iin-

337 2945 470 3000 gua,
519 2929 696 2983 favor.
732 2927 838 2992 Qui
870 2942 1006 2996 ergo
1055 2941 1242 2980 sacros
1273 2926 1504 2980 ordines
1543 2923 1768 2991 tribuit,
1801 2929 1937 2978 tunc
1969 2923 2038 2976 ab

336 3018 497 3072 omni
563 3032 805 3071 munere
873 3031 1076 3069 manus
1134 3014 1362 3081 excutit,
1433 3013 1668 3084 quando
1719 3013 1778 3066 in
1829 3012 2039 3066 divinis

337 3105 507 3160 rebus
553 3121 671 3159 non
701 3104 890 3158 solum
921 3104 1098 3157 ullam
1130 3103 1451 3174 pecuniam,
1503 3101 1600 3155 sed
1632 3100 1805 3155 etiam
1841 3099 2041 3154 huma-

338 3208 473 3247 nam
501 3193 744 3263 gratiam
778 3207 894 3244 non
921 3190 1181 3259 requirit.

336 3281 465 3336 CAP.
503 3281 677 3336 CXIV.
707 3307 780 3320 —
830 3281 896 3333 Ut
939 3295 1046 3332 non
1081 3276 1266 3332 valeat
1311 3278 1578 3330 sententia
1628 3278 1868 3345 episcopi
1929 3278 2040 3330 nisi

600 3352 911 3404 clericorum
943 3365 1164 3403 suorum
1189 3350 1484 3417 praesentia
1507 3350 1772 3415 ﬁrmetur.

409 3442 521 3512 (Ea:
549 3441 737 3495 concit.
771 3439 1068 3505 Carthag.,
1101 3453 1224 3506 cap.
1267 3436 1382 3505 23.)
1418 3436 1580 3489 Irrita
1613 3436 1725 3490 erit
1753 3435 2038 3490 sententia

335 3529 608 3600 episcopi,
652 3528 763 3583 nisi
812 3527 1149 3581 clericorum
1188 3541 1425 3580 suorum
1471 3523 1779 3595 praesentia
1824 3524 2037 3578 conﬁr-

334 3623 543 3673 metur.

333 3707 462 3761 CAP.
498 3706 644 3762 CXV.
678 3735 747 3744 —-
789 3705 856 3758 Ut
899 3706 1179 3772 episcopus
1233 3701 1524 3757 secundum
1570 3701 1807 3755 reditum
1859 3702 2037 3756 Eccle-

648 3778 858 3830 siarum
884 3790 1166 3828 numerum
1193 3774 1506 3828 clericorum
1527 3774 1721 3840 faciat.

407 3865 518 3933 (Em
547 3865 736 3918 concil.
781 3863 1059 3931 Spalensi,
1109 3877 1232 3930 cap.
1277 3862 1352 3931 1.)
1384 3861 1464 3914 Ne
1490 3859 1702 3930 passim
1734 3859 2034 3930 episcopus

334 3952 768 4008 multitudinem
817 3951 1156 4004 clericorum
1198 3949 1386 4015 faciat,
1419 3949 1517 4002 sed
1565 3948 1877 4002 secundum
1912 3964 2032 4002 me-

334 4041 531 4108 ritum,
595 4041 685 4095 vel
743 4039 1034 4094 redditum
1090 4038 1465 4092 Ecclesiarum
1515 4052 1788 4092 numerus
1834 4037 2033 4092 mode-

331 4135 512 4184 retur.
577 4217 704 4271 CAP.
742 4215 920 4271 CXVI.
961 4243 1030 4254 -—
1075 4217 1140 4268 De
1177 4216 1442 4284 episcopis
1467 4215 1790 4283 peregrinis.

404 4309 514 4373 (Ea:
544 4306 731 4360 concil.
776 4305 1106 4369 Arelatensi,
1155 4319 1276 4372 cap.
1327 4303 1436 4371 20.)
1491 4303 1570 4356 De
1616 4302 1895 4373 episcopis
1929 4318 2027 4374 pe-
2058 4337 2102 4391 Β

330 4394 578 4465 regrinis
625 4393 724 4465 qui
755 4393 814 4447 in
864 4392 1068 4448 urbem
1099 4393 1290 4446 solent
1328 4391 1541 4458 venire,
1576 4407 1718 4462 quos
1756 4393 2032 4446 veraciter

332 4485 633 4556 episcopos
683 4483 894 4538 scimus
951 4497 1091 4548 esse,
1150 4479 1368 4552 placuit
1413 4479 1494 4534 eis
1551 4480 1742 4534 locum
1792 4480 1918 4535 dari
1967 4485 2032 4535 ut

329 4573 590 4628 offerant.

330 4662 457 4715 CAP.
493 4660 699 4715 CXVII.
732 4691 802 4700 —-
848 4661 917 4713 Ut
948 4659 1165 4712 levitate
1203 4662 1464 4725 vagantes
1494 4658 1750 4728 episcopi,
1798 4656 1872 4711 ad
1905 4673 2032 4727 pro-

782 4733 911 4800 prid
943 4729 1121 4783 redire
1160 4730 1571 4800 compellantur.

403 4821 514 4889 (Em
542 4821 732 4888 regist.
789 4821 1014 4886 Gregor.
1060 4833 1237 4887 papae,
1289 4817 1362 4871 ad
1391 4817 1678 4885 Siagrium
1724 4818 2030 4886 episcopum

329 4907 744 4975 Augustodun.,
799 4923 922 4976 cap.
990 4908 1131 4969 422.)
1198 4908 1339 4961 Cum
1407 4904 1715 4959 sacerdotis
1781 4905 2030 4975 dignitas

329 4996 458 5050 aliis
506 4996 766 5049 videatur
799 4994 1175 5063 dignitatibus
1223 4994 1501 5059 eminere,
1552 4993 1631 5047 ita
1673 4993 1933 5064 quisquis
1964 5009 2028 5047 ea

328 5089 563 5138 ornatus
594 5088 700 5150 est,
731 5083 950 5137 cunctis
996 5099 1053 5136 se
1093 5082 1438 5136 imitandum
1490 5081 1660 5135 debet
1707 5081 2027 5150 ostendere,

328 5179 392 5227 ut
420 5172 685 5243 exemplo
729 5171 817 5224 sui
844 5170 989 5223 nulli
1018 5185 1243 5236 nocere,
1285 5169 1380 5224 sed
1411 5169 1585 5222 vitam
1620 5169 1814 5239 potius
1845 5171 2030 5224 valeat

327 5277 678 5332 componere
722 5260 1133 5330 subjectorum.
1185 5258 1326 5311 Nam
1377 5258 1424 5310 si
1466 5263 1623 5310 actus
1668 5257 1965 5312 dissentiat
1995 5275 2029 5313 a

330 5351 586 5416 nomine,
638 5353 855 5420 quanto
903 5346 1269 5418 pontiﬁcatus
1303 5345 1426 5415 ipse
1458 5345 1588 5414 plus
1635 5344 1824 5414 erigit,
1870 5351 2028 5400 tanto

327 5439 512 5510 magis
543 5438 773 5493 abdicit.
808 5438 1007 5507 Itaque
1038 5435 1320 5490 Menatem
1354 5431 1641 5504 quendam
1673 5431 2024 5504 episcopum,

328 5527 428 5596 qui
473 5527 610 5580 illuc
641 5527 710 5579 de
760 5525 1070 5579 diceceseos
1096 5526 1302 5576 nostrae
1345 5519 1702 5576 ordinatione
1740 5522 2030 5590 profectus

329 5616 430 5679 est,
481 5614 542 5667 in
588 5616 746 5667 tanta
796 5630 855 5666 se
896 5611 1128 5667 levitate
1171 5609 1475 5666 didicimus
1521 5608 1810 5677 exhibere,
1859 5614 1923 5664 ut
1973 5615 2030 5666 et

2155 592 2365 631 nomen
2398 593 2514 631 non
2547 578 2620 630 sit
2648 576 2708 630 in
2739 575 2978 646 honore,
3013 577 3110 631 sed
3143 593 3339 631 onere.
3388 577 3553 642 Quod
3590 577 3734 648 quia
3756 594 3843 648 pu-

2154 664 2280 719 dori
2333 665 2501 719 nobis
2531 669 2636 729 est,
2687 665 2756 718 de
2803 681 2870 717 eo
2914 665 3014 720 illa
3046 681 3410 736 cognoscere,
3443 681 3578 736 quae
3611 665 3676 718 in
3727 666 3847 719 alia-

2155 769 2285 807 rum
2315 753 2746 824 provinciarum
2784 754 3024 808 omnino
3075 753 3556 824 reprehendimus
3605 755 3847 808 sacerdo-

2156 843 2328 908 tibus,
2360 841 2687 895 fraternitas
2729 846 2918 895 vestra
2966 858 3100 895 eum
3137 842 3253 895 illic
3282 841 3585 896 immorari
3615 843 3849 913 amplius

2155 945 2273 983 non
2321 929 2641 1000 permittat,
2689 929 2788 982 sed
2821 929 2888 983 ad
2922 946 3026 983 nos
3069 931 3409 1000 quantocius
3445 931 3661 985 reverti
3714 948 3849 985 com-

2154 1019 2350 1088 pellat.
2388 1021 2470 1072 Ac
2499 1017 2684 1088 magis
2713 1017 2947 1072 inventa
2984 1034 3090 1089 per
3118 1018 3315 1074 omnia
3347 1019 3645 1074 occasione
3679 1025 3852 1074 trans-

2151 1106 2359 1173 mittat,
2392 1112 2454 1161 ut
2484 1107 2587 1160 sub
2618 1122 2684 1160 ea
2716 1123 2830 1177 qua
2873 1107 3111 1177 dignum
3143 1110 3230 1162 est
3258 1108 3626 1163 observantia
3681 1109 3849 1163 refre-

2153 1201 2344 1263 natus,
2413 1195 2714 1249 seeculares
2777 1211 2968 1250 mores
3035 1196 3107 1250 ad
3163 1196 3576 1251 sacerdotalem
3638 1198 3854 1252 studeat

2153 1288 2483 1340 convertere
2535 1283 2897 1356 dignitatem.
2979 1285 3121 1339 Nam
3180 1286 3315 1339 satis
3373 1285 3610 1340 noxium
3695 1292 3855 1356 atque

2152 1372 2544 1444 perniciosum
2589 1376 2691 1438 est,
2738 1377 2805 1427 ut
2845 1371 3170 1427 imitatione
3200 1373 3402 1444 ipsius,
3453 1374 3556 1446 qui
3586 1374 3855 1446 aediﬁcari

2154 1461 2200 1514 si
2229 1461 2549 1515 debuerant
2591 1460 2977 1516 destruantur.
3037 1463 3100 1515 In
3136 1478 3248 1533 qua
3280 1479 3340 1516 rc
3379 1444 3498 1517 non
3543 1444 3743 1518 solum
3773 1465 3856 1517 ille

2153 1549 2476 1619 culpabilis,
2525 1549 2625 1603 sed
2673 1549 2844 1603 etiam
2899 1550 2996 1621 qui
3045 1566 3158 1604 non
3217 1549 3497 1605 restiterit
3547 1551 3854 1606 invenitur.

2153 1638 2294 1691 Nam
2325 1637 2648 1691 consentire
2689 1637 2912 1692 videtur
2957 1638 3196 1706 erranti,
3247 1639 3348 1708 qui
3394 1639 3774 1711 corrigenda,
3806 1645 3859 1693 ut

2154 1726 2400 1780 resecari
2437 1727 2705 1793 debeant,
2739 1743 2859 1780 non
2907 1726 3211 1781 concurrit.
3261 1727 3406 1791 Quia
3453 1744 3590 1782 vero
3624 1729 3860 1798 quidam

2153 1815 2483 1870 Theodorus
2535 1815 2834 1886 episcopus
2862 1815 2931 1870 de
2984 1815 3212 1870 diceccsi
3258 1816 3739 1871 reverendissimi
3769 1819 3880 1880 ire,

2152 1903 2256 1957 tris
2308 1903 2489 1957 nostri
2554 1902 2872 1958 Constantii
2936 1903 3371 1958 Mediolanensis
3430 1905 3706 1959 Ecclesia:
3751 1906 3856 1976 epi-

2152 1991 2329 2062 scopi,
2370 1991 2755 2061 disciplinam,
2791 1995 2852 2044 ut
2897 1991 3124 2057 dicitur,
3160 1993 3396 2060 evitans,
3449 1993 3591 2046 illuc
3643 1995 3857 2048 venisse

2152 2080 2418 2134 ﬁrmatur
2449 2095 2462 2133 :
2497 2079 2796 2134 hortamur
2834 2083 2898 2133 ut
2941 2083 2998 2133 et
3028 2079 3134 2133 isto
3166 2080 3500 2151 diligentius
3550 2083 3857 2154 requisita,

2152 2168 2223 2222 ad
2255 2168 2588 2239 episcopum
2621 2184 2789 2222 suum
2820 2171 3006 2222 vestra
3049 2167 3382 2223 fraternitas
3410 2172 3857 2225 retransmittat.

2155 2258 2220 2310 Et
2249 2256 2407 2328 quia,
2440 2258 2586 2311 sicut
2615 2256 2850 2326 legitur,
2881 2256 2982 2328 qui
3025 2256 3220 2327 abjicit
3249 2256 3619 2328 disciplinam
3668 2259 3858 2314 infelix

2152 2350 2258 2412 est,
2301 2345 2457 2400 nulla
2504 2361 2633 2400 eum
2669 2346 2788 2399 illic
2833 2345 3198 2400 excusatione
3243 2346 3553 2416 patiamini
3587 2348 3858 2413 retinere,

2152 2437 2434 2504 quatenus
2474 2438 2531 2487 et
2559 2434 2640 2500 hi,
2676 2433 2775 2504 qui
2808 2433 3052 2487 levitatis
3081 2450 3282 2488 eorum
3327 2435 3461 2489 vitio
3491 2441 3751 2505 possunt
3778 2437 3861 2489 de.

2151 2520 2284 2590 cipi,
2332 2520 2668 2587 liberentur,
2702 2527 2758 2575 et
2787 2521 2857 2575 de
2889 2521 3026 2591 ipsis
3053 2522 3264 2576 habere
3305 2523 3665 2590 mercedem,
3706 2539 3780 2578 ne
3810 2523 3862 2576 in

2153 2608 2258 2662 hac
2289 2609 2530 2663 stultitia
2559 2613 2819 2680 pereant,
2843 2609 3098 2664 valeatis.

2152 2715 2280 2770 CAP.
2330 2715 2556 2770 CXVIII.
2605 2744 2678 2756 —
2723 2715 2996 2781 Quamdiu
3048 2718 3328 2785 episcopus
3373 2718 3432 2770 in
3483 2717 3678 2770 aliena
3737 2719 3862 2772 cici-

2773 2791 2882 2840 tate
2909 2793 3222 2841 remoretur.

2224 2874 2335 2944 (Ea:
2376 2875 2562 2928 concil.
2615 2875 2957 2941 Sardinensi,
3007 2891 3127 2944 cap.
3180 2873 3290 2944 14.)
3340 2874 3506 2930 Osius
3557 2876 3860 2948 episcopus

2150 2961 2292 3016 dixit
2324 2978 2337 3016 :
2373 2964 2433 3016 Et
2466 2963 2572 3016 hoc
2602 2979 2834 3034 quoque
2881 2967 3130 3018 statuere
3171 2963 3409 3030 debetis,
3444 2968 3510 3018 ut
3544 2981 3614 3018 ex
3672 2967 3861 3036 aliqua

2073 3051 2112 3106 C
2151 3051 2377 3104 civitate
2420 3066 2552 3104 cum
2583 3051 2879 3106 advenerit
2924 3053 2995 3106 ad
3038 3052 3212 3106 aliam
3243 3051 3556 3118 civitatem,
3585 3058 3648 3107 et
3678 3055 3859 3108 ambi-

2146 3138 2293 3193 tioni
2341 3139 2526 3209 magis
2557 3155 2731 3210 quam
2772 3139 3064 3194 devotioni
3112 3155 3460 3206 sermonem,
3507 3143 3772 3196 voluerit
3809 3143 3861 3195 in

2147 3225 2337 3279 aliena
2383 3227 2607 3282 civitate
2653 3229 2837 3282 multo
2883 3233 3146 3298 tempore
3185 3228 3436 3283 residere
3469 3245 3482 3282 ε
3520 3229 3678 3284 forte
3711 3231 3860 3285 enim

2146 3315 2338 3368 evenit
2365 3315 2696 3386 episcopum
2731 3315 2839 3370 loci
2872 3333 2988 3370 non
3029 3333 3151 3371 esse
3196 3322 3311 3370 tam
3343 3317 3729 3384 instructum,
3778 3336 3865 3372 ne-

2146 3419 2258 3474 que
2301 3409 2419 3458 tam
2462 3405 2691 3459 doctum
2723 3421 2735 3460 :
2767 3405 2814 3458 is
2845 3421 2976 3458 vero
3018 3404 3120 3476 qui
3166 3405 3397 3459 advenit
3439 3405 3697 3477 incipiat
3729 3424 3861 3462 con-

2144 3497 2403 3547 temnere
2461 3510 2616 3560 eum,
2669 3498 2726 3548 et
2770 3494 3102 3566 frequenter
3146 3493 3332 3549 facere
3381 3510 3753 3560 sermonem,
3809 3502 3866 3549 ut

2145 3581 2484 3636 debonestet
2513 3587 2568 3636 et
2593 3582 2848 3636 inﬁrmet
2885 3582 3039 3636 illius
3069 3598 3396 3652 personam,
3447 3583 3529 3636 ita
3555 3589 3624 3638 ut
3657 3601 3730 3640 ex
3765 3585 3863 3638 hac

2147 3670 2440 3725 occasione
2492 3687 2612 3726 non
2663 3670 2890 3726 dubitet
2941 3670 3267 3742 relinquere
3320 3671 3699 3741 adsignatam
3761 3672 3864 3726 sibi

2144 3759 2470 3826 Ecclesiam,
2535 3763 2592 3814 et
2641 3763 2896 3813 transeat
2951 3759 3022 3814 ad
3080 3759 3348 3814 alienam.
3403 3759 3664 3815 Deﬁnite
3731 3777 3862 3830 ergo

2142 3853 2406 3918 tempora
2437 3864 2450 3902 :
2485 3847 2620 3918 quia
2647 3853 2704 3902 et
2732 3864 2848 3902 non
2876 3847 3054 3918 recipi
3075 3849 3431 3918 episcopum,
3460 3847 3865 3904 inhumanum

2143 3941 2246 4001 est,
2279 3941 2336 3990 et
2364 3935 2410 3989 si
2453 3935 2674 3990 diutius
2721 3936 2989 3998 resideat,
3023 3936 3413 4006 perniciosum
3461 3943 3569 3990 est.
3625 3939 3866 3994 Nemini

2143 4030 2335 4078 autem
2367 4023 2650 4094 superiori
2695 4025 2936 4078 concilio
2971 4025 3173 4078 fratres
3203 4030 3426 4078 nostros
3459 4028 3865 4092 constituisse,

2141 4117 2206 4166 ut
2231 4113 2279 4166 si
2309 4113 2438 4184 quis
2468 4112 2647 4166 laicus
2692 4112 2753 4167 in
2785 4129 2872 4181 ea,
2903 4113 2963 4168 in
2994 4129 3109 4184 qua
3138 4119 3547 4179 commoratur,
3577 4117 3865 4178 civitate,

2141 4206 2391 4271 quatuor
2438 4200 2763 4254 Dominicos
2801 4201 2944 4267 dies,
2991 4201 3047 4255 id
3078 4207 3182 4270 est,
3216 4218 3319 4271 per
3349 4207 3463 4256 tres
3495 4204 3870 4272 septimanas

2141 4305 2260 4344 non
2293 4288 2634 4343 celebrasset
2661 4295 3028 4355 conventum,
3061 4290 3469 4344 communione
3495 4291 3865 4360 privaretur.

2141 4377 2196 4431 Si
2243 4377 2365 4430 haec
2414 4376 2562 4430 circa
2615 4375 2790 4430 laicos
2847 4377 3156 4432 constituta
3202 4382 3357 4443 sunt,
3415 4380 3604 4436 multo
3673 4385 3870 4454 magis

2137 4465 2471 4536 episcopum
2517 4480 2621 4519 nec
2652 4465 2805 4532 licet,
2842 4481 2946 4519 nec
2986 4466 3167 4531 decet,
3200 4465 3246 4518 si
3278 4466 3437 4519 nulla
3466 4468 3542 4520 sit
3572 4472 3706 4523 tam
3743 4489 3871 4542 gra-

2139 4553 2218 4606 vis
2250 4553 2554 4607 necessitas
2583 4569 2714 4624 quae
2736 4553 3012 4618 detineat,
3040 4561 3105 4608 ut
3124 4555 3374 4624 amplius
3397 4571 3430 4607 a
3453 4562 3870 4631 suprascripto

2135 4646 2394 4712 tempore
2447 4641 2651 4696 absens
2690 4641 2764 4696 sit
2805 4641 2874 4696 ab
2921 4643 3168 4697 Ecclesia
3215 4658 3337 4696 sua.
3374 4642 3644 4698 Universi
3702 4649 3869 4703 dixe-

2135 4735 2274 4784 runt
2300 4729 2526 4800 placere
2556 4729 2684 4784 sibi.

2137 4836 2266 4890 CAP.
2313 4835 2482 4890 CXIX.
2528 4866 2597 4874 —
2626 4838 2700 4890 De
2727 4835 3089 4904 suscipiendis
3131 4837 3394 4906 episcopis
3442 4838 3545 4906 qui
3588 4855 3872 4906 persecu—

2723 4910 2914 4960 tionem
2943 4909 3251 4976 patiuntur.

2208 4994 2319 5063 (Ea:
2365 4993 2546 5048 eodem
2594 5009 2714 5064 cap.
2757 4997 2871 5061 22.)
2925 4994 3093 5049 Osius
3127 4994 3430 5064 episcopus
3474 4995 3631 5050 dixit
3669 5016 3682 5052 :
3722 5001 3870 5071 Sug-

2135 5087 2368 5152 gerente
2398 5082 2573 5136 fratre
2623 5089 2679 5136 et
2710 5082 3054 5153 coepiscopo
3098 5087 3294 5136 nostro
3329 5082 3634 5153 Olympio,
3685 5091 3868 5143 etiam

2135 5171 2245 5224 hoc
2274 5171 2506 5240 placuit,
2548 5175 2613 5224 ut
2651 5173 2700 5224 si
2741 5171 2950 5241 aliquis
2994 5171 3108 5224 vim
3142 5187 3451 5241 perpessus
3483 5177 3594 5239 est,
3635 5181 3700 5230 et
3757 5179 3870 5230 ini-

2135 5274 2246 5329 que
2274 5259 2564 5329 expulsus,
2598 5275 2702 5329 pro
2735 5259 3035 5330 disciplina
3073 5264 3130 5314 et
3170 5258 3452 5314 catholica
3484 5263 3871 5318 confessione

2134 5346 2221 5399 vel
2266 5363 2372 5417 pro
2413 5346 2742 5400 defensione
2774 5347 3051 5411 veritatis,
3088 5347 3370 5418 effugiens
3420 5350 3724 5422 pericula,
3781 5354 3873 5408 in-

2134 5449 2350 5489 nocens
2382 5439 2438 5489 et.
2487 5435 2723 5490 devotus
2765 5435 2835 5490 ad
2877 5434 3048 5489 aliam
3103 5436 3326 5490 venerit
3367 5435 3698 5506 civitatem,
3753 5459 3872 5496 non

2135 5522 2515 5593 prohibeatur
2556 5523 2875 5590 immorari,
2927 5523 3208 5594 quamdiu
3256 5527 3355 5578 aut
3393 5526 3594 5582 redire
3653 5532 3869 5600 possit,

2135 5615 2236 5666 aut
2277 5610 2492 5682 injuria
2537 5611 2662 5683 ejus
2710 5612 3034 5668 remedium
3071 5612 3356 5683 acceperit
3391 5628 3404 5668 :
3451 5613 3609 5680 Quia
3649 5618 3868 5673 durum
