4200 6380
180 402 272 451 585
1160 410 1639 472 DECRETORUM
1684 420 1867 475 LIBRI
1907 424 2015 478 XX.
2056 454 2124 464 —
2165 426 2371 481 LIBER
2416 427 2689 485 PRIMUS.
3563 447 3664 499 586

177 524 253 572 est
280 536 411 575 eum
448 524 551 592 qui
576 528 1028 594 persecutionem
1055 532 1269 600 patitur
1295 551 1412 589 non
1441 538 1651 609 recipi;
1695 542 1865 596 etiam
1905 547 1949 598 Α
1987 546 2289 616 Propterea
2314 552 2367 602 te
2391 550 2670 605 Joannem
2720 553 2789 607 ab
2835 554 3095 610 hostibus
3151 561 3474 629 captivitate
3522 566 3663 619 Lisi-

176 615 225 660 et
246 611 401 679 larga
426 610 831 667 benevolentia
859 621 914 669 et
944 617 1270 674 humanitas
1308 622 1363 675 ei
1392 630 1477 677 est
1524 628 1860 685 exhibenda.
1975 610 2125 687 tante
2177 636 2419 689 civitatis
2489 639 2846 709 episcopum,
2916 643 2975 696 in
3028 610 3364 715 Squillicina
3419 652 3663 708 Ecclesia

2523 696 2541 708 .
2688 696 2705 709 .
2834 696 2845 707 ,
3041 696 3364 715 vrum---—
3419 696 3658 708 ..--........

176 696 368 748 Omnis
399 705 657 767 synodus
684 701 864 755 dixit:
903 705 1170 761 Universa
1197 725 1325 779 qua:
1370 714 1673 768 constituta
1730 724 1865 772 sunt
1974 722 2319 778 cardiualem
2351 741 2579 780 necesse
2612 728 2879 784 duximus
2908 734 3253 790 constituere
3281 741 3658 808 sacerdotem,

176 783 446 808 ηηιιηιε..-
494 787 732 808 D-,-l-_:_
773 788 822 808 ξφ
872 807 892 808 η
955 791 964 801 ο
1231 797 1243 808 1
1344 799 1434 808 ..ι-μ.
1739 804 1773 808 -.

2865 783 2870 784 ,
2921 783 3252 790 ,-_,--------
3281 783 3658 808 -..--...........,

174 783 451 837 catholica
492 787 743 841 Ecclesia
770 788 829 842 in
870 791 1134 847 universo
1162 797 1297 850 orbe
1326 799 1529 853 diffusa
1559 804 1858 859 custodiet.
1973 813 2032 861 ut
2084 815 2139 863 et
2187 818 2506 882 susceptam
2585 819 2759 870 semel
2826 819 3147 875 animarum
3200 840 3393 879 curam
3446 828 3661 885 intuitu

176 872 234 923 Et
264 871 735 943 subscripserunt
763 878 863 948 qui
892 890 1293 938 convenerant.
1972 892 2183 946 futurae
2228 871 2622 951 retributionis
2674 899 2935 970 impleas,
2997 908 3054 957 et
3105 906 3236 961 licet
3275 926 3305 961 a
3333 914 3451 977 tua,
3500 912 3659 968 hoste

1968 978 2331 1047 imminente,
2395 983 2664 1053 depulsus
2721 988 2816 1054 sis,
2848 989 3017 1043 aliam
3058 1009 3186 1062 quae
3242 1002 3468 1064 pastore
3500 1005 3659 1054 vacat

1968 1065 2175 1120 debeas
2204 1069 2508 1124 Ecclesiam
2540 1073 2859 1141 gubernare
2892 1093 2905 1129 τ
2960 1076 3038 1131 ita
3063 1084 3253 1135 tamen
3294 1089 3373 1150 ut,
3433 1086 3479 1139 si
3516 1088 3657 1142 civi-

1966 1158 2137 1207 tatem
2170 1155 2327 1209 illam
2369 1158 2437 1211 ab
2469 1159 2726 1215 hostibus
2793 1163 3028 1219 liberam
3088 1169 3254 1236 effici,
3314 1177 3369 1225 et
3417 1174 3655 1229 Domino

174 978 297 1028 CAP.
355 976 506 1031 CXX.
549 1009 619 1018 —
673 983 747 1034 De
778 984 889 1036 illis
941 987 1041 1052 qui
1088 1001 1142 1040 se
1170 988 1360 1043 dicunt
1400 1007 1509 1046 esse
1565 998 1855 1064 episcopos.

240 1063 347 1129 (Ea:
385 1068 579 1119 concil.
604 1069 864 1137 Remensi,
919 1086 1041 1140 cap.
1093 1073 1208 1141 43.)
1241 1075 1384 1130 Sunt
1430 1079 1489 1131 in
1521 1063 1859 1151 quibusdam

173 1152 299 1203 locis
330 1155 498 1207 scotti
528 1162 585 1207 et
631 1157 728 1208 alii
758 1160 983 1212 erronei
1042 1162 1142 1231 qui
1194 1179 1251 1215 se
1305 1165 1504 1220 dicunt
1562 1169 1857 1240 episcopos

173 1255 308 1302 esse,
340 1246 399 1294 et
419 1244 638 1296 multos
678 1246 1057 1316 negligentes,
1091 1251 1305 1321 absque
1336 1254 1565 1309 licentia
1594 1258 1856 1312 domino-

173 1343 291 1380 rum
323 1345 564 1383 suorum
596 1331 714 1385 sive
767 1334 1197 1404 magistrorum,
1266 1342 1628 1411 presbyteros
1658 1352 1713 1400 et
1741 1348 1859 1401 dia-

174 1431 335 1468 :onos
354 1418 645 1473 ordinent.
676 1421 931 1484 Quorum
962 1426 1405 1497 ordinationem,
1442 1434 1577 1501 quia
1598 1436 1855 1505 plerum-

174 1520 269 1573 que
324 1506 385 1559 in
476 1506 859 1564 Simoniacam
930 1512 1125 1567 incidit
1174 1516 1460 1584 haeresim,
1526 1529 1582 1575 et
1658 1525 1851 1579 multis

174 1593 453 1646 iri-oribus
529 1596 804 1665 subjacet,
878 1602 1060 1654 modis
1114 1604 1383 1658 omnibus
1435 1607 1658 1663 irritam
1728 1612 1851 1665 tieri

174 1681 365 1734 iebere
397 1699 600 1737 omnes
640 1701 756 1738 uno
783 1702 1062 1742 consensu
1102 1691 1475 1748 decrevimus.

174 1787 279 1841 ῖλρ,
318 1787 493 1841 CXXI.
528 1819 596 1829 —
638 1792 885 1854 Qualiter
910 1798 1189 1862 peregrini
1220 1801 1456 1867 episcopi
1478 1804 1843 1870 jrecipiantur.
1883 1816 1923 1870 Β

222 1878 335 1939 (Ea:
400 1878 575 1943 regul.
631 1880 880 1946 Gregorii
933 1898 1064 1949 pop.
1134 1889 1401 1939 universis
1466 1892 1728 1958 episcopis
1756 1908 1854 1959 per

174 1966 458 2031 'llyricum,
511 1980 632 2033 cap.
690 1967 807 2034 42.)
874 1969 1105 2022 Jovinus
1198 1974 1701 2030 excellentissimus
1768 1979 1854 2032 vir

174 2052 303 2103 ilius
345 2059 546 2105 noster
575 2069 679 2122 per
718 2055 1000 2125 Illyricum
1035 2059 1257 2128 scriptis
1308 2062 1424 2115 suis
1478 2065 1644 2117 nobis
1709 2066 1851 2120 indi-

173 2156 301 2191 ‘asse
353 2140 737 2209 dignoscitur,
785 2144 851 2196 ad
911 2161 968 2197 se
1024 2148 1194 2200 sacris
1248 2150 1503 2218 apicibus
1556 2153 1851 2208 destinatis

178 2243 370 2280 ussum
398 2228 579 2281 fuisse
612 2230 909 2300 episc0pos
942 2249 1083 2302 quos
1135 2250 1164 2287 e
1196 2238 1442 2306 propriis
1479 2240 1616 2293 locis
1672 2243 1847 2295 hosti-

174 2314 322 2367 itatis
353 2315 523 2368 furor
571 2318 884 2385 expulerat,
933 2321 1001 2373 ad
1033 2338 1128 2374 eos
1177 2324 1473 2394 episcopos
1526 2328 1623 2397 qui
1694 2345 1848 2383 nunc

173 2419 378 2472 [noque
412 2405 474 2456 in
506 2405 643 2456 locis
705 2407 954 2475 propriis
984 2409 1221 2479 degunt,
1280 2429 1381 2482 pro
1431 2418 1843 2471 sustentatione

181 2507 206 2541 c
232 2492 545 2560 stipendiis
602 2495 905 2561 prmsentis
935 2497 1060 2549 vitae
1092 2514 1211 2551 esse.
1238 2500 1583 2570 jungendos.
1618 2504 1684 2556 Et
1715 2505 1844 2559 licet

178 2578 209 2630 d
280 2580 387 2631 hoc
473 2579 891 2635 fraternitatem
972 2590 1216 2640 vestram
1266 2590 1451 2657 jussio
1508 2592 1843 2661 principalis

178 2666 478 2732 dmoneat,
507 2668 783 2721 habemus
808 2675 998 2724 tamen
1035 2674 1217 2742 majus
1240 2675 1444 2729 horum
1506 2680 1837 2734 mandatum

174 2755 340 2807 sterni
376 2755 682 2824 principis,
714 2773 828 2826 quo
858 2759 924 2813 ad
984 2760 1103 2812 haec
1160 2763 1467 2817 terribilius
1514 2769 1839 2837 peragenda

174 2843 572 2913 ompellimur,
645 2849 706 2896 ut
752 2861 865 2899 non
922 2847 1046 2901 dico
1098 2849 1300 2903 fratres
1357 2857 1411 2904 et
1467 2855 1839 2925 coepiscopos

182 2936 387 2994 ostros,
425 2931 523 2984 sed
559 2930 712 3000 ipsos
744 2932 913 2987 etiam
964 2952 1106 3000 quos
1138 2939 1300 2991 nobis
1351 2942 1665 2994 contrarios
1692 2943 1836 3012 pati-

174 3032 284 3075 iur.
356 3033 498 3069 cum
581 3020 980 3087 opportunitas
1034 3024 1304 3091 postulat,
1362 3026 1422 3079 iu
1477 3030 1836 3084 conferendis

173 3104 410 3158 obsidiis
444 3106 849 3160 necessitatum
889 3110 1203 3164 carnalium
1236 3112 1562 3182 diligamus.
1607 3118 1840 3186 Oportet

174 3209 269 3262 rgo
310 3209 419 3246 vos
451 3193 521 3246 ad
556 3192 701 3246 hanc
748 3210 867 3248 rem
935 3201 990 3249 et
1041 3198 1253 3251 caelesti
1285 3200 1554 3269 primitus
1590 3204 1837 3275 principi

174 3281 475 3334 bedientes
506 3281 769 3348 existere,
794 3290 848 3336 et
868 3283 1259 3353 imperialibus
1287 3288 1459 3342 etiam
1482 3290 1837 3358 jussionibus

174 3368 489 3434 )nsentire,
525 3374 805 3439 quatenus
848 3370 1049 3425 fratres
1082 3374 1556 3447 coepiscoposque
1588 3385 1831 3445 nostros,

174 3474 269 3509 uos
341 3462 404 3510 et
456 3456 805 3526 captivitatis
856 3459 1211 3514 diversarum
1279 3465 1676 3520 necessitatum
1727 3484 1834 3521 an-

174 3546 332 3599 ustiaa
392 3544 816 3614 comprimunt,
880 3547 1134 3601 debeatis
1189 3551 1558 3605 consolandos
1623 3570 1834 3609 conve—

173 3634 497 3704 iendosque
544 3634 835 3688 vobiscum
866 3635 925 3688 in
972 3636 1365 3691 ecclesiasticis
1395 3643 1834 3697 sustentationi-

174 3738 223 3772 JS
251 3721 513 3774 libenter
534 3721 820 3790 suscipere
846 3738 859 3775 :
884 3738 999 3776 non
1030 3724 1263 3793 quidem
1301 3730 1364 3778 ut
1408 3742 1508 3795 per
1566 3743 1829 3783 commu-

174 3810 358 3861 lonem
424 3808 775 3878 episcopalis
844 3809 1039 3863 throni
1092 3811 1448 3880 dignitatem,
1510 3816 1603 3868 sed
1658 3822 1721 3869 ut
1761 3818 1832 3871 ab

174 3896 369 3948 :clesia
412 3896 586 3965 juxta
664 3895 1095 3965 possibilitatem
1172 3899 1512 3954 sufficientia
1590 3903 1834 3958 debeant

178 3985 401 4037 imenta
438 3983 757 4053 percipere.
796 3984 884 4036 Sic
933 3985 1085 4037 enim
1119 3991 1175 4039 et
1231 3988 1555 4056 proximum
1606 3990 1662 4042 in
1719 3992 1829 4046 Deo

174 4114 175 4117 η
206 4075 399 4125 Deum
445 4072 507 4123 in
535 4071 793 4140 proximo
820 4072 1059 4141 diligere
1080 4076 1548 4143 comprobamur.
1606 4078 1828 4133 Nullam

174 4160 337 4229 iippe
366 4159 456 4211 eis
480 4174 584 4211 nos
611 4158 670 4211 in
694 4159 894 4213 vestris
954 4161 1214 4220 Ecclesiis
1276 4165 1675 4220 auctoritatem
1723 4168 1825 4221 tri-

174 4249 377 4313 iimus,
446 4246 548 4300 sed
608 4251 800 4301 tamen
854 4264 951 4302 eos
1006 4249 1207 4303 vestris
1264 4252 1478 4306 solatiis
1535 4255 1823 4310 contineri

173 4351 502 4406 .mmopere
546 4334 863 4389 hortamur.

174 4460 242 4494 tP.
293 4442 507 4497 CXXII.
552 4472 620 4516 ——_
654 4444 723 4516 De
771 4444 1036 4511 episcopis
1093 4445 1179 4516 uel
1223 4446 1548 4512 presbyteris
1599 4450 1823 4516 ignotis,

180 4518 243 4565 ut
298 4518 437 4565 ante
493 4512 868 4580 probationem
946 4514 1259 4581 synodalem
1316 4512 1643 4573 ministrare
1720 4512 1825 4574 non

175 4588 611 4651 permittuntur.

180 4708 295 4775 (Ea:
326 4706 530 4761 concil.
588 4705 859 4772 Rotoma.,
892 4721 1011 4775 cap.
1041 4704 1120 4775 8.)
1143 4705 1476 4777 Statuimus,
1510 4712 1823 4767 secundum

174 4796 455 4848 nonicam
505 4794 809 4860 cautelam,
878 4810 1077 4847 omnes
1122 4795 1504 4867 undecunque
1552 4815 1822 4870 superve-

174 4890 333 4937 entes
390 4882 629 4952 ignotos
718 4881 1013 4951 episcopos
1092 4883 1179 4936 vel
1253 4885 1633 4955 Iresbyteros,
1693 4893 1821 4942 ante

173 4969 523 5022 obationem
578 4967 910 5036 synodalem
962 4968 1021 5022 in
1084 4971 1526 5027 ecclesiasticum
1572 4974 1823 5029 ministe-

173 5074 249 5111 ιω
289 5073 418 5111 non
450 5055 775 5110 admittere.

180 5198 231 5233 ι).
296 5178 540 5251 CXXIII.
588 5206 662 5218 —
702 5180 770 5232 Ut
839 5179 1119 5246 episcopus
1195 5178 1495 5233 hostilitate
1565 5183 1820 5251 expulsus

358 5250 443 5302 ad
474 5251 645 5301 aliam
675 5254 953 5302 vacantem
980 5254 1221 5302 transeat
1250 5250 1570 5304 Ecclesiam.

174 5358 284 5419 (Ea:
308 5368 477 5421 regu.
530 5354 587 5407 S.
622 5353 814 5419 Grego.
865 5352 940 5405 ad
976 5351 1269 5419 Agnellum
1312 5354 1482 5421 epis.,
1515 5369 1635 5422 cap.
1679 5354 1819 5423 I35.)

180 5442 422 5497 storalis
455 5440 633 5494 ofﬁcii
664 5455 803 5493 cura
854 5456 958 5492 nos
988 5440 1263 5493 admonet
1319 5440 1600 5494 destitutis
1633 5442 1818 5496 Eccle-

174 5551 198 5583 s
248 5529 537 5600 proprios
594 5526 942 5581 constituere
1025 5527 1361 5593 sacerdotes,
1417 5528 1517 5597 qui
1586 5544 1819 5599 gregem

173 5619 487 5674 lminicum
507 5614 787 5687 pastorali
804 5614 1011 5669 debeat
1060 5615 1444 5671 sollicitudine
1473 5617 1815 5687 gubernare.

478 5721 765 5787 ΡΑτιιοι..
817 5720 993 5785 CXL.

1966 1248 2298 1313 protegente
2332 1245 2401 1298 ad
2459 1247 2708 1316 priorem
2774 1256 2984 1306 statum
3032 1257 3332 1327 contigerit
3378 1264 3652 1330 revocari,

1964 1328 2024 1381 in
2057 1345 2183 1383 eam
2213 1330 2273 1384 in
2302 1348 2414 1401 qua
2442 1341 2499 1386 et
2549 1335 2706 1405 prius
2740 1339 3034 1395 ordinatus
3098 1360 3154 1396 es
3186 1346 3489 1402 Ecclesiam
3560 1368 3651 1405 re-

1965 1419 2218 1473 vertaris.
2272 1420 2369 1501 Sin
2415 1428 2605 1477 autem
2652 1427 2921 1495 praedicta
2949 1429 3142 1484 civitas
3183 1435 3455 1490 continua
3479 1440 3654 1508 capti-

1962 1505 2149 1559 vitatis
2182 1494 2504 1563 calamitate
2527 1513 2825 1579 premitur,
2858 1514 2917 1568 in
2942 1516 3047 1570 hac
3077 1518 3135 1571 in
3171 1536 3283 1590 qua
3314 1528 3370 1577 et
3416 1540 3446 1577 a
3483 1527 3649 1580 nobis

1962 1594 2349 1648 incardinatus
2381 1612 2439 1649 es
2465 1597 2670 1652 debeas
2706 1602 2946 1655 Ecclesia
2972 1620 3326 1673 permanere.

1961 1698 2087 1754 CAP.
2112 1700 2324 1753 CXXIV.
2367 1732 2431 1741 —
2465 1705 2531 1776 De
2561 1706 2841 1773 episcopis,
2875 1710 3019 1776 quod
3063 1727 3237 1767 omnes
3295 1716 3528 1772 homines
3572 1722 3647 1775 eis

2086 1804 2091 1809 .
2477 1774 2606 1839 jure
2647 1775 2857 1830 obedire
2872 1774 3114 1834 debeant.

2034 1855 2136 1923 (Ea:
2157 1856 2349 1912 decret.
2384 1861 2666 1916 Clementis
2690 1879 2868 1932 papa,
2913 1882 3030 1937 cap.
3092 1872 3198 1938 lii).
3248 1872 3455 1927 Omnes
3484 1877 3644 1945 prin-

1961 1942 2111 2011 cipes
2136 1948 2299 1998 terra:
2327 1950 2382 1999 et
2406 1953 2638 2001 cunctos
2669 1951 2928 2004 homines
2964 1955 3243 2026 episcopis
3300 1961 3551 2028 obedire,
3588 1969 3644 2018 et

1960 2030 2144 2098 capita
2169 2048 2270 2084 sua
2299 2034 2652 2101 submittere,
2704 2054 3019 2110 eorumque
3062 2045 3349 2100 auditores
3399 2050 3639 2106 existere

1958 2119 2345 2189 praecipiebat,
2398 2126 2459 2175 ut
2502 2140 2701 2177 omnes
2749 2127 2963 2195 pariter
2999 2129 3194 2185 ﬁdeles
3244 2142 3301 2187 et
3371 2152 3639 2207 coopera-

1957 2210 2107 2257 tores
2133 2208 2274 2276 legis
2309 2209 2407 2261 Dei
2456 2216 2936 2283 monstrarentur,
2990 2234 3059 2269 ne
3107 2219 3174 2273 de
3228 2221 3309 2274 eis
3341 2224 3562 2280 dicatur
3621 2245 3634 2281 :

1957 2293 2391 2348 Coufundentur
2446 2307 2501 2350 et
2559 2300 2897 2355 erubescent
2970 2321 3169 2359 omnes
3226 2310 3321 2379 qui
3377 2319 3642 2382 pugnant

1954 2379 2251 2434 adversum
2295 2388 2348 2435 te
2415 2389 2471 2438 et
2510 2392 2678 2439 erunt
2708 2389 2868 2457 quasi
2920 2408 3035 2445 non
3090 2395 3221 2461 sint,
3268 2403 3324 2450 et
3372 2401 3642 2468 peribunt

1953 2467 2057 2519 viri
2090 2468 2187 2537 qui
2216 2472 2611 2527 contradicunt
2652 2474 2774 2529 tibi.
2833 2478 3060 2541 Quaeres
3110 2498 3224 2550 eos,
3256 2490 3311 2538 et
3340 2502 3455 2540 non
3488 2489 3641 2542 inve-

1952 2554 2091 2619 nies,
2132 2556 2279 2609 viros
2311 2559 2551 2612 rebelles
2584 2566 2741 2615 tuos:
2772 2572 2942 2619 erunt
2967 2568 3129 2637 quasi
3161 2587 3277 2626 non
3300 2574 3433 2638 sint,
3467 2581 3522 2629 et
3550 2593 3639 2630 ve-

1948 2642 2053 2695 luti
2111 2647 2469 2715 consumptio
2527 2648 2789 2705 homines
2861 2653 3137 2710 bellantes
3192 2659 3491 2716 adversum
3556 2670 3631 2718 te.

1948 2729 2157 2783 Omnes
2200 2748 2336 2801 ergo
2385 2734 2485 2803 qui
2557 2735 2637 2788 eis
2684 2744 3042 2811 contraeunt,
3097 2744 3174 2798 ita
3235 2747 3532 2804 damnatos
3580 2757 3636 2806 et

1946 2816 2184 2870 infames
2212 2834 2392 2888 usque
2414 2822 2481 2874 ad
2513 2822 2949 2880 satisfactionem
3000 2833 3349 2887 monstrabat
3374 2852 3387 2888 :
3438 2840 3493 2890 et
3521 2838 3633 2892 nisi

1947 2910 2431 2973 converterentur,
2489 2925 2522 2961 a
2569 2909 2860 2965 liminibus
2922 2915 3179 2970 Ecclesia:
3232 2920 3445 2976 alienos
3511 2940 3631 2978 esse

1944 2993 2330 3063 praecipiebat.

1879 3084 1918 3139 C
1951 3099 2077 3186 CAP:
2113 3098 2302 3186 CXXV.
2354 3131 2427 3186 ‘—
2470 3102 2641 3186 Quo‘d‘
2675 3103 2942 3186 episcopi.
2967 3109 3165 3186 claves_
3196 3115 3308 3166 sint
3360 3117 3627 3186 Ecclesiae,

2016 3174 2066 3221 et
2123 3170 2369 3255 ‘habeant
2407 3170 2725 3240 potestatem
2781 3170 3028 3231 claudere
3072 3182 3256 3236 malum
3302 3189 3353 3237 et
3419 3170 3631 3255 aperire

2012 3244 2200 3307 portas
2230 3241 2366 3307 ejus.

2019 3344 2128 3412 (Ea:
2159 3344 2337 3399 eodem
2367 3362 2488 3415 cap.
2523 3348 2633 3418 37.)
2687 3349 2945 3406 Sanctam
2978 3371 3112 3424 ergo
3153 3357 3459 3415 Ecclesiam
3515 3363 3622 3418 im-

1944 3433 2285 3485 maculatam
2350 3450 2546 3487 omnes
2616 3453 2838 3492 servare
2902 3441 3111 3496 debere
3181 3450 3627 3519 evangelizabat,

1943 3518 2102 3587 cujus
2127 3520 2307 3573 claves
2336 3521 2630 3592 episcopos
2687 3542 2808 3579 esse
2849 3528 3093 3584 dicebat.
3146 3533 3260 3601 Ipsi
3305 3536 3456 3591 enim
3523 3540 3624 3593 ha-

1942 3605 2078 3659 bent
2105 3610 2441 3677 potestatem
2474 3611 2734 3666 claudere
2788 3616 2991 3670 coelum
3033 3622 3091 3672 et
3147 3622 3370 3691 aperire
3425 3632 3621 3695 portas

1941 3694 2078 3763 ejus,
2126 3690 2261 3764 quia
2290 3696 2472 3750 claves
2536 3699 2661 3752 coeli
2709 3701 2840 3755 facti
2894 3708 3043 3759 sunt.
3097 3690 3371 3764 Amovere
3430 3718 3621 3768 autem

1942 3797 2038 3834 eos
2059 3782 2345 3836 nemiuem
2376 3784 2581 3839 debere
2605 3788 2861 3851 docebat,
2889 3793 3022 3861 quia
3052 3795 3201 3847 oculi
3242 3798 3468 3869 Domini
3489 3808 3623 3856 sunt

1941 3874 1995 3921 et
2051 3869 2150 3939 qui
2193 3886 2290 3923 eos
2342 3875 2543 3942 tangit.
2598 3876 2782 3946 tangit
2838 3880 3116 3948 pupillam
3149 3885 3298 3937 oculi
3356 3888 3500 3956 ejus.
3559 3890 3624 3943 Et

1938 3962 2153 4024 quanta
2183 3974 2349 4028 paena
2380 3960 2585 4030 dignus
2656 3965 2727 4017 sit
2761 3965 2859 4035 qui
2903 3984 2995 4020 eos
3032 3971 3393 4040 scandalizat,
3435 3975 3623 4046 ipsum

1941 4043 2247 4098 Dominum
2290 4047 2545 4102 docuisse
2596 4050 2833 4119 dicebat,
2866 4054 2960 4108 ubi
2991 4056 3069 4109 ait
3104 4075 3115 4111 :
3152 4058 3260 4122 Qui
3281 4064 3621 4119 scandaliza-

1938 4132 2082 4185 verit
2135 4149 2316 4187 unum
2365 4135 2434 4189 de
2509 4138 2730 4207 pusillis
2789 4140 2887 4210 qui
2949 4141 3009 4196 in
3069 4161 3159 4199 me
3203 4148 3460 4216 credunt,
3521 4169 3619 4207 ex-

1938 4217 2097 4288 pedit
2124 4218 2177 4272 ei
2201 4226 2261 4273 ut
2299 4224 2681 4291 suspendatur
2727 4228 2880 4281 mola
2918 4230 3165 4285 asinaria
3194 4233 3253 4287 in
3296 4236 3444 4291 collo
3474 4239 3617 4309 ejus,

1938 4311 1991 4360 et
2016 4306 2382 4378 demergatur
2403 4311 2462 4364 in
2491 4313 2841 4382 profundum
2873 4318 3064 4372 maris.

1860 4360 1902 4412 D
1934 4413 2061 4467 CAP.
2105 4414 2323 4469 CXXVI.
2364 4447 2424 4457 —

2466 4418 2619 4496 Quod
2683 4423 2955 4496 episcopos
3020 4424 3284 4480 Dominus
3309 4430 3384 4482 ad
3444 4432 3619 4496 glori-

1996 4483 2274 4565 ﬁcandum
2306 4501 2361 4565 se
2386 4488 2618 4554 elegerit,
2676 4483 2725 4543 et
2775 4483 2936 4565 quod,
2977 4508 3153 4547 omnes
3194 4483 3619 4565 principes—ter—

2000 4568 2075 4607 rae
2100 4556 2175 4608 eis
2206 4556 2418 4609 obedire
2446 4564 2706 4625 oporteat,
2735 4556 2800 4613 et
2814 4564 2996 4629 capita
3015 4577 3117 4616 sua
3143 4556 3469 4625 submittere.

2002 4659 2106 4728 (Ea:
2144 4660 2321 4715 eodem
2361 4677 2481 4731 cap.
2542 4663 2655 4733 29.)
2712 4664 2796 4718 Ad
2830 4665 3267 4736 gloriﬁcandum
3294 4688 3373 4739 se,
3422 4680 3479 4729 et
3522 4676 3615 4731 di-

1929 4746 2060 4800 vina
2088 4749 2356 4803 mandata
2395 4750 2727 4805 seminanda
2757 4758 2815 4806 et
2854 4756 3296 4825 evangelizanda
3321 4762 3615 4835 episcopos

1933 4835 2203 4889 Dominus
2233 4837 2427 4907 elegit,
2460 4843 2516 4891 et
2545 4844 2608 4891 ut
2637 4855 2754 4893 non
2786 4841 3219 4912 prohibeantur,
3265 4855 3363 4902 aut
3384 4858 3614 4919 pertur—

1930 4922 2135 4977 bentur
2160 4925 2387 4979 aiebat:
2438 4926 2717 4989 Quoniam
2775 4929 2874 4999 qui
2931 4947 3024 4984 eos
3074 4932 3257 5002 laedit,
3298 4953 3430 4993 eum
3458 4941 3614 4997 laedit

1928 5011 2089 5080 cujus
2128 5013 2409 5082 legatione
2464 5014 2804 5085 funguntur.
2859 5019 3174 5075 Praedicare
3231 5040 3327 5078 eos
3365 5030 3608 5098 assidue,

1928 5101 1984 5150 et
2038 5097 2307 5152 mandata
2349 5100 2578 5154 Domini
2623 5103 2743 5157 sine
2787 5104 3210 5165 intermissione
3274 5118 3611 5171 annuntiare

1928 5185 2180 5254 rogabat.
2237 5185 2421 5256 Opera
2452 5204 2649 5243 eorum
2683 5191 2833 5246 bona
2876 5209 3065 5250 coram
3099 5198 3424 5255 hominibus
3454 5220 3612 5258 mon-

1928 5277 2106 5326 strare
2146 5279 2203 5327 et
2257 5276 2662 5333 conscientiam
2716 5279 2923 5335 bonam
2980 5300 3171 5339 coram
3231 5288 3345 5340 Deo
3401 5290 3608 5346 habere

1926 5360 2270 5416 insinuahat.

1927 5465 2054 5520 CAP.
2087 5468 2326 5523 CXXVII.
2369 5499 2437 5507 —
2468 5470 2550 5523 De
2612 5475 2896 5541 episc0pis,
2941 5476 3086 5542 quod
3120 5491 3174 5530 se
3212 5480 3435 5535 invicem
3476 5483 3606 5539 dili-

2558 5556 2680 5608 gere
2731 5543 2976 5597 debeant.

1996 5619 2111 5689 (Εω
2148 5620 2326 5676 eodem
2364 5640 2486 5692 cap.
2530 5626 2639 5693 30.)
2692 5628 2995 5698 Episcopos
3054 5647 3193 5701 ergo
3250 5633 3431 5691 vicem
3466 5655 3607 5710 apo-

3216 5742 3297 5801 19
