4200 6432
689 423 789 476 58⁸7

1768 411 2173 469 BURCHABDI
2215 407 2745 467 WORMACIENSIS
2783 404 3117 463 EPISCOPI.
4096 404 4187 455 588

689 544 970 599 stolorum
1034 556 1231 611 gerere
1279 537 1590 593 Dominum
1637 535 1892 590 docuisse
1947 534 2192 602 dicebat,
2238 533 2372 588 reli-
2403 533 2451 587 Α
2488 537 2837 587 manentem.
2880 531 3019 586 Ecce
3049 527 3341 583 homicida
3370 526 3746 597 probabiliter
3775 542 3902 579 esse
3938 525 4192 580 declara—

694 648 942 703 quorum
966 630 1381 699 discipulorum
1420 626 1596 679 vicem
1637 631 1831 678 tenere
1882 622 2241 693 presbyteros
2284 622 2383 676 de-

692 722 829 778 bere
850 719 1181 773 insinuabat
1212 733 1224 771 :
1253 724 1308 770 et
1336 717 1380 769 si
1412 716 1540 785 quis
1587 715 1838 783 a'iquem
1888 727 1957 764 ex
2000 711 2089 764 his
2141 710 2385 764 scanda-

693 808 912 876 lizaret,
934 807 1325 879 gravissimam
1378 804 1483 856 sibi
1517 817 1740 871 pinnam
1774 799 1971 853 inferri
1991 796 2198 853 debere
2237 813 2384 868 prte-

694 896 938 952 dicabat.
998 896 1243 949 Cunctos
1320 908 1377 944 se
1421 892 1663 943 invicem
1706 888 1944 956 diligere
2003 892 2061 941 et
2115 886 2385 956 adjuvare

694 985 923 1048 debere,
957 989 1013 1037 et
1043 983 1331 1036 neminem
1366 980 1436 1033 ab
1482 977 1769 1048 adjutorio
1818 976 2012 1030 fratris
2059 990 2117 1032 se
2161 975 2386 1029 subtra-

693 1071 833 1126 here
864 1069 1204 1123 instruebat.

695 1160 826 1215 Car.
858 1157 1130 1213 CXXVIII.
1163 1182 1236 1195 —
1269 1154 1333 1208 Ut
1377 1154 1658 1275 episcopus
1689 1152 1999 1220 episcopum
2043 1151 2217 1204 alium
2281 1164 2389 1203 non

1390 1238 1550 1275 conca
1578 1242 1632 1274 re
1665 1262 1676 1273 .

1390 1238 1676 1276 cuneatrel.

765 1318 884 1383 (Ea:
912 1314 1097 1368 concil.
1146 1312 1472 1373 Arelatensi,
1516 1326 1637 1377 cup.
1670 1308 1795 1377 I3.)
1828 1310 1898 1363 Ut
1945 1307 2136 1362 nullus
2166 1307 2385 1377 episco-

695 1421 799 1475 pus
841 1403 1015 1457 alium
1048 1402 1446 1470 episcoporum
1479 1400 1792 1461 conculcet,
1862 1412 2113 1467 eumque
2170 1396 2385 1449 calum-

693 1492 842 1547 niari
864 1492 949 1544 vel
981 1489 1243 1557 injuriari
1276 1495 1601 1556 praesumat.
1646 1486 1806 1549 Quod
1840 1486 1885 1538 si
1934 1485 2151 1552 fecerit,
2178 1484 2388 1554 gradus

696 1581 784 1633 sui
814 1578 1069 1650 periculo
1094 1578 1425 1643 subjacehit.

697 1670 825 1723 CAP.
886 1666 1098 1721 CXXIX.
1170 1668 1247 1719 Dc
1294 1666 1560 1731 episcopis
1618 1659 1714 1729 qui
1762 1676 1816 1714 se
1865 1677 1900 1714 a
1941 1664 2184 1729 fratrum
2220 1660 2385 1728 adju—

1245 1742 1381 1788 torw
1435 1735 1835 1787 sub/raa-erint.

766 1826 881 1896 (Ea:
910 1824 1053 1878 decr.
1087 1824 1399 1877 Aleramiri
1418 1838 1551 1891 pap.
1595 1836 1714 1888 cap.
1760 1821 1825 1873 30
1852 1820 2095 1872 omnibus
2126 1819 2389 1887 episcopis
2432 1828 2470 1882 Β

692 1912 1048 1983 missis.)Qui
1096 1916 1291 1965 autem
1323 1928 1387 1963 ex
1446 1916 1633 1962 vestro
1683 1909 1922 1977 collegio
1982 1908 2181 1970 fuerit,
2232 1912 2291 1961 et
2320 1906 2390 1959 ab

696 2001 908 2055 auxilio
960 2006 1147 2053 vestro
1202 2017 1261 2051 se
1344 1998 1708 2064 subtraxerit,
1766 1997 1948 2065 magis
2006 1994 2392 2049 schismaticus

696 2105 871 2160 quam
929 2089 1186 2141 sacerdos
1234 2104 1356 2140 esse
1391 2086 1746 2157 probabitur.
1786 2108 1805 2132 ι
1853 2088 2005 2152 Ecce,
2052 2083 2241 2154 inquit
2269 2084 2393 2136 Pro-

696 2179 893 2249 pheta,
953 2193 1126 2247 quam
1182 2175 1400 2228 bonum
1460 2182 1517 2227 et
1554 2190 1727 2245 quam
1780 2174 2101 2244 jucundum
2133 2172 2391 2225 habitare

696 2267 903 2321 fratres
924 2266 985 2317 in
1012 2280 1214 2317 unum.
1242 2283 1268 2313 ιο
1297 2263 1379 2315 lili
1401 2278 1536 2315 vero
1568 2279 1680 2315 non
1700 2261 1757 2314 in
1782 2278 1958 2314 unum
1988 2260 2264 2325 habitant,
2290 2259 2392 2329 qui

703 2370 735 2408 a
773 2354 1014 2407 fratrum
1050 2369 1107 2405 se
1168 2352 1368 2405 solatio
1416 2350 1776 2413 subtrahunt,
1819 2354 1891 2413 et,
1949 2349 2101 2419 quod
2146 2349 2394 2401 deterius

704 2448 811 2509 est,
860 2442 1131 2496 fratribus
1173 2440 1408 2493 insidias
1450 2444 1793 2509 pra-parant,
1850 2443 1949 2491 aut
1997 2439 2232 2507 laqueos
2298 2453 2394 2507 po-

704 2534 871 2584 nunt.
905 2531 1046 2583 Item
1083 2534 1209 2599 past
1260 2543 1478 2597 pauca:
1520 2528 1629 2580 Nos
1660 2543 1797 2595 ergo
1831 2526 1930 2596 qui
1980 2524 2243 2595 discipuli
2287 2526 2391 2578 Do-

704 2618 849 2672 mini
906 2622 962 2670 et
1007 2616 1116 2670 dici
1159 2621 1215 2668 et
1256 2633 1374 2668 esse
1429 2616 1711 2682 cupimus,
1756 2620 1983 2684 portare
2030 2628 2256 2666 crucem
2293 2614 2397 2666 Do-

703 2705 869 2775 mini,
903 2710 959 2758 et
987 2703 1238 2774 compati
1261 2703 1529 2757 fratribus
1560 2703 1857 2768 debemus,
1881 2706 1936 2755 et
1967 2718 2081 2755 non
2113 2716 2397 2772 quascun-

704 2810 815 2866 que
875 2793 956 2846 eis
1012 2792 1251 2846 insidias
1311 2796 1407 2844 aut
1474 2791 1663 2844 foveas
1695 2806 2063 2860 prmparare:
2121 2789 2257 2859 quia
2314 2792 2395 2841 ta-

702 2882 912 2936 lionem
945 2886 1190 2934 meretur
1229 2880 1325 2949 qui
1372 2878 1645 2931 fratribus
1704 2878 1926 2931 foveam
1975 2881 2157 2947 parat.
2210 2876 2397 2931 Nolite

700 2985 910 3035 errare,
942 2968 1166 3031 fratres,
1204 2968 1340 3037 quia
1371 2966 1516 3020 Deus
1559 2982 1673 3019 non
1724 2965 2017 3018 irridetur.
2080 2964 2257 3033 Hujus
2312 2964 2393 3016 rei

700 3058 886 3129 gratia
914 3058 1075 3111 vobis
1102 3056 1378 3110 Dominus
1408 3054 1696 3108 commisit
1752 3053 2062 3107 Ecclesiam
2120 3068 2301 3119 suam,
2335 3055 2397 3104 ut

698 3162 802 3219 pro
861 3145 1130 3200 omnibus
1167 3144 1456 3208 labureiis,
1509 3150 1565 3196 et
1606 3143 1823 3196 cunctis
1882 3140 2169 3212 oppressis
2220 3155 2391 3209 opem

699 3235 851 3290 ferre
886 3250 1000 3287 non
1024 3233 1373 3303 negligatis._
1404 3232 1562 3285 Unde
1612 3239 1667 3281 et
1700 3230 1973 3283 Dominus
2003 3245 2105 3299 per
2142 3228 2394 3297 Prophe-

701 3328 824 3378 tam
852 3322 1132 3391 loquitur,
1166 3320 1395 3372 dice-ns:
1434 3320 1563 3374 Htec
1607 3318 1747 3371 dicit
1778 3318 2048 3371 Dominus
2077 3333 2090 3370 :
2136 3317 2393 3370 Judicate

703 3426 876 3466 mane
898 3409 1202 3479 judicium,
1228 3416 1286 3460 et
1315 3410 1496 3460 eruite
1540 3407 1589 3459 vi
1621 3422 1921 3476 oppressos
1982 3406 2050 3459 de
2091 3421 2265 3459 manu
2302 3421 2392 3458 ca-

703 3496 1058 3561 lumniantis,
1087 3512 1157 3549 ne
1197 3496 1342 3548 forte
1374 3496 1700 3565 egrediatur
1728 3494 1891 3564 quasi
1939 3493 2088 3563 ignis
2129 3494 2392 3563 indigna-

702 3587 784 3641 tio
812 3602 957 3651 mea,
991 3590 1047 3638 et
1076 3585 1470 3647 succendatur,
1531 3588 1588 3636 et
1635 3599 1749 3636 non
1784 3583 1855 3635 sit
1894 3583 1992 3653 qui
2050 3582 2391 3651 exstinguat.

702 3676 811 3728 Vos
850 3689 987 3744 ergo
1019 3673 1117 3743 qui
1148 3671 1205 3725 in
1240 3688 1461 3725 summa
1502 3672 1732 3742 specula
1760 3687 1794 3724 a
1828 3671 2071 3725 Domino
2098 3670 2396 3724 constituti

702 3762 859 3827 estis,
916 3760 1207 3814 attendere
1255 3774 1353 3812 eos
1400 3764 1455 3812 et
1511 3758 1833 3828 opprimere
1886 3762 2135 3828 oportet,
2198 3756 2396 3827 quiin

700 3851 902 3906 fratres
932 3848 1244 3903 seditiones
1270 3853 1327 3901 et
1357 3847 1623 3902 scandala
1652 3848 1919 3913 excitant,
1948 3863 2017 3901 ne
2050 3845 2223 3900 simul
2264 3860 2395 3899 cum

704 3940 785 3993 eis
814 3938 1086 4010 pereatis.

703 4027 835 4083 CAP.
870 4025 1058 4081 CXXX.
1090 4052 1158 4066 -
1194 4025 1274 4078 De
1292 4025 1557 4092 episcopis
1585 4025 1680 4091 qui
1698 4039 1753 4077 se
1799 4024 1963 4092 quasi
2002 4024 2197 4076 canino
2243 4021 2399 4075 dente

1237 4097 1462 4148 invicem
1520 4092 1865 4148 corroserint.

777 4186 897 4257 (Ea:
942 4183 1140 4238 eisdem
1187 4182 1261 4237 ad
1288 4183 1514 4248 eosdem,
1556 4198 1676 4250 cap.
1734 4180 1847 4249 I8.)
1899 4178 1958 4233 Si
2012 4194 2167 4243 vero,
2242 4177 2398 4249 quod

707 4273 885 4328 absitl
953 4272 1235 4327 discordes
1284 4270 1525 4336 fueritis,
1558 4275 1616 4323 et
1643 4269 1849 4322 canino
1901 4267 2067 4321 dente
2089 4283 2185 4319 vos
2234 4267 2398 4320 dero-

703 4362 837 4416 dere
868 4360 1167 4430 cmperitis,
1202 4375 1316 4413 non
1346 4360 1531 4413 solum
1579 4373 1677 4411 eos
1726 4372 1845 4410 non
1887 4354 2247 4424 superabitis,
2297 4354 2393 4409 sed
2426 4374 2469 4427 ι)

704 4454 760 4505 et
789 4450 947 4504 vobis
977 4448 1086 4519 ipsi
1113 4447 1413 4513 nocebitis,
1445 4452 1621 4517 atque
1650 4445 1722 4500 ab
1752 4445 1835 4499 eis
1875 4442 2306 4513 superabimini,
2340 4448 2397 4497 et

702 4543 975 4593 nocenter
1008 4536 1154 4591 forte
1180 4535 1463 4607 peribitis.

703 4628 831 4683 CAP.
868 4626 1080 4682 CXXXI.
1112 4653 1185 4667 —
1226 4625 1306 4679 De
1355 4624 1623 4747 episquis
1645 4624 1749 4745 ἕιυί
1770 4620 2042 4689 fratribus
2096 4635 2281 4675 nocere
2310 4619 2397 4673 de-

1420 4709 1469 4747 si
1570 4708 1641 4745 an
1674 4735 1683 4745 .

1420 4708 1666 4748 siderant
1674 4735 1683 4745 .

772 4769 882 4839 (Ea:
911 4767 1053 4822 decr.
1086 4766 1374 4831 Bonifacii
1426 4767 1631 4833 papa.)
1662 4762 1818 4817 Sicut
1868 4761 2055 4816 omnis
2084 4761 2186 4832 qui
2208 4759 2398 4831 diligit

699 4855 928 4911 fratrem
961 4871 1150 4920 suum,
1183 4869 1251 4907 ex
1302 4854 1416 4907 Deo
1447 4856 1532 4905 est
1563 4867 1577 4904 :
1611 4851 1692 4904 ita
1719 4850 1904 4904 omnis
1954 4848 2055 4921 qui
2091 4849 2214 4904 odit
2256 4864 2396 4919 pro-

698 4946 939 5011 ximum,
962 4960 1031 4998 ex
1061 4942 1293 4997 diabolo
1337 4944 1441 4994 est.
1475 4940 1786 4994 Dilectione
1816 4939 1969 4993 enim
2016 4939 2140 4993 sola
2182 4937 2395 4991 discer-

697 5035 854 5088 nitur
885 5032 1037 5103 quis,
1059 5046 1125 5084 ex
1151 5045 1267 5100 quo
1298 5028 1527 5099 genitus
1557 5028 1932 5098 approbetur,
1971 5027 2194 5081 dicente
2221 5028 2396 5081 Joan-

698 5136 769 5175 ne
806 5121 909 5174 :In
939 5120 1046 5172 hoc
1108 5115 1397 5170 manifesti
1446 5120 1579 5168 sunt
1618 5114 1723 5168 ﬁlii
1778 5115 1901 5180 Dei,
1944 5118 2001 5167 et
2029 5114 2135 5168 filii
2160 5113 2391 5167 diaboli.

699 5207 900 5265 Omnis
929 5204 1029 5276 qui
1060 5220 1177 5258 non
1207 5202 1343 5257 facit
1375 5202 1679 5273 justitiam,
1742 5217 1811 5256 ex
1866 5203 1982 5256 Deo
2028 5217 2148 5255 non
2199 5208 2304 5269 est,
2338 5206 2397 5256 et

698 5312 815 5352 non
839 5293 1029 5363 diligit
1049 5292 1286 5346 fratrem
1321 5307 1510 5345 suum.
1558 5290 1844 5354 Quoniam
1882 5290 2007 5344 ha‘c
2052 5294 2139 5344 est
2166 5306 2393 5345 annun-

698 5384 861 5439 tiatio
912 5396 1085 5452 quam
1131 5381 1204 5435 ab
1261 5379 1428 5433 initio
1493 5379 1756 5443 audistis,
1807 5382 1872 5432 ut
1919 5378 2171 5449 diligatis
2219 5379 2395 5434 alter-

699 5478 913 5527 utrum.
954 5471 1017 5524 Et
1066 5474 1197 5541 post
1257 5467 1607 5539 paululum:
1675 5466 1875 5522 Omnis
1936 5466 2036 5537 qui
2111 5465 2228 5521 odit
2286 5467 2396 5520 fra-

699 5564 845 5614 trem
882 5574 1068 5627 suum,
1120 5555 1418 5613 homicida
1462 5561 1570 5609 est.
1607 5556 1676 5609 Et
1723 5554 1875 5609 scitis
1920 5554 2198 5626 quoniam
2260 5570 2393 5609 om-

702 5646 795 5701 nis
880 5647 1164 5704 homicida
1250 5659 1373 5699 non
1421 5643 1594 5699 habet
1655 5644 1833 5699 vitam
1883 5648 2161 5698 aeternam
2215 5642 2277 5699 in
2334 5659 2395 5696 se

2495 627 2590 676 tur
2619 620 2756 692 quia
2811 620 3063 674 fraterna
3095 618 3367 670 societate
3398 616 3693 670 dividitur.
3723 616 3867 669 Nam
3898 621 3957 668 et
4003 615 4051 668 si
4078 631 4192 668 ma-

2495 724 2604 762 nus
2633 723 2746 761 non
2778 711 3004 761 moveat
3034 706 3105 760 ad
3156 704 3555 772 occidendum,
3578 720 3682 775 pro
3711 720 3781 757 eo
3811 710 4008 771 tamen
4062 704 4193 773 quia

2496 796 2736 850 immitis
2762 800 2846 849 est
2874 795 2945 849 ad
2976 794 3323 858 nocendum,
3359 794 3477 863 jam
3510 809 3544 846 a
3600 793 3717 846 Deo
3764 791 4063 847 homicida
4104 798 4191 845 te.

2496 891 2686 939 netur.
2723 886 2869 938 Vivit
2915 882 3030 949 ille,
3062 888 3119 937 et
3143 883 3246 936 iste
3272 882 3393 952 jam
3438 882 3773 935 interfector
3809 880 4191 935 convincitur.

2497 974 2638 1028 Cum
2689 974 2867 1042 igitur
2894 973 2983 1027 his
3030 972 3329 1043 praeceptis
3395 971 3595 1024 beatus
3650 972 3942 1039 apostolus
3984 970 4194 1023 Paulus

2496 1078 2747 1116 consona
2784 1061 3188 1132 praedicatione
3220 1060 3547 1125 concordet,
3569 1058 3799 1113 dicens:
3836 1058 3931 1113 Sol
3966 1073 4090 1111 non
4108 1073 4195 1109 oc-

2497 1150 2646 1204 cidat
2674 1166 2848 1221 super
2877 1149 3230 1203 iracundiam
3255 1153 3498 1201 vestram
3527 1163 3540 1211 ;
3590 1152 3647 1200 et
3684 1164 3699 1201 :
3752 1147 3936 1201 Nolite
4004 1146 4195 1199 locum

2499 1241 2635 1294 dare
2671 1239 2923 1303 diabolo,
2960 1238 3153 1292 relatae
3208 1242 3342 1289 sunt
3398 1236 3562 1289 nobis
3592 1236 3978 1306 quorumdam
4013 1250 4197 1287 sacer-

2498 1329 2697 1381 dotum
2719 1342 2979 1397 personae
3034 1326 3095 1379 in
3129 1330 3346 1378 tantam
3399 1324 3802 1378 obstinationis
3858 1324 4194 1377 etferbuisse

2500 1415 2864 1479 discordiam,
2930 1418 2995 1467 ut
3046 1430 3161 1467 non
3192 1414 3376 1466 solum
3404 1413 3531 1466 illos
3583 1411 3654 1466 ab
3680 1412 3765 1465 ira
3793 1427 4036 1465 ocoasus
4067 1411 4200 1464 solis

2500 1519 2614 1557 non
2644 1508 2889 1569 revocet,
2924 1502 3019 1555 sed
3066 1517 3135 1555 ne
3191 1517 3405 1554 annosa
3435 1500 3667 1571 quidem
3707 1501 4023 1554 transactio
4055 1505 4200 1553 tem-

2499 1607 2705 1661 porum
2762 1592 2832 1645 ad
2888 1591 3103 1647 bonum
3156 1588 3449 1642 charitatis
3501 1588 3756 1641 reclinet.
3828 1588 4060 1657 Quippe
4142 1588 4194 1639 in

2499 1695 2745 1750 quorum
2802 1678 3070 1733 cordibus
3121 1678 3199 1730 ita
3246 1679 3321 1730 sol
3360 1676 3598 1746 justitim
3638 1676 3897 1730 Christus
3924 1676 4193 1729 occubuit

2503 1774 2565 1820 ut
2616 1768 2684 1820 ad
2744 1767 2940 1820 lumen
2972 1766 3262 1818 cbaritatis
3340 1765 3528 1818 redire
3562 1764 3647 1817 vix
3695 1766 3937 1833 possint.
3985 1765 4197 1817 Horum

2502 1854 2679 1924 igitur
2708 1859 2764 1908 et
2802 1854 3076 1907 similium
3106 1852 3560 1906 discordantium
3592 1851 3831 1904 fratrum
3856 1852 4197 1907 oblationes.

2493 1944 2658 2013 juxta
2686 1942 2911 2012 antiqui
2936 1942 3170 1995 canonis
3212 1940 3627 1998 definitionem.
3653 1940 3808 1993 nullo
3839 1939 4018 1993 modo
4063 1941 4200 1991 reci-

2498 2030 2738 2100 piendas
2792 2045 2911 2082 esse
2949 2045 3265 2083 censemus.
3325 2027 3583 2081 Personis
3620 2033 3812 2081 tamen
3865 2027 4200 2082 discordan-

2498 2118 2644 2172 tium
2673 2118 2728 2171 id
2760 2114 2990 2188 speciali
3016 2117 3347 2170 definitione
3370 2115 3757 2186 praecipimus,
3781 2120 3863 2181 ut,
3886 2121 4200 2185 antequam

2500 2223 2595 2259 eos
2619 2205 3003 2259 reconciliatio
3038 2221 3171 2257 vera
3220 2204 3490 2269 innectat,
3535 2204 3729 2257 nullus
3801 2219 4006 2257 eorum
4050 2220 4195 2256 accc.

2499 2294 2633 2347 dere
2675 2293 2744 2346 ad
2800 2294 2974 2346 altare
3026 2292 3251 2346 Domini
3281 2292 3509 2355 audeat,
3540 2292 3626 2344 vel
3657 2291 3900 2357 gratiam
3931 2307 4200 2344 commu-

2502 2380 2691 2434 nionis
2721 2386 2930 2433 sanctas
2966 2380 3286 2451 percipiat:
3320 2379 3415 2432 sed
3469 2379 3761 2448 geminato
3806 2386 4076 2449 tempore
4107 2394 4200 2447 per

2502 2469 2899 2540 pmnitentiam
2936 2468 3407 2538 compensabunt,
3442 2484 3557 2538 quo
3618 2467 3920 2521 discordia!
3988 2468 4194 2520 servie-

2502 2563 2659 2611 runt.
2691 2556 2850 2620 Quod
2871 2556 2917 2609 si
2950 2572 3099 2609 unus
3132 2571 3356 2621 eorum,
3388 2555 3501 2607 alio
3533 2559 3962 2621 contemnente,
4009 2556 4085 2608 ad
4121 2571 4200 2606 sa.

2502 2645 2882 2699 tisfactionem
2913 2644 3203 2697 charitatis
3233 2643 3567 2704 cucurrerit,
3600 2659 3665 2696 ex
3690 2659 3758 2696 eo
3789 2649 4057 2714 tempore
4082 2646 4200 2713 jam

2503 2734 2775 2805 pacificus
2807 2732 2955 2785 intra
2989 2732 3288 2785 Ecclesium
3321 2731 3649 2800 recipietur,
3681 2748 3745 2785 ex
3805 2748 3922 2801 quo
3949 2731 4029 2785 ad
4069 2749 4200 2784 con-

2509 2823 2759 2877 cordiam
2816 2821 3109 2875 festinasse
3168 2821 3529 2874 convincitur
3582 2836 3594 2874 :
3653 2821 3942 2874 sententia
4009 2826 4200 2874 tamen

2510 2909 2791 2981 superiori
2818 2916 3059 2974 servata,
3094 2914 3157 2962 ut
3188 2914 3413 2979 tempus
3468 2909 3621 2978 quod
3657 2909 3715 2961 in
3751 2909 3897 2962 iram
3927 2910 4200 2980 expendit

2507 2999 2862 3069 geminatum
2901 2997 2959 3051 in
2984 2996 3334 3067 paenitentiae
3368 2996 3754 3049 satisfactione
3780 2997 4102 3066 persolvat.

2429 3097 2471 3153 C
2508 3103 2636 3158 CAP.
2666 3101 2905 3156 CXXXII.
2940 3131 3001 3141 --
3058 3103 3121 3155 Ut
3159 3102 3340 3153 nullus
3385 3100 3451 3153 de
3505 3103 3751 3168 episcopo
3777 3115 3872 3154 suo
3927 3105 4200 3169 querelam

2573 3174 2760 3243 faciat,
2796 3175 2905 3226 nisi
2930 3174 3086 3241 prius
3108 3188 3226 3224 eum
3266 3171 3330 3224 de
3350 3171 3533 3224 eadem
3561 3186 3698 3239 saepe
3728 3175 4061 3240 interpellet.

2506 3263 2617 3333 (Ea:
2702 3261 2842 3314 decr.
2907 3260 3225 3315 Alexandri
3293 3275 3472 3327 papas,
3547 3259 3792 3313 omnibus
3874 3262 4198 3315 ori/rodens

2503 3353 2701 3415 missis,
2734 3365 2853 3417 cap.
2878 3350 2956 3413 2.)
2988 3348 3042 3401 Si
3069 3347 3198 3418 quis
3254 3362 3391 3416 erga
3437 3346 3769 3417 episcopum
3831 3348 3918 3401 vel
3979 3357 4198 3403 actores

2506 3437 2767 3491 Ecclesia:
2800 3437 3117 3507 quamlibet
3149 3437 3440 3505 querelam
3473 3434 3681 3489 habere
3731 3435 3953 3505 justam
4025 3441 4198 3491 cred:-

2505 3527 2671 3593 derit,
2704 3541 2821 3579 non
2852 3525 3010 3595 prius
3071 3525 3345 3595 primates
3392 3529 3485 3577 aut
3541 3524 3681 3577 alios
3736 3524 3905 3578 adeat
3951 3525 4198 3595 judices,

2506 3630 2680 3685 quam
2712 3614 2918 3684 ipsosa
2955 3613 3162 3684 quibus
3220 3629 3277 3665 se
3336 3611 3536 3665 lassum
3594 3611 3837 3666 aestimat
3893 3620 4197 3669 conveniat

2505 3702 2911 3757 familiariter:
2946 3718 3061 3755 non
3110 3702 3307 3765 semel,
3356 3701 3453 3754 sed
3503 3700 3835 3770 saepissime,
3885 3707 3954 3756 ut
4015 3704 4091 3758 ab
4135 3722 4196 3757 eis

2506 3794 2604 3844 aut
2662 3806 2814 3844 suam
2863 3790 3146 3859 justitiam
3200 3788 3464 3858 accipiat,
3500 3794 3599 3841 aut
3636 3789 4103 3845 excusationem.
4158 3796 4195 3845 S

2508 3884 2698 3932 autem
2729 3894 2890 3931 secus
2913 3879 3108 3947 egerit.
3144 3877 3212 3930 ab
3246 3878 3382 3948 ipsis
3410 3882 3466 3930 et
3510 3877 3581 3931 ab
3623 3878 3749 3931 aliis
3793 3883 4196 3934 communione

2509 3967 2785 4039 privetur,
2818 3972 3092 4038 tanquam
3115 3966 3510 4036 apostolorum
3550 3965 3916 4037 aliorumque
3976 3970 4196 4024 Patrum

2507 4060 2891 4124 contemptor.

2507 4161 2637 4217 CAP.
2689 4160 2953 4216 CXXXIII.
3005 4188 3078 4202 —
3136 4161 3202 4215 Ut
3240 4160 3479 4227 episcopi
3531 4175 3567 4213 a
3622 4160 3732 4214 solo
3789 4159 4036 4216 Domino
4108 4168 4193 4217 ειη

3164 4229 3534 4298 dijudicandi.

2582 4321 2691 4387 (Ea:
2741 4319 2883 4373 decr.
2915 4321 3196 4375 Clementis
3233 4335 3390 4388 pap.,
3422 4335 3546 4389 cap.
3581 4321 3694 4387 38.)
3753 4320 4081 4393 Episcopos
4124 4342 4189 4377 au

2506 4413 2623 4463 tem
2654 4424 2687 4461 a
2716 4409 2833 4462 solo
2870 4409 3112 4461 Domino
3137 4407 3481 4477 judicandos
3538 4413 3640 4462 aut
3683 4412 4134 4477 (removendos,
4167 4434 4193 4466 e

2504 4513 2619 4551 non
2659 4496 2729 4550 ab
2761 4497 2887 4550 aliis
2909 4512 3028 4550 esse
3058 4496 3308 4550 dicebat:
3338 4496 3476 4567 quia
3536 4496 3624 4550 sui
3677 4500 3830 4561 sunt,
3885 4513 4018 4553 non
4078 4503 4188 4555 alte

2502 4585 2643 4639 rius.
2704 4585 2770 4637 Et
2826 4585 2952 4656 quis
3000 4591 3085 4638 est
3115 4585 3214 4655 qui
3249 4585 3484 4638 alterius
3523 4585 3743 4655 judicet
3767 4589 4054 4641 servum?
4080 4591 4192 4643 Nam

2505 4673 2554 4726 si
2579 4673 2685 4726 ista
2715 4689 2829 4727 non
2851 4673 3152 4742 patiuntur
3180 4672 3461 4738 homines,
3522 4690 3626 4727 nec
3653 4675 3800 4728 Deus
3838 4675 4125 4741 deorum,
4171 4700 4191 4731 ε

2508 4761 2782 4815 Dominus
2834 4760 3256 4815 dominantium
3306 4761 3427 4815 haec
3453 4763 3736 4816 ullatenus
3765 4764 4015 4833 patitur.
4056 4767 4192 4821 [οὼ

2504 4854 2562 4904 et
2598 4865 2703 4920 per
2731 4850 3038 4920 prophetas
3087 4850 3196 4904 sibi
3244 4854 3417 4904 testes
3462 4866 3583 4905 esse
3639 4850 3866 4906 dicebat
3922 4868 4040 4923 per
4075 4873 4187 4927 quo

2505 4937 2778 4991 Dominus
2820 4938 3096 5008 loquitur,
3130 4938 3324 4991 dicens
3358 4954 3372 4992 :
3430 4939 3565 4993 Ecce
3615 4939 3808 4993 excoxi
3845 4946 3926 5005 te,
3963 4945 4075 4998 sed
4109 4961 4190 4999 noi

2504 5025 2667 5097 quasi
2716 5033 3021 5095 argentum
3074 5041 3088 5080 :
3130 5026 3279 5095 elegi
3321 5032 3374 5080 te
3426 5027 3486 5081 in
3543 5028 3767 5082 camino
3818 5037 4189 5101 paupertatis

2506 5115 2746 5185 Propter
2776 5130 2882 5177 me,
2909 5120 3146 5185 propter
3175 5131 3266 5168 me
3308 5114 3511 5170 faciam
3545 5120 3607 5170 ut
3652 5132 3771 5172 non
3801 5117 4181 5191 blaspheme:

2504 5207 2561 5257 et
2588 5202 2832 5273 gloriam
2866 5218 3055 5257 meam
3085 5202 3250 5256 alteri
3280 5218 3397 5258 non
3424 5203 3590 5258 dabo.

2504 5310 2634 5364 CAP.
2670 5309 2929 5364 CXXXIV.
2986 5338 3056 5350 —
3112 5310 3287 5383 Nimis
3347 5309 3643 5363 timendum
3683 5315 3735 5365 et
3782 5317 4188 5383 pravidendm

2975 5396 3039 5433 ne
3073 5378 3422 5447 oﬂ‘endantur
3462 5385 3719 5450 episcopi.

2574 5467 2739 5538 (Cap.
2763 5468 3021 5523 Evaristi
3048 5484 3178 5537 pap.
3234 5469 3311 5524 VI
3348 5470 3600 5524 oma‘ibus
3615 5486 3716 5539 per
3746 5470 4075 5543 (Egyptian
4108 5482 4187 5543 ﬁs

2503 5556 2679 5611 tribus
2707 5558 2979 5627 missum.)
3016 5556 3199 5611 Nimis
3232 5556 3490 5611 timenda
3528 5564 3633 5625 est,
3666 5558 3908 5629 fratres,
3936 5565 4070 5621 haec
4102 5584 4188 5622 ξω

2502 5642 2704 5713 tentia,
2725 5648 2784 5699 et
2819 5643 3254 5715 praevidendum
3310 5644 3471 5700 vobis
3499 5660 3573 5700 ne
3606 5645 3927 5706 oﬂ'endatia
3957 5670 4064 5710 eos
4122 5674 4185 5726 qu
