4200 6398
183 437 267 488 589

1138 430 1611 486 DECRETORUM
1656 431 1844 486 LIBRI
1881 432 1992 487 XX.
2033 460 2105 472 —
2141 433 2347 487 LIBER
2389 431 2667 486 PRIMUS.

3540 436 3643 487 590

180 562 372 611 tantam
402 570 432 607 a
459 553 712 608 Domino
757 557 1096 624 potestatem
1146 554 1375 607 habent.
1412 556 1476 607 Et
1512 554 1638 607 ideo
1667 554 1856 623 potius
1886 556 1932 607 Α
1971 554 2243 624 quoniam
2269 557 2384 606 tam
2418 552 2738 605 sacerdotes
2768 567 2939 621 quam
2964 551 3171 621 reliqui
3226 552 3421 606 fideles
3452 569 3652 607 omnes

180 639 528 705 obaudiendi,
561 638 858 707 diligendi,
891 642 947 690 et
979 654 1336 707 summOpere
1366 644 1497 691 sunt
1524 640 1853 704 venerandi,

178 738 354 783 etnon
404 727 767 790 detrahendi,
816 725 901 778 vel
950 726 1236 780 lacerandi
1295 729 1392 779 aut
1431 725 1716 795 ejiciendi,
1759 726 1857 779 sed

177 814 443 885 portandi,
471 820 529 868 et
553 813 785 866 amandi
842 812 965 882 ipso
996 813 1218 866 dicente
1266 814 1505 866 Domino
1563 832 1579 868 :
1621 813 1728 876 Qui
1759 829 1858 865 vos

181 904 341 976 audit,
380 917 469 953 me
529 901 734 954 audit:
787 905 844 953 et
888 901 987 970 qui
1037 917 1135 953 vos
1181 900 1420 969 spernit,
1482 917 1570 953 me
1618 900 1854 969 Spernit.

177 993 297 1045 Ideo
328 992 444 1043 haec
476 990 637 1042 vobis
680 994 736 1041 et
768 988 1035 1041 omnibus
1068 987 1332 1041 ﬁdelibus
1378 987 1697 1053 scribimus,
1747 988 1861 1040 fra-

180 1088 301 1139 tres,
334 1084 397 1131 ut
429 1078 502 1130 ab
540 1077 628 1129 his
660 1093 760 1129 vos
809 1076 1057 1128 caveatis
1100 1080 1155 1128 et
1201 1075 1443 1145 posteris
1490 1076 1687 1129 vestris
1744 1090 1862 1128 non

177 1169 379 1220 malum
410 1166 508 1220 sed
554 1165 770 1218 bonum
818 1165 1147 1232 exemplum
1196 1164 1553 1232 relinquatis,
1591 1164 1862 1232 quoniam

176 1256 377 1323 injuria
407 1253 811 1322 episcoporum
845 1253 915 1306 ad
946 1252 1235 1306 Christum
1267 1252 1536 1320 pertinet,
1561 1252 1723 1322 cujus
1744 1251 1863 1304 vice

172 1345 506 1412 funguntur.

172 1450 302 1501 CAP.
358 1447 596 1501 CXXXV.
648 1475 717 1484 —-
770 1448 842 1499 De
887 1446 1149 1513 episcopis
1198 1446 1295 1511 qui
1341 1444 1408 1496 ab
1464 1444 1709 1497 omnibus
1751 1446 1864 1499 suis

269 1516 659 1583 criminantur,
694 1521 752 1569 ut
774 1532 952 1569 eorum
983 1518 1288 1569 criminatio
1308 1530 1413 1567 non
1442 1518 1758 1582 recipiatur.

238 1608 339 1669 (Ea:
378 1607 541 1672 epist.
568 1605 756 1659 Calist.
791 1620 967 1672 pupae,
1003 1619 1124 1671 cap.
1174 1603 1243 1671 Ι.)
1277 1603 1536 1655 Callistus
1571 1603 1866 1672 episcopus

171 1693 428 1746 Ecclesiae
454 1692 748 1745 catholicas
802 1692 959 1744 urbis
1013 1694 1304 1754 Romanas,
1353 1691 1651 1744 Benedicto
1709 1690 1868 1743 fratri

172 1787 219 1833 et
279 1780 579 1849 episcopo,
652 1781 891 1832 salutem
970 1780 1027 1832 in
1101 1779 1343 1832 Christo.
1432 1778 1870 1832 Criminationes

171 1884 296 1921 vero
360 1874 565 1920 contra
624 1867 916 1920 doctorem
987 1883 1155 1919 nemo
1200 1866 1470 1935 suscipiat
1511 1882 1522 1919 :
1571 1868 1706 1935 quia
1754 1884 1871 1919 non

172 1961 398 2024 oportet
432 1956 585 2008 filios
613 1962 804 2024 patres
846 1956 1280 2023 reprehendere,
1336 1971 1439 2007 nec
1468 1970 1657 2007 servos
1687 1955 1878 2007 domi—

171 2060 269 2095 nos
300 2044 581 2096 lacerare.
616 2042 741 2096 Filii
783 2058 918 2111 ergo
973 2048 1105 2095 sunt
1154 2043 1448 2096 doctorum
1498 2058 1693 2095 omnes
1736 2059 1878 2112 quos

171 2133 476 2184 instruunt
504 2148 515 2183 :
551 2134 608 2183 et
640 2130 783 2185 sicut
821 2130 925 2183 ﬁlii
958 2134 1147 2198 patres
1175 2130 1448 2193 carnales,
1483 2130 1561 2182 sic
1592 2135 1650 2183 et
1686 2130 1744 2183 hi
1775 2146 1879 2200 pa-

172 2224 281 2271 tres
312 2219 540 2271 debent
571 2218 808 2288 diligere
840 2218 1137 2287 spiritales.
1173 2218 1294 2270 Non
1320 2218 1473 2270 enim
1502 2217 1645 2270 bene
1682 2218 1881 2270 vivunt

171 2307 263 2376 qui
296 2323 422 2359 non
469 2309 621 2358 recte
646 2307 902 2371 credunt,
958 2311 1056 2358 aut
1084 2310 1271 2374 patres
1300 2305 1743 2374 reprehendunt,
1791 2306 1877 2359 vel

171 2393 494 2447 detrahunt
532 2394 668 2447 suis.
726 2395 992 2446 Doctores
1024 2408 1179 2462 ergo,
1231 2393 1331 2462 qui
1374 2397 1427 2445 et
1457 2397 1644 2463 patres
1672 2410 1878 2447 vocan-

172 2487 275 2546 tur,
322 2482 523 2551 magis
554 2481 817 2550 portandi
864 2496 1036 2550 quam
1081 2480 1538 2550 reprehendendi
1584 2486 1736 2545 sunt,
1770 2481 1879 2534 nisi

171 2571 221 2620 in
246 2575 408 2621 recta
441 2568 560 2622 fide
604 2568 936 2621 erraverint.
993 2568 1192 2621 Nullus
1240 2584 1376 2635 ergo
1430 2569 1726 2622 doctorum
1778 2585 1882 2639 per

171 2657 381 2726 acripta
434 2660 761 2719 accusetur,
818 2671 923 2709 nec
972 2655 1081 2708 nisi
1129 2656 1284 2709 ﬁdeli
1332 2660 1387 2708 et
1443 2655 1720 2725 legitimo,
1781 2656 1881 2727 qui

172 2746 341 2797 etiam
414 2744 987 2815 irreprehensibilem
1043 2743 1215 2796 vitam
1259 2759 1322 2796 ac
1389 2745 1880 2799 conversationem

172 2834 353 2895 iucat,
420 2832 750 2886 accusatori
818 2831 1174 2901 respondeat.
1232 2830 1376 2895 Quia
1429 2831 1730 2902 indignum
1799 2836 1883 2885 est

172 2927 220 2973 it
251 2922 471 2974 doctor
526 2922 702 2973 stulto
751 2930 806 2974 et
861 2919 1089 2972 indocto
1129 2923 1298 2989 atque
1354 2919 1883 2989 reprehensibiliter

172 3009 379 3063 riventi
442 3010 795 3079 respondeat
838 3008 999 3077 juxta
1052 3006 1353 3060 stultitiam
1402 3023 1584 3070 suam,
1662 3008 1881 3061 dicente

171 3098 521 3166 Scriptura:
579 3096 701 3149 Non
750 3095 1093 3165 respondeas
1147 3095 1318 3147 stulto
1373 3094 1532 3164 juxta
1585 3095 1882 3149 stultitiam
1914 3101 1955 3157 C
1992 3088 2231 3142 infames
2299 3093 2454 3156 sunt,

171 3201 347 3238 suam.
398 3185 536 3238 Non
586 3184 729 3237 bene
778 3183 914 3236 vivit
963 3182 1062 3253 qui
1114 3198 1227 3235 non
1275 3187 1424 3235 recte
1483 3182 1680 3237 credit.
1741 3183 1892 3236 Nihil

172 3273 299 3325 nali
330 3273 475 3326 vult
512 3271 614 3341 qui
644 3270 828 3325 ﬁdelis
859 3277 962 3323 est.
1025 3269 1084 3323 Si
1132 3270 1261 3339 quis
1312 3269 1495 3323 fidelis
1547 3276 1653 3337 est,
1704 3270 1892 3323 videat

172 3377 226 3414 ie
254 3361 413 3413 falsa
446 3360 750 3429 loquatur,
783 3362 845 3411 ut
896 3358 1162 3427 cuiquam
1194 3358 1426 3410 insidias
1474 3363 1665 3427 ponat.
1731 3359 1893 3412 Fide-

175 3450 221 3501 is
251 3450 451 3502 homo
488 3463 722 3516 semper
751 3446 994 3501 fideliter
1024 3445 1164 3514 agit,
1196 3450 1252 3499 et
1298 3445 1544 3498 infidelis
1571 3445 1771 3499 callide
1801 3446 1889 3498 in-

171 3537 439 3604 ;idiatur,
506 3540 678 3606 atque
722 3534 918 3588 ﬁdeles
949 3538 1005 3588 et
1040 3534 1136 3602 pie
1177 3549 1240 3586 ac
1271 3533 1423 3603 juste
1470 3533 1720 3586 viventes
1762 3549 1890 3602 per-

172 3627 292 3679 lere
330 3626 570 3679 nititur
600 3624 734 3693 quia
764 3622 967 3675 similis
1014 3621 1261 3675 similem
1309 3620 1415 3674 sibi
1473 3622 1696 3691 quaerit.
1758 3621 1890 3675 Inti-

171 3714 301 3767 lelis
352 3729 514 3766 vero
574 3712 747 3766 homo
811 3715 1073 3764 mortuus
1129 3713 1212 3762 est
1268 3709 1327 3762 in
1356 3725 1592 3778 corpore
1648 3709 1889 3771 vivente,

172 3804 421 3856 Econtra
456 3815 765 3853 sermones
794 3798 979 3852 ﬁdelis
1036 3797 1284 3850 hominis
1336 3796 1509 3850 vitam
1564 3798 1894 3852 custodiunt

171 3891 545 3943 iuditorum.
592 3889 888 3943 Doctorem
927 3885 1081 3939 enim
1112 3886 1475 3950 catholicum,
1507 3890 1562 3939 et
1606 3886 1891 3956 praecipue

172 3979 401 4032 )omini
442 3975 831 4036 sacerdotem,
865 3974 1004 4027 sicut
1055 3974 1212 4026 nullo
1245 3989 1437 4027 errore
1486 3973 1785 4043 implicari,
1814 3974 1892 4026 ita

171 4066 320 4118 iulla
384 4066 637 4135 oportet
691 4060 1115 4115 machinatione
1160 4066 1260 4113 aut
1306 4060 1614 4130 cupiditate
1671 4060 1890 4125 violari,

172 4153 391 4208 licente
426 4151 741 4219 Scriptura
778 4154 969 4202 sancta
1001 4165 1015 4203 :
1068 4151 1198 4203 Post
1246 4149 1729 4219 concupiscentiae
1769 4154 1893 4203 tuas

171 4258 267 4295 non
302 4258 441 4306 eas,
484 4244 553 4293 et
582 4256 614 4291 a
642 4238 935 4291 voluntate
976 4242 1074 4290 tua
1109 4237 1395 4291 averteris.

171 4350 281 4402 lar.
339 4344 637 4401 CXXXVI.
674 4372 742 4382 —
797 4343 1088 4410 Episcopos
1141 4356 1176 4393 a
1228 4342 1342 4394 suis
1398 4340 1585 4394 ovibus
1633 4356 1740 4395 non
1801 4357 1887 4395 re-

446 4413 893 4485 prehendendos,
936 4414 1045 4465 nisi
1083 4414 1141 4464 in
1167 4413 1273 4479 ﬁde
1309 4415 1624 4465 erraverint.

218 4507 351 4574 (Ea:
384 4506 579 4574 epist.
626 4502 877 4555 Anacleti
928 4515 1106 4568 papae,
1156 4500 1364 4567 scripta
1412 4498 1657 4552 omnibus
1697 4498 1900 4553 Christi

171 4593 596 4657 aeerdotibus,
650 4604 772 4657 cap.
844 4587 917 4657 1.)
956 4588 1159 4640 Doctor
1195 4590 1387 4639 autem
1416 4587 1502 4639 vel
1547 4590 1742 4656 pastor
1797 4588 1894 4640 Ec-

174 4682 373 4747 lesiae,
426 4678 486 4731 si
543 4694 578 4729 a
632 4674 897 4729 ﬁdelibus
941 4672 1363 4737 exorbitaverit,
1411 4671 1519 4725 erit
1557 4688 1588 4725 a
1634 4671 1898 4726 ﬁdelibus

172 4766 597 4838 orrigendus.
627 4762 738 4816 Sed
793 4776 898 4831 pro
956 4759 1214 4829 reprobis
1275 4759 1532 4812 moribus
1583 4758 1763 4828 magis
1816 4763 1900 4812 est

171 4855 555 4918 )lerandus,
587 4866 761 4923 quam
795 4848 1251 4918 distringendus;
1274 4847 1410 4918 quia
1437 4850 1681 4901 rectores
1719 4848 1901 4901 Eccle-

171 4949 239 5000 ἰαὶ
270 4963 309 4999 a
380 4939 662 4998 Domino
701 4941 835 4992 sunt
881 4936 1197 5006 judicandi,
1247 4936 1392 4989 sicut
1447 4935 1526 4989 ait
1570 4933 1897 5010 Prgpheta:

171 5048 302 5087 teus
356 5030 558 5084 stetit
601 5027 663 5080 in
718 5040 1011 5096 synagoga
1053 5025 1312 5089 deorum,
1364 5023 1424 5076 in
1462 5022 1653 5076 medio
1710 5027 1901 5076 autem

172 5142 285 5178 eos
316 5116 658 5176 discernit.
698 5115 855 5169 Unde
888 5117 1113 5183 oportet
1138 5127 1612 5181 unumquemque
1646 5110 1898 5176 ﬁdelem,

171 5216 181 5265 ι
248 5211 502 5264 viderit
580 5207 679 5257 aut
725 5200 1062 5270 cognoverit
1131 5200 1326 5269 plebes
1424 5215 1554 5252 snas
1637 5199 1904 5252 adversus

172 5306 476 5355 astorem
528 5307 705 5345 suum
736 5298 1067 5349 tumescere,
1109 5292 1208 5340 aut
1264 5288 1479 5341 clerum
1529 5286 1905 5341 detractioni-

174 5408 248 5441 ns
287 5399 562 5447 vacare,
593 5382 704 5434 hoc
743 5378 945 5431 vitium
975 5392 1080 5446 pro
1122 5374 1337 5428 viribus
1385 5374 1719 5445 exstirpare,
1769 5391 1904 5444 pru-

173 5484 516 5546 enterque
552 5469 844 5536 corrigere
883 5468 1147 5534 satagat:
1184 5478 1287 5516 nec
1341 5462 1512 5516 eisin
1558 5462 1903 5532 quibuscun-

176 5585 257 5622 ue
325 5558 627 5632 negotiis
668 5554 914 5619 misceri,
948 5553 993 5605 si
1047 5550 1466 5620 incorrigibiles
1512 5551 1905 5620 apparuerint,

171 5664 504 5726 ntequam
589 5660 693 5699 suo
745 5641 1187 5696 reconcilientur
1239 5637 1478 5705 doctori,
1542 5642 1903 5707 prmsumat:

1964 658 2247 695 summam
2276 642 2484 695 debent
2533 640 2741 694 habere
2776 656 2969 693 curam
3015 640 3083 693 de
3132 640 3221 693 his
3251 641 3349 711 qui
3388 646 3649 710 pereunt,

1965 735 2246 799 quatenus
2327 743 2528 783 eorum
2606 728 3009 797 redargutione
3063 734 3160 780 aut
3216 728 3575 798 corrigantur
3622 746 3655 782 a

1966 818 2226 887 peccatis,
2261 822 2377 881 aut,
2409 816 2457 869 si
2486 815 2901 885 incorrigibiles
2944 816 3334 885 apparuerint,
3367 817 3436 869 ab
3470 816 3653 870 Eccle-

1968 904 2050 957 sia
2085 908 2440 974 separentur.

2144 990 2147 993 ’
2321 992 2447 1044 CAP.
2491 990 2777 1044 CXXXVII.
2812 1020 2880 1030 —-
2912 994 2983 1044 De
3011 990 3195 1044 eadem
3224 1007 3301 1044 re.

2042 1078 2151 1147 (Ea:
2207 1077 2350 1131 decr.
2428 1079 2707 1132 Clementis
2751 1092 2908 1146 pap.,
2965 1094 3082 1146 cap.
3149 1082 3256 1143 17.)
3296 1078 3407 1148 Ipsi
3467 1082 3657 1132 autem

1970 1165 2223 1234 episcopi
2262 1165 2309 1217 si
2351 1166 2819 1229 exorbitaverint,
2878 1167 2949 1218 ab
3023 1166 3145 1219 istis
3195 1182 3311 1219 non
3386 1172 3519 1220 sunt
3571 1183 3657 1220 re-

1970 1254 2364 1325 prehendendi
2414 1254 2499 1307 vel
2567 1254 2865 1323 arguendi.
2926 1254 3023 1307 sed
3077 1255 3360 1323 portendi,
3422 1254 3534 1308 nisi
3600 1255 3661 1308 in

1972 1342 2084 1395 ﬁde
2124 1342 2456 1395 erraverint.
2506 1341 2576 1393 Hi
2632 1357 2768 1409 ergo
2825 1356 2995 1409 super
3053 1341 3158 1394 hoc
3205 1346 3355 1405 sunt,
3406 1358 3521 1395 non
3579 1342 3660 1395 illi

1974 1445 2145 1498 super
2193 1429 2377 1481 istos:
2430 1427 2705 1497 quoniam
2754 1429 2936 1497 major
2978 1444 3011 1480 a
3064 1428 3287 1481 minore
3334 1445 3451 1482 non
3500 1431 3663 1499 argui

1974 1532 2079 1569 nec
2132 1516 2375 1585 judicari
2419 1518 2627 1584 potest.
2688 1515 2885 1567 Nullus
2935 1532 2991 1567 se
3037 1516 3271 1568 extollat
3300 1532 3434 1585 erga
3477 1517 3665 1571 docto-

1975 1619 2065 1655 res
2097 1620 2158 1656 ac
2213 1603 2514 1671 magistros
2557 1618 2736 1654 suos:
2793 1602 2927 1671 quia
2980 1602 3289 1671 discipulus
3341 1620 3513 1673 super
3542 1620 3664 1657 ma-

1976 1692 2218 1760 gistrum
2276 1707 2378 1742 nec
2426 1706 2544 1743 esse
2618 1690 2785 1743 debet
2842 1706 2945 1743 nec
2999 1696 3203 1759 potest.
3286 1692 3485 1744 Nullus
3534 1694 3669 1745 velit

1981 1779 2092 1832 dici
2135 1782 2357 1831 sanctus
2405 1783 2711 1847 antequam
2762 1778 2852 1839 sit,
2897 1778 2993 1830 sed
3032 1779 3190 1847 prius
3247 1779 3316 1832 sit
3354 1784 3417 1832 ut
3481 1780 3667 1833 verius

1988 1866 2223 1919 dicatur.
2269 1866 2557 1933 Praecepta
2612 1865 2837 1918 Domini
2884 1866 3294 1936 doctorumque
3369 1883 3433 1919 ac
3487 1868 3668 1936 magi-

1987 1958 2233 2007 strorum
2284 1952 2445 2005 factis
2521 1953 2776 2021 quotidie
2843 1953 3173 2021 adimplere,
3238 1956 3294 2006 et
3347 1953 3407 2007 in
3462 1955 3671 2009 Christi

1986 2041 2217 2096 nomine
2247 2057 2349 2111 pro
2382 2040 2627 2093 inimicis
2658 2056 2820 2093 orare
2848 2046 3088 2110 oportet.

2350 2130 2476 2183 CAP.
2516 2129 2819 2181 CXXXVIII.
2850 2159 2917 2166 —
2951 2129 3030 2181 De
3059 2128 3241 2182 eadem
3268 2145 3344 2184 re.

2056 2218 2164 2286 (Ea:
2188 2217 2343 2284 epist.
2408 2216 2626 2269 Eusebii
2672 2231 2852 2284 papae,
2896 2231 3015 2283 cap.
3067 2217 3176 2281 20.)
3229 2218 3462 2271 Necesse
3518 2218 3672 2272 enim

1987 2310 2072 2358 est
2111 2312 2174 2357 ut
2228 2308 2475 2356 rectores
2524 2319 2557 2356 a
2613 2303 2851 2356 subditis
2907 2303 3238 2363 timeantur,
3297 2304 3367 2357 ab
3422 2304 3673 2375 ipsisque

1985 2392 2360 2459 corrigantur,
2398 2395 2461 2444 ut
2498 2390 2748 2443 humana
2778 2389 3081 2444 formidine
3133 2407 3363 2459 peccare
3396 2398 3673 2461 metuant,

1988 2476 2084 2545 qui
2108 2476 2297 2529 divina
2322 2476 2539 2545 judicia
2578 2493 2692 2530 non
2740 2477 3064 2531 formidant.
3121 2478 3435 2532 Deteriores
3464 2481 3676 2551 quippe

1987 2568 2118 2617 sunt
2171 2564 2270 2634 qui
2337 2564 2633 2618 doctorum
2688 2565 2865 2619 vitam
2913 2580 3212 2633 moresque
3277 2574 3674 2638 corrumpunt,

1987 2651 2076 2705 his
2119 2652 2216 2721 qui
2273 2652 2613 2705 substantias
2672 2653 2916 2705 aliorum
2971 2653 3301 2723 prtediaque
3376 2655 3676 2724 diripiunt.

1990 2739 2103 2808 Ipsi
2149 2738 2383 2808 quidem
2433 2754 2500 2791 ea
2547 2754 2675 2808 quae
2728 2744 2886 2809 extra
2942 2755 3062 2798 nos,
3112 2740 3243 2793 licet
3296 2748 3489 2795 nostra
3543 2745 3673 2809 sint,

1990 2826 2293 2892 auferunt;
2366 2826 2541 2879 nostri
2595 2842 2824 2896 quoque
2887 2827 3249 2893 detractores,
3340 2834 3395 2882 et
3452 2846 3678 2883 morum

1990 2918 2349 2984 corruptores
2421 2919 2766 2981 nostrorum,
2854 2915 2970 2968 sive
3028 2915 3127 2985 qui
3202 2916 3503 2970 adversum
3576 2933 3679 2971 nos

1990 3006 2307 3069 armantur,
2338 3000 2569 3071 proprie
2601 3016 2705 3054 nos
2765 3000 2873 3070 ipsi
2903 3001 3217 3073 decipiunt,
3248 3008 3303 3057 et
3357 3004 3484 3058 ideo
3526 3005 3680 3074 juste

2542 3093 2601 3142 et
2671 3089 2873 3142 merito
2954 3089 3024 3143 ab
3106 3090 3351 3145 Ecclesia
3430 3098 3681 3147 extorres

1999 3193 2164 3248 ﬁunt

2351 3280 2479 3335 CAP.
2524 3280 2780 3335 CXXXIX.
2811 3309 2884 3322 —
2911 3284 2988 3336 De
3032 3282 3215 3337 eadem
3250 3299 3329 3337 re.

2068 3370 2177 3431 (Ea:
2206 3368 2400 3422 deerat.
2461 3370 2593 3421 Gaii
2624 3384 2805 3439 papae,
2868 3385 2987 3438 cap.
3042 3372 3123 3439 7.)
3180 3372 3322 3425 Oves
3371 3388 3506 3426 vero
3554 3389 3684 3444 qum

1996 3456 2212 3527 pastori
2243 3472 2345 3509 suo
2372 3456 2689 3509 commissae
2748 3457 2983 3521 fuerint,
3037 3474 3165 3512 eum
3226 3475 3329 3512 nec
3371 3461 3685 3530 reprehen-

2000 3544 2155 3609 dere,
2208 3543 2318 3597 nisi
2350 3560 2383 3596 a
2438 3549 2588 3596 recta
2643 3543 2753 3596 ﬁde
2813 3545 3233 3613 exorbitaverit,
3285 3547 3513 3615 debent,
3582 3564 3687 3601 nec

2001 3632 2284 3685 ullatenus
2336 3647 2598 3684 accusare
2655 3636 2939 3699 possunt:
2994 3633 3129 3701 quia
3187 3634 3332 3687 facta
3392 3641 3687 3704 pastorum

1999 3735 2197 3774 eorum
2232 3719 2420 3788 gladio
2473 3718 2728 3771 ferienda
2786 3734 2900 3771 non
2947 3724 3100 3785 sunt,
3152 3736 3483 3791 quanquam
3534 3728 3685 3776 recte

1998 3807 2468 3877 reprehendenda
2495 3806 2811 3859 videantur.

2000 3914 2127 3968 CAP.
2163 3912 2307 3967 CXL.
2340 3941 2407 3950 -—
2436 3914 2505 3965 De
2552 3912 2837 3975 infamatis
2875 3915 2924 3963 et
2964 3910 3279 3965 dilaceratis
3317 3916 3598 3983 episcopis,
3639 3920 3689 3969 et

2400 3998 2434 4034 a
2457 3983 2768 4034 civitatibus
2804 3985 3047 4049 propriis
3080 3984 3276 4049 pulsis.

2070 4070 2174 4139 (Ea:
2219 4069 2413 4122 decret.
2467 4069 2702 4122 Evarist.
2748 4082 2907 4135 papa
2961 4069 3203 4121 omnibus
3257 4084 3353 4137 per
3398 4072 3691 4139 Egyptum

1998 4157 2267 4223 fratribus
2308 4159 2515 4219 missis,
2566 4170 2684 4223 cap.
2726 4155 2828 4222 t8.)
2870 4154 3206 4209 Audivimus
3236 4156 3389 4210 enim
3413 4159 3691 4227 quosdam

2000 4261 2032 4298 a
2061 4244 2218 4298 vobis
2266 4244 2570 4296 infamatos
2622 4248 2677 4295 et
2717 4242 3053 4296 dilaceratus
3110 4243 3420 4314 episcopos,
3478 4262 3510 4298 a
3556 4247 3689 4300 civi-

2000 4332 2214 4387 tatibus
2277 4331 2529 4401 propriis
2582 4330 2800 4400 pulsos,
2853 4330 2953 4399 qui
2994 4330 3129 4383 alibi
3175 4331 3425 4401 episcopi
3481 4334 3693 4388 consti-

2006 4419 2091 4472 tui
2130 4434 2247 4472 non
2301 4422 2556 4488 possunt,
2600 4416 2706 4468 nisi
2763 4415 2822 4468 in
2878 4416 3198 4469 civitatibus
3248 4433 3363 4470 non
3416 4418 3691 4485 minimis,

2006 4512 2061 4561 et
2092 4508 2232 4560 alios
2269 4506 2328 4559 in
2391 4505 2492 4573 eis,
2560 4503 2698 4573 ipsis
2754 4503 3093 4569 viventibus,
3140 4505 3493 4559 constitutos.
3562 4508 3693 4562 Ideo

2004 4595 2126 4649 haec
2182 4593 2340 4648 vobis
2425 4592 2748 4657 scribimus,
2808 4596 2873 4644 ut
2918 4591 3106 4644 sciatis
3180 4592 3287 4647 hoc
3340 4608 3456 4647 non
3499 4594 3692 4661 licere,

2007 4683 2106 4737 sed
2126 4680 2388 4751 proprios
2440 4678 2691 4733 revocari
2731 4682 2786 4731 et
2831 4678 3198 4748 integerrime
3250 4680 3475 4734 restitui
3524 4682 3695 4738 debe-

2006 4786 2090 4824 re.
2135 4768 2264 4822 Illos
2310 4783 2443 4821 vero
2491 4766 2590 4836 qui
2636 4766 2957 4819 adulterina
3003 4766 3253 4820 fmditate
3325 4784 3454 4821 suas
3523 4786 3696 4840 spon-

2009 4875 2119 4926 sas,
2169 4872 2310 4927 quas
2354 4860 2411 4910 et
2481 4870 2683 4909 uxores
2744 4870 2944 4908 eorum
3002 4855 3239 4926 praeﬁxo
3314 4862 3514 4912 tenore
3575 4875 3697 4913 esse

2008 4944 2405 5014 intelligimus,
2463 4947 2679 5007 tenent,
2740 4942 2868 5011 ejici
2924 4946 2986 4995 ut
3028 4943 3338 5011 adulteros,
3386 4949 3557 5016 atque
3604 4946 3697 5000 in-

2009 5032 2188 5086 fames
2217 5030 2361 5097 ﬁeri,
2423 5046 2634 5100 eosque
2687 5030 2757 5083 ab
2790 5030 3182 5084 ecclesiasticis
3241 5032 3549 5086 honoribus
3615 5050 3701 5087 ar-

2012 5120 2127 5173 ceri
2187 5119 2478 5189 jubemus.
2554 5117 2612 5171 Si
2678 5121 2868 5171 autem
2945 5118 3215 5173 adversus
3268 5136 3366 5173 eos
3449 5122 3700 5191 aliquam

2013 5207 2305 5278 querelam
2360 5204 2691 5271 habueritis,
2724 5204 2815 5258 his
2843 5205 3083 5274 peractis
3120 5206 3531 5276 inquirendum
3569 5208 3699 5277 erit,

2016 5298 2072 5347 et
2093 5293 2430 5347 auctoritate
2452 5293 2623 5362 hujus
2649 5298 2855 5346 sanctas
2885 5293 3031 5347 sedis
3076 5293 3521 5347 terminandum.

2017 5398 2146 5453 CAP.
2174 5398 2348 5452 CXLI.
2375 5427 2444 5436 —-
2478 5400 2544 5452 Ut
2589 5401 2866 5467 episcopus
2912 5413 3015 5451 non
3071 5397 3404 5465 dijudicetur
3444 5401 3541 5465 qui
3587 5402 3703 5455 suis

2544 5469 2703 5520 rebus
2728 5472 2805 5521 est
2840 5469 3141 5535 expoliatus
3154 5506 3167 5520 .

2091 5553 2208 5623 (Ea:
2250 5553 2449 5607 decret.
2517 5553 2707 5607 Felicis
2753 5567 2913 5621 papz
2962 5556 3198 5620 episcop.
3252 5566 3349 5619 per
3408 5555 3705 5623 Egyptum

2019 5642 2223 5705 missis,
2275 5654 2398 5707 cap.
2466 5638 2569 5706 10.)
2620 5638 2817 5692 Nullus
2890 5638 3043 5691 enim
3083 5638 3382 5708 episcopus
3444 5642 3542 5710 qui
3589 5644 3706 5696 suis
