4200 6428
641 371 737 423 591

1717 366 2118 423 BURCHARDI
2159 361 2689 421 WORMACIENSIS
2726 359 3061 416 EPISCOPI.
4024 362 4103 413 592

637 492 721 542 est
738 487 912 541 rebus
980 485 1345 556 exspoliatus,
1396 490 1496 540 aut
1545 502 1575 538 a
1613 501 1672 539 se
1723 486 1793 539 de
1839 485 2071 556 propria
2124 485 2406 555 vi.autA
2445 480 2687 535 licenter
2715 479 2984 550 appellet,
3033 483 3089 532 et
3108 477 3275 532 adeat
3325 477 3649 548 apostolica!
3714 476 3867 531 sedis
3915 479 4105 548 pontiﬁ-

639 592 833 630 errore
916 577 1111 646 pulsus
1171 582 1481 646 antequam
1542 574 1739 628 omnia
1793 574 1901 628 sibi
1955 574 2145 627 ablata
2197 571 2335 643 legi-

639 665 747 719 bus
793 665 1191 727 restituantur,
1234 669 1291 717 et
1345 663 1467 732 ipse
1514 662 1743 733 paciﬁca
1796 676 2014 715 annum
2065 661 2151 715 vel
2203 663 2334 732 plus

641 754 732 807 sui
836 753 1062 807 fruatur
1156 752 1500 812 honoribus,
1588 750 1821 820 sedique
1912 749 2164 821 propriae
2261 749 2333 804 sit

636 842 980 912 regulariter
1049 840 1360 904 restitutus,
1428 841 1592 909 juxta
1675 838 2005 892 canonicam
2095 838 2333 892 institu-

638 930 855 984 tionem
926 928 1195 993 accusari,
1284 928 1488 994 vocari,
1551 926 1817 997 judicari,
1891 930 1992 980 aut
2069 925 2333 980 damnari

645 1022 856 1088 potest.

1047 1104 1182 1159 CAP.
1218 1101 1411 1155 CXLII.
1436 1130 1504 1140 —
1538 1104 1610 1155 De
1638 1100 1823 1155 eadem
1842 1117 1920 1155 re.

714 1194 824 1257 (Er
866 1191 1062 1245 decr-et.
1094 1191 1311 1258 Stepha.
1340 1204 1498 1260 papa
1533 1190 1782 1242 omnibus
1832 1191 2096 1258 episcopis
2127 1190 2326 1255 missis,

637 1297 757 1350 cap.
792 1279 866 1349 6)
910 1279 1106 1333 Nullus
1144 1278 1294 1330 enim
1350 1277 1775 1347 episcoporum,
1810 1278 1946 1331 dum
1990 1278 2105 1330 suis
2160 1277 2333 1332 fuerit

635 1369 804 1422 rebus
822 1366 1184 1436 exspoliatus,
1218 1371 1316 1418 aut
1361 1381 1392 1417 a
1436 1366 1569 1417 sede
1620 1366 1853 1435 propria
1884 1366 2140 1435 qualibet
2169 1381 2329 1419 occa-

633 1456 791 1508 sione
814 1454 1031 1523 pulsus,
1060 1453 1231 1506 debet
1253 1453 1505 1505 accusari
1539 1469 1555 1503 :
1586 1460 1686 1505 aut
1724 1470 1756 1505 a
1804 1469 2096 1523 quoquam
2144 1453 2197 1506 ei
2227 1470 2327 1522 po-

632 1549 742 1597 test
775 1543 991 1596 crimen
1020 1540 1209 1612 objici,
1258 1541 1592 1611 priusquam
1641 1541 2008 1611 integerrime
2044 1547 2328 1595 restaure-

636 1635 745 1695 tur,
780 1636 835 1683 et
854 1630 1051 1683 omnia
1086 1645 1215 1699 quin
1268 1630 1317 1682 ei
1364 1629 1555 1682 abluta
1600 1645 1943 1699 quocunque
1992 1636 2123 1682 sunt
2160 1629 2330 1699 inge-

630 1718 743 1781 nio,
779 1718 1017 1787 legibus,
1062 1717 1527 1783 redintegrentur
1574 1722 1629 1769 et
1680 1717 1800 1786 ipse
1846 1717 2090 1787 proprias
2113 1718 2230 1769 sedi
2273 1721 2329 1769 et

630 1805 872 1876 pristino
918 1804 1090 1857 statui
1147 1804 1487 1873 regulariter
1533 1805 1848 1857 reddatur:
1886 1804 1964 1857 ita
2023 1810 2082 1857 ut
2123 1820 2323 1858 omnes

627 1895 1037 1963 possessiones,
1092 1899 1149 1946 et
1198 1901 1402 1945 cuncta
1442 1880 1556 1945 isibi
1606 1892 1813 1961 injuste
1868 1892 2107 1961 sublata,
2155 1897 2324 1963 atque

628 1979 847 2034 fructus
891 1995 1111 2045 omnes,
1172 1986 1303 2033 ante
1336 1984 1668 2048 conceptam
1705 1980 2148 2045 accusationem,
2211 1980 2327 2050 pri-

627 2075 806 2122 mates
838 2074 894 2121 et
919 2069 1167 2137 synodus
1220 2067 1490 2137 episcopo
1536 2068 1605 2121 de
1660 2084 1772 2138 quo
1828 2068 2018 2137 agitur
2069 2068 2325 2121 funditus

626 2158 950 2211 restituant.
1010 2156 1155 2219 Quia
1204 2157 1309 2208 hoc
1368 2171 1484 2208 non
1533 2156 1721 2209 solum
1769 2156 2172 2219 ecclesiasticae,
2224 2157 2322 2210 sed

628 2245 801 2298 etiam
860 2245 1055 2297 saeculi
1098 2245 1252 2312 leges
1311 2243 1435 2296 fieri
1487 2244 1834 2313 prohibent:
1882 2260 2066 2315 neque
2116 2244 2324 2315 aliquis

630 2347 853 2396 eorum,
886 2338 985 2385 aut
1039 2330 1412 2385 Ecclesiarum
1455 2336 1771 2398 auctorum,
1826 2333 1909 2385 vel
1958 2332 2322 2386 defensorum

633 2420 703 2474 ad
742 2421 964 2490 aliquos
1011 2419 1170 2490 prius
1220 2418 1472 2473 accusari
1518 2419 1704 2482 debet,
1755 2436 1924 2489 quam
1977 2421 2096 2490 ipse
2144 2421 2323 2474 chari-

630 2508 829 2570 tative,
870 2507 954 2561 bis
983 2512 1082 2561 aut
1110 2512 1196 2560 ter
1232 2508 1304 2561 ab
1354 2507 1434 2560 eis
1472 2508 1572 2578 qui
1604 2524 1659 2561 se
1706 2510 1870 2561 lassos
1899 2510 2203 2575 aestimant,
2234 2508 2320 2562 vel

631 2611 729 2649 eos
755 2612 861 2666 pro
905 2595 1191 2665 aliquibus
1238 2595 1518 2648 erratibus
1557 2596 1843 2665 corripere
1890 2596 2152 2665 cupiunt,
2194 2613 2321 2651 cou-

630 2684 894 2737 veniatur
924 2699 937 2737 :
973 2690 1034 2735 ut
1060 2684 1131 2736 ab
1168 2683 1248 2735 eis
1290 2688 1389 2736 aut
1440 2683 1776 2737 familiarem
1834 2685 2317 2751 emendationem,

629 2775 729 2825 aut
743 2771 959 2841 justam
1008 2770 1285 2841 percipiat
1333 2772 1773 2824 excusationem.
1825 2769 1983 2834 Quod
2036 2771 2135 2842 qui
2171 2787 2317 2841 prm-

626 2859 952 2929 sumpserit,
1001 2858 1293 2912 liminibus
1353 2864 1618 2913 arceatur
1674 2859 1957 2925 Ecclesiae,
2010 2874 2193 2929 usque
2249 2860 2316 2914 ad

625 2947 968 3018 condignam
1007 2946 1469 3000 satisfactionem.

1014 3035 1123 3091 CAP
1172 3035 1399 3091 CXLIII.
1428 3065 1498 3074 —
1529 3036 1607 3089 Dc
1631 3036 1814 3089 eadem
1852 3051 1931 3092 re.

696 3123 817 3193 (Ea:
860 3124 1056 3178 decret.
1104 3122 1257 3177 Sinti
1296 3138 1455 3191 papa
1503 3124 1781 3192 Hispaniae
1809 3125 2074 3192 episcopis
2114 3125 2318 3189 missis,

624 3227 746 3280 cap.
775 3211 970 3274 6.)His
1011 3211 1203 3265 taliter
1245 3212 1639 3276 consideratis,
1682 3218 1851 3281 atque
1900 3227 2030 3265 cum
2064 3212 2317 3282 reliquo-

624 3314 754 3353 rum
781 3299 1175 3368 episcoporum
1207 3298 1470 3365 decretis,
1512 3304 1788 3368 tanquam
1828 3298 2086 3353 omnium
2124 3314 2318 3353 curam

626 3390 888 3452 gerentes
927 3392 1166 3454 propter
1193 3385 1343 3438 sedis
1399 3387 1643 3456 proprias
1673 3387 1892 3456 apicem
1960 3386 2320 3442 decernimus

628 3477 694 3525 ut
723 3487 893 3526 nemo
923 3472 1265 3543 pontificum
1305 3473 1555 3544 aliquem
1580 3475 1696 3527 suis
1736 3475 1903 3528 rebus
1941 3475 2320 3546 exspoliatum

628 3558 980 3629 episcopum,
1016 3565 1113 3612 aut
1143 3575 1174 3613 a
1218 3560 1349 3614 sede
1395 3562 1642 3630 pulsum,
1693 3562 2183 3616 excommunicare
2223 3567 2323 3616 aut

620 3646 877 3716 judicare
915 3653 1265 3716 praesumat:
1313 3649 1447 3719 quia
1503 3665 1617 3703 non
1662 3656 1747 3703 est
1793 3650 2164 3720 privilegium
2204 3667 2320 3721 quo

624 3734 925 3803 exspoliari
956 3736 1136 3805 possit
1158 3737 1278 3805 jam
1319 3738 1581 3793 nudatus.
1628 3738 1685 3792 Si
1735 3739 1864 3808 quis
1912 3745 2106 3793 autem
2157 3739 2322 3792 aliter

623 3838 791 3890 agere
856 3825 1305 3894 praesumpserit,
1363 3826 1502 3879 sciat
1563 3842 1865 3880 censuram
1939 3827 2111 3897 hujus
2168 3828 2319 3881 sedis

622 3925 753 3963 cum
782 3912 1049 3965 omnibus
1091 3913 1363 3966 membris
1408 3915 1527 3967 suis
1574 3915 1682 3967 sibi
1713 3931 1828 3968 non
1885 3915 2233 3977 defuturam,
2262 3921 2319 3969 et

621 3996 771 4051 sicut
800 4000 998 4068 egerit,
1045 3999 1122 4053 ita
1170 4001 1420 4071 recipiet.
1458 4002 1517 4081 Si
1564 4003 1732 4067 bene,
1785 4002 1949 4056 bene.
2008 4003 2066 4057 Si
2122 4020 2315 4074 grave,

622 4099 810 4154 grave.
864 4086 919 4141 Si
981 4089 1246 4156 pessime,
1296 4090 1560 4159 pessime.
1610 4090 1898 4154 Quoniam
1961 4090 2169 4161 dignus
2233 4100 2317 4145 est

622 4173 913 4242 operarius
946 4177 1201 4230 mercede
1228 4193 1349 4231 sua.

2450 585 2593 635 cem,
2625 568 2725 640 qui
2774 573 2873 621 aut
2926 583 3029 637 per
3078 583 3155 630 se,
3193 570 3291 619 aut
3342 582 3446 637 per
3514 566 3756 619 vicarios
3813 582 3968 628 suos,
4017 568 4107 635 ejus

2445 655 2738 711 retractari
2775 655 3070 724 negotium
3111 663 3398 725 procuret.
3460 654 3524 708 Et
3559 654 3698 708 dum
3745 654 3948 708 iterato
3986 654 4108 723 judi-

2444 746 2533 800 cio
2556 743 2812 817 pontifex
2843 759 3069 797 causam
3117 759 3278 796 suam
3322 744 3469 813 agit,
3504 745 3696 798 nullus
3744 744 3891 797 alius
3930 744 3988 797 in
4018 746 4109 814 ejus

2446 835 2567 888 loco
2612 833 2974 902 subrogetur,
3035 837 3299 903 ponatur,
3336 838 3435 885 aut
3464 833 3766 886 ordinetur
3818 832 4110 904 episcopus.

2447 920 2756 988 Quoniam,
2826 936 3158 991 quanquam
3223 921 3801 990 comprovincialibus
3859 922 4112 992 episcopis

2441 1009 2688 1063 accusati
2716 1025 2947 1062 causam
3007 1006 3289 1078 pontificis
3360 1009 3598 1062 scrutari
3658 1009 3844 1070 liceat,
3906 1024 4023 1062 non
4050 1018 4112 1063 ta-

2441 1114 2574 1153 men
2596 1097 2823 1152 definiri
2853 1098 3173 1151 inconsulto
3215 1099 3473 1152 Romano
3504 1096 3771 1167 pontifice
3794 1098 4109 1168 permissum

2441 1192 2524 1241 est
2556 1203 2568 1240 :
2601 1202 2731 1240 cum
2786 1186 2952 1239 beato
3008 1185 3174 1238 Petro
3226 1186 3500 1253 apostolo,
3541 1201 3656 1239 non
3706 1186 3776 1239 ab
3819 1185 3932 1240 alio
3969 1204 4113 1256 quam

2444 1276 2517 1329 ab
2546 1274 2667 1344 ipso
2720 1274 2936 1327 dictum
2969 1274 3040 1326 sit
3098 1274 3385 1327 Domino:
3446 1273 3813 1345 Quaecunque
3869 1274 4113 1343 ligaveris

2440 1378 2613 1433 super
2635 1368 2869 1429 terram,
2900 1365 3070 1415 erunt
3111 1361 3286 1425 ligata
3317 1367 3375 1415 et
3431 1363 3491 1415 in
3520 1362 3713 1416 caelis:
3765 1368 3823 1416 et
3870 1377 4114 1433 quascun-

2440 1468 2551 1522 que
2583 1451 2812 1503 solveris
2844 1466 3015 1519 super
3053 1456 3286 1517 terram,
3327 1456 3496 1503 erunt
3543 1452 3725 1504 soluta
3766 1450 3913 1504 etin
3963 1453 4111 1504 ccelis.

2439 1540 2495 1593 Si
2522 1540 2649 1609 quis
2678 1539 2962 1608 putaverit
2991 1556 3048 1591 se
3077 1555 3108 1591 a
3139 1539 3372 1609 proprio
3405 1540 3852 1609 metropolitano
3888 1543 4111 1609 gravari,

2438 1628 2592 1697 apud
2658 1626 2953 1696 primatim
3008 1626 3335 1689 dimceseos,
3418 1633 3517 1680 aut
3566 1642 3743 1695 penes
3817 1629 4111 1697 apostolica)

2438 1715 2772 1768 universalis
2820 1715 3076 1767 Ecclesiie
3136 1730 3341 1785 papam
3398 1714 3703 1783 judicetur.
3773 1719 4115 1769 Accusatores

2436 1810 2495 1857 et
2528 1803 2913 1856 accusationes
2949 1818 3089 1871 quas
3142 1804 3297 1871 leges
3336 1803 3528 1855 saeculi
3568 1820 3685 1857 non
3747 1805 4045 1867 asciscuut,
4073 1814 4112 1857 et

2436 1906 2540 1944 nos
2572 1890 2925 1943 unanimiter
2956 1890 3379 1954 submovemus,
3420 1907 3491 1944 ne
3522 1892 3623 1944 fiat
3655 1892 3973 1945 indistricta
4005 1909 4112 1961 pro-

2434 1979 2663 2031 batione
2690 1977 2976 2048 impietas,
3029 1993 3159 2030 cum
3192 1986 3346 2031 recta
3404 1979 3475 2031 sit
3513 1978 3718 2048 judicii
3761 1980 3818 2031 in
3866 1981 4112 2033 electione

2432 2066 2731 2119 sententia.
2792 2066 2850 2119 Si
2901 2066 3028 2135 quis
3088 2081 3225 2134 erga
3274 2067 3612 2136 episcopum
3661 2068 3744 2120 vel
3778 2072 3999 2120 actores
4029 2068 4111 2120 Ec-

2432 2154 2615 2207 clesiae
2642 2170 2700 2207 se
2730 2154 3027 2224 proprium
3060 2154 3362 2207 crediderit
3392 2155 3599 2208 habere
3642 2156 3966 2225 negotium,
4018 2172 4111 2208 nou

2433 2242 2593 2312 prius
2616 2242 2780 2295 adeat
2819 2241 3063 2311 judices,
3110 2259 3283 2312 quam
3327 2244 3396 2296 ad
3444 2260 3538 2295 eos
3587 2250 3844 2298 recurrat
3889 2245 4115 2298 cbarita-

2432 2332 2504 2384 tis
2534 2330 2722 2383 studio
2766 2346 2780 2382 :
2811 2336 2874 2383 ut
2911 2329 3181 2383 familiari
3214 2331 3500 2401 colloquio
3549 2332 3912 2391 commoniti.
3954 2349 4019 2386 ea
4046 2350 4114 2384 sa-

2434 2435 2569 2473 nare
2617 2419 2864 2472 debeant
2916 2434 3045 2488 quze
3112 2418 3170 2471 in
3243 2422 3663 2488 querimoniam
3746 2420 4111 2475 deducuntur.

2431 2507 2593 2571 Quod
2639 2508 2685 2560 si
2717 2508 2882 2560 aliter
2930 2509 3131 2576 egerit,
3183 2510 3592 2562 communione
3636 2511 3913 2578 privetur.
3961 2510 4114 2563 Nemo

2433 2595 2769 2664 pontificum
2800 2595 3068 2664 deinceps
3097 2596 3347 2666 aliquem
3387 2597 3720 2666 episcopum
3777 2599 3896 2650 suis
3930 2613 4113 2667 exspo-

2440 2683 2641 2737 liatum
2697 2683 2885 2749 rebus,
2950 2689 3049 2735 aut
3100 2700 3130 2735 a
3184 2686 3315 2736 sede
3349 2687 3579 2753 pulsum
3633 2687 4113 2738 excommunicare

2434 2775 2535 2822 aut
2557 2770 2815 2840 judicare
2868 2776 3222 2837 praesumat:
3275 2772 3410 2841 quia
3464 2787 3580 2825 non
3629 2780 3715 2825 est
3763 2772 4113 2842 privilegium

2431 2874 2548 2929 quo
2588 2858 2820 2929 spoliari
2849 2859 3024 2928 possit
3059 2861 3177 2929 jam
3218 2861 3486 2913 nudatus.
3531 2860 3659 2913 Pari
3695 2867 3896 2914 tenore
3939 2862 4113 2915 decer-

2430 2946 2623 2999 nimus
2654 2961 2768 2999 non
2797 2946 2952 2999 credi
2983 2946 3297 3000 accusatori
3348 2947 3470 3017 qui,
3518 2947 3749 3001 absente
3780 2949 4111 3007 adversario,

2355 3044 2396 3098 ο
2434 3050 2658 3087 causam
2729 3035 3095 3104 stiggeSserit,
3158 3040 3291 3087 ante
3345 3034 3642 3104 utriusque
3689 3036 3870 3105 partis
3919 3038 4113 3089 discus-

2432 3122 2648 3175 sionem
2691 3138 2704 3176 :
2738 3138 2840 3175 nec
2879 3129 3234 3176 accusatores
3265 3138 3368 3176 nec
3399 3128 3569 3176 testes
3593 3124 3826 3194 suscipi,
3856 3126 3961 3195 qui
4020 3143 4112 3177 nou

2428 3216 2561 3263 sunt
2594 3210 2805 3264 idonei.
2846 3210 3081 3274 Placuit,
3117 3211 3163 3263 si
3214 3217 3508 3264 accusatus
3539 3212 3624 3264 vel
3655 3212 3968 3266 damnatus
4009 3214 4114 3283 epi-

2429 3315 2627 3369 scopus
2686 3299 3058 3369 appellaverit
3107 3300 3429 3353 Romanum
3487 3301 3842 3369 pontificem.
3910 3301 3971 3355 id
4020 3308 4116 3354 sta-

2428 3387 2704 3440 tuendum
2736 3386 2892 3457 quod
2948 3387 3067 3456 ipse
3096 3387 3248 3456 juste
3291 3388 3592 3442 censuerit.
3647 3390 3711 3442 Et
3767 3405 3977 3443 omnes
4034 3392 4115 3459 qui

2428 3474 2695 3527 adversus
2726 3475 2917 3528 Patres
2945 3481 3264 3542 armantur,
3318 3476 3560 3529 infames
3610 3491 3731 3530 esse
3781 3494 4115 3531 censemus:

2430 3576 2615 3631 neque
2648 3577 2744 3614 eos
2774 3562 2870 3631 qui
2904 3578 3033 3615 cum
3065 3563 3311 3616 inimicis
3344 3570 3659 3629 morantur,
3692 3564 3763 3618 ad
3817 3566 4117 3618 accusatio-

2429 3667 2560 3704 nem
2603 3652 2689 3704 vel
2744 3651 2811 3704 ad
2872 3652 3267 3705 testimonium
3340 3652 3718 3721 recipiendos.
3790 3654 4019 3708 Placuit
4072 3660 4119 3705 ut

2427 3754 2656 3810 semper
2694 3739 2753 3791 in
2814 3741 3171 3793 accusatione
3229 3741 3567 3793 clericorum
3618 3741 3808 3810 primo
3860 3758 4115 3812 persona.

2427 3828 2589 3892 fides,
2622 3828 2736 3880 vita
2778 3834 2835 3880 et
2891 3828 3242 3881 conversatio
3290 3829 3811 3900 blasphemantium
3864 3848 4119 3901 perscru-

2426 3921 2600 3968 tetur.
2660 3916 2799 3968 Nam
2846 3916 2987 3968 fides
3032 3933 3232 3969 omnes
3296 3923 3454 3970 actus
3516 3918 3765 3971 hominis
3797 3921 4115 3988 praecedere

2426 4003 2597 4055 debet
2636 4019 2649 4056 :
2697 4003 2833 4073 quia
2882 4003 3091 4057 dubius
3139 4004 3199 4058 in
3259 4005 3390 4067 fide,
3445 4006 3692 4059 infidelis
3727 4013 3833 4061 est.
3903 4008 4017 4061 Nec
4057 4008 4120 4059 eis

2425 4089 2662 4144 omnino
2714 4109 2833 4144 esse
2889 4092 3237 4146 credendnm
3295 4095 3396 4163 qui
3436 4094 3686 4147 veritatis
3736 4094 3921 4149 ﬁdem
3983 4097 4123 4165 igno-

2425 4182 2571 4243 rant,
2616 4194 2716 4230 nec
2768 4183 2935 4231 rectas
2969 4181 3413 4233 conversationis
3444 4182 3618 4235 vitam
3645 4183 3869 4236 ducunt
3906 4200 3921 4237 :
3990 4200 4122 4254 quo-

621 4278 770 4366 CAP...
785 4278 1000 4334 CXLIV.
1030 4283 1229 4366 --ηῐῖε¹
1258 4284 1498 4366 episcopi
1542 4284 1828 4366 criminati
1873 4285 2301 4366 liberenaposto-

2432 4267 2577 4319 niam
2618 4266 2756 4319 tales
2782 4267 2944 4320 facile
2983 4273 3039 4320 et
3068 4268 3465 4323 indifferenter
3514 4272 3778 4337 lacerant,
3836 4278 3901 4325 et
3948 4272 4119 4325 crimi-

725 4349 889 4423 licam
962 4352 1232 4420 appellent
1285 4349 1479 4423 sedem,
1537 4359 1589 4405 et
1666 4356 1929 4423 pleraque
1994 4349 2305 4410 alia—circa

714 4421 988 4489 judicium
1024 4422 1382 4476 observanda.

685 4524 794 4595 (Ea:
815 4531 1009 4580 secret.
1067 4528 1219 4580 Julii
1244 4543 1403 4596 papz
1451 4527 1771 4583 Orientalib.
1812 4532 2076 4599 episcopis
2101 4534 2301 4597 missis,

612 4626 732 4680 cap.
777 4614 887 4682 18.)
930 4613 998 4667 Ut
1033 4631 1232 4668 omnes
1281 4616 1532 4685 episcopi
1561 4616 1663 4685 qui
1710 4617 1769 4669 in
1808 4617 2144 4686 quibusdam
2173 4636 2306 4687 gra-

610 4700 863 4753 vioribus
922 4703 1222 4770 pulsantur
1275 4702 1360 4755 vel
1411 4704 1790 4756 criminantur
1845 4706 2047 4771 causis,
2080 4709 2304 4778 quoties

608 4802 840 4840 necesse
878 4788 1073 4855 fuerit,
1121 4789 1301 4841 libere
1352 4791 1723 4858 apostolicam
1771 4794 2059 4862 appellent
2082 4796 2299 4862 sedem,

608 4879 781 4944 atque
808 4876 880 4928 ad
911 4892 1036 4929 eam
1070 4876 1235 4945 quasi
1256 4876 1326 4930 ad
1352 4883 1590 4931 matrem
1620 4880 1972 4949 confugiant,
2005 4887 2067 4936 ut
2107 4884 2180 4937 ab
2212 4899 2298 4950 ea,

607 4962 755 5015 sicut
810 4978 1037 5032 semper
1086 4963 1209 5024 fuit,
1274 4966 1363 5034 pie
1434 4965 1761 5033 fulciantur,
1814 4968 2194 5024 defendantur
2247 4979 2303 5026 et

606 5046 941 5102 liberentur.
1000 5051 1173 5119 Cujus
1250 5051 1606 5120 dispOsitioni
1652 5071 1851 5108 omnes
1916 5058 2163 5127 majores
2220 5075 2301 5112 ec-

602 5136 941 5189 clesiasticus
968 5155 1187 5201 causas,
1237 5144 1292 5191 et
1335 5141 1731 5209 episcoporum
1773 5144 2010 5213 judicia,
2059 5146 2299 5217 antiqua

600 5227 985 5295 apostolorum
1017 5244 1335 5297 eorumque
1368 5245 1756 5284 successorum
1806 5238 1975 5302 atque
2007 5249 2296 5288 canonum

596 5315 904 5366 auctoritas
962 5316 1283 5368 reservavit.
1347 5318 1629 5379 Quoniam
1675 5320 1981 5389 culpantur
2041 5323 2296 5392 episcopi

594 5401 728 5469 quia
760 5402 923 5453 aliter
954 5420 1086 5465 erga
1120 5404 1321 5456 fratres
1362 5406 1583 5467 egerint
1609 5424 1783 5477 quam
1837 5408 2097 5477 ejusdem
2146 5412 2296 5465 sedis

592 5502 757 5557 papm
791 5488 914 5541 fieri
937 5492 1234 5558 placuerit,
1269 5493 1482 5562 placuit
1514 5500 1573 5546 ut
1616 5501 1914 5549 accusatus
1942 5498 2029 5549 vel
2064 5497 2293 5566 judica-

592 5576 683 5627 tus
711 5589 748 5628 a
770 5579 1344 5646 comprovincialibus
1388 5581 1449 5634 in
1478 5582 1673 5652 aliqua
1717 5599 1752 5637 a
1782 5599 1953 5637 causa
1986 5585 2289 5656 episcopus

2417 4367 2630 4417 nantur
2658 4370 2808 4417 recte
2864 4369 2921 4417 et
2956 4366 3047 4435 pie
3098 4366 3369 4420 viventes.
3440 4367 3570 4421 Ideo
3618 4369 3877 4438 suspicio
3931 4385 4116 4424 eorum

2416 4452 2773 4505 discutienda
2812 4457 2900 4505 est
2935 4454 3125 4522 primo
3158 4459 3214 4507 et
3241 4454 3599 4524 corrigenda.
3637 4456 3837 4526 Neque
3900 4473 4116 4511 accusa-

2412 4539 2631 4593 toribus
2661 4541 2956 4608 suspectis,
3005 4543 3091 4594 vel
3133 4543 3201 4595 de
3250 4543 3618 4598 inimicorum
3670 4545 3958 4600 domibus
4010 4563 4117 4616 pro-

2412 4624 2716 4679 deuntibus
2755 4626 3122 4681 credendum.

2414 4714 2539 4767 CAP.
2573 4713 2763 4767 CXLV.
2794 4742 2863 4753 —
2920 4715 3218 4783 Episcopus
3275 4720 3326 4770 si
3377 4717 3446 4770 ab
3487 4719 3669 4786 aliquo
3710 4719 4013 4789 pulsatur,
4041 4738 4121 4789 per

2769 4805 3045 4870 episc0pos
3073 4805 3286 4871 judices
3317 4821 3482 4860 causa
3510 4810 3756 4872 ﬁniatur.

2483 4889 2593 4957 (Ea:
2657 4890 2845 4942 concil.
2909 4892 3175 4959 Spalensi,
3242 4908 3363 4962 cap.
3448 4897 3525 4961 8.)
3587 4896 3644 4949 Si
3719 4897 4042 4967 episcopus
4100 4914 4119 4949 a

2411 4992 2704 5047 quoquam
2775 4978 3077 5046 impetitur
3127 4981 3209 5033 vel
3268 4981 3363 5035 ille
3416 4983 3669 5053 aliquam
3735 4989 4117 5053 quaestionem

2410 5063 2689 5125 retulerit,
2735 5081 2839 5134 per
2857 5066 3154 5137 episcopos
3202 5069 3424 5139 judices
3466 5088 3635 5125 causa
3685 5072 3990 5129 finiatur:
4025 5078 4117 5128 sive

2409 5165 2553 5220 quos
2584 5151 2665 5203 eis
2698 5153 2973 5222 primates
3011 5155 3295 5225 dederint,
3331 5159 3447 5212 sive
3468 5176 3613 5230 quos
3645 5160 3758 5230 ipsi
3793 5163 4030 5218 vicinos
4064 5180 4115 5216 ex

2412 5253 2689 5291 consensu
2722 5242 3019 5311 elegi-rint.

2407 5325 2533 5380 CAP.
2567 5326 2784 5382 CXLVI.
2818 5360 2885 5368 —
2942 5334 3012 5384 De
3070 5335 3335 5401 episcopis
3370 5334 3654 5401 judicibus
3697 5354 3841 5406 quos
3892 5358 4112 5397 commu-

2919 5421 3005 5471 nis
3036 5435 3317 5475 consensus
3347 5423 3583 5490 elegerit.

2472 5501 2781 5570 (Exeodem
2810 5521 2978 5570 conc,
3011 5523 3130 5576 cap.
3181 5512 3256 5575 9.)
3308 5511 3532 5564 Judices
3571 5516 3766 5568 autem
3819 5521 4110 5589 episcom.

2401 5605 2545 5659 quos
2572 5593 2893 5648 communis
2924 5610 3237 5653 consensus
3262 5599 3519 5669 elegerit,
3568 5616 3689 5656 non
3718 5602 3911 5662 liceat
3950 5624 4105 5681 quem
