3950 6406
76 413 178 465 593

76 544 252 600 quam
303 541 619 598 provocare

78 706 282 774 primm
331 703 480 757 sedis
529 702 802 773 episcopo
844 703 1017 757 fuerit
1047 704 1372 773 probatum,
1430 706 1526 757 det
1568 705 1786 759 litteras

79 799 141 846 ut
187 793 384 845 nullus
435 789 488 844 ei
539 789 926 844 communicet
977 791 1404 860 episcoporum,
1458 793 1640 844 donec
1685 792 1788 845 ob-

77 885 517 1006 L‘eAT.peC§tLVII.
575 978 642 990 —
697 951 767 1004 Ut
824 952 1064 1018 episcopi
1106 951 1576 1018 comprovinciales
1629 966 1784 1018 pere-

495 1023 658 1086 grina
679 1021 899 1088 judicia
927 1037 1033 1074 non
1062 1024 1367 1087 patiantur.

147 1111 258 1177 (Ea:
305 1110 500 1164 decret.
541 1108 782 1162 Fabiani
825 1125 984 1177 papae
1031 1110 1243 1162 Hilario
1289 1113 1532 1177 episc0po
1579 1111 1780 1172 missis,

76 1215 197 1268 cap.
253 1199 358 1263 I6.)
407 1197 716 1266 Peregrina
755 1213 886 1250 vero
927 1197 1163 1266 judicia,
1210 1197 1365 1250 salva
1411 1197 1470 1250 in
1519 1197 1786 1250 omnibus

78 1287 389 1357 apostolica
411 1287 772 1352 auctoritate,
797 1286 1051 1356 generali
1075 1286 1369 1340 sanctione
1389 1286 1780 1356 prohibemus.

79 1375 225 1439 Quia
253 1375 559 1445 indignum
606 1381 691 1428 est
721 1379 784 1428 ut
815 1375 884 1427 ab
922 1374 1133 1427 exteris
1175 1374 1471 1444 judicetur
1513 1375 1613 1444 qui
1645 1390 1784 1443 pro-

79 1465 352 1518 vinciales
393 1469 450 1517 et
489 1481 523 1518 a
555 1480 612 1516 se
660 1465 867 1516 electos
912 1463 1083 1517 debet
1128 1463 1338 1516 habere
1381 1462 1624 1531 judices,
1673 1462 1784 1517 nisi

81 1554 256 1608 fuerit
283 1553 658 1623 appellatum.
697 1553 854 1606 Unde
886 1556 1132 1622 oportet,
1170 1551 1217 1604 si
1245 1551 1452 1621 aliquis
1482 1551 1781 1621 episcopo-

78 1658 206 1696 rum
239 1657 415 1711 super
461 1641 630 1694 certis
662 1645 959 1694 accusetur
997 1639 1354 1704 criminibus,
1403 1644 1463 1692 ut
1494 1640 1563 1692 ab
1595 1639 1781 1692 omni-

78 1731 184 1784 bus
238 1729 508 1784 audiatur
545 1728 645 1799 qui
676 1729 895 1782 suntin
943 1728 1234 1797 provincia
1283 1727 1565 1798 episcopis
1599 1744 1610 1780 :
1646 1729 1778 1798 quia

76 1834 190 1873 non
244 1823 477 1888 oportet
519 1823 843 1871 accusatum
900 1816 1109 1870 alicubi
1165 1832 1336 1886 quam
1396 1816 1454 1870 in
1502 1816 1625 1870 foro
1673 1833 1777 1872 suo
1809 1806 1849 1859 Β

73 1909 517 2051 ἓῖῗῗΐὲΧΙΝΙΙΙ.
568 2025 636 2033 —
688 1997 762 2050 De
809 1997 1056 2064 episcopo
1102 1997 1411 2057 criminato,
1448 1997 1499 2048 si
1536 1993 1776 2062 judiccm

617 2071 921 2133 suspectum
955 2066 1228 2120 habuerit.

142 2138 262 2201 (Ea:
295 2137 494 2191 decret.
539 2137 780 2204 ejusdem
822 2137 896 2189 ad
933 2137 1175 2190 eumdem
1217 2138 1524 2204 episcopum
1570 2138 1772 2201 missis,

73 2243 189 2294 cap.
222 2227 340 2296 27.)
373 2225 428 2280 Si
469 2225 597 2295 quis
632 2241 762 2278 vero
811 2224 1115 2293 episcopus
1155 2223 1403 2292 judicem
1446 2228 1774 2292 suspectum

73 2313 357 2378 habuerit,
392 2317 451 2366 et
491 2312 695 2365 viderit
746 2327 804 2364 se
837 2311 1146 2380 ingravari,
1194 2311 1372 2363 libere
1411 2310 1602 2363 sedem
1634 2327 1774 2380 apo-

71 2401 332 2455 stolicam
391 2401 662 2470 appellet.
709 2401 1114 2470 Appellantem
1161 2406 1354 2453 autem
1407 2415 1520 2452 non
1569 2400 1777 2452 habeat

71 2490 300 2544 afflictio
333 2490 471 2555 ulla,
523 2494 622 2542 aut
649 2489 996 2542 detentionis
1024 2488 1321 2557 iniuriosae
1364 2487 1645 2552 custodia,
1678 2489 1772 2542 sed

72 2579 236 2632 liceat
264 2578 608 2649 appellatori
650 2578 1071 2632 conviciantum
1110 2593 1338 2631 causam
1371 2576 1774 2646 appellationis

75 2667 326 2722 remedio
377 2667 673 2720 sublevare
707 2683 720 2720 :
751 2667 881 2720 licet
931 2666 1104 2719 etiam
1138 2666 1198 2718 in
1228 2665 1411 2718 causis
1453 2664 1771 2718 criminali-

71 2755 173 2808 bus
230 2757 554 2826 appellare,
621 2771 726 2808 nec
786 2755 1115 2825 appellandi
1175 2770 1280 2808 vox
1343 2753 1662 2823 denegatur
1719 2753 1770 2806 ei

73 2861 236 2913 quem
267 2845 324 2896 in
354 2843 701 2914 supplicium
730 2842 1013 2896 sententia
1042 2842 1376 2896 destinarat.

73 2932 195 2986 CAP.
249 2932 471 2986 CXLIX.
523 2960 595 2972 —
643 2933 703 2987 Si
743 2935 866 3000 quis
899 2934 1178 3000 episcopus
1221 2934 1280 2984 in
1328 2933 1552 2985 crimine
1589 2930 1770 2984 deten-

138 3009 224 3056 tus
270 3006 464 3069 fuerit,
504 3007 554 3056 et
592 3018 697 3056 non
728 3007 903 3071 potest
941 3004 1204 3071 plurimos
1237 3016 1578 3068 congregare.
1613 3017 1645 3054 a
1675 3003 1775 3056 XII

136 3076 405 3142 episcopis
432 3073 712 3126 audiatur.

138 3147 248 3209 (Ea:
311 3145 502 3198 concil.
559 3145 845 3211 Carthag..
909 3158 1029 3210 cap.
1091 3142 1199 3209 I2.)
1257 3142 1407 3196 Felix
1467 3144 1768 3212 episcopus

75 3233 210 3285 dixit
239 3250 252 3286 :
287 3233 572 3301 Suggere,
625 3231 940 3284 secundum
973 3234 1185 3284 statuta
1213 3237 1473 3285 veterum
1507 3231 1772 3284 concilio-

74 3337 214 3386 rum,
250 3327 316 3375 ut
366 3321 414 3373 si
467 3319 596 3389 quis
640 3321 964 3388 episcopus,
1018 3319 1171 3389 quod
1222 3336 1337 3373 non
1385 3325 1674 3390 optamus,
1709 3320 1769 3372 in

72 3415 290 3462 reatum
347 3409 600 3478 aliquem
657 3409 983 3474 incurrerit,
1043 3413 1100 3460 et
1137 3407 1316 3462 nimia
1363 3409 1667 3461 necessitas
1718 3407 1769 3461 ei

73 3496 241 3549 fuerit
284 3511 404 3548 non
453 3511 614 3563 posse
666 3495 943 3565 plurimos
993 3509 1343 3564 congregare
1387 3510 1504 3547 :ne
1555 3495 1610 3546 in
1661 3495 1767 3546 cri-

75 3585 222 3637 mine
270 3587 591 3649 remaneat,
627 3599 659 3635 a
704 3583 796 3637 XII
841 3582 1143 3653 episcopis,
1175 3587 1232 3634 et
1273 3581 1570 3650 presbyter
1614 3598 1643 3634 a
1676 3598 1767 3635 sex

72 3671 376 3740 episcopis,
435 3686 564 3724 cum
611 3671 849 3739 proprio
901 3687 1003 3723 suo
1063 3669 1328 3740 episcopo
1374 3668 1660 3730 audiatur.
1717 3675 1773 3722 et

73 3759 342 3813 diaconus
368 3776 402 3812 a
428 3759 630 3813 tribus.

73 3848 198 3902 CAP.
243 3849 349 3904 CL.
383 3877 452 3887 --
486 3850 556 3901 De
601 3850 849 3915 episcopo
895 3849 1204 3910 criminato,
1244 3850 1294 3900 si
1336 3849 1575 3914 episcOpi
1625 3862 1770 3900 com-

208 3921 574 3988 provinciales
605 3922 662 3972 in
693 3919 808 3986 ejus
837 3921 1216 3972 criminatione
1253 3918 1624 3972 dissenserint.

140 4009 250 4074 (Ea:
278 4008 469 4061 concil.
514 4008 816 4072 Antioche,
868 4023 990 4075 cap.
1038 4005 1150 4074 14.)
1201 4006 1259 4060 Si
1293 4005 1422 4076 quis
1473 4006 1774 4075 episcopus

71 4095 136 4148 de
169 4096 342 4149 certis
387 4094 725 4148 criminibus
773 4094 1144 4164 dijudicatur,
1179 4097 1235 4147 et
1265 4093 1561 4163 contingat
1609 4093 1676 4147 de
1705 4109 1772 4146 eo

72 4177 578 4254 comprovinbiales
621 4182 918 4252 episcopos
968 4182 1269 4249 dissidere,
1318 4197 1449 4235 cum
1486 4181 1773 4251 judicatus

72 4272 141 4324 ab
184 4273 311 4326 aliis
359 4272 636 4325 innocens
668 4271 940 4338 creditur,
987 4287 1116 4325 reus
1157 4271 1227 4324 ab
1257 4270 1384 4324 aliis
1430 4269 1769 4335 aestimatur,

1076 404 1555 463 DECRETORUM
1597 408 1782 462 LIBRI
1821 407 1932 463 XX.
1965 435 2035 448 -—
2071 407 2283 462 LIBER
2320 406 2598 462 PRIMUS.

671 542 685 580 ε
731 530 789 616 ξι
835 525 1095 597 (luminis
1141 527 1412 616 Pmbams
1457 527 1631 580 fuerit
1682 543 1784 594 PFO
1815 529 1862 581 Α
1902 559 2098 614 quam.
2131 545 2196 598 Et
2225 560 2344 598 non
2395 545 2703 599 damnetur
2745 546 2978 616 praesul,
3036 546 3147 600 nisi
3189 546 3248 600 in
3304 548 3429 604 LXX
3457 549 3602 604 duo-

76 615 443 670 contumacia
491 615 646 668 nolle
698 614 1097 684 obtemperare
1139 615 1451 685 judicibus,
1505 633 1634 669 cum
1681 616 1788 668 hoc

3496 407 3606 462 594

1897 632 2002 686 bus
2035 632 2260 687 idoneis
2286 634 2546 687 testibus.

1898 739 2025 791 CAP.
2098 738 2259 793 CLII.
2324 769 2393 777 —
2455 739 2609 804 Quod
2671 742 2887 793 inimici
2947 745 3285 795 accusatores
3335 757 3446 798 esse
3494 759 3601 798 non

2633 815 2862 864 possint.

2673 826 2862 863 οςδιηι.

2673 826 2862 864 assint.

1969 896 2076 966 (Ea:
2105 897 2304 951 decret.
2348 898 2603 951 Anacleti
2631 826 2817 966 ἔρρε,
2864 898 3111 952 omnibus
3157 902 3419 969 episcopis
3465 903 3599 955 mis-

1875 986 1990 1049 sis,
2040 1000 2161 1053 cap.
2202 987 2316 1054 37.)
2359 987 2727 1039 Accusatores
2759 993 2950 1039 autem
3000 993 3057 1039 et
3096 993 3266 1040 testes
3313 1005 3434 1042 esse
3483 1005 3599 1044 non

1893 1077 2131 1141 possunt
2183 1072 2282 1142 qui
2315 1073 2374 1125 in
2407 1073 2665 1142 proximo
2714 1073 2842 1126 facti
2876 1079 3011 1127 sunt
3057 1075 3298 1141 inimici,
3350 1093 3423 1130 ne
3466 1077 3599 1131 irati

1892 1175 2102 1212 nocere
2132 1159 2385 1228 cupiant,
2437 1176 2509 1213 ne
2545 1161 2664 1214 lassi
2696 1161 2890 1214 ulcisci
2940 1179 2997 1214 se
3029 1165 3222 1216 velint.
3258 1165 3320 1216 In
3367 1165 3598 1218 offensis

1893 1249 2073 1318 igitur
2127 1256 2521 1302 accusatorum
2573 1255 2629 1304 et
2671 1250 2907 1304 testium
2961 1252 3196 1305 affectus
3248 1255 3596 1322 quaerendus

1894 1341 2000 1401 est,
2033 1341 2089 1389 et
2119 1352 2236 1389 non
2269 1343 2582 1407 suspectus.

1893 1442 2022 1497 CAP.
2095 1441 2273 1496 CLIII.
2341 1472 2410 1482 ——
2471 1445 2536 1497 Ut
2591 1444 2829 1511 episcopi
2878 1450 3252 1497 accusatorum
3310 1446 3591 1514 episcopo-

2353 1529 2475 1566 rum
2497 1514 2713 1582 judices
2743 1529 2854 1568 esse
2879 1514 3122 1568 debeant.

1962 1600 2081 1669 (Ex
2129 1601 2323 1655 decret.
2379 1603 2606 1656 Damasi
2657 1618 2834 1670 pupae,
2885 1617 3004 1670 cap.
3057 1605 3132 1667 3.)
3185 1605 3589 1657 Accusatorum

1892 1689 2295 1758 episcoporum
2338 1690 2555 1759 judices
2600 1705 2722 1742 esse
2763 1689 3119 1743 decernimus
3167 1690 3461 1761 episcopos
3505 1706 3591 1744 sa-

1892 1777 2133 1846 pientes,
2168 1782 2318 1831 recte
2344 1781 2400 1830 et
2419 1777 2570 1847 juste
2600 1779 2876 1830 volentes.

1885 1883 2013 1937 CAP.
2075 1882 2248 1936 CLIV.
2302 1911 2376 1924 —
2429 1883 2675 1948 Qualiter
2725 1887 3010 1937 accusatus
3063 1886 3342 1952 episcopus
3395 1884 3587 1939 discu-

1956 1954 2171 2007 tiendus
2218 1956 2291 2006 sit
2333 1955 2488 2025 apud
2524 1953 2873 2021 patriarchas
2923 1955 3006 2008 vel
3035 1958 3322 2023 primates,
3355 1960 3406 2008 et
3454 1960 3586 2025 quot

1956 2025 2182 2078 testibus
2209 2023 2459 2078 convinci
2488 2024 2696 2076 debeat.

1956 2132 2065 2195 (Em
2111 2131 2255 2184 decr.
2321 2131 2608 2198 Zepherini
2657 2145 2816 2198 papa
2879 2131 3123 2185 omnibus
3177 2146 3278 2199 per
3339 2132 3587 2188 Siciliam

1884 2221 2191 2274 constitutis
2255 2220 2522 2288 episcopis
2597 2221 2817 2284 missis,
2886 2235 3006 2287 cap.
3080 2219 3173 2289 2.)
3241 2220 3585 2274 Patriarchaa

1883 2323 2017 2360 vero
2070 2307 2155 2360 vel
2196 2308 2474 2377 primates
2543 2313 2870 2360 accusatum
2933 2307 3301 2362 discutientes
3358 2309 3586 2379 episco-

1883 2410 2043 2464 pum,
2073 2411 2188 2448 non
2217 2398 2348 2450 ante
2368 2394 2706 2447 sententiam
2741 2395 3354 2463 proferanttinitivam,
3388 2413 3583 2466 quam,

1882 2482 2192 2552 apostolica
2261 2483 2436 2536 fultus
2508 2483 2886 2548 auctoritate,
2955 2489 3054 2537 aut
3119 2501 3281 2538 reum
3348 2501 3404 2538 se
3462 2485 3585 2554 ipse

1882 2569 2256 2636 conﬁteatur,
2338 2575 2436 2622 aut
2528 2586 2630 2639 per
2703 2571 3035 2624 innocentes
3113 2577 3169 2624 et
3244 2572 3586 2641 regulariter

1883 2657 2238 2711 examinatos
2293 2657 2662 2711 convincatur
2715 2663 2926 2722 testes,
2985 2659 3085 2729 qui
3153 2660 3407 2713 minores
3464 2675 3585 2714 non

1882 2746 1996 2798 sint
2073 2762 2313 2798 numero
2379 2762 2552 2816 quam
2631 2747 2712 2798 illi
2790 2747 3056 2816 discipuli
3132 2747 3370 2802 fuerunt
3439 2765 3584 2818 quos

1883 2834 2157 2888 Dominus
2207 2835 2276 2887 ad
2322 2835 2719 2902 adjumentum
2752 2835 3146 2904 apostolorum
3189 2836 3401 2905 eligere
3440 2852 3583 2906 prte-

1879 2922 2050 2992 cepit.

2059 3012 2185 3064 CAP.
2221 3011 2367 3066 CLV.
2402 3039 2472 3052 —
2501 3014 2575 3066 De
2603 3013 2936 3078 patriarchis
2969 3017 3020 3065 et
3047 3012 3397 3079 primatibus.

1955 3100 2075 3169 (Ea:
2101 3099 2244 3152 decr.
2279 3100 2571 3152 Clementis
2600 3115 2758 3168 pap.,
2785 3115 2904 3167 cap.
2940 3098 3016 3168 9.)
3053 3101 3110 3152 ln
3142 3099 3253 3152 illis
3283 3113 3416 3152 vero
3443 3099 3578 3154 civi-

1880 3188 2092 3242 tatibus
2121 3189 2180 3241 in
2212 3187 2419 3257 quibus
2450 3188 2584 3240 olim
2631 3189 2783 3255 apud
2825 3187 3084 3240 ethnicos
3116 3187 3285 3257 primi
3317 3187 3578 3241 ﬂamines

1879 3291 2100 3341 eorum,
2135 3279 2307 3344 atque
2342 3275 2513 3344 primi
2563 3275 2705 3343 legis
2739 3275 3001 3328 doctores
3046 3282 3228 3341 erant,
3281 3275 3576 3346 episcopo-

1880 3379 2008 3416 rum
2040 3363 2316 3432 primates
2357 3363 2514 3432 poni,
2549 3364 2633 3416 vel
2665 3363 3038 3433 patriarchas,
3089 3363 3188 3433 qui
3219 3363 3578 3434 reliquorum

1879 3451 2278 3521 episcoporum
2323 3451 2562 3520 judicia,
2614 3457 2672 3504 et
2703 3452 2941 3521 majora,
2974 3453 3196 3522 quoties
3230 3468 3459 3505 necesse
3491 3451 3577 3504 fo-

1881 3545 1987 3604 ret,
2037 3538 2267 3605 negotia
2297 3538 2355 3591 in
2399 3539 2511 3592 tide
2552 3539 2861 3608 agitarent,
2911 3547 2969 3592 et
3000 3540 3316 3593 secundum
3355 3539 3580 3593 Domini

1879 3626 2252 3692 voluntatem,
2299 3626 2445 3678 sicut
2491 3626 2668 3679 sancti
2716 3626 3138 3679 constituerunt
3179 3627 3444 3695 apostoli,
3499 3626 3578 3680 ita

1880 3718 1945 3766 ut
1973 3729 2046 3767 ne
2068 3713 2197 3784 quis
2229 3714 2438 3781 injuste
2470 3713 2888 3782 periclitaretur
2913 3713 3240 3767 delinirent.

2031 3812 2157 3864 CAP.
2194 3810 2366 3864 CLVI.
2395 3841 2462 3850 —
2491 3813 2562 3864 De
2601 3813 2868 3864 vocatione
2896 3813 3139 3864 accusati
3162 3812 3417 3880 episcopi.

1952 3900 2060 3968 (Ea:
2089 3901 2246 3966 epist.
2281 3899 2507 3953 Damasi
2544 3915 2723 3968 papae,
2775 3900 2849 3952 ad
2891 3901 3149 3968 Stephan.
3183 3903 3234 3952 ct
3271 3898 3345 3952 ad
3387 3898 3574 3952 concil.

1879 3985 2127 4054 Africae.)
2186 3986 2411 4039 Vocatio
2461 3988 2614 4038 enim
2662 3987 2730 4039 ad
2782 3987 3085 4053 synodum,
3139 3985 3304 4054 juxta
3353 3984 3580 4037 decreta

1881 4075 2114 4129 Patrum
2163 4075 2454 4140 canonica,
2500 4074 2623 4143 ejus
2656 4074 2753 4143 qui
2795 4075 3110 4144 impetitur,
3146 4072 3580 4126 rationabilibus

1880 4163 2102 4234 scriptis
2161 4179 2264 4230 per
2319 4162 2568 4232 spatium
2625 4163 2749 4216 tieri
2809 4163 2977 4216 debet
3036 4177 3358 4231 congruum
3407 4165 3578 4230 atque

1879 4252 2236 4306 canonicum.
2293 4252 2458 4317 Quia,
2510 4251 2619 4304 nisi
2654 4252 2925 4305 canonice
2976 4257 3206 4303 vocatus
3257 4250 3429 4302 fuerit
3476 4265 3579 4300 suo

74 4366 306 4430 propter
373 4360 546 4429 hujus
612 4335 1001 4430 ambiguitatis
1075 4358 1493 4412 absolutionem
1563 4364 1770 4412 sancta:
1805 4361 1845 4414 D
1883 4345 2162 4410 tempore»
2214 4345 2272 4393 et
2311 4342 2586 4430 9300mm
2637 4339 3022 4430 ordinationes
3067 4340 3198 4391 licet
3247 4337 3464 4430 Υθξλθτίί
3509 4335 3581 4430 ad

74 4449 287 4517 synodo
323 4447 540 4518 placuit
571 4453 636 4501 ut
679 4448 1158 4517 metropolitanus
1193 4447 1497 4517 episcopus
1527 4465 1558 4500 a
1591 4447 1776 4500 vicina

75 4537 367 4604 provincia
406 4535 628 4605 judices
679 4535 821 4588 alios
851 4540 1145 4599 convocet,
1190 4535 1291 4605 qui
1321 4534 1774 4588 controversiam

79 4626 297 4688 tollant,
349 4628 406 4679 et
436 4630 499 4677 ut
545 4614 648 4694 per
684 4640 783 4677 eos
828 4623 999 4677 simul
1033 4628 1090 4676 et
1117 4638 1221 4692 per
1265 4621 1777 4690 comprovinciales

77 4713 368 4782 episcopos
399 4712 556 4781 quod
583 4712 803 4782 justum
834 4711 1007 4765 fuerit
1036 4710 1219 4763 visum
1259 4711 1629 4779 approbetur.

214 4801 345 4856 CAP.
379 4799 507 4855 CLI.
534 4830 601 4838 —-
634 4803 700 4855 Ut
731 4801 996 4866 episcOpis
1020 4799 1202 4853 nullus
1233 4800 1403 4852 laicus
1432 4801 1634 4852 crimen

680 4874 956 4938 imponere
979 4874 1168 4938 possit.

146 4943 250 5009 (Ea:
281 4942 481 4997 decret.
533 4941 763 5009 Sylvest.
795 4956 973 5010 papa,
1003 4956 1123 5008 cap.
1175 4940 1250 5008 1.)
1296 4940 1359 4992 In
1405 4955 1688 4992 consensu
1722 4944 1779 4992 et

76 5030 494 5101 subscriptione
568 5029 831 5083 omnium
895 5028 1270 5082 constitutum
1323 5044 1408 5080 est
1459 5031 1522 5080 ut
1584 5027 1778 5080 nullus

77 5118 248 5171 laicus
282 5118 573 5189 episcopo,
616 5118 703 5170 vel
737 5116 908 5170 alicui
961 5117 1018 5170 in
1069 5115 1365 5170 ordinibus
1413 5115 1621 5185 posito,
1667 5115 1777 5168 cri-

77 5221 203 5259 men
233 5206 469 5277 aliquod
521 5205 701 5275 possit
731 5205 962 5259 inferre.
1009 5207 1074 5258 Et
1117 5211 1182 5258 ut
1214 5205 1510 5274 presbyter
1540 5219 1651 5257 non
1681 5203 1775 5258 ad-

76 5309 266 5348 versus
309 5294 669 5364 episcopum,
703 5311 817 5348 non
859 5293 1132 5348 diaconus
1163 5293 1434 5346 adversus
1483 5293 1780 5364 presbyte-

77 5397 222 5448 rum,
257 5400 373 5436 non
403 5383 788 5436 subdiaconus
828 5383 1098 5436 adversus
1149 5381 1476 5446 diaconum,
1512 5397 1626 5434 non
1658 5397 1784 5434 aco-

81 5471 225 5539 lytus
256 5471 528 5525 adversus
571 5471 1009 5537 siibdiaconum,
1053 5486 1170 5523 non
1205 5469 1482 5523 exorcista
1511 5469 1782 5522 adversus

83 5558 384 5628 acolytum,
453 5575 568 5612 non
639 5559 822 5612 lector
888 5559 1158 5612 adversus
1236 5557 1596 5622 exorcistam,
1667 5573 1782 5610 non

85 5647 349 5701 ostiarius
401 5649 672 5701 adversus
726 5647 1020 5714 lectorem,
1073 5645 1168 5699 det
1212 5645 1629 5700 accusationem
1680 5645 1782 5698 ali-

1885 4432 2250 4492 conventum,
2314 4427 2372 4480 in
2421 4443 2764 4497 quacunque
2816 4427 3170 4489 necessitate,
3217 4424 3323 4476 nisi
3381 4428 3582 4492 sponte

1884 4518 2150 4580 voluerit,
2182 4517 2510 4568 nullatenus
2540 4516 2657 4568 suis
2688 4513 3058 4583 respondebit
3103 4510 3533 4564 insidiatoribus
3566 4524 3579 4562 :

1886 4604 2159 4674 quoniam
2188 4619 2290 4655 nec
2311 4603 2502 4656 saeculi
2527 4603 2682 4671 leges
2705 4587 2810 4655 hoc
2831 4600 3174 4669 permittunt
3195 4598 3340 4663 tieri,
3363 4605 3582 4668 quanto

1888 4692 2070 4762 magis
2100 4691 2306 4744 divina:
2325 4690 2352 4741 ?

1887 4798 2016 4849 CAP.
2048 4795 2250 4848 CLVII.
2282 4823 2354 4835 —
2401 4797 2466 4848 Ut
2492 4796 2754 4862 primates
2797 4793 2862 4846 de
2891 4797 3140 4844 accusata
3185 4792 3430 4859 episcopo
3481 4804 3587 4842 non

1955 4871 2084 4919 ante
2137 4867 2456 4918 sententiam
2495 4867 2780 4932 proferant
2827 4863 3217 4923 damnationis,
3278 4876 3442 4930 quam
3492 4864 3589 4912 aut

1957 4952 2106 4989 reum
2163 4940 2397 5002 seipsum
2427 4939 2765 5002 conﬁteatur,
2817 4937 2915 4987 aut
2974 4935 3223 4987 canonice
3273 4947 3372 5000 per
3426 4933 3588 4984 inno—

1960 5015 2130 5060 centes
2164 5011 2319 5059 tcsles
2351 5009 2720 5059 convincatur.

1961 5113 2072 5178 (Ea:
2110 5113 2268 5179 epist.
2307 5111 2502 5164 Felicis
2547 5127 2640 5180 pa.
2679 5113 2906 5164 Paterno
2955 5113 3089 5178 epis.
3132 5111 3307 5174 miss.,
3355 5123 3475 5176 cap.
3507 5106 3590 5175 4.)

1892 5200 2169 5252 Primates
2198 5215 2426 5270 quoque
2467 5204 2796 5253 accusatum
2829 5200 3201 5252 discutientes
3232 5199 3587 5267 episcopum,

1891 5305 2003 5341 non
2035 5295 2166 5342 ante
2215 5289 2560 5341 sententiam
2602 5288 2898 5358 proferant
2945 5287 3356 5349 damnationis,
3393 5299 3589 5353 quam,

1890 5376 2200 5446 apostolica
2231 5376 2412 5430 fretus
2439 5376 2799 5442 auctoritate,
2834 5383 2932 5430 aut
2971 5391 3130 5428 reum
3163 5375 3415 5440 seipsum
3455 5387 3590 5424 con-

1892 5465 2144 5530 ﬁteatur,
2195 5471 2296 5518 aut
2324 5481 2426 5535 per
2474 5466 2803 5519 innocentes
2847 5472 2904 5518 et
2933 5463 3203 5516 canonice
3244 5460 3595 5513 exauiinatos

1894 5553 2236 5622 regulariter
2283 5558 2452 5606 testes
2497 5555 2884 5606 convincatur.
2923 5553 3100 5605 Aliter
3137 5564 3436 5603 censemus
3464 5547 3592 5600 irri-

1896 5649 2011 5695 tam
2046 5658 2166 5694 esse
2198 5649 2250 5694 et
2299 5642 2571 5711 injustam
2603 5643 2999 5711 episcoporum
3052 5638 3501 5702 damnationem,
3542 5643 3598 5689 et
