3950 6412
353 341 455 393 595

1431 337 1838 393 BURCHARDI
1874 332 2411 392 WORMACIENSIS
2448 331 2786 388 EPISCOPI.

3776 338 3874 388 596

351 461 562 516 idcirco
611 477 644 514 a
684 460 904 532 synodo
933 460 1354 514 retractandam
1383 477 1396 516 :
1431 461 1508 514 ita
1537 465 1603 514 ut
1644 459 1928 531 oppressis
1977 459 2048 514 ab
2078 459 2126 512 Α
2163 461 2355 510 matur
2403 456 2640 510 facultas
2682 470 2867 509 causae
2897 455 3260 525 peragendae,
3308 455 3355 510 si
3394 471 3454 510 se
3485 456 3561 510 ad
3595 456 3764 511 diem
3796 474 3880 511 oc-

354 548 625 603 omnibus
658 548 718 602 in
748 547 968 602 cunctis
1002 548 1374 602 subveniatur
1401 548 1602 602 causis.

355 655 484 710 CAP.
537 655 763 710 CLVIII.
815 684 884 694 —
937 655 1136 778 Quali;
1168 656 1379 777 impias
1426 668 1535 707 esse
1580 653 1663 706 vel
1716 651 1852 721 quid
1895 667 2053 718 agere

1139 741 1164 777 e
1201 741 1262 777 ea
1292 764 1305 777 .

1139 730 1305 777 ebeat.

429 813 540 882 (Ea:
603 829 680 867 re.
751 813 826 866 ad
877 813 1215 869 Gennadium
1270 813 1568 866 Patricium
1623 815 1673 864 et
1729 811 2055 864 Exarchum

355 900 614 969 Africa.)
648 899 966 955 Concilium
1016 915 1150 951 vero
1198 898 1606 951 catholicorum
1649 897 2053 967 episcoporum

356 988 658 1042 admoneri
715 987 1026 1059 praecipite,
1089 991 1151 1039 ut
1199 986 1507 1055 primatem
1556 1001 1671 1039 non
1729 1001 1794 1038 ex
1851 985 2054 1039 ordine

357 1075 488 1142 loci,
540 1076 868 1146 postpositis
912 1074 1039 1126 vita;
1085 1073 1328 1138 meritis,
1373 1072 1562 1141 faciat,
1597 1071 1871 1142 quoniam
1901 1071 2056 1140 apud

358 1164 665 1216 Dominum
713 1178 825 1215 non
857 1163 1064 1230 gradus
1108 1160 1449 1229 elegantior,
1482 1160 1579 1213 sed
1624 1159 1754 1213 vitm
1799 1159 2056 1212 melioris

358 1250 504 1304 actio
551 1249 977 1318 comprobatur.
1030 1249 1154 1316 lpse
1202 1263 1335 1300 vero
1390 1247 1606 1316 primas
1652 1263 1770 1300 non
1818 1247 2052 1317 passim,

357 1338 504 1391 sicut
534 1338 711 1390 moris
761 1343 865 1400 est,
893 1352 996 1405 per
1037 1337 1218 1404 villas,
1257 1335 1351 1389 sed
1384 1335 1444 1388 in
1477 1351 1610 1402 una,
1651 1335 1814 1406 juxta
1855 1350 2055 1389 eorum

357 1426 719 1490 electionem,
747 1424 972 1478 civitate
1003 1424 1268 1478 resideat.

358 1532 487 1585 CAP.
522 1529 708 1584 CLIX.
737 1559 802 1568 —-
849 1530 918 1582 Ut
963 1528 1204 1596 episcopi
1230 1529 1573 1594 singularum
1603 1529 1842 1596 gentium
1880 1531 2056 1582 sciant

820 1602 943 1668 quis
975 1603 1116 1652 inter
1143 1614 1228 1652 eos
1259 1601 1330 1652 sit
1361 1601 1590 1667 primus.
1981 1606 1987 1613 '

431 1699 541 1767 (Ea;
605 1697 816 1764 epistol.
885 1697 1139 1749 Anacleti
1207 1711 1396 1763 papa,
1473 1695 1720 1748 omnibus
1794 1695 2056 1763 episcopis

359 1785 572 1852 missa.)
617 1785 774 1838 Beati
823 1784 996 1837 etiam
1048 1783 1290 1853 apostoli
1339 1783 1491 1836 inter
1519 1799 1578 1836 se
1627 1787 1952 1836 statuerunt
1996 1788 2060 1836 ut

359 1873 612 1944 episcopi
659 1873 1017 1943 singularum
1060 1872 1271 1925 scirent
1306 1871 1563 1940 gentium
1611 1871 1739 1940 quis
1770 1871 1920 1924 inter
1962 1886 2060 1924 eos

359 1962 583 2032 primus
614 1966 780 2020 esset.
833 1965 1116 2030 quatenus
1143 1959 1215 2012 ad
1263 1975 1395 2012 eum
1442 1959 1629 2028 potior
1658 1974 1858 2012 eorum
1902 1957 2055 2010 solli-

360 2050 554 2104 citudo
615 2049 948 2119 pertineret.
1011 2049 1148 2102 Nam
1209 2052 1265 2100 et
1324 2047 1477 2100 inter
1530 2047 1721 2101 beatos
1777 2047 2061 2116 apostolos

362 2138 628 2209 quaedam
651 2137 760 2191 fuit
781 2136 1062 2191 discretio.
1094 2137 1178 2202 Et,
1207 2135 1339 2188 licet
1361 2151 1561 2188 omnes
1589 2139 1776 2189 essent
1797 2135 2059 2205 apostoli,

363 2229 529 2281 Petro
571 2230 764 2278 tamen
795 2241 829 2277 a
862 2223 1104 2276 Domino
1136 2227 1221 2276 est
1266 2239 1620 2289 concessum,
1670 2227 1726 2276 et
1753 2223 1864 2292 ipsi
1912 2223 2064 2276 inter

364 2331 423 2367 se
466 2313 719 2384 idipsum
766 2311 1073 2366 voluerunt
1102 2317 1167 2364 ut
1195 2311 1434 2381 reliquis
1484 2311 1754 2365 omnibus
1796 2315 2066 2380 praeesset

365 2401 641 2472 apostolis
676 2399 914 2470 Cephas,
970 2399 1024 2453 id
1055 2405 1158 2464 est,
1193 2404 1256 2452 ut
1305 2399 1503 2452 Petrus
1547 2399 1933 2468 principatum
1979 2404 2064 2452 te-

365 2493 532 2544 neret
561 2489 932 2557 apostolatus.
983 2487 1092 2550 Qui
1122 2491 1176 2540 et
1211 2487 1472 2540 eamdem
1520 2487 1765 2540 formam
1796 2486 1913 2539 suis
1944 2503 2066 2540 suc-

367 2576 684 2631 cessoribus
733 2581 789 2629 et
838 2575 1074 2645 reliquis
1121 2573 1402 2644 episcopis
1451 2575 1759 2628 tenendam
1813 2574 2066 2627 tradide-

368 2669 523 2719 runt.
580 2665 644 2718 Et
702 2679 819 2718 non
857 2664 1045 2716 solum
1098 2663 1205 2716 hoc
1261 2662 1320 2716 in
1371 2664 1524 2716 Novo
1574 2663 1938 2716 Testamento
1984 2667 2069 2717 est

369 2753 764 2818 constitutum,
801 2752 899 2805 sed
933 2751 1106 2805 etiam
1138 2751 1198 2804 in
1229 2751 1415 2803 Veteri
1447 2750 1573 2804 fuit.
1613 2751 1769 2804 Unde
1793 2751 2067 2821 scriptum

369 2847 502 2896 est:
542 2842 718 2894 Moses
771 2844 828 2892 et
875 2842 1066 2892 Aaron
1114 2838 1172 2891 in
1217 2837 1610 2892 sacerdotibus
1661 2839 1804 2909 ejus,
1855 2839 1913 2892 id
1962 2845 2066 2906 est,

369 2929 544 3000 primi
596 2927 744 2981 inter
776 2944 873 2980 eos
913 2927 1164 2980 fuerunt.
1215 2928 1277 2980 Et
1307 2926 1570 2996 quamvis
1599 2926 1679 2979 ita
1720 2927 1793 2979 sit
1836 2926 2070 2980 ordina-

2090 1735 2128 1788 Β

2163 560 2392 598 currere
2439 559 2556 597 non
2601 542 2869 607 noluisse,
2910 543 3008 597 sed
3046 559 3160 597 non
3209 543 3466 613 potuisse
3515 545 3878 616 probaverit.

2163 632 2307 686 Illud
2339 647 2471 685 vero
2502 631 2736 700 placuit,
2785 634 2868 698 ut,
2911 647 3040 684 cum
3074 646 3244 700 agere
3279 631 3516 701 cceperit
3563 633 3624 685 in
3664 633 3885 703 episco-

2163 736 2373 789 porum
2411 719 2650 789 judicio,
2685 719 2731 772 si
2768 718 2943 773 fuerit
2989 719 3334 772 accusatoris
3382 736 3632 790 persona
3683 721 3884 790 culpa-

2164 809 2314 873 bilis,
2349 809 2419 862 ad
2467 809 2829 876 urguendum
2884 823 3000 860 non
3038 807 3398 876 admittatur,
3445 809 3558 862 nisi
3606 810 3887 879 proprias

2165 913 2380 962 causas,
2411 912 2528 949 non
2560 905 2750 949 tamen
2786 896 3212 958 i-cclesiasticas,
3249 912 3500 950 asserere
3530 898 3815 950 voluerit.

2167 1003 2294 1057 CAP.
2327 1002 2499 1054 CLXI.
2533 1031 2603 1041 —
2636 1003 2717 1055 De
2757 1003 3000 1056 Muwimo
3029 1003 3274 1069 episcopo
3323 1003 3498 1055 variis
3543 1003 3886 1056 criminibus

2236 1075 2530 1137 infamato,
2578 1079 2627 1125 et
2659 1072 2732 1124 ad
2775 1073 3042 1139 synodum
3072 1075 3269 1140 saepius
3314 1079 3500 1127 vocato
3540 1077 3643 1142 qui
3694 1078 3887 1127 venire

2236 1149 2286 1196 et
2315 1159 2369 1196 se
2399 1157 2657 1196 excusare
2684 1146 3017 1212 neglexerat.

2238 1250 2342 1317 (Ea:
2399 1252 2556 1318 epist.
2612 1249 2897 1315 Bonifacii
2941 1265 3099 1318 papae
3155 1249 3228 1302 ad
3281 1251 3561 1320 episcopos
3620 1252 3886 1318 Galliae.)

2169 1337 2486 1391 Bonifacius
2538 1337 2840 1408 episcopus
2892 1338 3183 1404 Patroclo,
3242 1339 3535 1408 Remigio,
3599 1339 3885 1405 Maximo,

2168 1425 2404 1490 Hilario,
2470 1426 2698 1490 Severo,
2753 1425 3002 1488 Juliano,
3063 1426 3337 1492 Castorio,
3395 1427 3661 1486 Leontio,
3723 1429 3889 1482 Con-

2167 1514 2436 1580 stantino,
2486 1514 2708 1578 Joanni,
2750 1515 3035 1578 Montano,
3092 1514 3329 1579 Marino,
3378 1519 3436 1567 et
3477 1514 3710 1568 caeteris
3763 1515 3886 1584 epi-

2168 1601 2357 1670 scopis
2387 1617 2491 1670 per
2541 1602 2747 1656 Gallias
2797 1606 2852 1654 et
2882 1618 2983 1671 per
3030 1608 3248 1672 septem
3286 1602 3611 1671 provincias
3659 1604 3890 1656 consti-

2169 1690 2324 1742 tutis.
2377 1689 2690 1742 Valentinaa
2737 1705 2843 1743 nos
2887 1689 3077 1743 clerici
3127 1689 3368 1742 civitatis
3399 1690 3698 1758 adierunt,
3749 1708 3890 1762 pro-

2168 1781 2450 1848 ponentes
2506 1777 2768 1831 libellum
2822 1782 2880 1830 et
2922 1777 3167 1831 crimina
3216 1795 3343 1848 qua:
3392 1778 3711 1833 Maximum
3767 1784 3890 1832 tota

2166 1866 2460 1936 provincia
2504 1867 2708 1920 asserit
2735 1867 3110 1920 commisisse.
3162 1869 3434 1937 Delegata
3468 1869 3642 1922 toties
3675 1869 3888 1938 cogni-

2169 1955 2346 2020 tione,
2379 1955 2543 2008 illum
2583 1955 2892 2009 constituta
2922 1971 3151 2024 semper
3192 1955 3605 2026 subterfugisse
3629 1957 3888 2026 judicia,

2169 2059 2274 2096 ncc
2319 2043 2620 2096 confusum
2664 2043 3007 2097 conscientia
3041 2044 3360 2112 festinasse,
3408 2050 3469 2097 ut
3497 2044 3546 2097 si
3599 2051 3760 2098 esset
3806 2046 3891 2098 in-

2171 2145 2401 2196 nocens,
2429 2130 2818 2184 exterminatis
2837 2131 3127 2197 omnibus,
3154 2137 3500 2201 purgaretur
3523 2148 3536 2185 :
3557 2149 3696 2203 qua:
3716 2134 3890 2187 toties

2173 2218 2398 2272 decreta
2428 2235 2495 2271 ex
2528 2224 2850 2273 nostrarum
2896 2235 3124 2290 quoque
3169 2221 3495 2273 chartarum
3539 2221 3890 2276 instructio-

2172 2322 2243 2360 ne
2287 2306 2679 2374 cognovimus.
2729 2306 2837 2370 Qui
2885 2307 3202 2360 econtrario
3246 2307 3509 2376 probavit
3554 2309 3625 2362 de
3670 2325 3737 2362 se
3793 2310 3891 2363 illa

2174 2411 2300 2465 quae
2331 2395 2482 2448 dicta
2525 2400 2678 2461 sunt,
2729 2395 2864 2464 quia
2908 2395 2977 2449 ad
3009 2411 3073 2448 ea
3119 2396 3488 2462 confutanda,
3521 2412 3657 2450 cum
3691 2404 3892 2450 essent

2174 2484 2498 2548 innumera,
2545 2499 2578 2536 a
2609 2483 3001 2537 deccssoribus
3048 2485 3192 2536 meis
3245 2484 3613 2553 provincialis
3659 2491 3751 2540 est
3791 2487 3891 2540 de-

2174 2572 2365 2640 legata
2412 2571 2683 2642 cognitio.
2722 2572 3047 2626 Conventus
3096 2573 3270 2626 etiam
3303 2572 3516 2626 dicitur
3545 2574 3786 2641 vitasse,
3838 2581 3892 2628 et

2179 2659 2417 2713 minime
2467 2660 2663 2714 adesse
2696 2661 2941 2713 voluisse
2971 2677 2982 2714 :
3017 2666 3074 2714 et
3113 2662 3304 2715 nullus
3352 2661 3581 2716 dubitat
3618 2665 3784 2733 quod
3818 2665 3898 2717 ita

2170 2747 2459 2818 judicium
2513 2763 2727 2801 nocens
2757 2749 3117 2818 subterfugit,
3153 2750 3649 2819 quemadmodum
3701 2757 3769 2805 ut
3798 2754 3894 2805 ab-

2179 2837 2434 2890 solvatur
2479 2837 2579 2906 qui
2610 2841 2696 2890 est
2739 2837 3015 2890 innocens
3049 2837 3258 2907 quaerit
3288 2854 3300 2891 :
3333 2839 3430 2892 sed
3479 2844 3672 2892 astuta
3727 2842 3897 2894 cavil-

2179 2925 2316 2979 latio
2377 2939 2580 2978 eorum
2647 2925 2747 2995 qui
2805 2926 3046 2979 versutis
3111 2925 3401 2995 agendum
3457 2927 3710 2981 credunt
3776 2946 3894 2982 esse

369 3019 513 3073 tum.
565 3028 734 3064 nemo
767 3016 961 3064 tamen
993 3011 1146 3080 quod
1193 3026 1359 3063 suum
1391 3016 1478 3062 est
1505 3015 1744 3080 quaerat,
1791 3010 1886 3063 sed
1920 3012 2074 3080 quod
2103 3013 2142 3066 C
2179 3013 2456 3079 consiliis,
2492 3029 2788 3084 nunquam
2836 3015 3177 3069 innocentiie
3207 3031 3416 3068 nomen
3446 3018 3716 3085 accipiet.
3751 3019 3896 3073 Con-

373 3101 627 3155 alterius.
683 3099 839 3153 Unde
887 3098 967 3151 ait
1012 3099 1212 3152 beatus
1260 3099 1552 3168 apostolus
1597 3099 1854 3151 Paulus:
1889 3099 2071 3151 Unus-

373 3189 616 3258 quisque
666 3188 890 3257 placeat
931 3185 1194 3254 proximo
1239 3201 1340 3236 suo
1373 3184 1429 3236 in
1465 3184 1678 3236 bonum
1721 3185 1790 3237 ad
1823 3185 2070 3237 aedifica-

372 3275 606 3328 tionem.
663 3275 727 3326 Et
778 3271 924 3326 sicut
981 3272 1102 3341 ipse
1153 3272 1412 3326 Salvator
1457 3270 1576 3323 suis
1608 3271 1688 3324 ait
1733 3272 2068 3342 discipulis:

375 3359 484 3423 Qui
519 3357 705 3428 major
751 3361 837 3409 est
874 3360 1145 3422 vestrum,
1182 3355 1292 3408 erit
1334 3354 1596 3408 minister
1647 3361 1850 3409 vester.
1886 3357 1953 3409 Et
1983 3373 2072 3409 re-

379 3448 553 3516 “qua.

377 3553 508 3608 CAP.
560 3552 706 3606 CLX.
760 3579 830 3592 -—
879 3551 946 3603 Ut
1006 3552 1285 3616 episcopus
1342 3555 1625 3602 accusatus
1683 3564 1789 3602 non
1833 3565 2072 3603 commu-

519 3625 676 3676 nione
699 3625 965 3690 privetur,
1000 3623 1109 3674 nisi
1129 3621 1216 3673 die
1239 3626 1448 3674 statuta
1473 3623 1652 3673 venire
1678 3622 1928 3674 noluerit.

447 3728 567 3796 (Ex
596 3727 781 3780 concil.
818 3725 1111 3791 Carthag.,
1162 3741 1282 3793 cap.
1322 3725 1430 3794 l9.)
1465 3725 1729 3778 Aurelius
1778 3725 2076 3794 episcopus

373 3815 515 3870 dixit
553 3831 566 3868 :
610 3814 881 3883 Quisquis
924 3815 1324 3883 episcoporum
1372 3819 1689 3878 accusatur,
1740 3813 1810 3865 ad
1855 3813 2073 3883 prima-

370 3907 486 3956 tem
522 3901 828 3971 provincia:
873 3901 1052 3968 ipsius
1087 3915 1314 3952 causum
1360 3901 1578 3952 deferat
1621 3903 1936 3965 accusator,
1973 3915 2076 3952 nec

373 4007 406 4043 a
455 3988 864 4042 communione
910 3990 1290 4055 suspemlutur
1335 3986 1429 4039 cui
1473 3987 1691 4039 crimen
1736 3987 2072 4051 intenditur,

373 4078 486 4131 nisi
511 4077 555 4127 si
588 4077 653 4128 ad
676 4091 905 4128 causam
929 4090 1089 4126 suam
1114 4075 1436 4140 dicendam,
1459 4075 1772 4126 electorum
1790 4073 2074 4143 judicium

375 4165 467 4218 die
497 4168 707 4216 statuta
741 4161 945 4215 litteris
994 4169 1280 4226 evocatus,
1314 4162 1552 4215 minime
1602 4162 1929 4224 occurrerit,
1971 4163 2077 4215 hoc

2182 3102 2373 3155 litetur
2423 3102 2578 3155 enim
2631 3102 2700 3155 de
2751 3103 3020 3156 omnibus
3069 3102 3332 3173 quisquis
3376 3119 3434 3156 se
3485 3105 3896 3175 subterfugere

2173 3190 2456 3259 judicium
2504 3190 2877 3244 dilationibus
2907 3196 3088 3262 putat.
3120 3191 3322 3245 Veniet
3349 3197 3545 3246 tamen
3577 3193 3896 3263 aliquando

2181 3279 2276 3331 ille
2307 3279 2406 3348 qui
2439 3279 2566 3331 talis
2597 3279 2936 3348 perhibetur
2966 3280 3026 3332 in
3061 3279 3337 3333 medium.
3377 3281 3490 3334 Nec
3539 3282 3794 3350 prodest
3820 3283 3898 3335 illi

2179 3367 2350 3420 toties
2390 3367 2644 3432 latuisse,
2691 3368 2860 3420 toties
2900 3368 3331 3438 subterfugisse,
3383 3385 3558 3439 quem
3611 3369 3706 3423 sui
3743 3378 3899 3423 actus

2181 3461 2236 3508 et
2265 3456 2590 3520 commissa,
2623 3473 2970 3526 quocunque
3009 3457 3240 3525 fugerit,
3277 3473 3343 3511 ea
3371 3474 3501 3528 quas
3529 3458 3899 3528 objiciuntur

2180 3543 2284 3609 illi,
2315 3543 2360 3596 si
2401 3560 2534 3597 vera
2572 3550 2725 3610 sunt,
2773 3545 3016 3598 crimina
3065 3553 3513 3615 persequuntur.
3565 3547 3898 3601 Debueram

2182 3632 2414 3701 quidem
2442 3633 2564 3702 jam
2615 3649 2766 3686 nunc
2790 3633 3025 3703 dignam
3059 3651 3164 3704 pro
3198 3636 3322 3704 ejus
3365 3636 3645 3688 accusatis
3695 3636 3760 3689 in
3799 3653 3897 3689 no-

2183 3726 2298 3774 stro
2343 3721 2562 3787 judicio
2612 3721 2852 3788 actibus,
2901 3722 3002 3791 qui
3047 3722 3440 3791 cognitionem
3488 3729 3545 3776 et
3595 3723 3896 3778 decretum

2176 3809 2459 3878 judicium
2495 3825 2644 3879 saepe
2681 3809 3024 3864 declinando
3054 3811 3302 3864 credidit
3330 3811 3726 3873 illudendum.
3765 3815 3899 3867 dare

2184 3897 2546 3949 sententiam.
2602 3900 2669 3950 At
2718 3914 2786 3949 ne
2841 3898 3059 3968 aliquid
3116 3899 3406 3967 praecoqui
3454 3899 3702 3953 forsitan
3755 3902 3903 3971 judi-

2184 3990 2358 4047 caret,
2409 3989 2464 4038 et
2510 3985 2617 4038 sibi
2666 3986 2766 4056 qui
2827 3987 3028 4039 absens
3085 3992 3187 4050 est,
3235 3987 3363 4040 licet
3419 3987 3492 4040 sit
3543 3990 3832 4057 quaesitus
3871 4008 3902 4042 a

2185 4073 2373 4137 nobis,
2397 4080 2748 4128 reservatum
2792 4091 2915 4128 esse
2967 4075 3109 4128 nihil
3149 4075 3385 4141 diceret,
3439 4077 3764 4130 maluimus
3819 4079 3904 4131 in-

2183 4163 2546 4230 tercapedine
2597 4163 2873 4232 temporis
2921 4163 3055 4216 data
3102 4163 3340 4228 dilferri,
3392 4180 3523 4217 cum
3558 4164 3670 4217 hoc
3721 4168 3902 4220 etiam

375 4258 479 4319 est,
509 4252 656 4304 infra
689 4251 939 4320 spatium
976 4250 1186 4302 mensis
1230 4266 1296 4302 ex
1333 4267 1397 4302 ea
1427 4250 1517 4301 die
1547 4266 1659 4319 qua
1690 4266 1822 4303 eum
1854 4251 2071 4303 litteras
2105 4287 2145 4339 Ο
2187 4249 2310 4316 ejus
2358 4256 2709 4304 accusatores
2751 4255 3090 4304 assererent.
3146 4253 3224 4304 De
3259 4252 3422 4321 cujus
3466 4252 3903 4308 intentionibus

375 4341 658 4410 accepisse
707 4338 1046 4392 constiterit.
1096 4337 1256 4401 Quod
1293 4338 1338 4390 si
1367 4338 1586 4407 aliquas
1621 4354 1782 4390 veras
1828 4339 2072 4391 necessi-

374 4429 505 4483 tatis
550 4444 748 4481 causas
796 4427 1140 4496 probaverit,
1188 4427 1396 4496 quibus
1430 4442 1562 4480 eum
1611 4443 1908 4480 occurrere
1959 4443 2076 4480 non

372 4516 624 4586 potuisse
675 4515 1043 4568 manifestum
1092 4514 1185 4577 sit,
1221 4531 1407 4568 causa:
1457 4531 1574 4567 suae
1618 4517 1875 4568 dicenda:
1926 4515 2076 4568 intra

373 4606 617 4658 alterum
671 4619 930 4656 mensem
979 4602 1262 4673 integram
1318 4603 1528 4656 habeat
1573 4603 1922 4657 facultatem.
1978 4606 2076 4656 Ve-

373 4709 502 4747 rum
542 4697 671 4762 post
721 4707 978 4745 mensem
1028 4691 1340 4744 secundum
1389 4707 1503 4745 non
1537 4692 1925 4745 communicet
1973 4693 2076 4746 do-

374 4795 481 4833 nec
523 4780 902 4834 examinetur.
954 4779 1013 4832 Si
1043 4784 1236 4833 autem
1285 4779 1356 4833 ad
1403 4779 1706 4832 consilium
1755 4780 2074 4832 universale

375 4868 526 4922 infra
575 4868 713 4921 anni
770 4867 1019 4937 spatium
1077 4882 1374 4921 occurrere
1429 4869 1699 4929 noluerit,
1751 4873 1816 4921 ut
1863 4868 1947 4920 vel
1997 4867 2074 4920 ibi

376 4972 546 5009 causa
586 4958 710 5024 ejus
757 4956 1119 5021 terminetur,
1169 4956 1289 5025 ipse
1321 4957 1378 5009 in
1427 4973 1484 5009 se
1533 4956 1915 5010 damnationis
1946 4972 2076 5009 sen-

375 5043 614 5098 tentiam
668 5043 875 5097 dixisse
921 5043 1230 5114 judicetur.
1277 5045 1554 5113 Tempore
1604 5061 1738 5096 sane
1790 5061 1905 5114 quo
1963 5060 2076 5098 non

375 5131 783 5197 communicat,
834 5147 906 5184 ne
959 5132 1018 5184 in
1062 5149 1164 5185 sua
1196 5132 1441 5186 Ecclesia
1488 5133 1574 5184 vel
1617 5132 1890 5200 parocliia
1921 5149 2076 5185 com-

376 5221 648 5273 municet.
685 5223 991 5272 Accusator
1039 5225 1232 5272 autem
1267 5219 1410 5288 ejus,
1444 5219 1489 5270 si
1536 5235 1832 5288 nunquam
1874 5220 2075 5272 diebus

374 5325 560 5361 causa:
607 5307 856 5362 dicendae
901 5308 1166 5372 defuerit,
1210 5325 1242 5359 a
1271 5306 1679 5360 communione
1728 5323 1847 5359 non
1893 5323 2075 5360 remo-

375 5403 592 5449 veatur.
638 5397 695 5450 Si
742 5412 876 5450 vero
930 5395 1244 5464 aliquando
1288 5394 1554 5461 defuerit,
1604 5394 1940 5447 subtrahens
1992 5413 2071 5460 se,

375 5484 639 5538 restituto
667 5485 725 5536 in
772 5481 1180 5536 communione
1213 5481 1505 5550 episcopo,
1557 5481 1677 5550 ipse
1713 5487 2076 5536 removeatur

379 5588 413 5623 a
435 5571 839 5625 communione
871 5574 1166 5624 accusator
1194 5585 1206 5622 :
1240 5569 1320 5622 ita
1348 5574 1540 5624 tamen
1572 5576 1632 5622 ut
1660 5585 1768 5622 nec
1812 5570 1921 5640 ipsi
1950 5571 2072 5624 adi-

2187 4342 2242 4390 et
2297 4339 2556 4392 moribus
2613 4339 2685 4392 sit
2741 4346 3023 4394 secretum
3065 4341 3400 4404 maximum,
3470 4345 3633 4394 tanto
3710 4347 3902 4412 magis

2185 4425 2511 4478 damnanda
2541 4427 2919 4488 committere.
2971 4429 3201 4496 quando
3235 4428 3454 4480 tardius
3486 4444 3547 4481 se
3577 4433 3900 4485 constituto

2177 4514 2399 4582 judicio
2440 4521 2825 4584 prasentaret.
2879 4515 3058 4580 Quem
3093 4517 3536 4570 Manichaeorum
3567 4517 3899 4574 involutum

2185 4602 2430 4669 caligine
2464 4609 2733 4670 arguunt,
2767 4605 3038 4673 turpique
3088 4609 3238 4657 secta
3281 4604 3441 4656 olim.
3479 4605 3564 4657 Ita
3612 4621 3755 4660 cum
3789 4625 3902 4661 non

2186 4696 2377 4759 posset
2423 4689 2654 4744 abluere
2699 4692 2958 4745 animum
3009 4692 3238 4746 sordida
3288 4693 3756 4761 improbatione,
3805 4699 3900 4750 ob-

2180 4778 2444 4848 jeclaque
2484 4779 2536 4831 ei
2567 4785 2726 4847 gesta
2767 4780 3060 4847 synodalia
3098 4780 3476 4849 proferentes,
3527 4784 3584 4832 et
3615 4785 3902 4836 commis-

2185 4865 2260 4918 sis
2294 4866 2616 4919 involutum
2660 4868 2920 4937 undique
2965 4868 3219 4937 ﬂagitiis,
3275 4867 3500 4921 nullum
3545 4868 3600 4920 ei
3633 4872 3900 4924 sanitatis

2186 4953 2448 5007 habuisse
2480 4959 2823 5022 respectum,
2878 4972 3051 5026 quem
3099 4956 3293 5009 furore
3339 4971 3440 5008 suo
3473 4960 3530 5007 et
3577 4955 3795 5012 insana
3831 4969 3902 5012 te-

2187 5043 2448 5094 meritate
2479 5042 2548 5095 ad
2591 5043 2954 5095 saecularium
3000 5060 3232 5113 quoque
3276 5043 3561 5112 judicium
3612 5045 3899 5101 tribunali

2186 5130 2482 5184 subditum
2533 5131 2860 5200 quaestioni,
2906 5135 3058 5202 quod
3111 5133 3168 5186 in
3213 5133 3308 5185 vili
3363 5149 3594 5202 quoque
3645 5150 3901 5203 persona

2186 5218 2587 5288 turpissimum
2620 5225 2724 5286 est,
2759 5220 3093 5290 objicerent.
3143 5222 3472 5275 Pervenisse
3512 5237 3650 5275 eum
3683 5226 3763 5278 ad
3798 5228 3901 5280 ho-

2186 5307 2402 5359 micidii
2431 5307 2642 5360 damna
2671 5315 2952 5370 asserunt,
3009 5310 3183 5377 gestis
3229 5309 3466 5379 prolatis
3498 5310 3557 5362 in
3611 5315 3897 5369 medium.

2187 5395 2253 5447 Et
2281 5395 2432 5448 hunc
2465 5397 2659 5461 talem,
2694 5402 2824 5466 post
2867 5402 3026 5450 tanta
3055 5399 3269 5466 talique
3303 5399 3634 5461 commissa,
3670 5404 3899 5474 episco-

2185 5489 2350 5550 patus
2389 5484 2575 5537 adhuc
2625 5485 2732 5537 sibi
2767 5501 2978 5538 nomen
3024 5486 3084 5538 in
3115 5486 3231 5538 suis
3274 5486 3529 5539 latibulis
3575 5489 3896 5556 vindicare,

2185 5571 2242 5624 in
2275 5572 2525 5642 proprias
2558 5572 2803 5627 civitatis
2840 5573 3160 5641 infamiam,
3196 5575 3387 5628 nimiis
3433 5575 3744 5632 doloribus
3775 5599 3897 5635 con-
