3950 6416
73 353 172 403 597

1065 346 1548 404 DECRETORUM
1592 347 1775 405 LIBRI
1816 348 1921 405 XX.
1966 378 2035 388 -—
2074 348 2285 404 LIBER
2325 348 2604 404 PRIMUS.

3487 350 3591 404 598

72 477 417 544 queruntur,
452 476 509 526 et
538 475 797 526 sanctum
836 486 1051 525 nomen
1097 470 1442 525 vindicando
1485 471 1591 524 sibi
1626 472 1769 526 velle
1800 472 1845 524 Α
1887 470 2062 526 nandi
2089 471 2426 542 priusquam
2476 486 2533 525 se
2576 470 2816 526 crimine
2859 488 2975 543 quo
3030 477 3372 542 premuntur
3419 489 3591 527 exue-

70 564 353 631 polluere.
390 561 658 632 Ideoque,
694 561 901 614 fratres
933 559 1252 619 clarissimi,
1294 560 1430 630 quia
1458 561 1779 615 audiendus

16 660 17 689 δ
69 643 160 706 hic
191 656 545 721 praisentare
591 666 649 703 se
685 649 887 715 noluit,
940 665 1047 702 nec
1087 648 1380 702 convictus
1422 648 1663 701 forsitan
1708 648 1779 700 ab

70 739 472 793 accusantibus
503 754 563 792 se
594 737 903 792 defendere
936 738 1149 806 possit:
1186 738 1364 807 digna
1401 738 1636 791 tandem
1674 738 1777 790 ali-

16 836 19 843 ’
69 827 301 896 quando
350 833 726 898 praesentatus
755 827 1070 897 episcopali
1096 827 1315 897 judicio
1357 826 1779 897 pronuntiatio-

14 950 17 955 -
68 914 157 966 nis
189 932 446 985 congrue
491 916 649 969 feriri
690 916 981 969 sententia
1018 916 1362 983 judicamus.
1416 915 1777 985 Quamquam

67 1002 152 1055 illi
194 1020 326 1057 cum
379 1005 582 1058 edocta
614 1005 845 1069 fuerint,
880 1004 1123 1057 sciamus
1152 1004 1325 1073 hujus
1371 1004 1622 1056 nominis
1660 1019 1779 1057 non

68 1106 187 1143 esse
214 1092 522 1160 jacturam,
568 1093 668 1162 qui
700 1094 983 1162 pudorem
1039 1108 1340 1162 nunquam
1372 1092 1642 1145 habuisse
1688 1108 1777 1143 sa-

66 1182 311 1234 cerdotii
342 1182 701 1251 perhibetur,
737 1187 793 1235 et
820 1182 1009 1235 locum
1043 1197 1211 1233 suum
1258 1197 1361 1234 nec
1393 1182 1619 1233 modico
1647 1182 1776 1249 qui-

66 1269 198 1321 dem
230 1273 493 1340 tempore
522 1270 857 1334 custodisse,
893 1269 1230 1323 dilationem
1272 1269 1557 1327 dedimus,
1592 1274 1648 1321 et
1677 1267 1776 1321 de-

66 1358 354 1412 crevimus
410 1364 655 1412 vestram
730 1358 939 1412 debere
1014 1358 1163 1410 intra
1230 1357 1583 1427 provinciam
1656 1372 1777 1409 esse

60 1446 371 1515 judicium,
410 1452 466 1499 et
494 1462 843 1518 congregare
870 1446 1155 1517 synodum
1200 1451 1331 1497 ante
1377 1445 1528 1499 diem
1563 1444 1773 1497 Kalen-

12 1550 19 1579 l

66 1536 272 1588 darum
306 1535 739 1600 Novembrium,
765 1539 850 1601 ut,
903 1534 949 1587 si
981 1534 1176 1587 adesse
1229 1534 1471 1587 voluerit
1501 1549 1773 1602 praesens,

10 1636 19 1669 ε
66 1624 109 1675 si
140 1624 405 1690 conlidit,
438 1624 507 1677 ad
538 1624 760 1693 objecta
794 1623 1171 1693 respondeat:
1204 1624 1251 1675 si
1278 1624 1474 1675 adesse
1504 1623 1776 1691 neglexe-

10 1726 17 1761 Ξ

63 1712 157 1775 rit,
189 1711 534 1765 dilationem
565 1711 865 1767 sententias
902 1713 973 1765 de
1019 1712 1283 1764 absentia
1337 1727 1453 1764 non
1502 1712 1773 1763 lucretur.

10 1814 17 1843 ι
65 1802 208 1853 Nam
252 1802 621 1854 manifestum
652 1801 913 1854 confiteri
960 1817 1092 1853 eum
1127 1801 1196 1853 de
1237 1801 1497 1866 crimine,
1548 1800 1669 1870 qui,
1714 1800 1772 1853 in

8 1903 18 1938 :
62 1889 224 1943 dulto
253 1894 310 1943 et
358 1890 524 1944 toties
568 1890 829 1960 delegato
870 1889 1111 1959 judicio,
1173 1888 1461 1959 purgandi
1500 1905 1558 1941 se
1610 1904 1797 1972 occa-.

8 2002 15 2025 l

65 1978 223 2029 sione
285 1994 401 2031 non
456 1978 665 2033 utitur.
738 1979 886 2031 Nihil
948 1978 1103 2031 enim
1165 1978 1403 2030 interest
1459 1984 1654 2030 utrum
1714 1978 1774 2030 in

61 2066 341 2135 przesenti
388 2067 647 2120 examine
703 2068 897 2120 omnia
944 2083 1073 2137 qua:
1128 2066 1463 2135 dicta.sunt
1520 2082 1776 2135 compro-

62 2155 312 2209 bentur:
364 2171 496 2209 cum
537 2156 661 2225 ipsa
712 2171 942 2224 quoque
1003 2171 1108 2224 pro
1160 2154 1516 2207 confessione
1566 2169 1773 2224 procu-

6 2260 13 2293 ;
60 2248 184 2297 rata
212 2244 387 2297 toties
430 2248 649 2297 constet
696 2244 982 2298 absentia.
1038 2244 1148 2297 Nos
1200 2248 1391 2295 autem
1426 2259 1528 2312 per
1571 2258 1773 2295 omnes

10 2372 13 2381 .
63 2332 389 2402 provincias
429 2332 644 2386 litteras
682 2333 1018 2401 dirigemus,
1069 2347 1140 2384 ne
1192 2332 1616 2384 excusationem
1664 2330 1772 2383 sibi

6 2438 13 2469 ξ
63 2420 447 2489 ignorationis
500 2422 791 2485 obtendat,
828 2426 889 2475 ut
926 2422 996 2473 ad
1044 2420 1394 2490 provinciam
1429 2421 1621 2473 venire
1675 2436 1771 2473 co-

6 2526 11 2557 ί
60 2517 247 2578 gatur,
285 2514 345 2564 et
374 2510 491 2563 illic
518 2527 578 2563 se
617 2510 928 2563 constituto
955 2514 1300 2577 praesentare
1325 2508 1567 2576 judieio.
1601 2508 1773 2572 Quid-

59 2600 195 2667 quid
249 2605 447 2652 autem
498 2605 685 2652 vestra
739 2598 986 2651 charitas
1039 2598 1108 2651 de
1166 2598 1273 2650 hac
1330 2613 1499 2650 causa
1548 2596 1771 2650 duxerit

58 2688 509 2752 decernendum,
551 2703 679 2740 cum
714 2687 785 2740 ad
816 2704 916 2740 nos
959 2686 1204 2739 relatum
1236 2685 1430 2751 fuerit,
1460 2690 1674 2745 nostra,
1712 2690 1772 2737 ut

56 2776 353 2839 condecet,
389 2792 617 2828 necesse
648 2782 733 2828 est
758 2775 1098 2828 auctoritate
1128 2772 1411 2827 firmetur.

2 2884 3 2887 η
56 2864 180 2917 CAP.
217 2864 423 2917 CLXII.
460 2892 533 2904 —
572 2865 650 2915 De
682 2866 930 2931 episcopo
960 2863 1238 2929 incutpato
1267 2864 1364 2930 qui
1401 2861 1476 2914 ad
1503 2861 1768 2929 synodum

474 2939 694 2987 vocatus
720 2937 901 2986 venire
940 2938 1350 3000 contempserat.

126 3024 226 3093 (De
270 3023 480 3090 synodo
536 3022 687 3089 apud
732 3023 975 3076 Attheim
1026 3021 1219 3074 habita
1264 3037 1385 3089 cap.
1438 3022 1544 3089 10).
1598 3020 1765 3074 Rich-

2 3154 3 3165 ς
57 3113 267 3165 winum
325 3111 664 3180 episcopum
705 3110 804 3180 qui
850 3115 1048 3161 contra
1098 3113 1425 3161 sanctorum
1479 3125 1762 3162 canonum

0 3262 3 3273 ἱ
58 3202 386 3255 sanctiones
417 3199 925 3267 Strazburgensem
966 3197 1273 3250 Ecclesiam
1320 3197 1546 3262 invasit,
1592 3214 1761 3267 quem

60 3291 122 3342 ad
178 3295 441 3342 sanctam
493 3286 775 3357 synodum
828 3302 931 3355 per
960 3286 1176 3339 litteras
1218 3290 1443 3338 nostras
1491 3286 1763 3339 invitavi-

57 3394 199 3441 mus,
270 3383 329 3429 et
401 3376 594 3428 venire
633 3380 1031 3439 contemnens,
1087 3390 1190 3427 nec
1249 3374 1524 3427 vicarium
1596 3390 1763 3427 suum

0 3510 1 3513 η
58 3466 224 3529 misit,
258 3464 601 3517 auctoritate
634 3463 831 3515 sancti.
869 3462 1045 3527 Petri,
1064 3464 1189 3530 ’ego
1221 3463 1472 3515 Joannes
1520 3461 1764 3514 vicarius

0 3598 1 3603 η
56 3553 375 3623 apostolici,
410 3568 475 3605 ex
508 3556 796 3620 praecepto
836 3556 1045 3603 sanctae
1100 3549 1396 3619 prtesentis
1436 3549 1638 3619 synodi
1668 3549 1762 3601 in-

49 3641 346 3711 juugendo
400 3656 671 3693 vocamus
716 3640 947 3702 iterum,
980 3644 1037 3691 et
1076 3638 1445 3707 prmcipimus
1479 3644 1762 3707 quatenus

0 3800 1 3805 η
55 3732 120 3783 ad
178 3729 512 3794 concilium,
572 3728 629 3781 id
685 3732 788 3793 est,
850 3726 972 3797 May
1028 3726 1336 3795 Moguntias
1395 3725 1672 3779 indictum
1730 3742 1763 3777 a

0 3880 1 3887 κ
56 3820 507 3889 metropolitano
556 3816 828 3886 episcopo
860 3832 983 3881 suo,
1018 3816 1088 3869 ad
1120 3814 1488 3885 prmsentiam
1521 3830 1761 3867 venere-

53 3908 177 3961 bilis
236 3906 500 3975 Herigeri
553 3903 967 3973 archiepiscopi
1015 3908 1073 3957 et
1123 3904 1474 3956 confratrum
1525 3917 1759 3955 suorum

0 4050 1 4055 η
51 3997 259 4063 veniat,
328 4011 449 4048 suae
508 3993 918 4047 inobedieutias
981 3996 1039 4045 et
1093 3992 1482 4061 perversitatis
1546 3991 1758 4044 ibidem

44 4086 255 4154 justam
291 4083 575 4137 rationem
628 4081 972 4135 redditurus.
1026 4080 1125 4135 Sin
1165 4085 1358 4133 autem
1407 4080 1763 4150 negligenter

50 4174 232 4227 ethoc
276 4188 453 4242 agere
502 4170 952 4241 parvipenderit,
1009 4168 1298 4223 abstineat
1343 4184 1400 4221 se
1448 4184 1482 4221 a
1529 4168 1762 4238 proprio

48 4263 249 4330 gradu,
280 4262 488 4321 donec,
522 4261 763 4312 Romam
796 4258 1052 4322 veniens,
1099 4274 1292 4311 coram
1338 4256 1571 4310 domino
1612 4273 1758 4327 papa

50 4354 101 4401 et
132 4353 329 4402 sancta
373 4346 615 4401 Ecclesia
643 4345 839 4397 reddat
864 4344 1165 4398 rationem.

0 4420 1 4489 Ῐ
50 4438 171 4490 CAP.
231 4436 463 4491 CLXIII.
522 4463 595 4475 —
650 4434 755 4499 Qui
808 4435 1072 4501 primates
1123 4436 1255 4499 sint,
1313 4434 1411 4502 qui
1447 4433 1756 4501 metropoli-

836 4506 973 4557 tani.

119 4597 227 4665 (Ea:
277 4610 401 4661 cap.
448 4593 635 4647 concil.
680 4594 884 4656 Niceni,
937 4608 1056 4661 qua
1102 4591 1297 4645 addita
1340 4596 1465 4646 sunt
1506 4608 1541 4645 a
1582 4592 1759 4644 Felice

48 4690 235 4752 papa).
274 4682 555 4737 Primates
602 4680 687 4733 illi
736 4686 793 4733 et
838 4696 950 4733 non
1006 4680 1101 4733 alii
1152 4680 1281 4744 sint,
1332 4696 1505 4749 quam
1555 4680 1655 4750 qui
1698 4680 1755 4732 in

55 4774 279 4825 Nicena
366 4770 587 4841 synodo
672 4772 807 4822 sunt
891 4769 1208 4822 constituti.
1297 4768 1525 4838 Reliqui
1600 4785 1752 4829 vero,

52 4860 145 4929 qui
177 4858 526 4926 metropoles
568 4861 771 4911 tenent
801 4856 988 4923 sedes,
1022 4855 1438 4926 archiepiscopi
1481 4862 1758 4909 vocantur

52 4956 105 5001 et
134 4964 253 5001 non
297 4947 577 5017 primates
606 4962 618 4999 :
655 4946 811 4998 salva
843 4944 900 4999 iu
931 4945 1199 4998 omnibus
1245 4944 1573 5013 apostolica}
1608 4944 1756 4999 sedis

52 5034 354 5102 dignitate,
410 5048 536 5099 qua:
585 5031 637 5084 ei
689 5031 760 5085 ab
792 5031 917 5100 ipso
974 5032 1214 5085 Domino
1263 5037 1346 5084 est
1384 5047 1671 5095 concessa,
1702 5036 1757 5083 et

50 5128 242 5191 postea
268 5139 299 5172 ει
329 5120 539 5173 sanctis
571 5120 831 5173 Patribus
858 5120 1147 5173 roborata.

54 5211 176 5263 CAP.
236 5209 457 5262 (ZLXIV.
501 5207 749 5273 —0uod
792 5208 1045 5275 neganda
1090 5211 1166 5261 sit
1214 5210 1482 5262 accusatis
1538 5209 1757 5260 licentia

121 5281 457 5334 criminandi
503 5282 826 5346 priusquam
856 5295 909 5331 se
956 5282 1181 5332 crimine
1214 5283 1481 5337 exuerint.
1518 5285 1565 5331 et
1594 5280 1754 5343 fami-

120 5354 351 5403 liaribus
402 5356 561 5415 atque
611 5355 799 5417 sponte
828 5352 1107 5413 confessis,
1142 5356 1191 5403 et
1233 5352 1330 5418 qui
1360 5352 1603 5405 hesterno
1646 5350 1753 5412 die,

119 5428 213 5474 aut
243 5422 520 5490 perendie,
544 5427 641 5474 aut
670 5426 794 5473 ante
823 5423 1048 5485 fuerunt
1078 5423 1313 5475 inimici.

121 5511 227 5575 (Eae
256 5510 408 5565 decr.
449 5510 719 5576 Stephani
757 5524 919 5577 papae
956 5510 1201 5563 omnibus
1240 5511 1503 5577 episcopis
1550 5510 1753 5571 missis,

55 5614 170 5669 cap.
230 5600 339 5668 It).
395 5600 460 5653 Et
507 5598 771 5668 neganda
819 5602 905 5652 est
961 5598 1236 5652 accusatis
1289 5597 1521 5652 licentia
1564 5596 1755 5651 crimi-

1800 3041 1840 3095 C

1786 4324 1827 4376 Ι)

1889 561 2041 616 rint:
2092 561 2230 633 quia
2273 577 2387 615 non
2435 566 2521 614 est
2562 561 2913 614 credendum
2964 567 3161 615 contra
3200 563 3343 616 alios
3392 578 3594 616 eorum

1890 649 2236 704 confessioni
2282 649 2381 719 qui
2444 649 2781 703 criminibus
2841 649 3116 721 implicati
3164 656 3317 716 sunt,
3363 651 3473 704 nisi
3529 667 3592 706 se

1889 740 2049 808 prius
2110 738 2485 809 probaverint
2536 738 2872 792 innocentes
2936 740 3211 809 quoniam
3268 740 3593 809 periculosa

1889 832 1975 882 est
2028 833 2084 882 et
2123 828 2344 882 admitti
2392 844 2506 881 non
2556 827 2725 881 debet
2765 828 2846 881 rei
2894 828 3163 881 adversus
3209 843 3592 898 quaecumque

1887 916 2184 987 professio.
2223 916 2548 970 Familiares
2592 932 2727 968 vero
2768 920 2822 969 et
2874 922 3075 986 sponte
3106 917 3368 983 confessi,
3419 925 3592 987 atque

1888 1004 2197 1058 sceleribus
2271 1002 2500 1069 irretiti,
2574 1020 2691 1056 non
2765 1003 2975 1057 debent
3032 1004 3279 1070 admitti,
3357 1021 3460 1058 nec
3532 1004 3591 1059 hi

1887 1094 1986 1165 qui
2016 1094 2281 1148 hesterna
2311 1092 2424 1160 die,
2454 1096 2553 1146 aut
2580 1093 2875 1163 perendie,
2907 1099 3007 1146 aut
3048 1100 3179 1147 ante
3205 1094 3440 1146 fuerunt
3470 1094 3588 1148 ini-

1889 1184 2043 1236 mici.

1890 1271 2017 1325 CAP.
2070 1272 2259 1326 CLXV.
2293 1300 2361 1311 —
2403 1269 2483 1323 De
2525 1271 2996 1323 criminationibus
3042 1271 3303 1324 adversus
3349 1271 3589 1326 doctores

2082 1358 2190 1397 non
2217 1340 2599 1411 suscipiendis,
2640 1347 2688 1395 et
2718 1342 2782 1395 de
2807 1344 3111 1411 peregrinis
3134 1342 3388 1410 judiciis.

1960 1448 2205 1518 (Eusebii
2249 1463 2381 1516 pap.
2433 1462 2551 1515 cap.
2623 1447 2725 1513 17.)
2758 1448 2819 1500 Et
2875 1447 3006 1501 licet
3052 1447 3173 1501 haec
3219 1447 3444 1517 possint
3487 1463 3584 1518 ge-

1888 1537 2161 1592 neraliter
2217 1536 2368 1589 dicta
2416 1535 2696 1600 sufficere,
2750 1540 2814 1587 ut
2862 1535 2949 1588 vel
3002 1535 3354 1590 declinemus
3401 1541 3588 1589 errata

1888 1627 1974 1680 vel
2028 1624 2416 1679 custodiamus
2466 1622 2777 1676 catholica:
2819 1623 2889 1675 ab
2924 1623 3195 1693 apostolis
3249 1629 3441 1676 tamen
3487 1640 3585 1677 eo-

1886 1730 2133 1785 rumque
2166 1712 2580 1766 successoribas
2637 1711 2902 1764 novimus
2959 1714 3355 1773 constitutum,
3400 1712 3588 1765 crimi-

1888 1802 2149 1856 nationes
2198 1801 2467 1855 adversas
2497 1801 2757 1853 doctores
2803 1817 2915 1853 non
2966 1800 3175 1854 debere
3214 1800 3428 1871 suscipi
3482 1817 3586 1854 nec

1885 1891 2191 1960 peregrina
2253 1889 2472 1958 judicia
2512 1889 2657 1950 fieri,
2712 1905 2898 1958 neque
2951 1905 3303 1959 quemquam
3354 1890 3586 1943 alterius

1876 1980 2088 2050 judicis
2118 1995 2291 2048 quam
2323 1979 2412 2031 sui
2442 1978 2725 2030 sententia
2754 1978 2961 2029 debere
2988 1978 3323 2047 constringi,

1884 2087 2013 2142 CAP.
2065 2085 2285 2140 CLXVI.
2344 2114 2413 2123 —
2474 2086 2541 2137 Ut
2589 2083 2853 2136 adversus
2901 2083 3166 2136 doctorem
3221 2086 3585 2139 accusationes

2495 2170 2644 2207 nemo
2692 2157 2976 2221 suscipiat.

1954 2247 2062 2315 (Em
2092 2246 2281 2299 concil.
2337 2244 2606 2313 Spalensi,
2650 2259 2769 2311 cap.
2815 2246 2890 2306 3.)
2938 2242 3336 2296 Accusationes
3383 2243 3583 2296 adver-

1881 2352 1976 2388 sus
2007 2335 2296 2388 doctorem
2345 2348 2515 2385 nemo
2548 2332 2855 2401 suscipiat:
2902 2332 3036 2401 quia
3086 2348 3201 2384 non
3250 2336 3437 2401 potest
3483 2332 3587 2385 hu-

1880 2442 2054 2479 mano
2084 2422 2454 2477 condemnari
2496 2422 2778 2487 examine,
2822 2438 2993 2492 quem
3034 2422 3179 2474 Deus
3221 2437 3323 2475 suo
3366 2420 3584 2491 judicio

1880 2513 2211 2569 reservavit.

1880 2621 2009 2675 CAP.
2046 2618 2337 2674 CLXXVII.
2379 2647 2448 2658 —
2482 2619 2547 2671 Ut
2577 2633 2727 2670 nemo
2771 2620 3081 2685 episcopum
3124 2616 3276 2686 apud
3303 2616 3586 2670 saeculares

2615 2693 2842 2741 accuset.

1952 2780 2070 2841 (Ea:
2100 2779 2257 2845 epist.
2313 2778 2501 2829 Felicis
2534 2791 2691 2843 papa
2747 2778 3122 2842 Egyptiorum
3154 2777 3419 2843 episcopis
3452 2777 3583 2829 mis-

1906 2882 1987 2931 sa,
2022 2882 2140 2934 cap.
2178 2866 2255 2934 t.)
2293 2866 2359 2919 Ut
2382 2880 2551 2916 nemo
2578 2865 2907 2933 episcopum
2956 2880 3131 2932 penes
3162 2864 3462 2916 saeculares
3492 2879 3579 2915 ar-

1880 2955 2056 3008 bitros
2087 2958 2331 3019 accuset,
2363 2953 2458 3005 sed
2492 2953 2640 3021 apud
2674 2968 2927 3004 summos
2954 2950 3246 3019 primates.

1878 3062 2005 3116 CAP.
2051 3061 2318 3116 CLXVIII.
2357 3090 2425 3098 —
2464 3063 2537 3113 De
2578 3060 2843 3125 episcopis
2895 3061 2952 3111 in
2991 3058 3266 3125 judicium
3325 3058 3581 3111 swcularc

2514 3146 2618 3183 non
2648 3130 2924 3181 cocamtis.

1947 3221 2054 3290 (Ea:
2112 3220 2321 3287 epistol.
2380 3220 2654 3283 Boni/acii
2712 3233 2870 3285 papa
2913 3217 2987 3269 ad
3056 3219 3288 3285 episcop.
3336 3216 3575 3284 Galliae).

1875 3307 2073 3361 Nullus
2126 3305 2445 3374 episcopus,
2498 3321 2685 3374 neque
2734 3321 2834 3371 pro
2874 3304 3048 3363 civili,
3085 3320 3268 3373 neque.
3315 3320 3417 3373 pro
3466 3304 3578 3357 cri-

1874 3394 2073 3449 minali
2127 3410 2315 3457 causa,
2375 3395 2527 3463 apud
2585 3392 2846 3461 quamvis
2891 3393 3143 3458 judicem
3193 3392 3306 3444 sive
3351 3391 3577 3445 civilem

1872 3484 1988 3536 sive
2045 3482 2357 3536 militarem
2441 3482 2789 3550 producatur
2841 3483 2926 3533 vel
2981 3481 3334 3534 exhibeatur.
3412 3480 3579 3549 Magi-

1872 3578 2081 3625 stratus
2112 3572 2264 3623 enim
2298 3570 2396 3640 qui
2428 3570 2536 3623 hoc
2576 3570 2782 3639 jubere
2816 3586 2987 3622 ausus
3036 3570 3228 3634 fuerit,
3271 3568 3576 3621 amissione

1870 3660 2082 3729 cinguli
2115 3659 2594 3712 condemnatione
2623 3658 2922 3725 plectatur.

1872 3767 2000 3819 CAP.
2056 3764 2271 3819 CLXIX.
2326 3793 2399 3803 —
2452 3765 2518 3817 Ut
2565 3778 2674 3845 non
2718 3768 2997 3845 accusetur
3044 3765 3324 3830 episcopus
3372 3778 3405 3815 a
3460 3764 3573 3815 cri-

2597 3849 2841 3887 "NIIOSIS.

1943 3927 2054 3991 (Ea:
2084 3925 2295 3992 epistol.
2326 3923 2519 3977 Felicis
2563 3939 2721 3991 papa:
2754 3922 3087 3990 supradictis
3128 3924 3393 3989 episcopis
3440 3924 3572 3975 mis-

1869 4029 1953 4077 sa,
2000 4030 2126 4081 cap.
2176 4012 2285 4079 18).
2337 4012 2572 4074 Quoties
2616 4012 2915 4079 episcopus
2970 4026 3143 4078 super
3190 4010 3359 4061 certis
3402 4026 3574 4062 accu—

1871 4105 2028 4153 satur
2084 4098 2442 4163 criminibus,
2502 4098 2549 4150 si
2596 4100 2737 4150 tales
2792 4097 3005 4150 fuerint
3062 4103 3418 4150 accusatores
3472 4097 3574 4166 qui

1866 4189 2018 4257 juste
2069 4192 2127 4240 et
2167 4186 2437 4240 canonice
2491 4186 2668 4254 recipi
2722 4186 2988 4250 debeant,
3051 4185 3265 4255 synodo
3317 4186 3574 4250 legitima

1871 4276 1929 4329 in
1976 4292 2077 4329 suo
2125 4281 2389 4345 tempore
2448 4282 2816 4340 congregata,
2871 4274 2939 4327 ah
2987 4275 3253 4327 omnibus
3302 4274 3571 4327 canonice

1867 4364 2135 4417 audiatur
2182 4365 2283 4434 qui
2331 4368 2462 4417 sunt
2514 4364 2572 4416 in
2624 4362 2913 4433 provincia
2965 4363 3266 4429 episcopis.
3318 4363 3481 4425 Quod
3526 4362 3572 4415 si

1869 4452 2112 4521 legitimi
2144 4468 2261 4505 non
2300 4452 2515 4505 fuerint
2562 4456 2935 4508 accusatores,
2970 4466 3083 4501 non
3132 4451 3402 4519 fatigetur
3442 4450 3571 4520 epi-

1869 4556 2111 4609 scopus:
2175 4539 2312 4610 quia
2366 4539 2686 4592 sacerdotes
2745 4539 2807 4590 ad
2877 4538 3312 4590 sacrificandum
3379 4541 3571 4591 vocari

1868 4628 2101 4695 debent,
2135 4644 2249 4680 non
2297 4627 2367 4679 ad
2415 4626 2787 4693 litigandum:
2828 4642 2931 4677 nec
2967 4626 3046 4677 illi
3082 4626 3178 4694 qui
3230 4626 3424 4678 throni
3472 4626 3570 4680 Dei

1865 4722 2160 4779 vocantur,
2195 4730 2496 4785 pravorum
2520 4714 2819 4766 hominum
2843 4713 3067 4767 insidiis
3094 4714 3305 4767 debent
3326 4715 3564 4779 turbari,

1866 4805 1964 4858 sed
1995 4804 2172 4857 libere
2202 4803 2424 4857 Christo
2457 4801 2739 4855 famulari.

1868 4910 1994 4964 CAP.
2054 4910 2241 4964 CLXX.
2290 4939 2357 4947 —
2410 4909 2561 4973 Quod
2609 4909 2791 4960 nullus
2854 4911 3134 4975 episcopus
3191 4913 3351 4962 extra
3414 4924 3569 4963 suam

2182 4982 2521 5047 provinciam
2558 4980 2632 5031 ad
2662 4980 2936 5046 judicium
2969 4983 3245 5033 incitetur.

1937 5070 2045 5139 (Ea:
2077 5069 2269 5122 decret.
2304 5067 2444 5121 Julii
2470 5085 2649 5135 papae,
2684 5070 2970 5123 Orientali.
3005 5071 3166 5136 episc.
3200 5070 3401 5132 missis,
3443 5084 3565 5137 cap.

1870 5158 1979 5225 18.)
2027 5158 2227 5211 Nullus
2258 5158 2559 5226 episcopus
2594 5160 2749 5211 extra
2790 5174 2950 5210 suam
2983 5158 3334 5226 provinciam
3370 5159 3439 5211 ad
3467 5158 3569 5225 ju-

1867 5247 2079 5300 dicium
2113 5247 2455 5301 devocetur:
2514 5246 2633 5309 sed,
2688 5254 2886 5300 vocato
2926 5264 2993 5299 eo
3043 5246 3315 5299 canonice
3362 5246 3567 5299 inloco

1866 5352 2141 5405 congruo,
2172 5342 2432 5405 tempore
2464 5336 2745 5406 synodali,
2799 5337 2868 5388 ab
2904 5336 3171 5388 omnibus
3200 5334 3567 5400 comprovin—

1867 5424 2107 5479 cialibus
2157 5424 2439 5495 episcopis
2469 5425 2772 5478 audiatur:
2823 5424 2954 5491 quin
3004 5422 3343 5475 concordem
3395 5438 3569 5490 super

1868 5528 1999 5566 eum
2072 5513 2525 5581 canonicamque
2580 5512 2791 5565 debent
2846 5510 3103 5578 proferre
3182 5508 3563 5562 sententiam:

1866 5602 2022 5671 quia,
2081 5602 2127 5655 si
2180 5602 2286 5656 hoc
2326 5600 2665 5661 minoribus,
2726 5606 2844 5653 tam
2898 5596 3118 5651 clericis
3176 5611 3350 5667 quam
3408 5598 3569 5655 laici:
