3950 6416
356 345 461 397 599

1435 341 1837 397 BUBCHABDI
1875 341 2403 398 WORMACIENSIS
2439 340 2777 398 EPISCOPI.

3790 347 3888 396 600

353 477 687 516 concessum
737 465 842 527 est,
887 465 1104 532 quanto
1158 462 1341 532 magis
1387 463 1456 516 de
1502 463 1783 534 episcopis
1827 479 2052 518 servare
2081 467 2125 518 Α
2165 465 2323 518 omni
2356 464 2571 518 mundo
2601 464 2840 518 infamia
2871 469 3159 519 notantur.
3193 466 3471 522 Similiter
3499 472 3558 522 et
3588 469 3885 522 iucestuo-

352 549 664 604 convenit?
703 551 843 604 Nam
871 549 917 602 si
947 549 1069 620 ipse
1135 550 1644 619 metropolitanum
1695 556 1793 605 aut
1832 551 2057 622 judices

354 642 645 706 suspectos
675 635 956 698 habuerit,
1009 639 1114 688 aut
1161 636 1393 689 infestos
1441 636 1702 704 senserit,
1741 639 1895 709 apud
1945 639 2059 708 pri-

353 731 575 779 matum
606 726 934 791 dimceseos,
983 730 1082 778 aut
1117 726 1267 796 apud
1318 727 1593 778 Romanm
1639 726 1788 780 sedis
1829 727 2059 796 pontiﬁ-

355 831 477 868 cem
499 814 809 884 judicetur.

357 918 487 972 CAP.
537 917 756 972 CLXXI.
808 945 876 957 —
920 917 1001 970 De
1046 915 1452 970 accusatoribus
1496 921 1546 969 et
1592 915 1813 970 testibus
1855 919 2060 986 episco-

1097 1003 1310 1055 porum.

430 1075 539 1144 (Ea:
568 1075 712 1130 decr.
757 1075 943 1130 Calist.
979 1090 1138 1143 papa:
1184 1077 1449 1143 episcopis
1501 1089 1598 1142 per
1651 1074 1888 1130 Galliam
1936 1091 2060 1131 con-

387 1167 618 1228 stitutis,
650 1179 769 1233 cap.
809 1164 911 1233 l7).
943 1163 1154 1218 Omnes
1183 1177 1320 1231 ergo
1343 1161 1522 1232 quiin
1553 1167 1710 1215 recta
1739 1162 1852 1215 ﬁde
1871 1178 2063 1232 suspe-

360 1253 433 1306 cti
465 1257 618 1318 sunt,
650 1252 711 1304 in
761 1251 1180 1305 accusationem
1227 1250 1609 1314 sacerdotum,
1650 1255 1706 1302 et
1731 1265 1931 1303 eorum
1962 1267 2061 1303 su-

361 1357 464 1412 per
494 1357 739 1411 quorum
772 1340 883 1393 tide
916 1355 1032 1393 non
1061 1339 1380 1406 haesitatur,
1416 1337 1658 1390 minime
1688 1338 2060 1407 recipiantur,

363 1435 418 1483 et
463 1430 522 1482 in
570 1429 902 1482 testimonio
961 1427 1121 1482 dubii
1186 1427 1525 1480 habeantur.
1592 1426 1878 1480 Inﬁrmari
1922 1443 2062 1498 ergo

361 1521 586 1587 oportet
637 1533 836 1570 eorum
898 1533 1093 1570 vocem
1153 1516 1223 1569 de
1278 1531 1524 1585 quorum
1585 1515 1697 1568 ﬁde
1745 1515 2059 1580 dubitatur,

365 1623 467 1660 nec
505 1606 586 1659 eis
625 1606 862 1660 omnino
917 1612 1004 1660 est
1061 1605 1407 1658 credendum
1465 1603 1564 1673 qui
1620 1608 1833 1658 rectam
1887 1603 2063 1658 ﬁdem

362 1696 650 1766 ignorant.
685 1695 1072 1759 Quaerendum
1101 1709 1238 1764 ergo
1293 1693 1467 1746 estin
1512 1692 1730 1761 judicio
1783 1692 1945 1762 cujus
1993 1693 2063 1744 sit

363 1783 806 1836 conversationis
853 1797 916 1836 ac
943 1781 1078 1836 ﬁdei
1118 1781 1166 1834 is
1204 1780 1305 1851 qui
1350 1785 1596 1847 accusat,
1646 1784 1702 1833 et
1746 1779 1796 1832 is
1827 1779 1926 1850 qui
1965 1795 2063 1833 ac-

363 1874 614 1935 cusatur,
657 1869 932 1939 quoniam
963 1868 1022 1922 hi
1075 1869 1176 1940 qui
1220 1883 1337 1921 non
1378 1873 1512 1921 sunt
1562 1872 1729 1920 rectae
1773 1882 2064 1920 conversa-

364 1957 536 2011 tionis
571 1974 634 2011 ac
663 1958 818 2024 ﬁdei,
851 1962 908 2010 et
947 1972 1196 2028 quorum
1245 1956 1360 2008 vita
1399 1961 1484 2008 est
1539 1955 1894 2020 accusabilis,
1949 1971 2066 2008 non

366 2044 736 2116 permittendi
792 2048 928 2097 sunt
975 2060 1072 2097 eos
1111 2058 1414 2096 accusare:
1479 2045 1535 2094 et
1590 2056 1841 2112 quorum
1902 2042 2064 2104 ﬁdes,

366 2133 500 2199 vita,
534 2138 592 2186 et
619 2133 856 2186 libertas
884 2131 1158 2197 nescitur,
1204 2133 1262 2183 et
1302 2129 1440 2182 viles
1467 2144 1732 2197 persona:
1777 2129 1837 2182 in
1867 2145 2069 2182 eorum

366 2237 485 2275 non
533 2220 886 2290 recipiantur
933 2218 1369 2272 accusationem.
1407 2217 1705 2271 Rimandas
1753 2233 1887 2270 vero
1932 2223 2068 2271 sunt

371 2313 767 2364 accusatorum
799 2307 1144 2361 enucleatim
1192 2321 1478 2375 personae,
1513 2321 1642 2376 quae
1692 2305 1815 2359 sine
1860 2306 2070 2376 scripto

369 2396 622 2462 difﬁcile,
655 2411 759 2466 per
789 2395 1068 2464 scriptum
1114 2399 1308 2448 autem
1340 2409 1640 2464 nunquam
1673 2393 2068 2464 recipiantur:

371 2483 509 2554 quia
547 2499 651 2553 per
683 2482 1028 2552 scripturam
1061 2483 1253 2536 nullus
1284 2483 1536 2536 accusari
1560 2488 1748 2552 potest
1773 2497 1787 2536 :
1814 2482 1911 2536 sed
1944 2498 2072 2551 pro-

371 2570 500 2642 pria
531 2587 683 2635 voce,
722 2575 776 2624 et
821 2576 1106 2642 praesente
1155 2587 1222 2624 eo
1279 2587 1450 2640 quem
1495 2585 1758 2624 accusare
1801 2569 2069 2630 voluerit,

373 2676 536 2714 suam
586 2659 829 2730 quisque
879 2664 1012 2729 agat
1070 2659 1508 2724 accusationem,
1555 2674 1678 2721 nec,
1727 2658 1958 2711 absente
2005 2673 2072 2710 eo

374 2764 546 2818 quem
581 2763 845 2802 accusare
885 2748 1145 2814 voluerit,
1194 2748 1499 2818 quisquam
1542 2753 1835 2800 accusator
1875 2745 2072 2799 creda-

373 2842 486 2889 tur.
543 2835 817 2890 Similiter
866 2841 1040 2889 testes
1092 2851 1196 2906 per
1249 2851 1673 2905 quamcumque
1727 2833 2071 2904 scripturam

375 2925 769 2978 testimonium
803 2940 918 2977 non
967 2923 1179 2988 dicant,
1210 2940 1315 2977 nec
1363 2924 1434 2976 de
1482 2923 1608 2976 aliis
1647 2922 1832 2975 causis
1860 2922 1947 2974 vel
1980 2937 2075 2974 ne-

2169 569 2280 617 sos,
2311 553 2647 618 homicidas,
2680 554 2962 623 perjuros,
3014 561 3290 623 raptores,
3341 557 3658 622 maleﬁcos,
3715 573 3888 610 vene-

2168 641 2330 708 ﬁcos,
2354 641 2665 702 adulteros,
2694 642 2764 696 de
2786 642 2952 695 bellis
2973 643 3278 712 fugientes,
3302 651 3358 697 et
3383 645 3482 714 qui
3504 645 3756 715 indigna
3784 646 3890 698 sibi

2169 735 2373 800 petunt
2407 731 2528 783 loca
2556 736 2772 797 tenere,
2808 735 2906 784 aut
2925 731 3219 785 facultates
3251 733 3509 786 Ecclesiae
3532 734 3891 787 abstrahunt

2170 817 2400 887 injuste,
2457 824 2514 871 et
2567 817 2666 888 qui
2708 819 2910 872 fratres
2956 821 3386 874 calumniantur
3441 827 3541 874 aut
3578 826 3889 885 accusant,

2171 911 2362 959 etnon
2394 907 2638 976 probant
2665 925 2675 960 :
2711 908 2792 957 vel
2828 908 3144 976 quicontra
3162 909 3497 964 innocentes
3519 910 3893 980 principium

2171 995 2396 1049 animos
2426 995 2498 1048 ad
2538 995 2893 1050 iracundiam
2930 1003 3256 1066 provocant,
3291 1003 3349 1052 et
3388 1015 3588 1052 omnes
3636 1000 3893 1052 anathe-

2173 1083 2490 1151 matizatos,
2549 1084 2634 1136 vel
2689 1099 2795 1153 pro
2844 1085 2960 1140 suis
2990 1086 3299 1139 sceleribus
3353 1088 3424 1139 ab
3480 1087 3738 1141 Ecclesia
3806 1103 3897 1139 ex-

2172 1171 2386 1241 pulsos,
2415 1177 2472 1224 et
2496 1187 2696 1224 omnes
2741 1188 2886 1241 quos
2939 1173 3334 1228 ecclesiasticae
3364 1175 3452 1229 vel
3492 1174 3694 1228 saeculi
3727 1175 3895 1242 leges

2172 1260 2414 1313 infames
2465 1260 2881 1330 pronuntiant:
2941 1277 3044 1314 nec
3103 1278 3296 1316 servos
3355 1268 3485 1317 ante
3550 1263 3891 1334 legitimam

2171 1347 2516 1413 libertatem,
2578 1365 2682 1402 nec
2718 1349 3080 1420 poenitentes,
3132 1367 3236 1404 nec
3286 1351 3564 1420 digamos,
3622 1369 3737 1405 nec
3793 1369 3893 1404 eos

2173 1437 2272 1508 qui
2301 1437 2474 1490 curize
2503 1437 2849 1505 deserviunt,
2904 1439 2989 1494 vel
3019 1439 3121 1509 qui
3153 1455 3270 1492 non
3326 1445 3459 1494 sunt
3510 1441 3732 1510 integri
3769 1457 3896 1493 cor-

2172 1542 2330 1595 pore,
2359 1530 2460 1578 aut
2487 1540 2681 1578 sanam
2706 1541 2818 1579 non
2852 1525 3065 1579 habent
3096 1532 3347 1580 mentem
3373 1529 3462 1581 vel
3489 1529 3890 1592 intellectum,

2173 1619 2272 1666 aut
2331 1612 2725 1666 inobedientes
2792 1619 3115 1666 sanctorum
3168 1615 3408 1668 decretis
3467 1617 3752 1670 existunt.
3821 1618 3892 1672 Hi

2177 1717 2376 1756 omnes
2407 1716 2511 1753 nec
2538 1701 2605 1753 ad
2635 1717 2819 1754 sacros
2849 1703 3061 1772 gradus
3092 1703 3298 1756 debent
3330 1704 3592 1774 provehi,
3627 1721 3741 1758 nec
3772 1705 3892 1770 isti,

2175 1806 2280 1844 nec
2310 1789 2518 1851 liberti,
2566 1805 2755 1860 neque
2800 1791 3066 1860 suspecti,
3100 1806 3290 1861 neque
3330 1797 3539 1846 rectam
3573 1791 3764 1847 ﬁdem
3805 1795 3894 1846 vel

2173 1878 2408 1947 dignam
2440 1877 2931 1932 conversationem
2980 1895 3100 1933 non
3146 1879 3445 1948 habentes,
3491 1897 3769 1935 summos
3803 1899 3896 1934 sa-

2174 1967 2429 2020 cerdotes
2457 1971 2698 2036 possunt
2727 1983 3010 2022 accusare.

2175 2054 2303 2108 Car.
2374 2055 2636 2110 CLXXIV.
2706 2084 2774 2096 —
2843 2058 2916 2108 De
2980 2059 3226 2126 episcopo
3287 2063 3560 2125 accusata,
3615 2063 3670 2113 et
3729 2076 3896 2114 accu-

2492 2143 2765 2197 satoribus
2795 2145 3141 2213 recipiendis,
3173 2151 3224 2199 et
3263 2151 3556 2202 vocatione.

2249 2233 2353 2298 (Ea:
2396 2232 2540 2285 decr.
2592 2233 2782 2286 Felicis
2820 2249 2978 2302 papae
3027 2237 3290 2304 episcopis
3333 2251 3432 2304 per
3475 2236 3724 2292 Galliam
3777 2252 3901 2289 con-

2175 2321 2382 2373 stitutis
2414 2323 2616 2385 missis,
2639 2337 2761 2390 cap.
2799 2324 2875 2386 9.)
2912 2321 2968 2374 Si
3009 2322 3138 2391 quis
3187 2324 3491 2394 episcopus
3536 2324 3610 2377 ab
3639 2325 3763 2377 illis
3818 2341 3902 2376 ac-

2177 2409 2530 2464 cusatoribus
2590 2411 2691 2480 qui
2748 2411 3064 2481 recipiendi
3137 2419 3270 2466 sunt
3320 2413 3494 2466 fuerit
3564 2419 3897 2478 accusatus,

2179 2503 2484 2567 postquam
2533 2497 2654 2568 ipse
2702 2499 2774 2552 ab
2804 2499 2886 2551 eis
2933 2499 3270 2554 charitative
3318 2506 3637 2555 conventus
3695 2502 3895 2567 fuerit,

2180 2590 2244 2639 ut
2289 2586 2472 2656 ipsam
2512 2603 2740 2641 causam
2773 2587 3060 2653 emendet,
3094 2595 3150 2641 et
3195 2605 3320 2642 eam
3369 2589 3663 2660 corrigere
3697 2591 3899 2644 nolue-

2179 2673 2274 2734 rit,
2309 2689 2426 2726 non
2460 2674 2619 2740 olim,
2666 2675 2759 2728 sed
2801 2681 2937 2729 tunc
2967 2676 3034 2729 ad
3082 2692 3336 2730 summos
3392 2677 3672 2746 primates
3724 2695 3898 2731 causa

2183 2761 2308 2832 ejus
2356 2762 2626 2816 canonice
2682 2762 2989 2817 deferatur.
3038 2765 3146 2828 Qui
3181 2765 3239 2817 in
3269 2781 3525 2836 congruo
3576 2767 3712 2820 loco
3745 2766 3898 2820 infra

2184 2850 2366 2920 ipsam
2416 2850 2768 2920 provinciam
2827 2858 3085 2922 tempore
3145 2867 3420 2922 congruo,
3470 2853 3528 2906 id
3589 2860 3682 2906 est
3725 2860 3898 2906 autu-

2185 2939 2361 2992 mnali
2412 2940 2498 2991 vel
2547 2939 2766 3005 aestivo,
2814 2940 3122 2993 concilium
3178 2941 3518 3010 regulariter
3569 2958 3895 2996 convocare

375 3013 545 3083 gotiis
575 3012 974 3066 testimonium
1005 3012 1214 3077 dicant,
1254 3011 1361 3064 nisi
1392 3012 1461 3065 de
1494 3011 1582 3065 his
1613 3027 1742 3080 qua:
1783 3010 1889 3100 sub
1922 3026 2068 3080 prm-
2104 3021 2144 3076 (ζ
2183 3026 2492 3091 debebunt,
2554 3027 2629 3080 ita
2699 3033 2764 3081 ut
2833 3028 2904 3080 ab
2985 3029 3250 3082 omnibus
3315 3030 3576 3098 ejusdem
3654 3031 3895 3100 ριιονίη-

375 3101 554 3154 sentia
598 3117 794 3154 eorum
829 3106 951 3153 acta
983 3116 1105 3153 esse
1156 3105 1491 3155 noscuntur.
1545 3097 1899 3152 Accusatoris
1941 3114 2074 3150 vero

374 3187 787 3258 consanguinei
820 3188 1091 3240 adversus
1135 3203 1232 3240 eos
1276 3187 1675 3240 testimonium
1715 3203 1820 3240 nec
1860 3185 2072 3251 dicant,

377 3293 482 3330 nec
530 3292 728 3328 eorum
762 3275 1096 3333 familiares.
1145 3275 1230 3326 vel
1285 3275 1355 3327 de
1404 3275 1670 3328 domibus
1698 3290 1894 3326 eorum
1937 3290 2076 3344 pro-

379 3365 654 3418 deuntes:
687 3363 808 3428 sed,
850 3362 898 3415 si
938 3361 1224 3416 voluerint
1273 3369 1330 3414 et
1385 3362 1444 3414 in
1482 3361 1726 3414 invicem
1774 3377 2077 3414 consense-

381 3454 516 3518 rint,
551 3453 700 3506 inter
750 3467 810 3504 se
855 3455 1120 3522 parentes
1153 3451 1546 3516 testiﬁcentur,
1581 3456 1637 3504 et
1664 3467 1780 3503 non
1812 3450 1870 3503 in
1899 3450 2073 3504 alios:

381 3558 486 3595 nec
514 3545 870 3593 accusatores
903 3540 990 3592 vel
1023 3545 1196 3592 testes
1229 3540 1478 3608 suspecti
1523 3539 1906 3608 recipiantur:
1942 3539 2080 3609 quia

381 3629 828 3702 propinquitatis
860 3634 914 3681 et
945 3626 1351 3681 familiaritatis
1399 3645 1464 3682 ac
1509 3626 1920 3681 dominationis
1950 3627 2079 3681 affe-

378 3720 488 3774 ctio
522 3717 818 3772 veritatem
851 3717 1130 3787 impedire
1165 3717 1327 3770 solet.

732 3823 860 3878 CAP.
907 3823 1155 3878 CLXXII.
1199 3853 1265 3861 —
1301 3822 1380 3876 De
1409 3821 1593 3875 eadem
1631 3835 1713 3874 re.

448 3912 555 3980 (Ea:
584 3912 726 3965 decr.
775 3913 996 3965 Damasi
1022 3927 1200 3978 papae,
1246 3910 1518 3976 Stephano
1551 3913 1598 3961 et
1640 3909 1907 3962 universis
1954 3909 2076 3976 epi-

375 4003 549 4070 scopis
607 4002 816 4064 Africz
867 4001 1071 4061 missis,
1129 4013 1250 4065 cap.
1315 3997 1420 4063 tO.)
1478 3999 1844 4050 Accusatores
1883 4002 2077 4049 autem

377 4089 776 4160 episcoporum
807 4092 862 4139 et
891 4092 1081 4148 testes,
1132 4101 1304 4155 super
1348 4085 1558 4155 quibus
1603 4085 1908 4152 rogitastis,
1942 4084 2077 4138 abs-

376 4193 490 4248 que
520 4177 636 4229 ulla
683 4175 922 4228 infamia
961 4179 1059 4226 aut
1103 4172 1422 4243 suspicione
1468 4173 1552 4225 vel
1611 4173 1908 4225 manifesta
1955 4189 2075 4226 ma-

374 4266 523 4329 cula,
556 4270 610 4317 et
641 4279 774 4317 vera
814 4263 927 4316 ﬁde
981 4261 1229 4332 pleniter
1276 4261 1537 4314 instructi
1570 4277 1689 4313 esse
1738 4261 1943 4314 debent
1971 4277 1985 4314 :
2019 4266 2076 4314 et

368 4354 510 4407 tales
540 4352 738 4423 quales
789 4351 857 4404 ad
888 4350 1270 4404 sacerdotium
1305 4349 1517 4418 eligere
1552 4348 1746 4402 divina
1768 4348 1934 4418 jubet
1969 4367 2071 4403 au-

372 4440 623 4496 ctoritas.
659 4438 942 4504 Quoniam
989 4438 1325 4502 sacerdotes,
1384 4441 1445 4490 ut
1487 4437 1858 4507 antiquorum
1902 4438 2076 4492 tradit

372 4530 698 4596 auctoritas,
734 4528 1025 4584 criminari
1058 4543 1170 4582 non
1217 4531 1474 4597 possunt,
1507 4541 1611 4580 nec
1640 4525 1701 4579 in
1747 4542 1842 4580 eos
1871 4526 2072 4580 testiﬁ-

371 4621 486 4675 cari
519 4619 621 4690 qui
649 4619 717 4673 ad
769 4618 1038 4674 eumdem
1070 4633 1186 4670 non
1231 4616 1462 4685 debent,
1493 4631 1598 4668 nec
1640 4619 1900 4684 possunt,
1933 4631 2073 4684 pro—

371 4711 503 4764 vehi
533 4710 818 4763 honorem
832 4749 846 4762 .

532 4798 660 4852 Car.
695 4795 970 4850 CLXXIII.
998 4824 1066 4833 —
1099 4794 1230 4859 Quia
1249 4795 1360 4846 sint
1387 4794 1622 4858 infames
1649 4806 1908 4859 persona.

443 4886 547 4953 (Ea:
585 4887 742 4952 epist.
796 4883 1060 4951 Stephani
1102 4897 1260 4951 papae
1308 4880 1383 4934 ad
1433 4879 1772 4949 Hilarium.)
1826 4878 2070 4932 Infames

371 4977 565 5028 autem
605 4988 728 5025 esse
785 4987 879 5024 eas
936 4986 1211 5040 personas
1242 4969 1484 5023 dicimus
1539 4984 1668 5038 quae
1717 4983 1821 5038 pro
1878 4967 2074 5036 aliqua

369 5063 540 5132 culpa
568 5064 842 5115 notantur
861 5058 1098 5113 infamia
1123 5074 1136 5124 ;
1170 5059 1225 5112 id
1256 5063 1360 5122 est,
1387 5073 1586 5110 omnes
1605 5055 1703 5126 qui
1733 5055 2070 5111 Christiana

367 5151 511 5221 legis
540 5165 802 5203 normam
848 5148 1143 5218 abjiciunt,
1177 5151 1230 5201 et
1258 5151 1470 5200 statuta
1519 5144 1898 5198 ecclesiastica
1926 5161 2070 5198 con-

367 5243 662 5294 temnunt.
701 5237 977 5293 Similiter
1003 5238 1178 5303 fures,
1231 5235 1560 5304 sacrilegos,
1606 5237 1660 5286 et
1689 5248 1889 5286 omnes
1915 5233 2068 5302 capi-

365 5326 576 5380 talibus
604 5324 938 5379 criminibus
969 5324 1237 5388 irretitos,
1271 5323 1662 5392 sepulcrorum
1693 5337 1926 5390 quoque
1950 5321 2070 5374 vio-

367 5417 598 5478 latores,
654 5419 713 5466 et
758 5412 1154 5482 apostolorum
1200 5416 1371 5479 atque
1425 5423 1812 5461 successorum
1870 5425 2069 5462 eorum

367 5502 633 5572 religiosa
662 5506 984 5554 sanctorum
1037 5501 1271 5554 Patrum
1321 5500 1532 5550 statuta
1581 5496 1822 5550 libenter
1851 5496 2069 5549 violan-

366 5595 470 5655 tes,
499 5593 555 5643 et
584 5604 784 5642 omnes
814 5589 913 5659 qui
942 5588 1214 5642 adversus
1267 5587 1461 5640 Patres
1497 5590 1818 5653 armantur,
1869 5584 1970 5654 qui
2009 5585 2070 5638 in

2184 3115 2286 3168 ciae
2320 3115 2604 3185 episcopis
2635 3115 2775 3168 mihi
2822 3115 3106 3170 audiatur.
3158 3117 3281 3181 Quo
3338 3123 3395 3170 et
3443 3117 3568 3188 ipse
3609 3119 3892 3187 regulari.

2185 3207 2270 3256 ter
2297 3207 2655 3266 convocatus,
2688 3204 2734 3256 si
2782 3219 2913 3259 eum
2946 3210 3042 3258 aut
3074 3204 3380 3258 inﬁrmitas
3418 3211 3517 3258 aut
3547 3205 3665 3259 alia
3708 3208 3895 3276 gravis

2185 3291 2493 3345 necessitas
2579 3308 2694 3345 non
2769 3292 3100 3356 detinuerit,
3187 3293 3382 3347 adesse
3462 3294 3680 3348 debet:
3763 3295 3896 3365 quia

2186 3381 2333 3432 ultra
2398 3380 2710 3449 provincia-3
2770 3381 3044 3434 terminos
3101 3381 3408 3435 accusandi
3463 3387 3600 3436 ante
3655 3383 3892 3436 licentia

2186 3484 2301 3520 non
2335 3473 2417 3521 est
2445 3484 2619 3538 quam
2677 3469 2970 3522 audientia
3023 3475 3274 3540 rogetur.
3334 3470 3498 3534 Quod
3552 3471 3600 3523 si
3650 3487 3892 3540 quoquo

2185 3556 2354 3610 modo
2386 3562 2799 3626 praesumptum
2849 3557 3044 3626 fuerit,
3079 3564 3401 3612 statuerunt
3442 3565 3525 3622 ut,
3574 3565 3893 3630 antequam

2185 3650 2242 3698 et
2286 3645 2554 3714 proprius
2601 3645 2756 3697 locus
2803 3649 2859 3698 et
2887 3662 2989 3698 sua
3040 3645 3236 3699 omnia
3265 3646 3316 3699 ei
3371 3647 3594 3716 legibus
3637 3648 3893 3702 redinte-

2185 3738 2446 3803 grentur,
2495 3733 2823 3786 nullatenus
2880 3750 2909 3786 a
2955 3750 3244 3804 quoquam
3303 3740 3599 3788 accusetur
3629 3742 3737 3789 aut
3785 3738 3892 3790 cri-

2185 3822 2472 3874 minetur:
2525 3827 2581 3874 et
2615 3821 2720 3875 nisi
2761 3827 2962 3892 sponte
3009 3823 3266 3892 elegerit,
3307 3823 3579 3893 cuiquam
3609 3840 3722 3893 pro
3765 3826 3895 3878 tali-

2184 3909 2292 3963 bus
2319 3910 2675 3980 respondeat.
2725 3911 2832 3964 Sed
2867 3915 3191 3980 postquam,
3235 3917 3300 3964 ut
3329 3911 3626 3982 praeﬁxum
3661 3919 3771 3978 est,
3808 3930 3899 3967 re-

2185 3999 2416 4050 stitutus
2447 3996 2641 4060 fuerit,
2677 4003 2729 4050 et
2781 4014 2882 4050 sua
2913 3998 3108 4052 omnia
3153 4000 3202 4052 ei
3244 4000 3466 4069 legibus
3497 4001 3901 4070 redintegrata

2185 4092 2336 4151 sunt,
2389 4086 2680 4156 dispositis
2705 4087 3101 4158 ordinatisque
3131 4088 3266 4152 suis,
3314 4105 3589 4158 magnum
3634 4092 3903 4159 spatium

2185 4175 2463 4228 tractandi
2495 4190 2721 4227 causam
2755 4175 2807 4227 ei
2835 4175 3198 4229 concedatur.
3242 4177 3306 4229 Et
3335 4183 3549 4246 postea,
3605 4177 3653 4230 si
3704 4195 3905 4232 neces-

2187 4279 2244 4316 se
2272 4263 2466 4319 fuerit.
2499 4263 2840 4332 regulariter
2866 4270 3099 4316 vocatus
3157 4265 3350 4318 veniat
3395 4265 3461 4318 ad
3521 4281 3784 4332 causam,
3822 4274 3899 4330 et,

2186 4351 2232 4403 si
2265 4351 2478 4419 injuste
2503 4350 2688 4402 visum
2737 4350 2932 4417 fuerit,
2968 4353 3354 4406 accusantium
3390 4353 3900 4422 propositionibus

2185 4441 2600 4493 sustentatione
2659 4439 2898 4492 fratrum
2952 4440 3316 4510 respondeat.
3350 4441 3514 4494 Nulla
3567 4442 3728 4496 enim
3760 4461 3896 4513 per-

2185 4526 2358 4580 mittit
2388 4526 2554 4590 ratio,
2587 4525 2724 4580 dum
2757 4526 2827 4580 ad
2866 4533 3091 4596 tempus
3122 4528 3245 4598 ejus
3271 4528 3439 4594 bona,
3473 4529 3561 4582 vel
3601 4530 3892 4597 Ecclesiae,

2184 4621 2352 4686 atque
2385 4631 2474 4668 res
2504 4615 2575 4668 ab
2607 4615 2832 4668 aemulis
2860 4621 2957 4668 aut
2983 4631 3015 4667 a
3041 4616 3500 4686 quibuscumque
3532 4617 3893 4682 detinentur,

2185 4709 2244 4756 ut
2269 4703 2487 4774 aliquid
2521 4703 2602 4756 illi
2627 4703 2799 4772 objici
2832 4703 3056 4767 debeat,
3111 4719 3216 4757 nec
3247 4704 3561 4774 quidquam
3606 4712 3800 4775 potest
3843 4712 3891 4762 ei

2183 4791 2611 4862 quomodolibet
2662 4792 2947 4860 majorum
3007 4792 3092 4845 Vel
3147 4792 3436 4846 minorum
3485 4794 3681 4861 objici,
3748 4796 3888 4850 dum

2186 4879 2445 4934 Ecclesiis
2475 4881 2557 4932 vel
2587 4878 2756 4932 rebus
2781 4884 2880 4932 aut
2902 4881 3279 4950 potestatibus
3309 4887 3461 4934 caret
3490 4881 3630 4934 suis.

2181 4986 2310 5040 CAP.
2359 4984 2596 5038 CLXXV.
2651 5013 2712 5023 —
2773 4987 2848 5038 De
2899 4983 3246 5039 damnatione
3306 4989 3678 5054 episcoporum
3735 5006 3889 5044 accu-

2252 5059 2492 5180 sastium
2559 5057 2868 5123 episcopum
2933 5055 3135 5124 absque
3195 5059 3518 5111 auctoritate
3577 5065 3887 5127 apostolica:

2252 5142 2304 5180 se
2349 5141 2420 5179 is.

2250 5141 2394 5181 seats
2409 5167 2420 5179 .

2251 5232 2415 5302 (Cap.
2464 5231 2614 5283 Julii
2656 5247 2816 5299 papa:
2878 5232 3007 5286 VIII
3056 5232 3422 5288 Orientalibus
3451 5235 3724 5303 episcopis
3755 5242 3884 5291 mis-

2180 5319 2340 5387 sum.)
2372 5319 2426 5374 Si
2460 5319 2588 5389 quis
2619 5320 2690 5372 ab
2724 5319 3001 5372 hodierna
3039 5319 3128 5372 die
3159 5326 3214 5372 et
3249 5321 3518 5388 deinceps
3548 5322 3883 5395 episcopum

2184 5413 2389 5476 printer
2418 5407 2590 5476 hujus
2635 5415 2843 5460 sanctae
2883 5408 3032 5460 sedis
3065 5409 3406 5461 sententiam
3457 5410 3741 5465 damnare
3771 5423 3826 5466 et
3855 5434 3883 5468 a

2181 5497 2414 5567 propria
2459 5498 2673 5566 pellere
2725 5497 2858 5549 sede
2908 5500 3363 5567 presumpserit,
3413 5499 3558 5551 sciat
3587 5516 3650 5553 se
3681 5501 3880 5557 irrecu-

2180 5585 2514 5655 perabiliter
2543 5601 2665 5637 esse
2715 5584 3076 5650 damnatum,
3111 5592 3167 5638 et
3197 5586 3432 5656 proprio
3465 5591 3761 5658 perpetim
3793 5609 3878 5645 ca-
