3950 6414
142 377 240 429 601
1118 375 1597 431 DECRETORUM
1639 376 1827 432 LIBRI
1866 377 1972 431 XX.
2011 408 2079 417 —
2122 379 2329 432 LIBER
2373 378 2652 433 PRIMUS.

3556 377 3660 429 602

140 514 269 551 rere
300 498 523 551 honore
561 514 574 551 :
606 513 816 568 eosque
858 497 956 568 qui
990 498 1203 568 absque
1234 498 1406 568 hujus
1436 499 1585 553 sedis
1616 505 1845 554 senten-
1872 504 1918 555 Α
1959 503 2151 569 fuerit,
2184 508 2238 556 et
2289 504 2413 573 ejus
2452 503 2639 556 fulciri
2675 502 2887 556 auxilio
2936 508 3179 573 oprtet.
3236 504 3399 569 Nam,
3449 506 3513 555 ut
3555 518 3658 555 no-

139 586 222 640 tia
250 590 385 640 sunt
430 587 599 656 ejecti
629 588 716 639 vel
746 587 1023 653 damnati,
1068 588 1240 657 hujus
1286 593 1496 641 sanctas
1546 590 1695 641 sedis
1743 606 1844 641 au-

140 676 404 728 ctoritate
437 676 631 728 scitote
654 676 953 745 pristinam
997 676 1252 745 recipere
1280 678 1767 743 communionem,
1791 684 1846 731 et

141 764 203 816 in
258 764 509 833 propriis
566 765 788 817 restitui
846 764 1096 817 sedibus.
1152 764 1434 828 Quoniam
1494 772 1551 819 et
1598 768 1778 835 prius,
1814 783 1847 819 a

140 856 403 921 tempore
435 852 647 906 scilicet
679 854 1099 923 apostolorum,
1146 854 1265 907 haec
1296 859 1505 907 sanctte
1548 854 1682 907 huic
1725 855 1845 907 sedi

139 956 407 994 concessa
458 946 611 1004 sunt,
662 944 719 993 et
766 945 963 1009 postea
1012 940 1073 992 in
1122 946 1439 993 memorata
1488 942 1715 995 Nicaana
1763 960 1849 1013 sy-

142 1029 298 1082 nodo
349 1034 590 1099 propter
616 1045 926 1099 pravorum
975 1029 1277 1082 hominum
1310 1030 1725 1095 infestationes,
1757 1037 1847 1084 at-

141 1132 256 1187 que
291 1117 687 1170 hazreticorum
722 1117 1166 1187 persecutiones,
1210 1123 1265 1171 et
1290 1118 1685 1171 insidiantium
1722 1135 1841 1172 mo-

140 1205 343 1259 limina
387 1205 650 1271 fratrum,
685 1219 814 1259 sunt
864 1206 1227 1259 concorditer
1276 1207 1346 1260 ab
1378 1208 1646 1260 omnibus
1679 1208 1847 1261 robo-

142 1299 288 1359 rata,
321 1298 381 1347 ut
414 1296 595 1365 magis
649 1295 863 1366 singuli
911 1295 1265 1365 prtevideant
1311 1312 1381 1348 ne
1413 1296 1548 1349 talia
1598 1297 1847 1350 audeant

140 1389 499 1454 perpetrare.

144 1474 274 1525 CAP.
341 1473 605 1528 CLXXVI.
674 1503 741 1512 —
813 1473 886 1525 Ut
946 1478 1229 1527 accusatus
1294 1474 1375 1526 vel
1429 1473 1715 1542 judicatus
1779 1474 1847 1527 ab

216 1546 482 1611 episcopis
547 1544 1095 1612 comprovincialibus
1172 1546 1392 1598 licenter
1456 1547 1729 1613 appellet,
1798 1550 1848 1597 et

215 1614 381 1668 adeat
405 1616 711 1668 Romanum
737 1618 1062 1683 pontiﬁcem.

217 1703 339 1766 (Ea:
370 1703 512 1757 decr.
555 1704 787 1758 Victoris
830 1719 1012 1772 papae,
1045 1706 1251 1757 cunctis
1291 1704 1565 1768 fratribus
1610 1705 1849 1758 Aleman-

142 1791 302 1855 ἀνίας,
362 1807 484 1859 cap.
546 1793 621 1859 t.)
679 1791 900 1844 Placuit
958 1798 1020 1844 ut
1068 1796 1364 1844 accusatus
1419 1792 1506 1845 vel
1554 1792 1844 1861 judicatus
1879 1789 1917 1841 Β

138 1880 446 1948 episcopus
526 1895 558 1933 a
618 1878 1199 1948 comprovincialibus
1275 1879 1336 1933 in
1403 1880 1597 1950 aliqua
1674 1896 1845 1934 causa

136 1968 425 2038 episcopis
456 1968 695 2021 licenter
722 1968 993 2037 appellet,
1040 1971 1097 2021 et
1122 1968 1287 2021 adeat
1335 1969 1665 2036 apostolicae
1698 1970 1846 2023 sedis

134 2056 501 2125 pontiﬁcem,
551 2058 671 2127 qui,
714 2060 814 2108 aut
860 2071 965 2125 per
1012 2072 1071 2108 se
1120 2060 1220 2109 aut
1258 2071 1361 2125 per
1399 2055 1638 2109 vicarios
1689 2074 1842 2124 suos,

136 2145 264 2213 ejus
311 2144 607 2198 retractari
656 2143 952 2214 negotium
998 2150 1282 2213 procuret.
1335 2145 1419 2211 Et,
1463 2145 1602 2198 dum
1641 2146 1845 2199 iterato

131 2232 355 2303 judicio
408 2233 661 2301 pontifex
715 2248 947 2286 causam
991 2248 1155 2285 suam
1186 2232 1326 2301 agit,
1378 2234 1569 2287 nullus
1608 2234 1752 2287 alius
1785 2234 1847 2286 in

135 2323 264 2391 ejus
298 2322 421 2375 loco
454 2328 706 2391 ponatur
736 2326 839 2375 aut
867 2320 1165 2375 ordinetur
1191 2322 1526 2392 episcopus;
1549 2324 1841 2392 quoniam,

133 2426 475 2481 quanquam
511 2409 1090 2480 comprovincialibus
1121 2409 1405 2480 episcopis
1434 2412 1683 2464 accusati
1712 2428 1846 2465 cau-

136 2513 261 2551 sam
316 2497 608 2567 pontiﬁcis
658 2498 899 2551 scrutari
952 2498 1135 2564 liceat,
1198 2513 1317 2551 non
1363 2502 1557 2551 tamen
1606 2498 1846 2551 deﬁnire

137 2586 469 2639 inconsulto
521 2586 780 2639 Romano
836 2585 1107 2655 pontiﬁce
1158 2584 1501 2655 permissum
1559 2591 1662 2651 est,
1715 2602 1847 2639 cum

136 2675 309 2728 beato
368 2675 536 2728 Petro
593 2674 851 2744 apostolo
899 2690 1019 2727 non
1078 2673 1149 2727 ab
1205 2672 1316 2727 alio
1371 2690 1547 2744 quam
1590 2675 1661 2726 ab
1720 2674 1845 2743 ipso

138 2764 361 2816 dictum
394 2762 466 2815 sit
500 2762 741 2816 Domino
774 2779 787 2816 :
822 2763 1192 2833 Quaecunque
1242 2762 1509 2832 ligaveris
1539 2778 1710 2833 super
1738 2770 1844 2815 ter-

139 2867 293 2916 ram,
346 2856 519 2905 erunt
565 2851 743 2922 ligata
772 2856 828 2906 et
866 2851 927 2904 in
958 2851 1136 2915 ccelis,
1170 2855 1226 2904 et
1269 2866 1630 2921 quaecunque
1658 2851 1842 2905 solve-

135 2941 216 2993 ris
243 2956 423 3009 super
446 2946 683 3005 terram,
717 2945 888 2994 erunt
917 2940 1105 2993 soluta
1130 2945 1185 2993 et
1210 2939 1271 2993 in
1297 2940 1473 2993 ccelis.

136 3030 268 3083 CAP.
335 3028 627 3082 CLXXVII.
696 3058 766 3068 —
821 3030 888 3083 Ut
952 3030 1259 3097 perscripta
1309 3029 1516 3081 nullius
1570 3031 1842 3083 accusatio

414 3102 769 3167 suscipiatur,
800 3115 857 3153 eo
885 3100 1102 3153 absente
1130 3102 1228 3167 qui
1262 3105 1567 3153 accusatur.

206 3188 323 3256 (Ea:
371 3190 530 3255 epist.
583 3189 804 3257 Stepha.
855 3203 1015 3257 papae
1062 3190 1269 3241 cunctis
1326 3190 1591 3256 episcopis
1644 3190 1842 3253 missa,

134 3292 259 3345 cap.
321 3275 401 3344 8.)
464 3275 782 3347 Perscripta
837 3276 992 3329 enim
1045 3275 1261 3329 nullius
1320 3277 1621 3341 accusatio,
1682 3293 1844 3329 accu-

134 3370 327 3418 satore
403 3369 462 3417 et
540 3380 608 3417 eo
672 3364 772 3434 qui
842 3368 1141 3418 accusatur
1217 3364 1590 3432 absentibus,
1660 3365 1844 3418 susci-

138 3454 353 3524 piatur,
405 3453 504 3507 sed
562 3452 797 3523 propria
845 3468 1005 3518 voce,
1057 3454 1103 3506 si
1154 3454 1409 3522 legitima
1456 3459 1513 3507 et
1564 3454 1849 3525 condigna

138 3527 492 3596 accusatoris
550 3557 800 3611 persona
854 3526 1044 3608 fuerit,
1113 3547 1396 3611 praesente
1449 3542 1716 3596 videlicet
1778 3560 1847 3597 eo

139 3647 320 3703 quem
376 3646 641 3683 accusare
691 3629 1024 3683 desiderat:
1060 3631 1197 3700 quia
1255 3630 1448 3683 nullus
1496 3630 1700 3684 absens
1750 3636 1849 3685 aut

140 3718 401 3773 accusari
452 3723 638 3789 potest
674 3722 773 3771 aut
815 3733 1100 3771 accusare.
1137 3718 1337 3772 Nullus
1385 3723 1579 3772 tamen
1624 3719 1849 3788 praefati

140 3808 367 3862 ordinis
409 3806 496 3859 vir
541 3806 793 3860 accusari
825 3811 1032 3876 potest,
1082 3812 1183 3860 aut
1220 3807 1568 3876 respondere
1603 3807 1719 3860 suis
1751 3823 1849 3861 acr-

138 3894 510 3951 cusatoribus
557 3892 746 3960 debet,
799 3893 1137 3964 priusquam
1168 3894 1508 3965 regulariter
1536 3912 1570 3948 a
1600 3911 1703 3949 suo
1730 3895 1849 3965 pri-

137 3990 292 4039 mate
344 3987 574 4036 vocatus
624 3982 717 4049 sit,
750 3982 1057 4053 locumque
1107 3982 1449 4038 defendendi
1499 3989 1597 4037 aut
1650 3983 1851 4054 inqui-

137 4074 308 4128 rendi
339 4070 602 4142 accipiat,
632 4070 703 4125 ad
736 4071 1021 4125 abluenda
1052 4071 1318 4126 crimina.

139 4182 269 4235 CAP.
328 4178 646 4232 CLXXVIII.
690 4206 765 4218 —
808 4180 874 4232 Ut
911 4178 1255 4246 difﬁciliores
1302 4194 1477 4233 causa
1524 4179 1599 4231 ad
1646 4183 1852 4247 apicem

207 4253 468 4305 Romanas
513 4249 657 4302 sedis
688 4251 1022 4315 referantur,
1066 4254 1126 4302 ut
1157 4252 1449 4317 apostolico
1498 4252 1855 4303 terminentur

199 4320 460 4400 judicio,
529 4321 685 4388 cujus
746 4320 890 4373 sedis
966 4322 1291 4375 auctoritate
1355 4336 1535 4375 omnes
1600 4322 1849 4375 Ecclesiae
1881 4346 1924 4400 ι)

208 4396 500 4458 reguntur.

214 4480 323 4546 (Ea:
370 4479 530 4545 epist.
582 4478 830 4532 Anacleti
869 4493 1029 4547 papa
1066 4479 1317 4532 omnibus
1350 4481 1616 4547 episcopis
1661 4480 1851 4543 missa,

140 4584 262 4635 cap.
304 4565 418 4632 14.)
468 4565 525 4619 Si
559 4580 689 4635 quae
744 4581 877 4619 vero
919 4582 1105 4619 causa:
1160 4566 1511 4621 difﬁciliores
1560 4567 1710 4621 inter
1756 4582 1854 4620 vos

142 4660 283 4709 ortas
314 4652 547 4719 fuerint,
581 4653 651 4707 ad
681 4653 850 4722 hujus
882 4660 1092 4708 sanctas
1122 4654 1273 4707 sedis
1299 4656 1517 4724 apicem
1542 4670 1655 4715 eas,
1690 4652 1854 4724 quasi

144 4743 211 4796 ad
240 4746 437 4812 caput,
475 4742 706 4809 referte,
739 4746 803 4794 ut
828 4743 1144 4812 apostolico
1175 4742 1562 4795 terminentur
1584 4741 1801 4812 judicio
1837 4758 1849 4793 :

143 4832 279 4901 quia
325 4830 408 4884 sic
455 4832 633 4883 Deum
666 4830 809 4884 velle
844 4831 913 4885 ab
944 4846 1130 4901 eoque
1161 4832 1240 4883 ita
1287 4832 1658 4885 constitutum
1706 4846 1851 4894 esse,

143 4919 446 4973 antedictis
492 4919 836 4972 testimoniis
877 4920 1218 4973 declaratur.
1272 4923 1401 4976 Ilaec
1452 4936 1584 4974 vero
1616 4924 1854 4989 aposto-

139 5008 248 5061 lica
280 5008 446 5061 sedes
498 5008 669 5062 cardo
717 5013 775 5061 et
816 5015 989 5078 caput
1036 5010 1249 5063 factum
1304 5014 1449 5063 esta
1500 5008 1763 5071 Domino,
1798 5011 1855 5061 et

142 5114 258 5151 non
292 5098 370 5150 ab
415 5096 530 5150 alio
562 5103 647 5149 est
696 5096 1025 5151 constituta.
1077 5099 1159 5163 Et,
1210 5100 1355 5151 sicut
1383 5098 1612 5151 cardine
1641 5096 1852 5149 ostium

142 5185 387 5255 regitur,
444 5185 524 5237 sic
580 5184 755 5255 hujus
808 5191 1016 5239 sancite
1065 5186 1214 5240 sedis
1266 5186 1605 5240 auctoritate
1653 5200 1853 5237 omnes

145 5275 428 5339 Ecclesia»,
460 5273 703 5327 Domino
733 5273 1095 5344 disponente,
1132 5280 1436 5345 reguntur.

144 5383 269 5435 CAP.
304 5380 609 5435 CLXXXIX.
664 5409 730 5421 —
784 5380 938 5446 Quod
989 5396 1167 5434 omnes
1222 5383 1463 5449 episcopi
1508 5381 1719 5448 possint
1747 5394 1848 5447 ap-

242 5455 456 5523 pellare
491 5454 789 5506 Romanam
814 5451 991 5506 sedem
1025 5455 1083 5505 in
1112 5452 1519 5506 necessitatibus
1551 5452 1739 5521 positi.

212 5542 321 5609 (Ea:
352 5541 500 5595 decr.
532 5542 763 5595 Damasi
793 5556 923 5610 pap.
959 5541 1178 5611 Stepha.
1218 5544 1451 5611 episcop.
1488 5542 1701 5607 Africae
1727 5541 1853 5592 mis-

142 5633 237 5695 sis,
299 5646 423 5699 cap.
487 5631 567 5697 9.)
625 5629 810 5694 Quam
883 5645 1088 5683 omnes
1148 5630 1459 5700 appellare,
1519 5629 1565 5682 si
1619 5644 1849 5682 necesse

1958 591 2081 651 stis,
2116 591 2398 661 synodum
2428 591 2549 644 sine
2577 590 2702 659 ejus
2734 590 3071 643 auctoritate
3095 590 3219 643 ﬁeri
3248 607 3364 643 non
3386 595 3470 643 est
3500 606 3662 643 cano-

1956 679 2147 731 nicum
2184 704 2193 732 :
2228 696 2332 732 nec
2366 680 2682 748 episcopus,
2723 679 2829 732 nisi
2860 680 2917 732 in
2952 680 3208 749 legitima
3231 680 3443 749 synodo
3478 684 3534 732 et
3560 696 3663 731 suo

1957 773 2217 837 tempore
2277 768 2589 837 apostolica
2647 769 2946 821 vocatione
3004 774 3368 836 congregata,
3429 767 3663 821 definite

1956 856 2216 909 damnari
2248 862 2435 925 potest
2467 872 2479 908 :
2513 873 2699 925 neque
2734 858 2846 908 ulla
2879 872 3132 926 unquam
3164 857 3407 909 concilia
3436 863 3557 909 rata
3587 856 3663 909 le-

1956 951 2194 1013 guntur,
2228 961 2356 1015 quae
2392 960 2507 997 non
2541 950 2676 997 sunt
2705 945 2849 997 fulta
2877 945 3191 1015 apostolica
3225 945 3583 997 auctoritate.

1958 1069 2083 1123 CAP.
2148 1070 2380 1124 CLXXX.
2422 1100 2489 1109 —
2530 1073 2602 1123 De
2670 1071 2905 1123 induciis
2976 1072 3389 1123 criminatorum
3454 1070 3657 1137 episco-

2380 1156 2595 1209 porum,
2629 1144 2815 1209 quales
2848 1157 2958 1194 esse
2983 1141 3228 1193 debeant.

2027 1247 2138 1316 (Ea:
2187 1249 2344 1315 epist.
2407 1248 2597 1315 Felicis
2651 1262 2812 1314 papae
2848 1248 2907 1300 Il
2953 1247 3227 1311 fratribus
3280 1247 3661 1313 .£gyptiorum

1958 1339 2144 1399 missa,
2178 1351 2298 1403 cap.
2339 1338 2448 1401 15.)
2484 1335 2558 1388 De
2591 1335 2832 1388 induciis
2864 1351 2997 1388 vero
3030 1335 3450 1404 episc0porum,
3488 1349 3662 1402 super

1960 1424 2167 1493 quibus
2215 1423 2598 1489 consuluistis,
2651 1423 2898 1476 diversas
2926 1440 2958 1475 a
3004 1422 3268 1476 Patribus
3314 1422 3544 1490 regulas
3576 1420 3658 1474 in-

1958 1512 2218 1565 venimus
2250 1511 2557 1565 institutas.
2603 1512 2847 1575 Quidam
2881 1512 3036 1565 enim
3070 1512 3139 1564 ad
3188 1510 3520 1580 repellenda
3548 1509 3656 1562 im-

1959 1601 2275 1670 peritorum
2342 1600 2853 1665 machinamenta,
2931 1606 2985 1652 et
3056 1616 3184 1652 suas
3252 1598 3658 1668 prteparaudas

1959 1689 2382 1757 responsiones,
2441 1694 2496 1741 et
2562 1694 2732 1741 testes
2792 1688 3236 1752 conﬁrmandos,
3295 1695 3352 1740 et
3417 1685 3660 1739 concilia

1958 1776 2362 1845 episcoporum
2430 1760 2601 1845 eique
2669 1774 2988 1829 amicorum
3048 1775 3375 1844 quaerenda,
3438 1788 3655 1826 annum

1957 1868 2014 1916 et
2041 1880 2133 1916 sex
2166 1879 2388 1916 menses
2420 1865 2837 1917 mandaverunt
2884 1863 3117 1917 concedi
3149 1880 3161 1917 :
3196 1863 3432 1933 quidam
3463 1866 3655 1915 autem

1955 1967 2192 2015 annum,
2254 1952 2315 2004 in
2382 1968 2496 2021 quo
2552 1951 2790 2021 plurimi
2850 1953 3211 2006 concordant.
3282 1952 3465 2005 Minus
3524 1966 3655 2003 vero

1954 2056 2131 2111 quam
2174 2057 2270 2093 sex
2328 2055 2551 2093 menses
2604 2056 2718 2093 non
2762 2041 2944 2110 reperi
2982 2041 3159 2110 :quia
3218 2046 3271 2093 et
3329 2040 3484 2092 laicis
3532 2038 3656 2091 haec

1956 2128 2181 2182 indulta
2229 2134 2382 2195 sunt,
2438 2135 2655 2198 quanto
2705 2130 2890 2199 magis
2938 2129 3167 2183 Domini
3218 2127 3658 2181 sacerdotibus?

1959 2219 2101 2271 Nam
2133 2223 2191 2270 et
2215 2234 2247 2270 a
2288 2217 2494 2270 nostris
2545 2218 2998 2271 antecessoribus
3043 2222 3217 2287 atque
3250 2216 3487 2287 reliquis
3526 2231 3655 2268 san-

1956 2306 2058 2359 ctis
2095 2306 2355 2359 Patribus
2382 2305 2676 2359 multoties
2706 2305 3016 2359 inhibitum
3048 2311 3133 2358 est
3166 2321 3236 2357 ne
3268 2305 3396 2374 quis
3430 2303 3659 2357 Domini

1958 2396 2282 2448 sacerdotes
2330 2394 2783 2449 detractionibus
2834 2411 2948 2447 non
3008 2411 3073 2448 ex
3127 2394 3318 2447 radice
3366 2392 3658 2447 charitatis

1957 2484 2194 2555 prolatis
2215 2489 2378 2537 vexet
2401 2500 2413 2537 :
2434 2484 2736 2549 Quiescite,
2771 2484 3065 2553 inquiunt,
3092 2487 3147 2535 et
3176 2482 3353 2535 nolite
3388 2480 3655 2550 persequi

1957 2592 2054 2626 eos
2087 2572 2188 2643 qui
2240 2573 2355 2625 Deo
2405 2572 2649 2642 perfecte
2700 2572 3051 2638 ministrant,
3098 2585 3346 2641 quorum
3378 2568 3652 2622 orationi-

1955 2661 2062 2714 bus
2108 2664 2165 2714 et
2194 2666 2423 2715 terrena
2465 2659 2615 2713 bella
2645 2660 2939 2725 sedantur,
2976 2665 3031 2713 et
3061 2658 3453 2711 recedentium
3485 2672 3662 2725 ange-

1955 2751 2144 2803 lorum
2188 2749 2487 2818 pelluntur
2538 2748 2824 2811 incursus,
2862 2747 3077 2817 quique
3123 2762 3321 2799 omnes
3370 2746 3661 2799 daemones

1956 2844 2318 2907 corruptores
2348 2852 2585 2906 precum
2617 2836 2950 2889 assiduitate
2994 2834 3372 2887 confundunt.
3410 2834 3659 2887 Inducias

1956 2942 2208 2997 namque
2263 2941 2378 2979 non
2414 2924 2519 2978 sub
2571 2931 2814 2993 augusto
2860 2929 3145 2993 tempore,
3181 2924 3279 2976 sed
3333 2922 3437 2975 sub
3488 2922 3659 2992 longo

1957 3016 2138 3085 spatio
2178 3012 2559 3066 Concedendte
2606 3017 2757 3076 sunt,
2812 3016 2874 3064 ut
2918 3010 3165 3063 accusati
3197 3027 3254 3063 se
3306 3026 3656 3080 praeparare,

1957 3109 2014 3159 et
2065 3103 2357 3156 universos
2406 3100 2925 3154 communicatores
2979 3100 3035 3152 in
3084 3098 3394 3169 provinciis
3446 3099 3660 3168 positos

1957 3191 2285 3255 convenire,
2333 3194 2391 3243 et
2444 3194 2610 3242 testes
2650 3204 2999 3258 prmparare,
3052 3194 3227 3257 atque
3276 3193 3472 3239 contra
3521 3185 3661 3239 insi-

1958 3280 2208 3334 diatores
2253 3294 2310 3331 se
2337 3277 2585 3347 pleniter
2614 3292 2838 3329 armare
2877 3277 3123 3329 valeant.
3162 3275 3386 3328 Judices
3418 3274 3575 3327 enim
3606 3278 3663 3327 et

1958 3374 2318 3424 accusatores
2360 3367 2501 3420 tales
2540 3382 2661 3419 esse
2693 3365 2902 3419 debent
2934 3364 3033 3435 qui
3075 3364 3232 3417 omni
3276 3370 3507 3416 careant
3537 3379 3655 3415 sus-

1958 3457 2205 3528 picione,
2239 3460 2294 3509 et
2322 3472 2386 3509 ex
2429 3454 2619 3507 radice
2649 3453 2940 3507 charitatis
2979 3468 3140 3507 suam
3171 3452 3496 3506 desiderent
3525 3466 3658 3520 pro-

1960 3561 2115 3599 mere
2147 3544 2509 3598 sententiam.

2160 3668 2417 3722 CLXXXI.
2494 3696 2562 3706 ——
2644 3668 2725 3719 De
2785 3668 3032 3733 episcopo
3116 3665 3495 3729 Centuriensi,
3564 3666 3662 3731 qui

2198 3754 2419 3792 causam
2450 3752 2607 3791 suam
2632 3740 2691 3789 in
2720 3736 2924 3803 synodo
2961 3751 3119 3801 agere
3147 3740 3417 3788 renucrat.

1961 3669 2087 3723 CAP.

2034 3845 2155 3913 (Ea:
2184 3844 2372 3897 concil.
2397 3844 2692 3908 Africano,
2710 3856 2831 3907 cap.
2856 3840 2970 3908 54.)
3005 3841 3080 3892 De
3112 3839 3466 3902 Quodvulteo
3489 3838 3662 3892 etiam

1962 3931 2345 3998 Centuriensi,
2375 3930 2650 4001 quoniam
2696 3928 3058 3982 adversarius
3097 3928 3279 3996 ipsius
3310 3942 3440 3980 cum
3473 3943 3530 3979 se
3560 3942 3663 3995 pe-

1961 4021 2120 4074 tisset
2158 4019 2449 4073 introduci
2496 4018 2569 4071 ad
2600 4017 2903 4071 concilium
2950 4021 3231 4076 nostrum,
3282 4014 3666 4083 interrogatus

1962 4113 2159 4163 utrum
2191 4125 2321 4162 cum
2352 4124 2420 4161 eo
2452 4107 2622 4161 vellet
2662 4107 2813 4177 apud
2846 4105 3141 4174 episcopos
3172 4104 3439 4173 experiri,
3474 4103 3664 4172 primo

1964 4198 2320 4269 promiserat,
2372 4202 2429 4250 et
2458 4197 2567 4249 alia
2614 4195 2707 4248 die
2742 4194 3039 4264 respondit
3084 4193 3193 4247 hoc
3238 4192 3344 4245 sibi
3390 4208 3505 4245 non
3537 4192 3668 4261 pla-

1966 4303 2115 4351 cere,
2146 4292 2318 4355 atque
2365 4284 2622 4338 discessit
2652 4299 2665 4336 :
2702 4284 2917 4354 placuit
2954 4281 3222 4335 omnibus
3269 4281 3572 4350 episcopis,
3603 4284 3669 4331 ut

1967 4376 2159 4429 nullus
2208 4374 2394 4427 eidem
2440 4372 2801 4437 Quodvulteo
2840 4369 3245 4437 communicet,
3286 4369 3467 4422 donec
3495 4384 3665 4421 causa

1964 4464 2089 4533 ejus
2133 4463 2364 4533 qualem
2411 4460 2664 4531 potuerit
2707 4459 3021 4512 terminum
3070 4462 3275 4510 sumat.
3315 4458 3457 4510 Nam
3489 4456 3668 4510 adimi

1964 4551 2017 4604 ei
2048 4550 2444 4621 episcopatum
2492 4554 2801 4617 antequam
2854 4561 3041 4600 causa
3090 4546 3214 4613 ejus
3257 4545 3441 4597 exitus
3489 4560 3664 4613 appa-

1963 4644 2133 4703 reret,
2166 4639 2310 4691 nulli
2340 4636 2660 4691 Christiano
2687 4633 2867 4687 videri
2892 4634 3023 4703 jure
3048 4631 3317 4702 potuerit.

1964 4764 2089 4817 CAP.
2124 4761 2416 4816 CLXXXII.
2468 4788 2535 4798 —
2573 4757 2851 4813 Iudicium
2891 4758 3130 4826 episcopi
3160 4758 3277 4826 qui,
3312 4772 3415 4828 pro
3439 4758 3667 4810 crimine

2032 4836 2229 4899 ejectus
2258 4832 2326 4885 ab
2374 4832 2575 4898 officio,
2611 4834 2796 4898 postea
2826 4832 3162 4897 episcopium
3209 4844 3355 4881 more
3394 4829 3666 4897 praedonis

2032 4906 2253 4957 invasit.

2034 5010 2142 5079 (Ea:
2194 5012 2379 5077 regist.
2432 5007 2507 5060 ad
2550 5008 2823 5060 Joannem
2875 5008 3189 5075 episcopum
3244 5008 3435 5074 prima
3479 5007 3666 5060 Justi-

1962 5102 2161 5163 nianz,
2198 5113 2316 5166 cap.
2354 5098 2465 5164 l7.)
2490 5096 2730 5160 Quando
2780 5095 2928 5148 mala
2961 5111 3088 5165 quia
3135 5095 3489 5165 pmnitentite
3529 5095 3669 5147 ﬂetu

1963 5187 2259 5258 purganda
2304 5190 2436 5239 sunt
2488 5189 2775 5254 augentur
2827 5184 3169 5245 excessibus,
3219 5182 3298 5235 ita
3350 5181 3533 5249 major
3582 5186 3668 5233 est

1963 5274 2431 5347 delinquentibus
2473 5273 2795 5327 adhibenda
2841 5272 3143 5335 correctio,
3195 5275 3256 5322 ut
3286 5274 3341 5322 et
3389 5268 3498 5339 ipsi
3528 5267 3663 5321 faci-

1962 5382 2069 5419 nus
2117 5381 2284 5418 suum
2339 5379 2509 5433 poma
2560 5364 2759 5415 saltem
2815 5360 3141 5413 vindicante
3190 5363 3558 5427 cognoscant,
3611 5362 3668 5411 et

1962 5455 2101 5507 alios
2134 5455 2205 5508 ab
2238 5453 2450 5507 illicitis
2477 5450 2869 5505 ecclesiasticae
2901 5447 3158 5501 tuitionis
3188 5447 3360 5499 timor
3384 5446 3665 5500 inhibeat.

1963 5543 2375 5597 Dilectissimus
2424 5542 2619 5611 itaque
2654 5541 2802 5593 lator
2834 5536 3202 5606 prasentium
3257 5536 3558 5589 Nemesion
3600 5536 3668 5588 ad

1961 5648 2065 5685 nos
2097 5632 2350 5693 veniens,
2402 5628 2692 5691 indicavit,
2726 5626 2873 5679 sicut
2904 5630 2960 5678 et
2990 5629 3283 5693 gestorum
3316 5624 3669 5695 exemplaria
