3950 6396
275 332 376 383 603

1358 329 1761 386 BURCHARDI
1802 329 2336 386 WORMACIENSIS
2373 329 2707 385 EPISCOPI.

3695 329 3806 381 604

278 470 406 524 quas
438 452 550 507 huc
580 452 787 507 detulit
830 451 1220 520 corﬂinebant,
1250 451 1497 506 Paulum
1551 453 1878 506 Doclavena:
1907 453 1981 506 ci-
2009 456 2054 507 A
2092 452 2360 507 homines
2414 451 2810 521 praevidentes,
2869 455 2928 505 et
2983 450 3273 522 simplices
3335 450 3802 517 considerantes,

276 540 468 594 vitatis
514 540 870 612 episcopum,
903 541 1054 594 inter
1093 541 1206 594 alia
1257 542 1407 595 mala
1437 541 1494 594 in
1521 541 1814 611 corporali
1869 541 1979 595 cri-

277 630 436 684 mine
467 630 715 700 lapsum,
749 646 780 683 a
824 630 942 683 suis
970 629 1146 684 fuisse
1177 629 1398 684 clericis
1427 635 1776 695 accusatum,
1808 637 1980 698 atque

278 717 476 772 habita
520 718 874 787 cognitione,
925 718 1002 771 ita
1037 719 1195 788 quod
1239 718 1360 772 sine
1405 719 1604 772 dolore
1645 720 1831 772 dicere
1862 735 1979 772 non

279 822 606 877 possumus,
657 807 950 872 claruisse,
982 811 1154 876 atque
1184 805 1441 876 insuper,
1488 812 1792 877 postquam
1837 822 1981 860 con-

275 895 456 948 victus
487 899 591 960 est,
625 893 799 946 etiam
832 894 1090 947 libellum
1121 893 1307 960 illum,
1342 895 1400 947 in
1427 911 1541 964 quo
1571 911 1638 947 ea
1669 894 1738 947 de
1770 894 1980 964 quibus

278 990 572 1036 accusatus
617 983 807 1036 fuerat
847 999 977 1036 vera
1024 999 1145 1036 esse
1187 983 1479 1036 confessus
1525 987 1630 1048 est,
1680 983 1976 1036 obtulisse.

278 1066 399 1130 Qua
429 1067 497 1120 de
529 1083 589 1120 re
633 1067 913 1120 sententia
959 1067 1124 1120 illum
1168 1066 1481 1136 episcopali
1527 1067 1874 1137 depositum,
1926 1071 1982 1119 et

279 1171 336 1208 se
368 1156 492 1224 ejus
534 1155 655 1208 loco
689 1171 816 1208 cum
864 1156 1235 1209 fraternitatis
1286 1163 1487 1209 vestrae
1531 1172 1813 1208 consensu
1858 1172 1978 1208 esse

279 1244 611 1314 episcopum
660 1243 984 1298 ordinatum
1019 1265 1030 1298 :
1066 1245 1162 1298 sed
1212 1260 1367 1298 nunc
1416 1245 1682 1298 eumdem
1734 1244 1978 1298 Paulum

280 1348 407 1385 cum
441 1332 654 1385 auxilio
707 1333 1066 1386 saecularium
1093 1332 1356 1403 judicum
1389 1333 1734 1397 venientem,
1769 1332 1980 1402 episco-

277 1420 438 1491 pium
474 1436 633 1474 more
660 1420 950 1491 praedonis
973 1421 1320 1491 ingressum,
1356 1419 1671 1490 ablatisque
1704 1420 1979 1474 violenter

281 1507 448 1561 rebus
482 1507 762 1576 Ecclesiae,
794 1508 864 1562 ab
905 1525 971 1562 eo
1003 1525 1062 1562 se
1111 1507 1453 1578 projectum,
1499 1513 1556 1562 et
1585 1508 1657 1562 ad
1690 1524 1976 1562 summam

280 1593 550 1664 injuriam
600 1613 664 1650 ac
718 1613 916 1651 necem
973 1613 1121 1666 pene
1175 1598 1540 1668 perductum.
1593 1597 1660 1650 Et
1703 1597 1975 1667 quoniam

278 1687 452 1738 tanta:
495 1684 771 1756 nequitiae
823 1685 1074 1756 pravitas
1122 1700 1226 1739 nec
1273 1684 1683 1744 dissimulanda
1738 1701 1840 1738 nec
1896 1687 1978 1739 le-

278 1772 423 1825 viter
451 1774 673 1844 agenda
702 1779 807 1840 est,
848 1774 1184 1828 fraternitas
1233 1778 1430 1827 vestra
1459 1775 1580 1827 haec
1612 1774 1807 1828 omnia
1846 1773 1976 1828 dili-

278 1867 480 1931 genter
508 1867 669 1916 curet
696 1862 984 1917 addiscere
1018 1879 1032 1917 :
1069 1868 1144 1929 et,
1179 1863 1224 1916 si
1254 1863 1331 1916 ita
1355 1879 1436 1928 se,
1471 1869 1533 1917 ut
1554 1863 1734 1916 edocti
1755 1879 1974 1928 sumus,

277 1951 487 2004 veritas
544 1951 736 2018 habet,
793 1953 1138 2022 prwdictum
1198 1952 1441 2006 Paulum
1499 1952 1752 2005 districta
1809 1950 1978 2005 faciat

279 2040 644 2093 exsecutione
689 2041 959 2111 compelli
1015 2046 1081 2095 ut
1124 2057 1482 2112 quaecunque
1516 2040 1768 2107 abstulit,
1817 2039 1976 2093 omni

278 2143 438 2180 mora
497 2129 582 2182 vel
639 2129 1005 2183 excusatione
1060 2135 1337 2196 cessante,
1392 2129 1668 2182 restituat.
1732 2129 1788 2183 Si
1841 2143 1976 2182 vero

277 2216 423 2270 nihil
464 2217 727 2272 Ecclesiae
781 2218 881 2272 sed
929 2220 1228 2289 proprium
1284 2235 1343 2272 se
1404 2219 1610 2272 dixerit
1654 2217 1973 2284 abstulisse,

278 2306 540 2374 quamvis
590 2323 761 2377 grave
815 2312 870 2360 et
898 2307 1166 2378 iniquum
1217 2306 1328 2361 fuit
1371 2323 1437 2360 ut
1482 2323 1599 2360 non
1637 2323 1670 2359 a
1701 2306 1858 2360 vobis
1891 2307 1975 2359 vel

276 2397 714 2466 metropolitano
747 2397 872 2466 ejus
919 2397 1028 2450 hoc
1075 2401 1314 2468 peteret,
1366 2395 1464 2449 sed
1496 2413 1634 2449 ausu
1666 2395 1974 2449 temerario

276 2497 455 2538 manu
493 2490 869 2554 praesumeret
897 2501 1066 2555 agere
1098 2504 1114 2539 :
1152 2490 1543 2539 verumtamen
1579 2484 1624 2537 si
1669 2485 1807 2554 quid
1840 2500 1970 2553 pro-

274 2572 467 2642 prium
496 2573 646 2640 tulit,
695 2573 798 2627 sub
828 2573 1200 2627 fraternitatis
1249 2580 1450 2626 vestrae
1482 2573 1652 2627 debet
1682 2574 1970 2626 examina—

275 2659 434 2712 tione
485 2667 745 2714 constare
777 2661 823 2715 si
855 2678 1053 2715 verum
1104 2667 1205 2716 est.
1240 2661 1348 2714 Sed
1392 2666 1446 2713 et
1491 2659 1635 2713 illud
1667 2659 1974 2728 diligenter

275 2750 650 2817 quaerendum
701 2755 799 2812 est,
846 2751 894 2804 si
924 2751 1064 2821 quid
1111 2750 1260 2804 male
1309 2749 1379 2804 de
1426 2748 1594 2802 rebus
1639 2747 1974 2817 dilapidavit

275 2836 536 2890 Ecclesiae
565 2855 577 2905 ;
613 2838 698 2891 vel
731 2839 885 2909 quod
933 2854 1086 2892 nunc
1117 2838 1369 2904 abstulit,
1407 2838 1516 2891 hoc
1561 2838 1875 2891 reformare
1909 2851 1972 2888 ac

274 2925 596 2980 satisfacere
653 2927 838 2981 modis
887 2927 1158 2981 omnibus
1206 2928 1601 2996 compellatur.
1664 2925 1722 2979 Si
1777 2929 1971 2979 autem

2091 541 2383 594 difficilem
2414 546 2511 594 aut
2554 555 2852 610 nunquam
2883 540 3188 593 voluerunt
3218 556 3340 593 esse
3370 541 3804 594 accusationem

2090 630 2472 693 sacerdotum,
2521 645 2592 682 ne
2635 645 2668 682 a
2717 628 2882 682 malis
2929 629 3247 698 potuissent
3292 629 3470 682 everti
3513 635 3616 681 aut
3663 629 3803 682 sub-

2088 718 2308 772 moveri
2343 733 2356 772 :
2391 717 2528 788 quia
2558 717 2604 769 si
2649 717 2758 772 hoc
2787 716 2951 770 facile
2983 717 3392 770 concederetur
3420 717 3804 770 saecularibus

2090 811 2146 860 et
2176 806 2340 859 malis
2385 805 2734 872 hominibus,
2769 811 2868 858 aut
2894 806 3109 870 nullus,
3143 809 3242 858 aut
3274 806 3366 858 vix
3406 806 3685 874 perpauci
3713 821 3802 858 re-

2089 898 2424 959 manerent;
2458 894 2730 963 quoniam
2756 909 2982 962 semper
3001 893 3111 946 fuit
3138 899 3195 946 et
3211 898 3315 958 est,
3339 898 3416 960 et,
3447 894 3605 963 quod
3630 894 3800 962 pejus

2088 988 2190 1044 est,
2227 981 2400 1035 nimis
2429 982 2603 1051 viget,
2652 987 2717 1035 ut
2749 982 2886 1034 mali
2915 982 3098 1035 bonos
3143 982 3542 1052 insequantur,
3584 989 3641 1034 et
3670 998 3798 1035 car-

2087 1071 2248 1124 nales
2295 1070 2584 1140 spiritales
2614 1069 2906 1124 infestent.
2953 1070 3187 1136 Idcirco,
3217 1076 3281 1124 ut
3310 1071 3652 1140 praedictum
3685 1076 3792 1134 est,

2087 1163 2409 1212 statuerunt
2452 1175 2522 1212 ne
2570 1167 2989 1219 accusarentur,
3037 1165 3139 1212 aut
3186 1159 3233 1212 si
3283 1158 3449 1214 aliter
3497 1159 3625 1212 ﬁeri
3675 1175 3794 1212 non

2085 1252 2296 1316 posset,
2345 1247 2700 1316 perdifﬁcilis
2744 1247 2908 1300 fieret
2938 1263 3137 1301 eorum
3168 1247 3475 1312 accusatio,
3509 1253 3566 1300 et
3593 1263 3627 1300 a
3659 1247 3794 1317 qui-

2085 1335 2213 1399 bus,
2251 1340 2315 1388 ut
2345 1336 2738 1404 supradictum
2783 1340 2885 1401 est,
2919 1351 3036 1388 non
3081 1342 3547 1406 praesumeretur,
3599 1352 3794 1406 neque

2086 1439 2120 1478 a
2185 1423 2438 1494 propriis
2506 1423 2735 1478 sedibus
2797 1429 2896 1477 aut
2970 1423 3230 1477 Ecclesiis
3294 1423 3548 1494 episcopi
3621 1423 3795 1494 ejice-

2084 1514 2306 1564 rentur.

2085 1616 2212 1670 CAP.
2257 1617 2558 1672 CLXXXIV.
2612 1647 2681 1656 —
2725 1618 2786 1672 Si
2831 1619 3110 1686 episcopus
3148 1617 3403 1685 expulsus
3456 1631 3626 1671 ausus
3674 1619 3795 1684 fue-

2610 1690 2687 1741 rit
2714 1688 2932 1756 ingredi
2963 1690 3257 1741 civitatem.

2159 1777 2263 1844 (Ea:
2319 1778 2476 1844 epist.
2545 1778 2821 1840 Boni/acii
2874 1791 3034 1844 papa
3087 1775 3161 1828 ad
3227 1777 3500 1844 episcopos
3551 1775 3791 1843 Galliae.)

2087 1863 2144 1919 Si
2175 1864 2478 1934 episcopus
2509 1864 2778 1934 expulsus
2824 1879 2998 1917 ausus
3026 1863 3199 1917 fuerit
3239 1863 3464 1932 ingredi
3494 1862 3793 1917 civitatem

2085 1967 2115 2005 e
2148 1968 2260 2021 qua
2293 1953 2555 2022 repulsus
2585 1957 2690 2016 est,
2739 1952 2824 2004 vel
2856 1953 3012 2005 exire
3043 1952 3112 2004 de
3158 1953 3281 2004 loco
3313 1951 3372 2003 in
3415 1966 3531 2021 quo
3577 1951 3794 2021 degere

2077 2040 2272 2110 jussus
2313 2045 2418 2105 est,
2461 2041 2733 2111 jubemus
2777 2055 2910 2093 eum
2941 2040 2998 2092 in
3030 2037 3372 2092 monasterio
3406 2038 3468 2091 in
3501 2039 3616 2092 alia
3647 2056 3790 2110 pro-

2083 2127 2269 2181 vincia
2315 2129 2623 2182 constituto
2657 2128 2827 2189 tradi,
2872 2133 2954 2193 ut,
2993 2128 3090 2198 qui
3138 2127 3453 2181 sacerdotio
3502 2128 3788 2197 peccavit,

2081 2217 2296 2286 degens
2325 2217 2383 2270 in
2417 2217 2768 2271 monasterio
2795 2217 3137 2286 corrigatur.

2082 2308 2208 2360 CAP.
2244 2306 2522 2361 CLXXXV.
2558 2336 2619 2346 —
2656 2308 2736 2360 De
2772 2308 3036 2374 episcopis
3077 2307 3192 2374 qui.
3221 2319 3276 2358 se
3301 2305 3634 2373 viventibus,
3665 2321 3792 2360 suc-

2525 2392 2757 2432 cessores
2780 2379 2975 2443 eligere
3004 2376 3335 2444 desiderant.

2151 2465 2266 2534 (Ea:
2294 2466 2486 2520 concil.
2519 2466 2854 2520 Antiochen.
2887 2481 3008 2532 cap.
3031 2464 3146 2534 23.)
3174 2465 3454 2534 Episcopo
3478 2464 3791 2518 nonlicere

2079 2570 2182 2624 pro
2231 2571 2288 2606 se
2333 2555 2580 2608 alterum
2631 2569 3014 2608 successorem
3065 2552 3173 2605 sibi
3222 2553 3594 2619 constituere,
3655 2555 3796 2607 licet

2079 2643 2149 2696 ad
2203 2643 2414 2696 exitum
2469 2643 2598 2696 vitae
2642 2641 2958 2712 perveniat.
3009 2641 3170 2704 Quod
3200 2641 3246 2694 si
3284 2641 3398 2694 tale
3441 2641 3668 2711 aliquid
3701 2643 3793 2696 fa-

2080 2735 2233 2783 ctum
2290 2731 2484 2796 fuerit,
2539 2730 2767 2783 irritum
2827 2745 2948 2783 esse
3002 2729 3333 2798 hujusmodi
3383 2729 3791 2784 constitutum.

2080 2818 2352 2872 Servetur
2423 2823 2615 2871 autem
2684 2818 2780 2887 jus
2839 2817 3285 2871 ecclesiasticum
3361 2817 3417 2870 id
3481 2819 3796 2872 continens

2079 2913 2342 2976 eportere
2395 2922 2508 2958 non
2542 2905 2707 2958 aliter
2734 2906 2880 2964 ﬁeri.
2916 2905 3024 2958 nisi
3063 2921 3193 2958 cum
3238 2905 3454 2974 synodo
3481 2910 3538 2958 et
3562 2906 3793 2975 judicio

272 3013 501 3068 differre
548 3017 868 3080 tentaverit,
902 3032 1201 3086 quousque
1248 2991 1419 3069 omne
1451 3015 1604 3086 quod
1639 3013 1970 3082 dilapidavit

2150 2992 2507 3061 uiscoporum,
2541 2993 2641 3062 qui
2671 2997 2802 3062 post
2826 2992 3047 3045 obitum
3078 2991 3419 3062 quiescentis
3437 2996 3796 3061 potestatem

272 3103 359 3154 vel
391 3105 458 3156 de
496 3104 812 3157 substantia
841 3105 973 3157 tulit
1003 3104 1259 3157 Ecclesia:
1295 3104 1556 3156 restituat
1587 3103 1645 3155 in
1676 3108 1967 3155 monaste-

272 3189 421 3243 rium
468 3191 779 3244 mittendus
827 3197 931 3256 est,
970 3198 1030 3244 ut
1065 3193 1266 3244 saltem
1299 3196 1527 3244 coactus
1573 3190 1775 3243 reddat
1816 3189 1971 3259 quod

270 3277 419 3330 male
438 3279 661 3330 auferre
680 3293 796 3330 non
818 3278 1030 3331 timuit.
1055 3278 1214 3342 Quod
1237 3279 1284 3330 si
1302 3278 1466 3344 forte,
1491 3277 1642 3347 quod
1661 3293 1779 3330 non
1797 3276 1972 3329 credi-

272 3379 426 3431 mus,
455 3371 584 3434 post
604 3365 1017 3435 depositionem
1043 3383 1203 3419 suam
1223 3366 1670 3419 inverecundum
1695 3382 1759 3418 ac
1779 3370 1968 3418 mente

272 3469 536 3523 perversa
565 3455 781 3525 aliquid
816 3455 885 3508 de
918 3455 1248 3525 episcopatu
1286 3455 1445 3524 loqui
1475 3460 1644 3524 atque
1671 3470 1867 3507 rursus
1897 3453 1965 3506 ad

271 3540 379 3594 hoc
411 3542 668 3611 qualibet
716 3543 970 3612 aspirare
1002 3543 1452 3613 praesumptione
1497 3543 1818 3609 tentaverit,
1853 3542 1969 3595 fra-

270 3630 560 3684 ternitatis
611 3637 813 3685 vestrae
853 3647 912 3684 se
944 3637 1140 3685 contra
1184 3631 1612 3702 improbitatem
1645 3632 1824 3701 ipsius
1853 3647 1972 3685 om-

271 3718 409 3771 nino
461 3720 625 3790 vigor
681 3721 974 3789 accendat,
1039 3725 1209 3791 atque
1275 3720 1558 3774 Dominici
1615 3720 1868 3790 corporis
1913 3727 1970 3774 et

271 3807 566 3877 sanguinis
621 3809 1028 3862 communione
1082 3810 1392 3878 privatum,
1441 3809 1500 3862 in
1556 3808 1967 3862 monasterium

271 3911 406 3949 eum
455 3912 636 3966 usque
681 3897 749 3950 ad
796 3897 950 3950 diem
1002 3897 1193 3951 obitus
1243 3897 1330 3951 sui
1378 3898 1447 3950 ad
1477 3897 1764 3967 agendum
1805 3902 1970 3950 curet

270 3983 670 4052 paenitentiam
699 3986 1117 4040 retrudendum
1149 4001 1162 4038 :
1195 3995 1480 4054 quatenus
1511 3985 1824 4056 perpetrati
1850 4002 1968 4039 sce-

270 4072 405 4125 leris
440 4073 689 4125 maculas
740 4072 929 4142 dignis
959 4073 1141 4126 discat
1191 4073 1419 4127 fletibus
1453 4072 1784 4140 emendare,
1827 4089 1970 4143 quas

272 4159 455 4230 magis
484 4160 545 4212 in
583 4159 824 4214 interitu
868 4160 1076 4214 animae
1107 4177 1224 4214 sua:
1271 4161 1538 4231 nequiter
1567 4176 1780 4231 augere
1813 4161 1971 4214 desi-

271 4249 451 4302 derat.
497 4249 928 4320 Suprascriptus
973 4256 1164 4302 autem
1208 4249 1610 4302 dilectissimus
1657 4249 1833 4302 frater
1873 4265 1968 4302 no-

271 4343 388 4391 ster
417 4337 722 4391 Nemesion
763 4338 824 4391 in
849 4355 952 4391 suo
983 4338 1106 4392 loco
1137 4342 1192 4391 et
1219 4336 1579 4408 episcopatus
1623 4336 1810 4391 ofﬁcio
1835 4355 1964 4408 pro-

270 4427 360 4479 cul
407 4427 582 4480 dubio
618 4427 966 4482 reformetur
999 4443 1011 4480 :
1045 4432 1102 4480 et
1151 4443 1221 4480 ne
1271 4428 1461 4480 denuo
1509 4427 1615 4480 hac
1663 4428 1732 4480 de
1763 4443 1825 4480 re
1875 4429 1968 4480 in-

270 4514 669 4584 quietudinem
723 4531 786 4568 ac
839 4515 1161 4570 molestiam
1222 4516 1491 4587 patiatur,
1551 4515 1819 4570 sollicitos
1873 4532 1968 4568 vos

271 4620 390 4656 esse
421 4620 648 4658 necesse
691 4608 775 4658 est
806 4620 820 4658 :
851 4605 986 4675 quia
1016 4604 1125 4659 hoc
1173 4621 1290 4659 non
1324 4605 1509 4658 solum
1540 4605 1609 4659 ad
1641 4605 1813 4675 hujus
1849 4620 1970 4658 mu-

270 4690 570 4758 nitionem,
623 4693 1002 4748 verumetiam
1035 4694 1105 4747 ad
1136 4693 1381 4748 aliorum
1429 4699 1651 4747 constat
1697 4694 1966 4746 emenda-

269 4778 484 4832 tionem
534 4781 831 4850 proﬁcere,
877 4788 939 4835 ut
988 4798 1297 4852 pravorum
1343 4781 1648 4836 hominum
1695 4797 1970 4852 praesum-

267 4867 390 4937 ptio
435 4869 581 4921 nihil
613 4870 684 4922 de
730 4876 937 4922 caetero
968 4875 1163 4923 contra
1208 4886 1501 4924 sacrorum
1541 4886 1826 4924 canonum
1856 4875 1972 4924 sta-

270 4961 393 5010 tuta
423 4957 509 5009 vel
551 4957 991 5012 ecclesiasticam
1018 4958 1383 5029 disciplinam
1414 4960 1532 5014 ullo
1566 4961 1737 5014 modo
1764 4960 1972 5016 habeat

268 5047 570 5099 attentare.

268 5149 395 5204 CAP.
468 5149 776 5203 CLXXXIII.
847 5179 915 5187 —
981 5149 1090 5204 Cur
1149 5152 1328 5204 sancti
1390 5151 1623 5218 apostoli
1685 5166 1971 5220 eorumque

337 5236 666 5274 successores
725 5220 994 5274 voluerint
1058 5220 1346 5289 difﬁcilem
1401 5235 1512 5275 esse
1576 5224 1970 5276 accusationem

339 5292 700 5345 sacerdotum.
804 5304 807 5308 ·

342 5398 453 5463 (Ea;
513 5398 710 5451 decret.
769 5397 1001 5451 Fabiani
1049 5414 1230 5468 papae,
1288 5398 1654 5453 Orientalibus
1708 5401 1971 5467 episcopis

271 5487 474 5547 missis,
533 5501 653 5553 cap.
714 5487 823 5551 19.)
885 5486 1043 5539 Talia
1099 5487 1416 5556 cogitantes
1483 5485 1663 5540 sancti
1727 5485 1973 5555 apostoli

275 5586 594 5639 eorumque
649 5587 1028 5642 successores,
1091 5574 1295 5644 spiritu
1352 5574 1453 5629 Dei
1505 5574 1734 5644 repleti,
1791 5574 1972 5629 malos

2083 3081 2298 3135 habent
2327 3097 2460 3134 eum
2492 3081 2590 3150 qui
2623 3081 2833 3150 dignus
2859 3079 3129 3133 exstiterit
3156 3095 3510 3148 promovere.

2082 3188 2211 3242 CAP.
2246 3187 2552 3242 CLXXXVI.
2593 3216 2661 3226 —
2716 3189 2782 3241 Ut
2837 3188 3081 3253 episcopo
3134 3188 3342 3238 vivente
3387 3187 3572 3240 nullus
3622 3203 3797 3256 super

2777 3258 3077 3310 ordinetur.

2152 3349 2260 3409 (Ea:
2286 3347 2474 3400 concil.
2531 3347 2802 3400 Avernen.
2854 3361 3000 3413 cap.,
3057 3343 3163 3412 l3.)
3217 3344 3284 3398 Ut
3314 3343 3507 3396 nullus
3553 3342 3792 3397 vivente

2081 3433 2352 3503 episcopo
2384 3433 2529 3485 alius
2576 3438 3003 3503 superponatur
3039 3437 3139 3485 aut
3168 3431 3643 3501 superordinetur
3673 3434 3796 3502 epi-

2080 3537 2306 3591 scopus,
2354 3521 2465 3574 nisi
2507 3521 2748 3575 forsitan
2781 3522 2840 3574 in
2885 3523 3008 3591 ejus
3054 3521 3244 3574 locum
3293 3536 3466 3591 quem
3517 3521 3790 3591 capitalis

2079 3611 2246 3680 culpa
2275 3610 2562 3679 dejecerit.

2080 3699 2206 3753 CAP.
2263 3699 2600 3754 CLXXXVII.
2652 3729 2722 3739 --
2777 3698 2929 3764 Quod
2983 3715 3088 3752 non
3146 3700 3303 3751 liceat
3357 3700 3603 3767 episcopo
3655 3714 3792 3752 suc-

2677 3785 2931 3824 cessorem
2961 3772 3171 3837 eligere.

2150 3860 2255 3928 (Ea:
2319 3860 2506 3913 concil.
2576 3860 2846 3927 Spalensi,
2915 3874 3034 3927 cup.
3109 3860 3180 3928 8.)
3251 3858 3595 3928 Episcopum
3663 3873 3790 3910 non

2078 3947 2248 4000 liceat
2304 3953 2435 4001 ante
2493 3947 2669 4001 ﬁnem
2717 3948 2848 4000 vitae
2904 3946 3081 4000 alium
3142 3947 3201 4000 in
3255 3949 3378 4000 loco
3435 3947 3791 4000 constituere

2079 4051 2485 4090 successorem.
2522 4036 2578 4089 Si
2629 4035 2760 4105 quis
2808 4042 3000 4089 autem
3047 4036 3153 4089 hoc
3199 4051 3478 4104 usurpare
3524 4038 3786 4087 tentave-

2078 4124 2173 4192 rit,
2207 4125 2338 4178 talis
2383 4123 2718 4178 constitutio
2749 4123 2912 4177 irrita
2955 4123 3083 4177 erit.
3119 4125 3242 4178 Non
3273 4140 3410 4194 ergo
3459 4123 3626 4176 aliter
3655 4122 3791 4176 fieri

2080 4219 2328 4283 oportet,
2384 4213 2489 4266 nisi
2518 4229 2650 4266 cum
2695 4212 2936 4265 consilio
2990 4217 3046 4266 et
3088 4212 3303 4282 judicio
3353 4211 3785 4281 episcoporum,

1993 4299 2037 4352 ι)
2077 4318 2177 4372 qui
2208 4306 2337 4372 post
2388 4301 2605 4354 exitum
2647 4299 3008 4370 praecessoris
3055 4303 3400 4369 potestatem
3447 4297 3665 4351 habent
3696 4297 3787 4350 di-

2077 4409 2256 4464 gnum
2287 4393 2520 4462 eligere.

2079 4482 2208 4536 CAP.
2259 4481 2620 4537 CLXXXVIII.
2665 4510 2736 4521 —
2784 4481 2937 4546 Quod
2982 4495 3252 4548 nusquam
3300 4493 3525 4532 canones
3582 4480 3783 4545 praci-

2143 4555 2306 4621 piant
2361 4558 2420 4605 ut
2473 4568 2572 4621 pro
2623 4553 2950 4614 zqritudine
3007 4554 3244 4620 episcopi
3297 4551 3440 4603 alius
3493 4550 3780 4621 succedat,

2149 4620 2200 4675 et
2237 4625 2447 4746 sitipse
2483 4639 2585 4692 pro
2641 4639 2742 4677 sua
2791 4624 3036 4676 molestia
3080 4623 3326 4690 petierit,
3373 4621 3615 4689 qualiter
3652 4620 3787 4688 ﬁeri

2149 4709 2296 4746 posst
2326 4735 2336 4746 .

2142 4709 2336 4761 possit.

2151 4782 2255 4849 (Ea:
2306 4783 2525 4848 registr.
2585 4781 2833 4848 Gregorii
2888 4795 3064 4849 papae,
3123 4780 3197 4833 ad
3252 4779 3570 4833 Anatolium
3630 4779 3784 4831 Con-

2078 4871 2514 4938 stantinopolim,
2563 4869 2898 4934 diaconum.)
2945 4869 3182 4939 Scripsit
3213 4869 3356 4921 mihi
3407 4867 3632 4920 dilectio
3682 4872 3786 4919 tua

2079 4972 2171 5010 me
2203 4957 2678 5011 reverendissimo
2727 4957 2890 5011 fratri
2938 4973 3067 5011 meo
3105 4955 3314 5010 Joanni
3361 4955 3565 5025 primae
3608 4955 3789 5008 Justi-

2079 5044 2267 5099 nianaz
2298 5045 2587 5114 episcopo,
2638 5061 2742 5114 pro
2783 5045 3126 5115 aegritudine
3172 5043 3376 5113 capitis
3415 5058 3588 5112 quam
3635 5042 3787 5111 pati-

2078 5138 2175 5188 tur
2204 5134 2538 5203 episcopum
2589 5134 2902 5203 praecipere
2935 5133 3162 5186 succedi
3196 5148 3210 5185 :
3243 5147 3318 5185 ne
3349 5132 3614 5196 fortasse,
3646 5131 3788 5186 dum

2079 5222 2334 5291 episcopi
2360 5222 2490 5290 jura
2537 5221 2739 5275 eadem
2771 5221 2969 5275 civitas
3002 5237 3116 5274 non
3146 5220 3372 5283 habeat,
3408 5219 3560 5289 quod
3600 5219 3778 5272 absit!

2079 5311 2152 5364 ab
2184 5311 2347 5364 hoste
2381 5311 2672 5381 depereat.
2722 5309 3006 5379 Equidem
3041 5325 3329 5381 nusquam
3361 5325 3606 5362 canones
3643 5325 3790 5378 prai-

2078 5399 2303 5468 cipiunt
2335 5403 2398 5451 ut
2425 5414 2530 5468 pro
2567 5398 2912 5468 aegritudine
2951 5398 3206 5468 episcopi
3255 5397 3560 5467 episcopus
3605 5413 3790 5451 succe-

2079 5487 2178 5542 dat
2204 5504 2216 5540 :
2251 5495 2308 5540 et
2333 5487 2570 5540 omnino
2599 5487 2882 5556 injustum
2914 5493 3000 5540 est
3030 5491 3113 5551 ut,
3145 5486 3192 5539 si
3231 5485 3496 5540 molestia
3526 5489 3788 5556 corporis

2079 5574 2269 5644 irruit,
2318 5575 2539 5630 honore
2587 5591 2691 5630 suo
2722 5578 2979 5645 privetur
3013 5580 3280 5646 aegrotus.
3329 5574 3438 5631 Sed
3477 5591 3788 5646 suggeren-
