4200 6376
269 332 362 385 605

268 453 398 507 dum
428 457 516 508 est
547 457 632 521 ut,
663 454 708 508 si
741 455 868 525 quis
897 455 959 510 in
996 454 1277 526 regimine
1307 461 1565 527 aegrotat,
1603 458 1957 530 dispensator
1985 460 2034 516 A

266 540 346 594 illi
396 542 527 595 talis
582 543 928 613 requiratur,
983 544 1081 614 qui
1116 544 1290 613 possit
1337 547 1460 613 ejus
1505 562 1699 599 curam
1729 563 1958 600 omnem

268 646 452 699 agere,
486 636 543 684 et
572 631 763 685 locum
786 632 940 686 illius
970 632 1031 686 in
1061 633 1340 702 regimine
1374 634 1652 700 Ecclesiae,
1693 635 1816 704 ipso
1845 652 1960 689 non

266 718 541 786 deposito,
601 736 957 786 conservare,
1014 726 1079 774 ut
1153 736 1341 791 neque
1400 723 1545 775 Deus
1596 722 1960 793 omnipotens

267 806 610 875 oﬁendatur,
662 823 849 878 neque
897 808 1092 861 civitas
1141 810 1398 878 neglecta
1447 825 1567 863 esse
1616 810 1957 869 inveniatur.

267 910 394 966 CAP.
460 911 762 984 CLXXXIX.
823 944 891 951 —
950 916 1022 966 De
1075 915 1412 968 Ariminensi
1479 918 1723 984 episcopo
1783 917 1962 972 dolore

335 985 531 1049 capitis
580 983 878 1047 laborante,
912 989 961 1037 et
990 985 1049 1037 in
1095 985 1211 1052 ejus
1244 986 1351 1038 loco
1393 986 1564 1038 altera
1580 983 1886 1054 subrogato.

337 1071 448 1134 (Ea:
477 1073 665 1138 regist.
701 1073 763 1126 S.
799 1073 960 1138 Greg.
990 1087 1169 1141 papae,
1204 1089 1324 1141 cap.
1354 1076 1500 1143 238.)
1533 1075 1785 1138 Qualiter
1817 1078 1962 1131 ordi-

267 1158 383 1210 nati
402 1175 433 1210 a
456 1158 619 1211 nobis
635 1159 966 1222 sacerdotis,
987 1160 1264 1229 corporis,
1284 1161 1415 1230 quia
1435 1169 1634 1215 notum
1654 1168 1755 1230 est,
1781 1164 1961 1235 impe-

265 1245 458 1299 diente
488 1247 774 1312 molestia,
807 1248 1185 1301 Ariminensis
1211 1249 1454 1302 Ecclesia
1473 1251 1742 1319 pastorali
1773 1252 1961 1307 hacte-

266 1350 374 1386 nus
426 1350 492 1387 ac
546 1335 879 1389 sacerdotali
937 1336 1009 1389 sit
1059 1336 1339 1406 regimine
1395 1338 1685 1407 destituta,
1743 1340 1962 1395 dudum

264 1421 590 1475 fraternitas
633 1414 821 1475 vestra
849 1424 1133 1492 cognovit.
1168 1424 1348 1487 Quem
1377 1425 1534 1488 dum,
1576 1427 1959 1482 habitatorum

264 1510 373 1562 loci
416 1509 568 1562 illius
606 1511 869 1579 precibus
900 1512 1171 1580 permoti,
1209 1513 1414 1581 saepius
1462 1514 1827 1569 hortaremur
1877 1522 1959 1582 ut,

260 1597 306 1649 si
338 1597 409 1650 de
459 1598 659 1650 eadem
706 1599 930 1668 capitis,
965 1616 1077 1669 qua
1126 1600 1505 1669 detinebatur,
1541 1603 1803 1657 molestia
1840 1620 1959 1658 me-

258 1685 539 1739 lioratum
569 1702 627 1739 se
654 1703 775 1740 esse
823 1688 1077 1753 sentiret,
1112 1689 1183 1742 ad
1240 1705 1425 1755 suam,
1476 1691 1784 1746 auxiliante
1821 1694 1956 1758 Deo,
1990 1729 2030 1782 Β

259 1778 646 1826 reverteretur
697 1775 1202 1846 Ecclesiamgqui,
1245 1777 1393 1829 datis
1432 1777 1695 1845 induciis,
1747 1779 1808 1833 in
1852 1780 1960 1834 hoc

259 1861 647 1931 quadriennio
692 1869 1064 1933 exspectatur.
1124 1863 1248 1933 Qui,
1283 1865 1419 1918 dum
1450 1866 1586 1918 cleri
1634 1868 1719 1920 vel
1751 1867 1960 1921 civium

260 1963 485 2018 nosque
514 1950 780 2017 precibus
820 1951 1186 2021 arguentium
1235 1952 1541 2008 instantius
1598 1955 1962 2009 hortaremur

256 2041 343 2100 ut,
380 2036 427 2088 si
460 2037 694 2105 valeret,
731 2055 861 2092 cum
907 2039 987 2092 eis
1026 2040 1332 2093 auxiliante
1378 2042 1619 2096 Domino
1660 2048 1958 2109 remearet,

254 2125 410 2178 datis
468 2126 691 2196 scriptis
743 2129 1160 2197 supplicatione
1216 2146 1317 2183 nos
1368 2132 1514 2201 petit
1561 2137 1644 2196 ut,
1701 2132 1836 2201 quia
1893 2133 1961 2186 ad

256 2214 527 2282 ejusdem
612 2216 871 2269 Ecclesiae
932 2218 1189 2288 regimen
1243 2219 1333 2271 vel
1388 2225 1779 2289 susceptorum
1837 2220 1963 2275 ofﬁ-

255 2303 440 2363 cium,
482 2318 585 2371 pro
618 2305 816 2358 eadem
849 2321 961 2375 qua
1013 2306 1300 2360 detinetur
1354 2308 1635 2373 molestia,
1670 2325 1963 2379 assurgere

254 2391 596 2443 nullatenus
633 2396 841 2461 posset,
878 2394 1138 2447 Ecclesia:
1163 2394 1273 2464 ipsi
1315 2394 1581 2448 ordinare
1631 2396 1963 2466 episcopum

253 2478 629 2531 deberemus.
685 2480 860 2544 Unde,
911 2481 1047 2550 quia
1094 2486 1425 2535 cunctarum
1472 2482 1851 2536 Ecclesiarum
1882 2483 1964 2537 in-

246 2565 461 2632 juncte
502 2582 602 2618 nos
630 2567 1029 2621 sollicitudinis
1070 2585 1203 2621 cura
1239 2569 1581 2637 constringit
1621 2586 1692 2622 ne
1752 2571 1963 2623 diutius

249 2653 425 2722 gregi
499 2654 754 2708 ﬁdelium
830 2656 974 2709 desit
1028 2656 1283 2710 custodia
1345 2658 1663 2725 pastoralis,
1731 2658 1962 2712 illorum

247 2740 536 2809 precibus
583 2743 871 2813 hujusque
902 2761 969 2797 ex
1017 2745 1106 2798 sui
1157 2745 1616 2814 impossibilitate
1667 2748 1959 2801 renuntia-

245 2827 417 2880 tione
457 2831 807 2898 compulsus,
851 2830 1029 2884 visum
1063 2832 1227 2885 nobis
1272 2838 1355 2885 est
1402 2832 1586 2885 eidem
1617 2833 1963 2887 Ariminensi

244 2916 532 2969 Ecclesize
590 2918 796 2971 debere
841 2918 1171 2989 episcopum
1223 2920 1519 2974 ordinari:
1573 2926 1649 2985 et,
1698 2922 1843 2974 datis
1896 2939 1963 2976 ex

237 3019 421 3057 more
456 3007 774 3074 praeceptis,
828 3008 1044 3061 clerum
1092 3008 1430 3079 plebemque
1471 3009 1724 3077 ejusdem
1774 3011 1957 3063 Eccle-
1994 3000 2033 3054 C

236 3092 345 3145 size
394 3108 517 3145 non
572 3093 894 3147 destitimus
951 3096 1259 3148 admonere
1304 3102 1584 3166 quatenus
1628 3098 1695 3149 ad
1753 3099 1961 3167 eligen-

237 3180 391 3233 dum
432 3180 545 3233 sibi
594 3182 905 3236 antistitem
936 3185 1204 3237 concordi
1234 3184 1555 3254 provisione
1600 3192 1956 3239 concurrant.

234 3269 578 3322 Hortamur
627 3286 763 3339 ergo
815 3276 879 3323 ut
905 3271 1231 3325 fraternitas
1260 3278 1444 3325 vestra
1477 3289 1608 3325 eum
1643 3274 1814 3342 qhem
1846 3290 1960 3327 uno

233 3372 544 3409 consensu
579 3374 776 3411 omnes
806 3358 1106 3429 elegerint,
1139 3361 1285 3412 sicut
1316 3369 1372 3413 et
1414 3360 1525 3430 ipsi
1572 3377 1604 3413 a
1649 3362 1812 3415 nobis
1850 3378 1962 3431 po-

234 3445 517 3514 poscisse
548 3451 879 3514 noscuntur,
912 3447 981 3500 ad
1017 3464 1075 3501 se
1118 3447 1287 3501 faciat
1316 3448 1555 3502 evocari.
1587 3449 1765 3511 Quem
1799 3455 1963 3502 cauta

238 3550 313 3586 ex
371 3533 657 3586 omnidus
687 3535 1106 3589 examinatione
1150 3536 1410 3589 discutite
1446 3552 1459 3589 :
1495 3540 1551 3589 et
1580 3537 1625 3589 si
1675 3553 1741 3590 ea
1781 3538 1839 3590 in
1870 3554 1961 3606 eo,

236 3638 382 3692 qua:
421 3621 487 3674 in
545 3627 815 3676 contextu
858 3624 1087 3692 eptatici
1124 3630 1313 3678 morte
1362 3625 1603 3677 multata
1659 3629 1809 3689 sunt,
1856 3626 1965 3679 mi-

236 3710 414 3762 nime
456 3710 705 3763 Domino
736 3711 950 3765 fuerint
978 3712 1295 3781 opitulante
1342 3718 1588 3782 reperta,
1617 3717 1787 3781 atque
1816 3712 1963 3766 ﬁde-

232 3800 393 3851 lium
432 3814 821 3866 personarum
870 3800 1144 3854 relatione
1194 3800 1316 3870 ejus
1360 3801 1516 3853 vobis
1564 3816 1794 3870 quoque
1850 3800 1963 3853 vita

231 3886 570 3955 placuerit,
624 3886 695 3938 ad
746 3902 847 3939 nos
885 3903 1017 3940 eum
1070 3902 1201 3940 cum
1253 3887 1465 3941 decreti
1510 3887 1721 3957 pagina
1769 3886 1960 3955 vestri,

227 3974 455 4028 addita
548 3989 778 4044 quoque
854 3975 1267 4029 testiﬁcatiunis
1340 3976 1601 4046 epistola,
1659 3975 1961 4042 destinate,

225 4068 557 4133 quatenus
604 4062 791 4115 eidem
824 4080 855 4115 a
902 4063 1063 4116 nobis
1115 4064 1401 4129 Ecclesiae,
1460 4064 1797 4132 disponente
1846 4064 1965 4116 Do—

220 4152 434 4217 mino,
485 4156 856 4203 consecretur
898 4152 1149 4206 antistes.

218 4257 369 4311 Car.
443 4256 601 4310 CXC.
661 4286 727 4295 —-
786 4259 860 4309 De
915 4260 1159 4325 episcopo
1207 4259 1305 4324 qui
1331 4273 1428 4324 per
1465 4256 1845 4323 inﬁrmitatem
1907 4258 1965 4309 in
2004 4271 2047 4324 ι)

682 4325 1050 4379 hebetudinem
1072 4331 1262 4381 mentis
1285 4329 1555 4382 inciderit.

298 4417 447 4481 (Ea:
472 4414 675 4468 consil.
720 4418 1004 4480 Arausic.,
1056 4431 1175 4484 cap.
1207 4416 1283 4485 2.)
1324 4417 1394 4469 Ut
1422 4415 1469 4467 si
1509 4415 1635 4485 quis
1665 4414 1966 4484 episcopus

213 4504 282 4559 in
317 4502 756 4558 inﬁrmitatem
807 4507 905 4555 aut
931 4502 990 4555 in
1038 4503 1289 4574 aliquam
1333 4503 1737 4557 hebetudinem
1768 4518 1965 4554 sensus

210 4591 551 4655 inciderit,
587 4594 689 4642 aut
718 4590 969 4644 ofﬁcium
1004 4591 1116 4644 oris
1148 4591 1424 4655 amiserit,
1454 4606 1521 4643 ea
1565 4606 1693 4660 quae
1747 4589 1964 4658 episco-

209 4683 311 4754 pis
346 4677 616 4751 operari
646 4679 1012 4744 conveniunt,
1046 4678 1441 4749 presbyterum
1476 4695 1645 4748 agere
1676 4693 1791 4731 non
1830 4693 1965 4748 per-

213 4771 460 4830 mittat,
513 4765 623 4817 sed
683 4765 1019 4835 episcopum
1078 4766 1179 4835 qui
1238 4766 1453 4819 vicinus
1505 4770 1588 4817 est
1641 4769 1823 4831 vocet,
1876 4763 1967 4816 cui

208 4859 381 4930 quod
419 4857 495 4910 in
550 4854 798 4907 Ecclesia
828 4854 1113 4924 agendum
1146 4854 1318 4907 fuerit
1366 4854 1640 4923 imponet.

205 4968 352 5020 Car.
405 4960 613 5017 CXCI.
651 4990 719 4998 —
747 4962 822 5013 De
852 4963 1098 5029 episcopo
1135 4962 1232 5028 qui
1269 4965 1492 5028 propter
1535 4959 1769 5012 dolorem
1816 4960 1963 5027 capi-

625 5033 695 5083 tis
720 5045 858 5098 sape
888 5033 943 5083 in
981 5033 1270 5084 amentiam
1306 5031 1610 5083 devenerat.

282 5127 404 5193 (Ea:
483 5118 695 5186 regist.
763 5132 884 5185 cap.
940 5120 1065 5185 233,
1129 5118 1203 5170 ad
1259 5119 1549 5172 Etherium
1617 5116 1965 5186 episcopum.)

198 5209 514 5276 Quamvis
556 5205 727 5259 triste
754 5204 923 5257 nobis
953 5206 1024 5258 sit
1054 5206 1215 5259 valde
1247 5206 1399 5275 quod
1441 5204 1752 5275 loquimur,
1794 5209 1965 5273 atque

198 5303 495 5355 fraterna
542 5309 663 5347 nos
717 5292 1111 5363 compassione
1160 5294 1347 5362 potius
1404 5298 1607 5363 urgeat
1661 5307 1833 5360 quam
1863 5291 1962 5344 ali-

198 5388 352 5460 quid
409 5386 494 5440 de
537 5379 764 5435 auditis
818 5380 1057 5434 deﬁnire
1088 5380 1424 5450 permittat:
1482 5379 1722 5449 suscepti
1773 5384 1964 5431 tamen

198 5473 587 5532 sollicitudo
650 5468 953 5538 regiminis
1008 5484 1106 5521 cor
1158 5474 1422 5521 nostrum
1483 5466 1720 5521 instanti
1774 5465 1965 5535 pulsat

197 5568 423 5622 aculeo
464 5572 771 5629 magnam
800 5571 906 5610 nos
955 5556 1216 5610 Ecclesiis
1251 5572 1446 5610 curam
1500 5553 1849 5626 prospicere,
1884 5559 1959 5619 et,

1255 335 1732 393 DECRETORUM
1774 338 1963 393 LIBRI
2000 338 2108 393 XX.
2152 366 2217 377 —
2257 338 2462 392 LIBER
2504 339 2777 393 PRIMUS.

3657 346 3760 399 606

2071 464 2377 531 antequam
2409 475 2604 514 earum
2635 459 2814 530 possit
2860 460 3075 514 utilitas
3122 460 3402 531 deperire,
3462 464 3596 534 quid
3633 466 3759 519 ﬁeri

2071 547 2274 601 debeat
2307 549 2419 601 Deo
2466 553 2697 601 auctore
2756 548 3077 616 disponere.
3140 550 3401 605 Pervenit
3462 553 3640 621 igitur
3688 554 3756 607 ad

2067 652 2192 703 nos,
2236 636 2578 707 quibusdam
2628 636 3026 698 referentibus,
3078 639 3385 707 quemdam
3434 640 3761 710 episcopum

2068 723 2146 776 ita
2204 723 2527 793 passionem
2583 724 2783 793 capitis
2838 724 3166 793 incurrisse,
3219 732 3297 792 ut,
3359 729 3513 796 quod
3572 733 3759 784 mente

2070 810 2314 863 alienata
2343 826 2510 881 agere
2573 812 2769 873 soleat,
2806 813 3051 881 gemitus
3094 818 3151 866 et
3201 814 3368 867 ﬂetus
3426 815 3622 869 audire
3667 817 3757 870 sit.

2070 896 2149 949 Ne
2182 912 2339 966 ergo,
2372 897 2679 967 languente
2720 904 2967 967 pastore,
3002 915 3157 967 grex,
3205 902 3357 970 quod
3391 901 3562 954 absit!
3620 903 3761 956 insi-

2070 978 2305 1037 diatoris
2332 985 2629 1038 laniandus
2661 985 2928 1038 dentibus
2978 996 3314 1056 exponetur,
3360 989 3446 1042 vel
3504 990 3761 1044 Ecclesia:

2068 1072 2246 1141 ipsius
2306 1074 2578 1127 utilitates
2630 1074 2960 1143 depereant,
3021 1079 3184 1128 cauta
3241 1093 3344 1129 nos
3402 1094 3628 1132 necesse
3678 1084 3763 1132 est

2070 1160 2386 1230 provisione
2420 1165 2674 1215 tractare.
2727 1163 2792 1214 Et
2830 1161 2980 1229 ideo,
3017 1163 3153 1232 quia
3202 1164 3483 1217 viventem
3546 1165 3759 1235 episco-

2069 1264 2209 1318 pum
2237 1250 2306 1302 ab
2350 1249 2535 1302 officio
2570 1265 2670 1301 suo
2716 1250 3018 1303 necessitas
3069 1250 3435 1317 inﬁrmitatis,
3488 1269 3604 1306 non
3654 1254 3761 1306 cri-

2072 1353 2223 1398 men,
2252 1336 2499 1402 abducit,
2527 1338 2701 1390 alium
2725 1337 2848 1390 loco
2869 1338 3010 1406 ejus,
3037 1338 3144 1391 nisi
3179 1346 3477 1393 recusante
3499 1357 3582 1403 eo,
3603 1342 3763 1394 nulla

2070 1424 2205 1477 sinit
2260 1426 2404 1478 ratio
2452 1425 2720 1478 ordinari.
2779 1425 2886 1478 Sed
2944 1426 2989 1478 si
3045 1426 3342 1480 intervalla
3406 1428 3763 1497 aegritudinis

2072 1512 2280 1566 habere
2310 1519 2393 1567 est
2415 1513 2634 1580 solitus,
2665 1513 2786 1582 ipse
2816 1514 2944 1566 data
2984 1514 3258 1583 petitione
3289 1532 3404 1569 non
3436 1532 3493 1569 se
3524 1516 3763 1569 ulterius

2070 1601 2141 1653 ad
2178 1600 2283 1653 hoc
2330 1601 2730 1666 ministerium,
2779 1601 3138 1655 subvertente
3194 1602 3546 1670 inﬁrmitate,
3597 1618 3763 1673 posse

2070 1689 2314 1741 fateatur
2356 1689 2682 1759 adsurgere,
2735 1693 2790 1742 et
2832 1689 3011 1742 alium
3048 1690 3167 1743 loco
3210 1708 3311 1743 suo
3354 1696 3582 1761 expetat
3609 1690 3761 1744 ordi-

2069 1777 2345 1830 nandum.
2405 1778 2524 1840 Quo
2584 1777 2724 1829 facto
2785 1776 3045 1830 omnium
3111 1778 3441 1832 solemniter
3487 1778 3763 1832 electione

2071 1865 2232 1930 alter,
2290 1863 2388 1933 qui
2444 1863 2651 1932 dignus
2706 1864 2896 1930 fuerit,
2961 1864 3258 1933 episcopus
3315 1866 3627 1935 ordinetur,
3684 1866 3765 1919 sic

2069 1956 2262 2005 tamen
2295 1956 2372 2015 ut,
2403 1967 2703 2020 quousque
2735 1952 3000 2004 eumdem
3032 1954 3361 2021 episcopum
3402 1954 3458 2006 in
3500 1954 3604 2007 hoc
3660 1971 3763 2008 sae-

2072 2039 2197 2092 culo
2228 2039 2340 2091 vita
2398 2039 2666 2105 tenuerit,
2701 2044 2962 2108 sumptus
3008 2039 3059 2092 ei
3090 2041 3260 2093 debiti
3306 2041 3375 2094 de
3427 2042 3625 2096 eadem
3668 2043 3764 2095 Ec-

2070 2127 2239 2180 clesia
2269 2126 2680 2180 ministrentur.
2718 2126 3016 2179 Enimvero
3068 2128 3115 2180 si
3164 2129 3321 2181 nullo
3370 2133 3629 2198 tempore
3694 2129 3765 2183 ad

2072 2231 2225 2269 sanae
2278 2215 2481 2268 mentis
2533 2215 2680 2268 redit
2718 2215 2988 2277 ofﬁcium,
3023 2232 3263 2286 persona
3294 2216 3477 2269 ﬁdelis
3521 2233 3584 2269 ac
3638 2217 3765 2269 vita:

2073 2309 2156 2356 est
2186 2303 2492 2373 probabilis
2551 2303 2830 2371 eligenda,
2896 2320 3020 2374 quae
3076 2303 3147 2357 ad
3197 2304 3453 2373 regimen
3510 2303 3765 2357 Ecclesiaa

2071 2391 2277 2445 idonea
2333 2391 2509 2461 possit
2558 2392 2799 2444 existere
2856 2398 3027 2460 atque
3059 2391 3127 2444 de
3167 2391 3489 2445 animarum
3525 2392 3765 2445 utilitate

2070 2481 2341 2549 cogitare,
2402 2479 2689 2549 inquietos
2722 2480 2825 2533 sub
2882 2480 3194 2549 disciplina:
3242 2480 3467 2533 vincula
3522 2479 3761 2533 restrin-

2072 2584 2224 2637 gere,
2278 2567 2786 2621 ecclesiasticarum
2840 2583 3032 2620 rerum
3080 2583 3273 2620 curam
3305 2583 3524 2637 gerere,
3558 2575 3614 2620 et
3644 2584 3764 2621 ma-

2070 2660 2265 2709 turum
2291 2660 2464 2724 atque
2512 2655 2797 2708 efﬁcacem
2828 2672 2885 2707 se
2923 2655 2984 2707 in
3030 2655 3296 2709 omnibus
3344 2656 3625 2709 exhibere.
3656 2656 3764 2720 Qui

2072 2744 2264 2809 etiam,
2288 2743 2555 2811 episcopo
2584 2742 2683 2813 qui
2707 2758 2857 2795 nunc
2885 2748 3124 2812 aegrotat
3153 2749 3461 2814 superstes,
3483 2745 3602 2797 loco
3641 2746 3762 2815 ejus

2070 2832 2273 2885 debeat
2304 2830 2644 2883 consecrari.

2072 2939 2198 2993 CAP.
2234 2936 2424 2991 CXCII.
2477 2967 2544 2976 —
2599 2939 2672 2990 De
2702 2938 2970 2989 restitutis
3029 2939 3289 3006 episcopis
3327 2954 3426 3007 per
3467 2940 3763 2993 Romanum

2753 3010 3075 3075 pontiﬁcem.

2142 3098 2245 3164 (Ea:
2273 3094 2464 3148 decret.
2519 3094 2668 3148 Βίωιί
2712 3109 2869 3161 papae
2918 3095 2961 3145 Il
3010 3094 3232 3159 fratrib.
3286 3110 3385 3162 per
3436 3097 3763 3164 Hispaniam

2070 3185 2373 3237 constitutis
2421 3183 2731 3245 commissis,
2774 3196 2891 3248 cap.
2947 3180 3023 3249 '7.)
3060 3182 3279 3234 Fratres
3308 3196 3439 3236 vero
3492 3199 3632 3251 quos
3691 3184 3759 3237 ti-

2072 3288 2229 3323 more
2256 3276 2484 3323 terreno
2514 3270 2723 3339 injuste
2763 3269 3071 3322 damnastis
3126 3270 3323 3323 scitote
3356 3287 3387 3322 a
3418 3272 3581 3323 nobis
3607 3273 3758 3341 juste

2071 3376 2191 3412 esse
2250 3360 2558 3411 restitutos.
2618 3357 2835 3422 Quibus
2888 3374 2955 3410 ex
2986 3357 3320 3411 auctoritate
3372 3358 3550 3412 sancti
3596 3361 3762 3435 Petri,

2070 3447 2376 3518 apostolica
2408 3446 2763 3510 auctoritate,
2797 3446 2990 3498 omnia
3026 3462 3154 3516 quae
3189 3447 3270 3499 eis
3308 3447 3494 3499 ablata
3524 3454 3656 3501 sunt
3682 3448 3764 3501 in-

2072 3535 2375 3605 tegerrime
2401 3534 2562 3587 reddi
2610 3534 2991 3603 praecipimus,
3029 3534 3076 3586 si
3109 3551 3225 3587 non
3274 3535 3443 3587 vultis
3483 3541 3539 3589 et
3574 3552 3670 3588 vos
3708 3542 3765 3589 et

2070 3624 2352 3694 principes
2389 3622 2558 3675 vestri
2590 3639 2623 3675 a
2647 3623 2885 3691 collegio
2919 3628 3111 3675 nostro
3156 3627 3211 3675 et
3260 3623 3535 3677 membris
3584 3624 3764 3677 Eccle-

2071 3713 2169 3766 sia:
2200 3710 2470 3780 separari.
2498 3712 2655 3765 Justo
2684 3710 2835 3764 enim
2854 3710 3071 3779 judicio
3099 3711 3198 3763 Dei
3226 3711 3394 3764 datur
3422 3713 3763 3782 plerumque

2072 3800 2458 3869 peccatoribus
2488 3805 2757 3869 potestas,
2791 3814 2904 3868 qua
2933 3804 3154 3851 sanctos
3193 3798 3371 3868 ipsius
3422 3815 3765 3869 persequan-

2073 3894 2189 3955 tur,
2220 3892 2282 3940 ut
2336 3886 2433 3957 qui
2488 3887 2688 3955 spiritu
2741 3886 3016 3955 juvantur
3059 3893 3114 3938 et
3166 3892 3415 3956 aguntur
3469 3886 3608 3940 ﬁant
3663 3904 3765 3957 per

2075 3976 2332 4028 laborum
2364 3974 2626 4027 exercitia
2646 3974 2930 4028 clariores.
2964 3974 3052 4027 Illi
3081 3980 3272 4028 tamen
3304 3975 3401 4044 qui
3432 3976 3541 4028 hoc
3562 3981 3758 4045 agunt,

2075 4066 2400 4117 nullatenus
2421 4064 2662 4115 evadent
2681 4079 2925 4132 puanam,
2953 4062 3107 4132 quia,
3132 4069 3196 4116 ut
3218 4062 3295 4116 ait
3326 4063 3596 4117 Dominus
3627 4080 3639 4117 :
3674 4065 3764 4117 Va:

2074 4152 2159 4205 illi
2199 4168 2302 4221 per
2333 4166 2505 4221 quem
2534 4150 2862 4203 scandalum
2894 4150 3064 4203 venit.
3103 4151 3183 4215 Et,
3236 4166 3567 4220 quanquam
3603 4152 3765 4220 juxta

2075 4240 2381 4295 Salvatoris
2432 4239 2772 4291 sententiam
2826 4254 3052 4290 necesse
3110 4238 3183 4291 sit
3230 4238 3422 4291 venire
3480 4238 3762 4305 scandala,

2076 4343 2155 4381 vae
2186 4332 2376 4380 tamen
2396 4342 2499 4397 per
2529 4342 2695 4397 quem
2731 4325 2993 4378 veniunt!
3030 4326 3105 4378 De
3131 4326 3363 4379 occultis
3389 4326 3559 4379 etiam
3581 4326 3763 4379 cordis

2073 4416 2247 4469 alieni
2274 4420 2485 4469 temere
2519 4414 2777 4484 judicare
2820 4418 3115 4482 peccatum
3173 4418 3273 4478 est,
3316 4418 3375 4466 et
3420 4429 3552 4467 eum
3602 4413 3764 4483 cujus

2072 4520 2189 4557 non
2220 4504 2487 4557 videntur
2516 4518 2688 4573 opera
2720 4501 2827 4555 nisi
2855 4502 3005 4554 bona
3034 4500 3299 4571 iniquum
3330 4506 3415 4553 est
3462 4517 3529 4554 ex
3579 4501 3763 4571 suspi-

2072 4592 2235 4645 cione
2285 4590 2743 4661 reprehendere:
2778 4604 2906 4643 cum
2954 4604 3153 4641 eorum
3203 4604 3331 4658 qua:
3378 4588 3597 4642 homini
3634 4594 3765 4642 sunt

2072 4679 2363 4747 incognita
2409 4679 2564 4731 solus
2614 4679 2759 4732 Deus
2810 4677 2983 4747 judex
3030 4675 3104 4729 sit
3139 4676 3329 4745 justus
3377 4676 3666 4746 inspector
3709 4682 3766 4731 et

2074 4783 2255 4819 verus.
2314 4768 2469 4820 Unde
2526 4766 2799 4836 scriptum
2857 4770 2984 4819 est:
3042 4766 3257 4817 Incerta
3289 4781 3405 4818 non
3442 4765 3763 4834 judicemus

2072 4855 2441 4925 quoadusque
2458 4854 2649 4907 veniat
2673 4853 2970 4919 Dominus,
2989 4853 3085 4923 qui
3109 4853 3767 4908 etilluminabitabscon-

2073 4944 2189 4997 dita
2240 4943 2629 5006 tenebrarum,
2663 4947 2718 4994 et
2768 4942 3157 4995 manifestabit
3202 4942 3439 4995 consilia
3482 4942 3759 4997 cordium.

2072 5032 2159 5099 Et,
2209 5029 2466 5101 quamvis
2507 5046 2636 5083 vera
2687 5029 2822 5095 sint,
2878 5047 2990 5083 non
3021 5035 3215 5084 tamen
3264 5030 3545 5083 credenda
3607 5035 3760 5091 sunt,

2072 5119 2182 5173 nisi
2212 5134 2340 5187 quae
2361 5116 2529 5171 certis
2556 5117 2784 5185 judiciis
2831 5118 3293 5187 comprobantur,
3328 5116 3437 5169 nisi
3469 5132 3595 5186 quae
3642 5132 3762 5170 ma-

2071 5208 2276 5260 nifesto
2317 5204 2535 5275 judicio
2566 5204 3004 5271 convincuntur,
3034 5206 3141 5258 nisi
3172 5220 3300 5274 qua:
3339 5203 3640 5272 judiciario
3670 5219 3761 5257 or-

2070 5295 2202 5347 dine
2248 5293 2627 5364 publicantur.
2693 5292 2888 5344 Nullus
2928 5308 3065 5361 ergo
3113 5295 3301 5360 potest
3346 5292 3597 5344 humano
3630 5307 3762 5344 con-

2070 5381 2329 5436 demnari
2368 5380 2651 5445 examine,
2691 5394 2860 5449 quem
2894 5381 3044 5432 Deus
3067 5395 3166 5430 suo
3190 5378 3410 5446 judicio
3436 5379 3754 5433 reservavit.

2072 5471 2200 5522 Haec
2237 5467 2428 5521 omnia
2459 5481 2823 5534 summopere
2880 5470 3011 5519 sunt
3060 5465 3452 5535 praecavenda,
3507 5482 3575 5519 ne
3610 5481 3754 5535 pra:-

2070 5562 2393 5627 sumptores
2423 5569 2543 5606 esse
2566 5553 2877 5606 videamur.
