3950 6412
294 395 392 446 607

1383 391 1560 446 BURC
1573 389 1784 445 HARDI
1823 389 2356 446 WORMACIENSIS
2399 388 2732 445 EPISCOPI.

3728 391 3834 442 608

296 514 426 568 CAP.
480 514 703 569 CXCIII.
755 542 828 554 —
874 515 942 568 Ut
987 513 1288 567 sacerdotes
1334 517 1568 576 Domini,
1620 517 1760 566 sicut
1805 516 1998 579 vulgus
2028 517 2074 567 Α
2113 514 2252 566 οωᾶί
2283 513 2592 568 crudeliter
2647 511 2890 567 fustibus
2953 511 3241 582 deputasti
3273 528 3446 583 quam
3507 512 3643 566 licet
3696 518 3834 583 post

327 590 508 652 facere
551 586 706 650 solet,
749 585 996 638 indicare
1041 590 1403 653 prasumant,
1435 587 1517 638 vel
1547 585 1959 652 compelluntur.

368 692 479 759 (Ea:
555 691 695 743 decr.
751 691 986 744 Cornelii
1048 690 1255 758 papae.)
1319 689 1745 743 Sacramentum
1807 696 1997 742 autem

291 780 564 834 hactenus
593 779 664 831 ab
695 778 982 848 episcopis
1004 783 1059 830 et
1091 778 1326 848 reliquis
1351 777 1649 831 ordinibus
1681 778 1851 846 exigi,
1883 778 1998 830 nisi

290 885 396 938 pro
429 867 542 921 fide
583 873 754 930 recta,
808 866 1048 920 minime
1079 866 1476 936 cognovimus,
1510 883 1613 918 nec
1657 874 1858 935 sponte
1901 882 1998 918 eos

284 957 508 1025 jurasse
563 956 904 1025 reperimus.
971 955 1347 1025 Summopere
1395 971 1532 1024 ergo
1572 961 1800 1008 sanctus
1837 955 1995 1008 Jaco-

291 1045 394 1098 bus
439 1045 735 1113 apostolus
785 1043 1098 1112 prohibens
1154 1049 1572 1096 sacramentum
1602 1044 1876 1114 loquitur,
1910 1043 1996 1097 di-

290 1149 422 1185 cens
456 1149 468 1186 :
502 1135 646 1185 Ante
675 1132 890 1195 omnia,
930 1131 1134 1185 fratres
1175 1131 1308 1196 mei,
1339 1132 1514 1184 nolite
1566 1133 1782 1200 jurare,
1811 1148 1996 1201 neque

291 1237 394 1292 per
423 1222 650 1284 ccelum,
684 1235 870 1290 neque
893 1236 994 1290 per
1026 1226 1263 1286 terram,
1293 1236 1480 1289 neque
1513 1237 1614 1289 per
1646 1219 1798 1274 aliud
1823 1220 1996 1291 quod-

291 1325 517 1378 cunque
546 1309 960 1378 juramentum.
1015 1308 1098 1361 Sit
1135 1313 1325 1361 autem
1386 1325 1572 1362 sermo
1623 1314 1824 1375 vester,
1881 1311 1993 1375 Est,

289 1403 393 1463 est,
432 1399 556 1451 Non
586 1413 598 1450 :
635 1401 698 1450 ut
726 1397 829 1450 sub
855 1397 1137 1467 judicium
1168 1413 1285 1450 non
1313 1397 1603 1450 decidatis.

295 1504 421 1557 CAP.
473 1503 701 1558 CXCIV.
756 1504 912 1556 ——De
959 1504 1202 1571 episcopo
1249 1505 1474 1557 sinistro
1506 1519 1719 1556 rumore
1756 1519 1994 1570 asperso,

389 1590 489 1642 per
538 1579 936 1627 sacramentum
975 1579 1155 1627 autem
1199 1579 1249 1626 et
1275 1581 1512 1642 purgato
1542 1580 1592 1627 et
1621 1576 1885 1627 absoluto.

362 1664 468 1726 (Ea:
497 1679 572 1716 re.
627 1662 700 1715 ad
751 1664 1024 1716 Justinum
1081 1664 1356 1730 imperat.,
1409 1678 1527 1730 cap.
1604 1663 1750 1731 I70.)
1817 1662 1996 1716 Habet

290 1749 398 1804 hoc
426 1750 726 1820 proprium
761 1749 982 1820 antiqui
1014 1749 1194 1802 hostis
1223 1750 1462 1814 invidia,
1499 1755 1562 1803 ut
1600 1767 1742 1820 quos
1775 1751 1832 1803 in
1865 1766 1993 1820 pra-

288 1855 490 1892 vorum
521 1844 753 1892 actuum
784 1838 1294 1908 perpetrationem,
1354 1840 1467 1891 Deo
1519 1837 1626 1891 sibi
1674 1839 1991 1904 resistente,

291 1927 554 1997 decipere
592 1943 712 1980 non
768 1927 937 1992 valet,
988 1926 1290 1996 opiniones
1320 1942 1518 1980 eorum
1559 1927 1700 1980 falsa
1745 1927 1814 1980 ad
1845 1943 1993 1996 pra:-

287 2033 417 2070 sens
459 2015 785 2070 simulando
834 2015 1126 2068 dilaceret.
1183 2015 1466 2079 Quoniam
1513 2015 1693 2084 igitur
1726 2017 1994 2085 quaedam

289 2109 487 2157 contra
535 2103 880 2156 sacerdotale
940 2102 1301 2172 propositum
1357 2103 1425 2155 de
1475 2103 1663 2156 Leone
1713 2104 1886 2157 fratre
1939 2107 1995 2156 et

287 2193 625 2262 coepiscopo
652 2197 846 2246 nostro
878 2191 1107 2245 sinister
1157 2207 1358 2244 rumor
1415 2196 1751 2262 asperserat,
1799 2197 1993 2246 utrum

287 2297 421 2334 vera
467 2286 676 2349 essent,
730 2279 983 2334 districta
1030 2279 1244 2333 diutius
1303 2279 1544 2333 fecimus
1617 2280 1992 2350 inquisitione

289 2369 573 2440 perquiri,
605 2374 656 2422 et
706 2369 925 2422 nullam
955 2368 1015 2422 in
1042 2384 1108 2421 eo
1138 2368 1206 2421 de
1237 2367 1326 2421 his
1380 2385 1509 2438 quae
1567 2368 1794 2422 fuerant
1845 2369 1994 2422 dicta

291 2458 519 2528 culpam
551 2457 896 2510 invenimus.
932 2455 1041 2510 Sed
1070 2472 1140 2508 ne
1172 2456 1328 2525 quid
1372 2456 1662 2509 videretur
1714 2457 1990 2509 omissum

290 2553 490 2600 nostro
545 2546 800 2616 potuisse
857 2544 1017 2598 cordi
1070 2545 1309 2598 dubium
1365 2560 1684 2613 remanere,
1727 2546 1794 2598 ad
1842 2545 1993 2598 beati

291 2635 445 2689 Petri
503 2633 946 2688 sacratissimum
991 2650 1200 2703 corpus
1226 2633 1482 2687 districta
1535 2650 1667 2686 eum
1695 2651 1762 2686 ex
1815 2635 1994 2688 abun-

289 2723 448 2776 danti
479 2723 718 2776 fecimus
750 2726 1104 2775 sacramenta
1135 2721 1412 2790 praebere.
1470 2721 1688 2784 Quibus
1720 2721 1990 2791 praestitis

292 2826 501 2880 magna
531 2826 728 2863 sumus
757 2809 1139 2863 exsultatione
1170 2809 1366 2879 gavisi,
1401 2810 1553 2879 quod
1594 2810 1993 2880 hujuscemodi

290 2898 616 2951 innocentia
649 2899 770 2968 ejus
800 2897 1094 2950 evidenter
1124 2896 1350 2950 enituit.
1404 2899 1510 2951 Pro
1543 2914 1656 2968 qua
1700 2914 1759 2950 re
1807 2898 1994 2967 gloria

288 2993 473 3042 vestra
526 2989 863 3058 praedictum
896 2987 1081 3041 virum
1119 3003 1248 3041 cum
1298 2988 1455 3041 omni
1502 2987 1778 3042 charitate
1808 2987 1988 3040 susci-

2111 608 2236 654 octo
2280 619 2525 666 menses,
2569 601 2772 654 exinde
2804 601 3044 654 minime
3093 601 3441 654 arbitremur
3487 601 3666 654 fuisse
3727 601 3827 653 de-

2107 690 2386 754 functam,
2439 695 2630 742 tamen
2705 689 2843 760 quia
2893 688 3113 741 ordinis
3162 688 3246 740 tui
3310 688 3522 742 habere
3582 689 3828 741 noluisti

2108 785 2451 848 respectum,
2483 785 2791 847 propterea
2823 778 3044 829 duobus
3079 782 3134 829 te
3166 777 3460 829 mensibus
3509 776 3580 829 ab
3633 777 3825 828 admi-

2109 868 2446 921 nistratione
2468 869 2768 921 missarum
2795 867 3101 920 statuimus
3131 867 3437 919 abstinere.
3482 867 3546 919 In
3581 866 3822 936 quibus,

2105 957 2176 1009 ab
2221 957 2408 1010 ofticio
2465 962 2565 1010 tuo
2617 971 2978 1026 suspensum,
3032 954 3167 1008 flere
3226 959 3280 1006 te
3337 955 3605 1007 convenit
3663 954 3820 1025 quod

2105 1043 2306 1098 fecisti.
2357 1046 2495 1098 Nam
2535 1044 2697 1098 valde
2743 1045 2983 1113 dignum
3034 1049 3118 1096 est
3153 1047 3233 1104 ut,
3278 1048 3584 1113 postquam
3637 1049 3694 1095 te
3751 1043 3822 1095 ad

2107 1133 2236 1187 vitae
2296 1133 2462 1186 istius
2519 1133 2889 1203 tranquillam
2955 1132 3356 1184 rectitudiuem
3430 1131 3820 1183 laudabilium

2105 1223 2463 1275 sacerdotum
2496 1222 2759 1290 exempla
2799 1237 2912 1273 non
2971 1225 3304 1291 provocant,
3366 1221 3566 1273 saltem
3621 1236 3817 1273 corre-

2105 1309 2312 1363 ctionis
2341 1309 2623 1362 medicina
2650 1309 2971 1378 compellat.

2107 1416 2216 1469 CAP
2241 1416 2462 1469 CXCVI.
2508 1445 2568 1453 —
2624 1418 2698 1468 De
2757 1415 3002 1481 episcopo
3047 1429 3146 1482 per
3195 1417 3537 1467 sacramenta
3572 1417 3817 1482 purgato

2779 1488 2828 1536 et
2867 1485 3127 1537 absoluto.

2178 1576 2286 1643 (Ea:
2328 1590 2442 1642 reg.
2497 1573 2571 1626 ad
2599 1573 2985 1628 Brunihildam
3013 1575 3259 1638 reginam
3290 1573 3644 1638 Francorum,
3684 1587 3809 1640 cap.

2110 1666 2255 1731 132.)
2285 1663 2506 1716 Menam
2557 1677 2690 1714 vero
2739 1661 3280 1714 reverendissimuui
3331 1661 3563 1713 fratrem
3608 1661 3813 1728 coepi-

2107 1767 2456 1822 scopumque
2496 1756 2778 1814 nostrum,
2823 1756 3149 1820 postquam,
3199 1766 3262 1801 ea
3298 1765 3425 1819 qua
3459 1749 3528 1802 de
3561 1765 3630 1800 eo
3661 1748 3815 1801 dicta

2104 1841 2329 1894 fuerant
2361 1839 2734 1908 requirentes,
2765 1837 2824 1890 in
2872 1837 3029 1890 nullo
3071 1837 3398 1890 invenimus
3451 1852 3572 1888 esse
3621 1837 3816 1906 culpa-

2105 1930 2312 1983 bilem:
2371 1929 2470 1997 qui
2501 1928 2736 1996 insuper
2791 1927 2862 1980 ad
2893 1926 3342 1980 sacratissimum
3387 1942 3596 1996 corpus
3657 1925 3816 1978 beati

2105 2016 2253 2070 Petri
2315 2015 2557 2086 apostoli
2607 2017 2712 2068 sub
2747 2015 3126 2086 jurejurando
3176 2014 3546 2078 satisfaciens,
3589 2013 3662 2066 ab
3725 2013 3815 2066 his

2105 2121 2233 2175 qum
2276 2105 2497 2173 objecta
2536 2104 2657 2174 ejus
2707 2102 2970 2173 Opinioni
3026 2102 3254 2156 fuerant
3283 2118 3340 2155 se
3388 2102 3813 2155 demonstravit

2104 2195 2401 2247 alienum:
2467 2192 2674 2245 reverti
2733 2192 2896 2244 illum
2976 2196 3284 2260 purgatum
3363 2191 3816 2258 absolutumque

2100 2282 2470 2352 permisimus
2503 2297 2516 2334 :
2548 2280 2702 2351 quia,
2733 2280 2879 2332 sicut
2909 2279 3150 2349 dignum
3183 2283 3303 2332 erat
3337 2284 3414 2345 ut,
3449 2279 3495 2331 si
3528 2279 3588 2331 iu
3615 2278 3815 2348 aliquo

2101 2387 2233 2424 reus
2263 2369 2550 2436 existeret,
2612 2368 2838 2438 culpam
2891 2367 2949 2420 in
3007 2383 3074 2420 eo
3126 2367 3395 2420 canonice
3445 2365 3814 2436 puniremus,

2099 2459 2180 2512 ita
2205 2458 2447 2528 dignum
2475 2472 2592 2510 non
2640 2457 2746 2508 fuit
2776 2462 2839 2507 ut
2888 2471 3041 2519 eum,
3089 2456 3392 2524 adjuvante
3453 2455 3815 2521 innocentia,

2101 2547 2320 2601 diutius
2350 2545 2611 2607 retinere,
2639 2545 2722 2597 vel
2757 2543 3008 2612 afﬂigere
3037 2545 3095 2596 in
3127 2545 3320 2613 aliquo
3369 2543 3737 2597 deberemus.

2101 2654 2230 2708 CAP.
2282 2652 2527 2706 CXCVII.
2575 2680 2649 2692 —
2696 2651 2939 2716 Qualiter
2984 2664 3144 2704 senex
3195 2653 3473 2718 episcOpus
3504 2651 3816 2715 corripien-

2172 2724 2274 2776 dus
2345 2728 2435 2787 sit,
2519 2722 2781 2792 quomodo
2845 2721 2978 2774 mali
3023 2722 3139 2788 ejus
3207 2723 3511 2775 consiliarii
3594 2736 3812 2774 excom-

2171 2794 2506 2847 municandi.

2173 2900 2276 2965 (Em
2298 2916 2410 2966 reg.
2442 2914 2556 2966 cap.
2594 2900 2703 2963 3³7.)
2754 2897 3093 2951 Praedicator
3123 2896 3540 2966 omnipotentis
3576 2895 3812 2949 Domini

2102 2989 2310 3042 Paulus
2355 2987 2643 3056 apostolus
2693 2985 2873 3038 dicit:
2925 2985 3216 3039 Seniorem
3287 3002 3356 3037 ne
3396 2985 3809 3053 increpaveris.

292 3077 430 3147 piat,
461 3076 838 3130 reverentiam
866 3076 918 3129 ei
945 3077 1173 3146 qualem
1203 3076 1482 3129 sacerdoti
1514 3077 1672 3130 decet
1703 3077 1988 3141 exhibeat,
2026 3066 2066 3119 (Σ
2103 3076 2210 3130 Sed
2235 3076 2354 3129 haec
2381 3076 2503 3144 ejus
2535 3075 2736 3144 regula
2767 3073 2826 3127 in
2865 3090 2932 3127 eo
2967 3073 3311 3126 reservanda
3343 3078 3444 3139 est,
3474 3090 3603 3126 cum
3637 3073 3812 3142 culpa

294 3181 397 3218 nec
443 3165 706 3236 quaedam
762 3164 1031 3218 cordibus
1091 3169 1386 3218 remaneat
1416 3165 1484 3217 de
1538 3165 1626 3217 his
1687 3180 1814 3234 quae
1870 3164 1989 3234 jam

291 3259 422 3307 sunt
454 3258 699 3322 purgata
731 3252 1013 3306 dubietas.
1052 3253 1114 3305 Et
1147 3251 1223 3305 ita
1274 3251 1663 3321 suprascripto
1715 3269 1812 3304 vos
1866 3252 1990 3322 epi-

293 3357 466 3411 scopo
493 3340 860 3394 devotissime
894 3343 1122 3410 oportet
1158 3340 1218 3392 in
1255 3339 1524 3392 omnibus
1572 3339 1885 3404 adhzerere,
1932 3344 1994 3392 ut

291 3445 544 3498 congrue
565 3429 948 3499 decenterque
975 3430 1152 3482 Deum
1173 3428 1232 3481 in
1254 3428 1377 3498 ejus
1398 3443 1640 3497 persona
1661 3427 1991 3494 videamini,

292 3519 454 3588 cujus
480 3518 741 3571 minister
768 3521 872 3582 est,
905 3517 1209 3570 honorare.

507 3623 700 3678 CXCV.
787 3624 1125 3680 -—Correctio
1191 3624 1428 3692 episcopi
1490 3623 1590 3692 qui
1644 3622 1993 3676 concubinam

1025 3693 1236 3748 habuit.

363 3784 476 3851 (Em
501 3799 612 3850 reg.
660 3784 916 3850 Gregorii
968 3798 1127 3851 papae
1175 3782 1249 3835 ad
1278 3782 1557 3836 Andream
1615 3783 1846 3850 episcop.
1893 3782 1991 3834 Ταρ

287 3875 487 3926 rentin.
549 3887 668 3940 cap.
725 3871 863 3941 179.)
894 3870 1167 3925 Tribunal
1233 3870 1442 3940 judicis
1518 3869 1717 3923 aeterni
1761 3883 1992 3921 securus

285 3959 522 4028 aspiciet
573 3957 853 4028 quisquis,
933 3963 1124 4011 reatus
1181 3957 1266 4010 sui
1318 3957 1596 4020 conscius,
1656 3957 1832 4025 digna
1858 3971 1992 4008 eum

291 4046 463 4100 modo
516 4045 852 4115 pmnitentia
917 4045 1141 4114 placare
1215 4045 1521 4097 contendit.
1599 4043 1870 4096 Habuisse
1936 4047 1991 4095 te

291 4132 577 4203 siquidem
602 4131 978 4185 concubinam
1002 4130 1302 4183 manifesta
1324 4131 1559 4182 veritate
1581 4129 1988 4198 comperimus,

291 4223 361 4276 de
391 4238 503 4292 qua
534 4220 705 4274 etiam
737 4218 1018 4273 contraria
1041 4224 1125 4271 est
1152 4217 1498 4289 quibusdam
1539 4222 1670 4272 nata
1718 4217 1987 4287 suspicio.

291 4309 421 4376 Sed,
455 4307 592 4380 quia
631 4308 690 4361 in
744 4307 913 4360 rebus
960 4307 1246 4376 ambiguis
1287 4307 1614 4360 absolutum
1661 4322 1773 4359 non
1823 4305 1991 4358 debet

291 4414 412 4453 esse
457 4396 763 4468 judicium,
821 4396 929 4450 hoc
960 4399 1073 4448 tuae
1104 4395 1466 4448 conscientia:
1513 4393 1793 4463 elegimus
1839 4410 1988 4446 com-

289 4485 650 4541 mittendum.
680 4485 801 4548 Qua
834 4485 903 4538 de
936 4500 996 4538 re
1027 4483 1092 4550 si,
1127 4484 1185 4537 in
1219 4500 1376 4536 sacro
1398 4483 1596 4537 ordine
1627 4484 1988 4545 constitutus,

291 4574 414 4644 ejus
439 4579 494 4627 te
536 4573 917 4644 permixtione
969 4588 1091 4626 esse
1137 4572 1338 4626 recolis
1387 4573 1757 4632 maculatum,
1807 4587 1990 4624 sacer-

290 4661 429 4714 dotii
459 4661 679 4714 honore
722 4661 1002 4730 deposito,
1036 4661 1104 4714 ad
1149 4660 1591 4713 ministrandum
1632 4661 1790 4713 nullo
1823 4659 1992 4712 modo

291 4765 604 4819 praesumas
635 4749 921 4810 accedere,
963 4749 1206 4802 sciturus
1236 4748 1295 4802 in
1327 4748 1534 4802 anima-3
1582 4753 1696 4802 tua:
1738 4748 1993 4817 periculo

292 4835 638 4903 ministrare,
678 4841 734 4888 et
783 4837 892 4890 Deo
935 4843 1129 4890 nostro
1159 4843 1214 4889 te
1244 4837 1366 4890 sine
1401 4836 1573 4892 dubio
1621 4837 1857 4891 reddere
1910 4853 1996 4890 ra-

292 4922 526 4983 tionem,
547 4923 612 4989 si,
648 4923 977 4992 hujusmodi
1008 4925 1236 4976 sceleris
1263 4925 1541 4991 conscius,
1591 4925 1649 4978 in
1689 4941 1756 4978 eo
1788 4941 1902 4994 quo
1935 4941 1994 4978 es

292 5011 516 5076 ordine,
552 5010 741 5063 celans
788 5011 1106 5072 veritatem,
1137 5027 1476 5082 permanere
1518 5013 1784 5067 volueris.
1839 5013 1995 5068 Unde

293 5101 504 5154 iterum
538 5099 910 5152 adhortamur
942 5104 1026 5166 ut,
1059 5100 1107 5152 si
1141 5107 1193 5153 te
1226 5101 1527 5171 deceptum
1572 5102 1752 5154 hostis
1774 5099 1996 5169 antiqui

292 5187 602 5242 calliditate
675 5185 985 5255 cognoscis,
1060 5188 1408 5256 competenti
1473 5204 1604 5241 eum
1664 5189 1800 5241 dum
1868 5188 1998 5240 licet

296 5275 628 5347 pcenitentia
671 5290 944 5344 superare
970 5274 1242 5328 festines:
1274 5291 1342 5327 ne
1381 5291 1512 5328 cum
1563 5291 1628 5327 eo
1687 5276 1990 5344 particeps,

295 5364 445 5434 quod
474 5381 584 5417 non
617 5368 882 5434 optamus
925 5361 1008 5428 ,in
1051 5361 1142 5416 die
1176 5361 1382 5432 judicii
1431 5363 1742 5432 deputeris.
1773 5363 1829 5417 Si
1860 5379 1993 5416 vero

294 5452 464 5520 hujus
511 5459 696 5506 reatus
742 5452 845 5506 tibi
878 5451 1136 5505 conscius
1176 5467 1289 5504 non
1338 5469 1416 5515 es,
1448 5450 1508 5504 in
1550 5469 1616 5503 eo
1663 5457 1718 5505 te
1769 5467 1995 5506 necesse

298 5544 382 5591 est
431 5556 545 5608 quo
595 5556 655 5592 es
703 5541 904 5593 ordine
953 5555 1315 5610 permanere.
1359 5541 1665 5604 Praeterea,
1717 5539 1991 5608 quoniam

299 5625 596 5676 mulierem
653 5627 721 5677 de
773 5628 1086 5682 matriculis
1141 5631 1338 5680 contra
1385 5627 1644 5681 ordinem
1695 5626 1997 5680 sacerdotii

293 3625 421 3678 CAP.

2020 4313 2277 4396 Dsiouis
2358 4311 2513 4365 illius
2589 4310 2876 4363 eradicare

2103 3163 2346 3218 senioris
2377 3164 2638 3231 exemplo
2673 3178 2774 3214 suo
2822 3178 2934 3214 non
2986 3161 3162 3215 trahit
3200 3161 3268 3214 ad
3301 3161 3599 3214 interitum
3633 3162 3812 3214 corda

2098 3252 2416 3323 juniorum.
2457 3250 2559 3305 Ubi
2590 3255 2781 3304 autem
2821 3251 3015 3303 senior
3038 3250 3348 3321 juvenibus
3370 3252 3705 3320 exemplum
3739 3252 3811 3304 ad

2103 3340 2401 3396 interitum
2447 3339 2684 3408 praabet,
2746 3338 3003 3392 districta
3065 3338 3456 3408 increpatione
3512 3339 3814 3392 feriendus

2103 3436 2206 3482 est.
2239 3430 2378 3482 Nam
2407 3428 2681 3497 scriptum
2715 3433 2836 3480 est:
2869 3427 3127 3496 Laqueus
3151 3426 3432 3496 juvenum
3455 3443 3658 3480 omnes
3681 3443 3806 3480 Vos.

2106 3519 2170 3572 Et
2208 3533 2434 3570 rursum
2465 3516 2746 3586 propheta
2773 3515 2912 3568 dicit
2947 3532 2960 3568 :
2997 3516 3060 3568 Et
3107 3521 3372 3585 peccator
3418 3522 3655 3568 centum
3707 3532 3808 3568 an-

2103 3622 2306 3660 norum
2333 3604 2671 3658 maledictus
2697 3609 2798 3656 est.
2823 3605 3001 3657 Tanta
3023 3608 3216 3658 autem
3249 3603 3507 3674 nequitia
3537 3603 3604 3656 ad
3637 3620 3813 3658 aures

2102 3710 2258 3748 meas
2287 3693 2356 3745 de
2387 3697 2484 3744 tua
2521 3695 2806 3744 senectute
2845 3692 3127 3760 pervenit,
3159 3697 3224 3744 ut
3264 3707 3412 3756 eam,
3464 3691 3576 3743 nisi
3615 3691 3811 3746 adhuc

2102 3783 2434 3837 humanitus
2472 3796 2866 3850 pensaremus,
2901 3779 3014 3833 ﬁxa
3044 3780 3164 3848 jam
3217 3778 3616 3832 maledictione
3669 3780 3808 3832 frri-

2101 3887 2313 3925 remus.
2354 3869 2573 3923 Dictum
2607 3868 2822 3939 quippe
2871 3867 3013 3921 mihi
3052 3873 3136 3920 est
3175 3867 3327 3936 quod
3378 3866 3811 3922 Dominicorum

2101 3959 2213 4020 die,
2256 3960 2591 4029 priusquam
2641 3958 2945 4010 missarum
2996 3955 3272 4008 solemnia
3327 3955 3670 4020 celebrares,
3735 3958 3810 4008 ad

2101 4046 2443 4101 exarandam
2496 4060 2742 4098 messem
2805 4043 3002 4098 latoris
3049 4043 3418 4114 praesentium
3479 4045 3810 4113 perrexisti,

2103 4141 2230 4205 post
2269 4133 2654 4188 exarationem
2683 4132 2804 4202 ejus
2847 4133 3147 4186 missarum
3176 4131 3454 4185 solemnia
3481 4131 3810 4186 celebrasti.

2105 4227 2237 4279 Post
2290 4223 2592 4276 missarum
2648 4222 2948 4286 solemnia,
3010 4221 3184 4273 etiam
3244 4220 3523 4273 terminos
3580 4237 3812 4290 posses-

2970 4308 3209 4362 minime
3286 4308 3550 4362 timuisti.
3643 4309 3813 4372 Quod

2097 4402 2308 4456 factum
2341 4415 2470 4470 quae
2521 4415 2689 4470 paena
2738 4398 2936 4454 debuit
2977 4399 3222 4467 insequi,
3286 4413 3485 4450 omnes
3545 4397 3649 4468 qui
3704 4415 3813 4452 au-

2102 4491 2270 4544 diunt
2317 4489 2524 4540 sciunt.
2581 4486 2746 4541 Dubii
2795 4491 2989 4540 autem
3039 4486 3108 4539 de
3182 4491 3343 4538 tanta
3415 4485 3518 4538 hac
3576 4501 3810 4554 perver-

2101 4579 2264 4632 sitate
2317 4578 2630 4641 fueramus,
2692 4575 2787 4627 sed
2847 4575 2998 4628 ﬁlius
3042 4580 3236 4627 noster
3297 4573 3563 4642 Cyriacus
3631 4574 3809 4628 abbas

2101 4684 2136 4721 a
2199 4665 2363 4719 nobis
2432 4663 2762 4734 requisitus,
2828 4663 2965 4716 dum
3041 4668 3190 4715 esset
3257 4661 3524 4727 choralis,
3597 4663 3676 4716 ita
3750 4680 3807 4716 se

2101 4753 2434 4825 cognovisse
2473 4751 2782 4820 perhibuit.
2843 4751 2907 4804 Et
2935 4751 3073 4821 quia
3115 4750 3302 4803 adhuc
3343 4750 3498 4802 canis
3531 4751 3648 4803 tuis
3684 4769 3810 4820 par-

2101 4842 2305 4904 cimus,
2339 4841 2657 4904 hortamur,
2690 4839 3003 4908 aliquando
3035 4838 3319 4908 resipisce,
3354 4854 3546 4900 senex,
3581 4846 3757 4909 atque
3778 4858 3809 4893 a

2102 4936 2262 4984 tanta
2299 4930 2528 4983 levitate
2571 4943 2798 4981 morum
2830 4931 2885 4981 et
2935 4942 3176 4997 operum
3231 4926 3598 4995 perversitate
3648 4944 3807 4980 com-

2103 5034 2352 5090 pescere.
2390 5016 2614 5081 Quanto
2666 5015 2838 5069 morti
2885 5015 3124 5068 vicinior
3180 5014 3441 5081 efticeris,
3490 5021 3648 5067 tanto
3683 5016 3806 5069 ﬁeri

2104 5099 2396 5153 sollicitior
2447 5104 2616 5167 atque
2665 5097 2928 5152 timidior
2970 5099 3160 5152 debes.
3228 5100 3291 5152 Et
3347 5098 3582 5168 quidem
3639 5114 3810 5167 poma

2103 5187 2400 5240 sententiae
2435 5187 2492 5239 in
2525 5192 2579 5240 te
2607 5186 2794 5240 fuerat
2844 5186 3172 5256 jaculanda,
3209 5186 3328 5253 sed,
3373 5188 3507 5255 quia
3536 5187 3811 5256 simplici-

2103 5280 2278 5329 tatem
2311 5280 2465 5328 tuam
2525 5291 2654 5328 cum
2710 5281 3002 5328 senectute
3045 5274 3329 5340 novimus,
3375 5273 3608 5326 interim
3667 5280 3814 5326 tace-

2105 5380 2250 5417 mus.
2290 5365 2393 5417 Eos
2422 5379 2555 5416 vero
2587 5380 2834 5433 quorum
2865 5363 3112 5417 consiliis
3136 5363 3256 5416 haec
3287 5362 3470 5432 egisti,
3505 5363 3562 5414 in
3586 5362 3814 5414 duobus

2105 5452 2398 5504 mensibus
2429 5451 2953 5504 excommunicatos
3011 5468 3130 5503 esse
3165 5450 3550 5510 decernimus,
3610 5450 3694 5502 ita
3755 5453 3816 5503 ut

2107 5539 2154 5592 si
2185 5539 2323 5609 quid
2355 5539 2436 5592 eis
2488 5541 2637 5593 intra
2686 5541 2935 5596 duorum
2969 5538 3250 5592 mensium
3300 5538 3544 5609 spatium
3607 5539 3812 5592 huma-

2108 5627 2262 5680 nitus
2292 5627 2564 5693 evenerit,
2617 5628 3018 5682 benedictione
3070 5626 3258 5680 viatici
3315 5643 3431 5680 non
3486 5625 3809 5696 priventur.
