4200 6394
286 380 385 431 609

1281 379 1749 437 DECRETORUM
1795 384 1982 437 LIBRI
2018 383 2125 437 ΧΧ.
2160 412 2227 420 -
2260 382 2471 437 LIBER
2513 382 2788 437 PRIMUS.

3675 395 3777 446 610

284 502 563 571 Deinceps
597 508 789 555 autem
827 502 896 555 ab
931 517 1130 555 eorum
1171 502 1424 555 consiliis
1463 508 1660 556 cautus
1692 503 1888 569 existe,
1916 510 1971 557 te
2004 507 2043 558 A
2089 504 2321 574 propria
2360 503 2621 573 judicare
2670 511 3038 573 praesumant,
3085 514 3184 561 aut
3225 512 3610 566 truncationes
3653 514 3777 583 qui-

284 606 515 660 quoque
566 592 808 643 sollicite
839 589 1099 643 custodi:
1146 606 1216 641 ne
1265 590 1333 651 si,
1380 589 1460 642 eis
1507 590 1563 643 in
1611 592 1760 643 malo
1808 593 1980 647 disci-

283 680 447 747 pulus
481 678 660 731 fueris
712 678 920 747 quibus
953 678 1227 747 magister
1277 678 1335 730 in
1367 678 1516 731 bono
1560 695 1680 732 esse
1713 680 1979 744 debuisti,

282 781 383 818 nec
442 766 800 836 simplicitati
856 770 990 831 tuae,
1052 764 1156 819 nec
1227 767 1469 821 ulterius
1525 767 1799 821 senectuti
1850 784 1977 838 par-

283 870 500 907 camus.

423 958 557 1027 Cap.
595 957 861 1012 CXCVIII.
892 988 959 997 -—
988 959 1071 1010 De
1097 963 1423 1026 purgatione
1450 960 1638 1012 Leonis
1656 974 1832 1027 papa.

350 1048 760 1110 (Juramentum
789 1047 975 1099 Leonis
1022 1045 1224 1115 papae).
1268 1047 1563 1112 Auditum,
1618 1049 1816 1099 fratres
1845 1047 1973 1101 cha-

281 1134 517 1201 rissimi,
556 1141 613 1186 et
639 1134 997 1203 divulgatum
1028 1141 1113 1187 est
1166 1150 1268 1203 per
1317 1137 1497 1187 multa
1545 1136 1684 1201 loca,
1733 1138 1978 1205 qualiter

281 1222 547 1274 homines
598 1222 733 1275 mali
784 1224 1083 1275 adversum
1139 1238 1229 1275 me
1270 1222 1719 1290 insurrexerunt,
1746 1228 1801 1276 et
1831 1224 1973 1277 dila—

280 1315 397 1362 tare
426 1312 756 1374 voluerunt,
781 1315 836 1362 et
860 1310 1138 1363 miserunt
1161 1326 1333 1379 super
1364 1326 1453 1363 me
1485 1312 1676 1379 gravia
1714 1310 1971 1366 crimina.

278 1400 517 1467 Propter
549 1414 721 1467 quam
763 1414 991 1451 causam
1045 1398 1149 1450 iste
1198 1398 1674 1451 clementissimus
1711 1415 1775 1451 ac
1824 1414 1975 1451 sere-

278 1486 551 1539 nissimus
576 1486 846 1538 dominus
881 1502 975 1538 rex
1012 1487 1245 1541 Carolus
1277 1503 1390 1539 una
1418 1502 1547 1539 cum
1590 1486 1975 1540 sacerdotibus

277 1580 331 1626 et
376 1573 751 1642 optimatibus
782 1573 898 1625 suis
947 1574 1111 1626 istam
1157 1574 1415 1642 pervenit
1463 1574 1532 1626 ad
1582 1575 1799 1627 urbem.
1827 1576 1973 1637 Qua-

276 1663 535 1714 mobrem
576 1677 680 1729 ego
711 1662 817 1713 Leo
857 1661 1107 1730 pontifex
1149 1668 1355 1714 sanctae
1390 1662 1659 1715 Romana:
1691 1662 1971 1727 Ecclesiae,

274 1765 306 1800 a
362 1750 597 1800 nemine
655 1748 939 1815 judicatus
990 1764 1173 1817 neque
1217 1756 1460 1811 coactus,
1514 1749 1611 1802 sed
1659 1754 1974 1817 spontanea
2007 1787 2045 1839 Β

275 1852 399 1888 mea
434 1837 744 1895 voluntate.
788 1837 1028 1904 puritico
1064 1852 1152 1889 me
1203 1838 1260 1889 in
1293 1842 1595 1905 conspectu
1644 1843 1828 1889 vestro
1879 1855 1973 1889 co-

276 1939 396 1975 ram
448 1925 564 1976 Deo
618 1930 675 1976 et
726 1924 946 1991 angelis
986 1925 1128 1992 ejus,
1184 1925 1283 1994 qui
1331 1926 1735 1978 conscientiam
1787 1941 1974 1977 meam

274 2011 456 2077 novit,
491 2018 547 2063 et
585 2011 751 2064 beato
783 2012 951 2064 Petro
984 2013 1241 2081 principe
1277 2014 1684 2082 apostolorum,
1716 2012 1775 2065 in
1815 2014 1975 2081 cujus

272 2106 584 2167 conspectu
628 2100 1018 2159 consistimus,
1061 2101 1195 2169 quia
1222 2099 1356 2152 istas
1398 2101 1734 2153 criminosas
1763 2106 1819 2153 et
1849 2117 1974 2154 sce-

271 2186 484 2238 leratas
533 2202 620 2237 res
670 2202 811 2255 quas
856 2187 941 2239 illi
988 2188 1129 2239 mihi
1181 2188 1461 2257 objiciunt
1509 2205 1611 2240 nec
1652 2189 1973 2257 perpetravi

274 2290 378 2327 nec
409 2274 736 2343 perpetrari
781 2274 947 2342 jussi.
979 2274 1157 2327 Testis
1198 2275 1340 2327 mihi
1375 2282 1460 2327 est
1499 2276 1668 2340 Deus,
1720 2276 1781 2328 in
1812 2277 1973 2345 cujus

266 2362 556 2429 judicium
588 2362 811 2414 venturi
857 2378 1074 2427 sumus,
1126 2368 1181 2415 et
1212 2363 1270 2414 in
1296 2364 1455 2431 cujus
1498 2368 1800 2431 conspectu
1835 2380 1973 2417 con-

270 2450 567 2502 sistimus:
604 2455 659 2502 et
706 2451 811 2502 hoc
857 2456 1094 2519 propter
1144 2450 1497 2518 suspiciones
1544 2454 1718 2503 malas
1764 2453 1970 2504 tollen-

270 2536 369 2589 das
428 2554 563 2589 mea
623 2543 938 2604 spontanea
990 2538 1274 2590 voluntate
1320 2538 1486 2603 facio,
1543 2554 1657 2591 non
1705 2539 1869 2608 quasi
1912 2539 1974 2591 in

270 2626 598 2677 canonibus
638 2626 934 2678 inventum
968 2627 1059 2689 sit,
1099 2632 1195 2678 aut
1225 2626 1388 2695 quasi
1424 2642 1530 2693 ego
1562 2628 1705 2679 hanc
1734 2643 1971 2680 consue-

267 2715 538 2765 tudinem
579 2717 678 2765 aut
721 2714 1012 2765 decretum
1062 2714 1120 2765 in
1168 2720 1361 2766 sancta
1401 2714 1644 2766 Ecclesia
1688 2730 1971 2767 successo-

266 2801 426 2853 ribus
462 2802 627 2863 meis,
680 2816 784 2853 nec
824 2817 936 2853 non
969 2806 1025 2855 et
1068 2801 1359 2868 fratribus,
1400 2807 1455 2855 et
1484 2803 1834 2872 coepiscopis
1864 2819 1971 2856 no-

270 2891 401 2943 stris
443 2890 789 2959 imponam:
840 2889 937 2942 sed
981 2894 1045 2943 ut
1093 2890 1298 2943 melius
1353 2907 1383 2943 a
1414 2891 1573 2944 vobis
1629 2891 1970 2945 abscindatis

268 2978 517 3031 rebelles
550 2976 945 3045 cogitationes.

271 3084 397 3136 CAP.
451 3083 671 3136 CXCIX.
708 3111 775 3120 —
805 3082 867 3135 Si
897 3084 1019 3148 quis
1064 3055 1131 3134 ea;
1183 3083 1532 3136 ecclesiastico
1587 3083 1775 3136 ordine
1816 3082 1972 3136 dam-
2005 3063 2045 3116 (ἶ

340 3159 505 3206 natus
549 3154 717 3217 fuerit
751 3168 785 3204 a
815 3153 1039 3219 synodo,
1084 3158 1133 3205 et
1177 3168 1341 3207 ausus
1372 3156 1541 3219 fuerit
1582 3154 1648 3207 de
1690 3169 1841 3208 sacro
1870 3156 1973 3206 mi-

335 3226 572 3277 nisterio
592 3223 807 3290 aliquid
837 3226 1157 3288 contingere.

337 3314 449 3379 (Ea:
480 3312 673 3364 eoncil.
725 3312 1072 3373 Antiocheno,
1113 3326 1234 3379 cap.
1268 3311 1342 3379 4).
1396 3311 1453 3365 Si
1497 3312 1624 3381 quis
1672 3311 1972 3382 episcopus

265 3400 583 3453 damnatus
613 3415 645 3450 a
704 3398 942 3466 synodo,
992 3399 1077 3450 vel
1128 3399 1428 3467 presbyter
1478 3404 1575 3451 aut
1626 3399 1899 3452 diaconus
1939 3416 1971 3453 a

262 3504 363 3541 suo
394 3487 693 3557 episcopo,
742 3485 865 3539 ausi
896 3486 1109 3538 fuerint
1154 3487 1366 3555 aliquid
1411 3488 1480 3540 de
1528 3486 1844 3540 ministerio
1875 3504 1968 3540 sa-

262 3592 355 3629 cro
385 3576 754 3642 contingere,
818 3575 933 3626 sive
984 3575 1283 3643 episcopus
1325 3575 1489 3644 juxta
1548 3575 1966 3644 prmcedentem

260 3663 772 3727 consuetudinem,
822 3662 937 3714 sive
988 3662 1285 3731 presbyter
1332 3667 1431 3715 aut
1476 3662 1766 3722 diaconus,
1811 3661 1967 3714 nullo

262 3752 434 3804 modo
472 3752 644 3803 liceat
673 3749 722 3801 ei
779 3764 882 3801 nec
912 3748 971 3800 in
1000 3749 1109 3801 alia
1140 3750 1357 3817 synodo
1407 3750 1777 3802 restitutionis
1808 3765 1967 3818 spem

258 3846 357 3891 aut
406 3841 605 3892 locum
656 3835 868 3890 habere
918 3838 1356 3891 satisfactionis:
1406 3838 1501 3891 sed
1542 3843 1597 3891 et
1647 3838 1967 3890 communi-

259 3933 455 3980 cantes
490 3927 545 3979 ei
593 3941 793 3978 omnes
835 3924 1003 3992 abjici
1056 3924 1124 3977 de
1174 3925 1433 3991 Ecclesia,
1488 3931 1544 3978 et
1599 3926 1843 3978 maxime
1896 3925 1963 3988 si,

258 4020 648 4083 posteaquam
717 4012 1023 4064 didicerint
1075 4010 1373 4064 adversum
1440 4017 1785 4065 memoratos
1834 4028 1966 4081 pro-

259 4103 435 4155 latam
464 4102 649 4155 fuisse
680 4101 1044 4165 sententiam,
1078 4099 1293 4153 eisdem
1332 4101 1753 4154 communicare
1782 4104 1965 4154 tenta-

257 4191 468 4243 verint.

259 4295 388 4349 CAP.
443 4295 557 4349 CC.
589 4322 665 4334 —
693 4295 754 4348 Si
791 4294 994 4361 aliquis
1034 4309 1101 4346 ea:
1132 4294 1486 4347 ecclesiastico
1527 4294 1713 4348 ordine
1751 4309 1960 4347 excom-

326 4370 652 4420 municatus
716 4366 907 4429 fuerit,
974 4369 1023 4417 et
1077 4368 1467 4418 communicare
1534 4367 1957 4433 praesumpserit,

325 4452 381 4490 se
410 4439 605 4505 ipsum
629 4434 872 4487 damnat.

326 4545 439 4611 (Ea:
480 4541 679 4595 concit.
705 4541 910 4605 Afric.,
943 4555 1063 4608 cap.
1095 4542 1209 4606 29.)
1256 4541 1393 4593 Item
1442 4539 1661 4609 placuit
1701 4539 1964 4593 universo

252 4632 503 4685 concilio
554 4634 624 4682 ut
662 4629 763 4698 qui
812 4629 1333 4681 excommunicatus
1379 4629 1553 4681 fuerit
1580 4645 1685 4697 pro
1735 4644 1837 4680 suo
1870 4642 1965 4679 ne-

250 4720 465 4788 glectu,
500 4718 627 4770 sive
667 4716 987 4785 episcopus,
1030 4717 1145 4769 sive
1176 4716 1417 4786 quilibet
1446 4717 1702 4784 clericus,
1732 4721 1787 4769 et
1817 4721 1961 4770 tem-

248 4825 387 4877 pore
418 4803 1040 4859 excommunicationis
1085 4820 1201 4856 suae
1235 4811 1363 4857 ante
1412 4806 1759 4857 audientiam
1805 4820 1958 4857 com-

248 4896 600 4949 munionem
666 4892 1121 4961 praesumpserit,
1176 4891 1296 4960 ipse
1352 4891 1413 4944 in
1472 4908 1529 4945 se
1576 4891 1959 4945 damnationis

237 4985 544 5053 judicetur
580 4979 894 5051 protulisse
926 4980 1288 5033 sententiam.

243 5092 372 5145 CAP.
409 5089 545 5144 CCI.
578 5088 743 5139 --De
763 5084 1060 5149 ordinatis,
1092 5087 1141 5136 si
1181 5085 1384 5151 aliquis
1435 5085 1649 5138 illorum
1673 5100 1959 5153 percussor

968 5158 1257 5207 exstiterit.

312 5250 421 5318 (Em
452 5244 655 5301 concil.
699 5244 968 5307 Mogunt.,
999 5257 1120 5309 cap.
1164 5241 1241 5311 6.)
1284 5242 1401 5307 His,
1430 5259 1461 5294 a
1487 5241 1696 5310 quibus
1729 5242 1953 5297 Domini

240 5340 612 5389 sacramenta
672 5335 1009 5397 tractantur,
1063 5330 1340 5398 judicium
1394 5330 1685 5398 sanguinis
1738 5332 1953 5399 agitare

241 5440 353 5477 non
387 5426 553 5478 licet.
619 5422 685 5473 Et
713 5419 842 5472 ideo
883 5434 1231 5487 magnopere
1276 5418 1403 5470 talis
1450 5434 1704 5472 excessus
1757 5418 1950 5487 prohi-

240 5514 461 5566 bendus
505 5516 620 5573 est,
657 5524 784 5572 nec,
830 5506 1149 5558 indiscretaa
1193 5505 1658 5574 praesumptionis
1700 5506 1953 5559 motibus

238 5602 457 5671 agitati,
492 5603 601 5653 aut
651 5594 812 5665 quod
858 5598 1044 5649 morte
1090 5592 1455 5661 plectendum
1512 5598 1617 5659 est,
1667 5593 1950 5649 sententia

2088 591 2335 645 buslibet
2363 591 2624 661 personis
2668 597 2765 645 aut
2796 609 2896 655 per
2925 610 2983 646 se
3014 594 3281 662 inferant,
3312 604 3408 651 aut
3452 599 3778 654 inferendas

2090 680 2443 749 principiant.
2470 678 2626 743 Quod
2658 680 2705 732 si
2726 681 3049 751 quisquam,
3075 683 3280 737 horum
3304 686 3610 740 immemor
3634 704 3777 757 pras-

2089 777 2406 837 ceptorum,
2440 774 2538 821 aut
2584 768 2643 820 in
2679 769 2930 821 Ecclesiae
2976 786 3091 824 suas
3124 771 3375 838 familiis,
3415 779 3512 827 aut
3556 775 3614 828 in
3648 776 3775 845 qui-

2088 856 2332 919 buslibet
2378 855 2636 925 personis
2686 857 2794 909 tale
2825 857 3043 927 aliquid
3093 862 3525 928 perpetraverit,
3559 866 3614 916 et
3649 880 3781 917 con-

2087 943 2225 1020 cessi
2246 943 2459 997 ordinis
2492 945 2989 1013 l10nore§privetur
3018 954 3073 1001 et
3106 948 3245 1012 loco,
3269 954 3325 1001 et
3356 949 3459 1002 sub
3485 956 3776 1020 perpetuas

2086 1018 2463 1084 damnationis
2494 1032 2767 1101 religetur
2810 1034 3115 1102 ergastulo.
3146 1034 3249 1088 Cui
3298 1018 3777 1091 tamenicommu-

2086 1119 2181 1172 nio
2235 1120 2465 1172 exeunti
2505 1119 2575 1172 de
2626 1120 2731 1173 hac
2769 1121 2881 1173 vita
2928 1137 3042 1174 non
3075 1124 3343 1189 neganda
3390 1129 3494 1189 est,
3543 1132 3780 1196 propter

2088 1207 2315 1260 Domini
2347 1207 2816 1261 misericordiam.

2182 1296 2308 1350 CAP.
2343 1296 2493 1350 CCII.
2520 1327 2587 1336 ——
2620 1296 2701 1349 De
2722 1300 2986 1367 episcopis
3011 1313 3112 1352 sua
3140 1314 3305 1353 manu
3334 1301 3678 1355 caedentibus.

2157 1384 2264 1453 (Ea:
2320 1385 2461 1438 decr.
2524 1386 2797 1451 Bonifacii
2842 1387 3047 1455 papae.)
3104 1388 3228 1440 Non
3287 1390 3453 1442 liceat
3508 1390 3773 1459 episcopo

2083 1472 2349 1525 manibus
2379 1472 2493 1524 suis
2538 1472 2789 1542 aliquem
2835 1475 3070 1527 credere.
3116 1476 3229 1529 Hoc
3271 1476 3425 1529 enim
3466 1477 3718 1532 alienum
3744 1496 3779 1532 a

2084 1560 2374 1613 sacerdote
2406 1578 2525 1613 esse
2557 1561 2745 1614 debet.

2082 1649 2210 1701 CAP.
2242 1649 2416 1703 CCIII.
2457 1679 2527 1688 —
2571 1650 2648 1701 De
2678 1652 2922 1717 episcopo
2972 1656 3067 1717 qui
3115 1653 3354 1719 seipsum
3397 1657 3448 1705 et
3483 1652 3589 1705 sibi
3635 1670 3774 1708 com-

2495 1721 2683 1772 missos
2731 1722 2995 1786 corrigere
3040 1723 3353 1786 neglexerit.

2157 1804 2344 1874 (Greg.
2379 1806 2513 1874 die.)
2555 1806 2661 1870 Qui
2691 1824 2793 1860 nec
2844 1808 3138 1877 regiminis
3169 1809 3228 1861 in
3270 1826 3326 1862 se
3360 1809 3638 1864 rationem
3669 1812 3773 1865 ha-

2082 1895 2228 1959 buit,
2264 1910 2365 1947 nt-c
2420 1911 2518 1947 sua
2559 1895 2761 1947 delicta
2816 1894 3073 1961 detersit,
3121 1912 3222 1949 nec
3273 1898 3487 1950 crimen
3520 1898 3773 1952 filiorum

2083 1982 2349 2047 correxit,
2382 1982 2535 2035 canis
2585 1982 2907 2053 impudicus
2951 1984 3131 2053 magis
3174 1984 3444 2038 dicendus
3484 1990 3568 2039 est
3596 2002 3769 2056 quam

2085 2070 2405 2140 episcopus.

2490 2158 2619 2211 CAP.
2651 2157 2822 2212 CCIV.
2854 2187 2921 2197 --
2964 2159 3041 2210 De
3078 2159 3259 2212 eadem
3285 2176 3361 2213 re.

2153 2248 2261 2310 (Em
2291 2244 2452 2298 dictis
2497 2247 2742 2315 Hieron.)
2786 2246 2854 2299 Ut
2884 2245 3071 2297 lixivia
3124 2263 3226 2315 per
3282 2248 3533 2301 cinerem
3571 2248 3769 2302 humi-

2082 2332 2219 2385 dum
2253 2332 2436 2385 ﬂuens
2478 2332 2621 2385 laval
2648 2340 2702 2386 et
2734 2349 2849 2386 non
2892 2334 3144 2388 lavatur:
3199 2336 3277 2388 ita
3326 2336 3472 2389 bona
3517 2337 3773 2389 doctrina

2080 2435 2184 2489 per
2233 2420 2451 2473 malum
2506 2420 2795 2474 doctorem
2855 2422 3076 2475 animas
3127 2423 3483 2478 credentium
3531 2426 3678 2477 lavat
3737 2442 3771 2477 a

2083 2508 2246 2560 sorde
2278 2513 2660 2576 peccatorum.

2082 2595 2212 2648 CAP.
2242 2596 2391 2649 CCV.
2425 2624 2494 2636 —
2526 2598 2595 2649 De
2624 2598 2764 2650 malo
2794 2602 3012 2664 pastore
3042 2614 3197 2665 quem
3240 2614 3349 2653 suae
3382 2615 3501 2653 oves
3525 2601 3768 2665 fugiant.

2153 2684 2260 2747 (Ea:
2306 2682 2465 2736 dictis
2512 2685 2771 2752 August.)
2804 2684 2957 2737 Sicut
2996 2685 3226 2755 fugiunt
3272 2704 3403 2740 oves
3441 2704 3634 2741 vocem
3665 2704 3772 2757 pa-

2081 2771 2251 2824 storis
2299 2786 2470 2840 quem
2522 2787 2631 2824 non
2680 2779 3051 2841 cognoscunt,
3082 2779 3136 2826 et
3166 2774 3389 2829 deserta
3435 2782 3659 2845 petunt,
3694 2776 3771 2830 ita

2081 2857 2216 2911 mali
2242 2860 2484 2926 pastoris
2512 2858 2694 2913 ovilia.

2080 2946 2208 3000 CAP.
2241 2946 2412 3000 CCVI.
2441 2976 2502 2986 —
2546 2951 2620 3001 De
2667 2948 2759 3000 illo
2784 2950 2881 3016 qui
2930 2948 3265 3004 nobilitatem
3316 2953 3413 3004 Dei
3452 2967 3485 3004 a
3514 2966 3568 3005 se
3595 2954 3765 3020 ejicit.

2153 3036 2397 3102 (Gregor.
2449 3035 2627 3102 dicit.)
2682 3036 2861 3089 Adam
2905 3036 3124 3105 primus
3171 3038 3341 3091 homo
3384 3055 3489 3108 pro
3539 3046 3768 3108 peccato

2080 3122 2148 3175 de
2181 3122 2444 3192 paradiso
2478 3123 2687 3191 ejectus
2715 3129 2830 3177 est:
2868 3123 2974 3177 hoc
3003 3130 3106 3189 est,
3140 3126 3240 3195 qui
3272 3127 3627 3182 nobilitatem
3669 3129 3767 3183 Dei

2081 3226 2113 3261 a
2145 3226 2203 3262 se
2237 3208 2406 3277 ejicit,
2440 3210 2735 3263 nobilitate
2767 3211 2869 3263 loci
2898 3211 3174 3280 privetur.

2080 3297 2209 3351 CAP.
2246 3298 2444 3352 CCVII.
2492 3328 2558 3336 —-
2588 3298 2741 3363 Quod
2785 3315 2891 3352 non
2927 3302 3038 3353 sint
3087 3316 3264 3354 omnes
3309 3302 3417 3369 ﬁlii
3458 3309 3766 3358 sanctorum

2502 3372 2598 3436 qui
2628 3376 2801 3422 tenent
2832 3371 2944 3423 loca
2991 3377 3316 3425 sanctorum.

2150 3455 2403 3523 (Hieron.
2455 3455 2633 3525 dicit.)
2667 3456 2787 3508 Non
2814 3456 2977 3510 facile
3010 3463 3095 3511 est
3124 3465 3271 3512 stare
3294 3460 3353 3512 in
3381 3461 3499 3513 loco
3536 3462 3681 3515 Petri
3711 3468 3768 3517 et

2078 3543 2258 3609 Pauli,
2293 3549 2348 3596 et
2375 3550 2563 3597 tenere
2594 3543 2916 3597 cathedram
2948 3547 3309 3615 regnantium
3349 3564 3479 3603 cum
3508 3550 3762 3617 Christo;

2077 3630 2211 3700 quia
2233 3630 2364 3684 hinc
2395 3631 2603 3685 dicitur
2630 3650 2639 3681 :
2670 3632 2793 3684 Non
2815 3638 3137 3686 sanctorum
3161 3634 3264 3687 filii
3288 3643 3420 3689 sunt
3441 3638 3541 3707 qui
3572 3643 3766 3693 tenent

2075 3718 2200 3771 loca
2230 3725 2577 3785 sanctorum,
2612 3719 2707 3771 sed
2738 3717 2835 3788 qui
2868 3726 3133 3774 exercent
3162 3737 3335 3791 opera
3366 3738 3583 3778 eorum.

2077 3806 2205 3860 Car.
2240 3806 2462 3861 CCVIII.
2500 3838 2565 3845 —
2617 3808 2772 3871 Quod
2820 3809 3000 3861 nullus
3057 3824 3122 3860 ea:
3177 3826 3363 3876 genere
3410 3826 3502 3863 nec
3553 3827 3620 3865 ea:
3650 3813 3762 3866 loco

2688 3879 2917 3943 gloriari
2946 3878 3151 3931 debeat.

2146 3965 2329 4029 (Greg.
2349 3962 2521 4027 dicit.)
2558 3963 2667 4016 Nos
2690 3964 2785 4033 qui
2817 3981 3134 4035 prnsumus
3159 3983 3270 4019 non
3293 3983 3357 4019 ex
3382 3968 3633 4022 locorum
3656 3987 3759 4023 nec

2075 4052 2299 4121 generis
2327 4051 2627 4121 dignitate,
2662 4052 2757 4105 sed
2807 4068 3031 4106 morum
3068 4054 3359 4107 nobilitate
3405 4056 3758 4112 innotescere

2074 4140 2366 4205 debemus,
2416 4154 2519 4192 nec
2566 4140 2793 4193 urbium
2852 4140 3123 4209 claritate,
3184 4143 3277 4196 sed
3312 4143 3444 4197 fidei
3493 4146 3756 4214 puritate.

2074 4226 2201 4280 CAP.
2251 4226 2419 4280 CCIX.
2461 4256 2529 4265 —-
2564 4230 2637 4280 De
2666 4227 3032 4281 sacerdotibus
3079 4232 3175 4297 qui
3224 4231 3410 4285 ovibus
3458 4235 3569 4286 suis
3615 4235 3761 4287 mala

2653 4299 2898 4365 exempla
2925 4300 3181 4366 praebent.

2146 4385 2266 4450 (Ea:
2294 4384 2456 4437 dictis
2488 4385 2744 4451 August.)
2782 4387 2955 4438 Nemo
2979 4386 3190 4455 quippe
3214 4388 3459 4456 amplius
3481 4388 3541 4442 in
3574 4391 3757 4443 Eccle-

2076 4472 2154 4524 sia
2185 4477 2370 4536 nocet,
2404 4488 2573 4542 quam
2607 4472 2726 4541 qui,
2760 4488 3020 4540 perverse
3069 4488 3264 4541 agens,
3315 4490 3521 4528 nomen
3550 4476 3635 4528 vel
3666 4494 3756 4531 or-

2074 4559 2263 4614 dinem
2300 4560 2613 4612 sanctitatis
2644 4563 2699 4611 et
2729 4560 3031 4612 sacerdotis
3077 4560 3265 4614 habet.
3324 4563 3753 4633 Delinquentem

2074 4663 2320 4716 namque
2375 4648 2525 4700 hunc
2582 4646 2925 4715 redarguere
2979 4648 3170 4700 nullus
3210 4652 3544 4717 prwsumit:
3594 4656 3650 4705 et
3694 4655 3756 4707 in

2072 4736 2397 4803 exemplum
2450 4734 2616 4802 culpa
2647 4734 3016 4786 vehementer
3073 4736 3417 4798 extenditur,
3476 4753 3605 4792 cum
3649 4756 3754 4810 pro

2069 4823 2384 4875 reverentia
2423 4820 2638 4874 ordinis
2668 4826 2929 4890 peccator
2960 4822 3292 4876 honoratur.

2070 4912 2194 4963 Car.
2248 4910 2393 4963 CCX.
2426 4938 2494 4949 —
2536 4911 2601 4963 Ut
2648 4914 2855 4962 tantum
2908 4925 3092 4963 curam
3140 4927 3320 4965 rerum
3369 4914 3750 4969 ecclesiastica-

2574 4995 2695 5032 rum
2725 4982 3001 5048 episcopus
3034 4981 3244 5035 habeat.

2136 5068 2288 5133 (Cap.
2326 5073 2499 5134 apost.
2532 5068 2646 5134 30.)
2702 5067 2971 5120 Omnium
3010 5069 3366 5138 negotiorum
3416 5072 3750 5125 ecclesiasti-

2065 5171 2258 5207 corum
2291 5171 2486 5207 curam
2516 5156 2812 5224 episcopus
2844 5156 3067 5223 habeat,
3110 5163 3167 5209 et
3194 5173 3260 5210 ea
3290 5160 3442 5211 velut
3473 5160 3585 5212 Deo
3613 5176 3753 5213 con-

2065 5244 2378 5311 tetnplante
2410 5243 2719 5311 dispenset,
2748 5259 2850 5295 nec
2881 5243 2932 5295 ei
2964 5244 3131 5298 liceat
3161 5261 3225 5297 ex
3256 5245 3344 5297 bis
3379 5246 3591 5315 aliquid
3623 5263 3752 5299 om—

2063 5331 2199 5383 nino
2253 5330 2603 5399 contingere,
2658 5336 2755 5383 aut
2810 5333 3139 5399 parentibus
3171 5330 3411 5400 propriis
3465 5348 3591 5401 qua:
3654 5335 3751 5387 Dei

2062 5424 2195 5471 sunt
2252 5419 2591 5472 condonare.
2647 5419 2805 5481 Quod
2852 5418 2899 5470 si
2944 5434 3222 5488 pauperes
3273 5424 3426 5482 sunt,
3474 5424 3750 5489 tanquam

2061 5507 2404 5575 pauperibus
2457 5505 2881 5559 subministret:
2941 5521 3010 5559 ne
3061 5519 3259 5558 eorum
3313 5506 3605 5561 occasione
3649 5508 3749 5560 Ec-

2059 5592 2245 5646 clesia:
2278 5593 2508 5662 negotia
2538 5592 2963 5663 depraadentur.
