3950 6402
283 404 380 455 6H
1350 397 1764 454 BURCHARDI
1803 397 2339 454 WORMACIENSIS
2379 397 2712 454 EPISCOPI.

3717 405 3825 457 612

280 525 413 580 CAP.
471 525 645 579 CCXI.
707 552 770 562 —
824 523 907 576 De
962 537 1066 576 usu
1099 521 1300 609 pallii,
1349 537 1426 609 Ine
1476 538 1512 575 a
1560 523 1988 590 metropolitanis

2110 536 2161 590 in
2217 537 2498 607 exsequiis
2549 537 2850 591 morientis
2899 537 3154 609 episcopi
3195 554 3262 592 ex
3310 541 3634 596 canonibus
3687 559 3825 597 con-

810 598 1200 662 prmsumptive
1241 598 1452 646 utatur.

353 682 462 752 (Ea:
503 682 648 736 decr.
683 684 883 736 Honor.
914 697 1097 751 papae,
1149 697 1270 750 cap.
1314 682 1390 750 3.)
1439 681 1799 750 Quicumque
1850 696 1988 734 sane

280 772 854 842 metropolitanorum
886 787 990 841 per
1020 772 1237 841 plateas
1269 772 1354 823 vel
1398 771 1454 823 in
1495 771 1708 824 litaniis
1751 769 1834 823 uti
1867 771 1989 838 pal-

279 863 361 917 lio
393 862 845 933 praesumpserit,
886 868 940 916 et
970 876 1085 914 non
1130 865 1352 913 tantum
1389 859 1445 912 in
1496 859 1800 928 praecipuis
1832 858 1989 912 festi-

286 950 575 1016 vitatibus,
609 956 665 1002 et
711 950 780 1002 ab
812 948 1127 1020 apostolica
1159 948 1292 1000 sede
1334 946 1562 1000 indictis
1609 946 1984 1016 temporibus,

287 1037 358 1091 ad
411 1038 714 1090 missarum
767 1036 1127 1090 solummodo
1177 1035 1475 1100 solemnia,
1517 1041 1707 1087 careat
1754 1035 1853 1087 illo
1883 1033 1989 1086 ho-

284 1141 464 1192 nore;
499 1130 574 1190 et,
610 1131 783 1196 prout
825 1124 1026 1178 beatus
1075 1140 1224 1193 papa
1256 1123 1564 1192 Gregorius
1614 1124 1683 1176 ad
1712 1123 1989 1176 Joannem

289 1213 765 1267 Panormitanum
800 1212 1155 1283 episcopum,
1180 1217 1236 1264 et
1258 1211 1640 1265 Morinianum
1667 1210 1860 1264 scribit
1891 1211 1994 1265 Ra-

287 1307 598 1355 vennatum
632 1301 984 1371 episcopum,
1029 1301 1164 1372 quia
1209 1316 1378 1370 grave
1423 1299 1630 1368 jugum
1665 1305 1838 1371 atque
1866 1301 1988 1354 vin-

287 1390 480 1443 culum
507 1389 759 1455 cervicis,
784 1405 900 1442 non
925 1405 1032 1458 pro
1055 1389 1453 1452 ecclesiastica,
1484 1388 1580 1441 sed
1609 1405 1710 1458 pro
1741 1389 1988 1458 quadam

288 1477 545 1531 saeculari
593 1477 871 1546 dignitate
912 1477 1186 1540 defendit,
1224 1477 1519 1546 permissa,
1557 1493 1671 1547 qua
1714 1477 1986 1545 abutitur,

289 1565 568 1633 dignitate
604 1571 832 1618 careat:
869 1564 1143 1634 quoniam
1171 1565 1302 1632 jure
1338 1563 1699 1633 privilegium
1738 1570 1991 1619 meretur

289 1654 547 1706 amittere
580 1653 679 1723 qui
709 1653 979 1706 audacter
1008 1658 1246 1722 usurpat
1275 1653 1490 1706 illicita.

288 1760 414 1814 CAP.
450 1759 648 1812 CCXII.
695 1789 763 1842 --.
789 1759 942 1828 Quod
981 1761 1387 1849 episqopus‘re‘s
1435 1772 1550 1849 suae
1584 1760 1829 1849 ecclesia,
1880 1762 1992 1813 nisi
2023 1797 2062 1849 Β

357 1845 476 1882 cum
521 1845 616 1884 suo
670 1833 826 1898 prius
897 1835 1201 1897 commutet,
1270 1834 1584 1883 testamento
1643 1829 1822 1896 legare
1884 1847 1990 1885 non

353 1903 548 1968 possit.

361 1989 467 2058 (Ea:
515 1991 702 2043 roncil.
747 1990 1062 2056 Agathensi,
1104 2004 1223 2056 cap.
1283 1988 1357 2056 6.)
1408 1987 1462 2042 Si
1508 1987 1636 2058 quis
1689 1989 1990 2059 episcopus

289 2076 521 2129 condito
553 2080 892 2129 testamento
925 2075 1139 2146 aliquid
1173 2075 1241 2128 de
1272 2075 1637 2128 ecclesiastici
1663 2076 1811 2146 juris
1856 2093 1988 2146 pro-

287 2165 530 2235 prietate
559 2164 855 2234 legaverit,
899 2165 1066 2217 aliter
1094 2179 1210 2216 non
1246 2163 1476 2228 valebit,
1524 2164 1634 2216 nisi
1665 2169 1889 2218 tantum
1921 2166 1990 2218 de

283 2253 430 2321 juris
460 2254 680 2323 proprii
714 2252 1076 2306 facultatibus
1106 2251 1474 2322 suppleverit.

291 2341 418 2395 CAP.
480 2342 700 2395 CCXIII.
760 2371 828 2379 ——
878 2342 958 2393 De
1005 2342 1250 2409 episcopo
1311 2341 1408 2408 qui
1453 2354 1537 2393 res
1580 2355 1690 2394 suae
1744 2342 1993 2396 Ecclesia

624 2413 943 2480 parentibus
979 2415 1090 2465 suis
1128 2411 1418 2464 indiscrete
1449 2412 1656 2464 tribuit.

360 2503 446 2554 Ea:
477 2502 663 2554 concil.
698 2502 966 2568 Spalensi,
1002 2515 1120 2568 cap.
1163 2502 1272 2567 10).
1325 2501 1393 2553 Ut
1436 2499 1690 2569 episcopi
1730 2499 1789 2553 in
1823 2499 1993 2553 rebus

291 2588 550 2642 Ecclesiae
604 2589 751 2642 circa
798 2589 1156 2658 propinquos
1218 2604 1352 2640 suos
1401 2588 1755 2657 exponendis
1807 2605 1996 2658 repre-

288 2676 626 2731 hensionem
672 2681 928 2743 caveant,
977 2682 1033 2730 et
1082 2681 1146 2729 ut
1200 2676 1562 2729 discretionis
1617 2677 1856 2730 modum
1905 2682 1988 2732 te-

294 2770 486 2820 neant.

682 2853 809 2907 CAP.
850 2852 1066 2906 CCXIV.
1103 2882 1170 2891 —-
1198 2852 1486 2907 De'eadem
1520 2867 1598 2908 re.

365 2941 476 3011 (Em
525 2940 723 3006 eodem,
754 2956 879 3009 cap.
927 2940 1002 3011 5.)
1047 2941 1330 3005 Quoniam
1383 2941 1549 2994 multi
1591 2940 1993 3011 episcoporum

2101 630 2376 690 servetur,
2417 625 2733 679 traditione
2775 626 2949 679 moris
2981 627 3205 698 antiqui
3237 628 3345 682 hoc
3386 634 3617 684 tantum
3667 633 3821 701 adji-

2100 713 2280 766 cimus
2329 719 2412 780 ut,
2470 714 2515 766 si
2574 714 2703 784 quis
2760 715 3140 784 sacerdotum,
3217 718 3536 773 secundum
3599 725 3821 775 statuta

2100 802 2384 855 Valentini
2438 802 2691 870 concilii,
2753 803 2823 855 ad
2877 803 3172 857 humanda
3235 805 3490 860 defuncti
3549 807 3819 880 episcopi

2102 891 2358 942 membra
2394 891 2586 943 venire
2635 891 3044 954 commonitus,
3078 892 3246 963 pigra
3293 894 3586 947 voluntate
3621 896 3815 949 distu-

2099 975 2250 1042 lerit,
2299 977 2720 1048 appellantibus
2771 979 2990 1032 clericis
3033 979 3300 1033 obeuntis
3350 981 3607 1052 episcopi
3659 984 3814 1053 apud

2099 1066 2402 1135 synodum,
2470 1067 2587 1120 sive
2653 1067 2803 1136 apud
2873 1067 3383 1138 metropolitanum
3446 1069 3812 1140 episcopum,

2098 1158 2357 1223 tempore
2391 1154 2526 1208 anni
2567 1154 2737 1208 unius
2768 1171 2872 1208 nec
2919 1157 3162 1210 faciendi
3213 1158 3442 1211 missam
3492 1175 3599 1212 nec
3647 1175 3814 1212 com-

2101 1243 2434 1295 municandi
2507 1242 2714 1296 habeat
2777 1243 3016 1297 omnino
3088 1245 3401 1300 licentiam.
3482 1247 3814 1316 Presbyteri

2101 1337 2293 1384 autem
2354 1331 2468 1384 sive
2535 1331 2724 1384 caeteri
2789 1332 3000 1393 clerici,
3061 1333 3272 1403 quibus
3339 1333 3522 1404 major
3574 1335 3816 1388 honoris

2099 1420 2256 1473 locus
2305 1419 2456 1490 apud
2513 1421 2773 1474 eamdem
2828 1422 3131 1475 Ecclesiam
3172 1422 3346 1476 fuerit
3400 1423 3564 1493 cujus
3625 1440 3814 1478 sacer-

2101 1507 2204 1560 dos
2235 1507 2463 1574 obierit,
2495 1509 2541 1560 si
2575 1508 2732 1562 omni
2783 1509 3164 1563 sollicitudine
3223 1527 3328 1580 pro
3379 1510 3666 1580 exsequiis
3689 1510 3812 1579 jam

2102 1597 2333 1662 mortui,
2375 1603 2474 1649 aut
2503 1597 2774 1650 continuo
2806 1598 3078 1651 antistitis
3120 1598 3403 1664 morituri,
3453 1599 3520 1652 ad
3555 1615 3814 1651 commo-

2103 1687 2358 1739 nendum
2408 1685 2655 1737 vicinum
2707 1686 3039 1756 episcopum
3082 1686 3229 1740 tardi
3283 1687 3675 1752 inveniantur,
3717 1693 3818 1739 aut

2102 1791 2205 1843 per
2229 1790 2630 1844 quamcunque
2663 1775 2984 1828 molestiam
3016 1775 3195 1829 animi
3238 1775 3297 1828 id
3327 1777 3622 1846 negligere
3655 1791 3814 1828 com-

2102 1863 2442 1934 probentur,
2491 1863 2664 1915 totius
2717 1862 2851 1916 anni
2910 1863 3095 1934 spatio
3153 1864 3223 1918 ad
3281 1865 3690 1934 pcenitentiam
3751 1864 3812 1916 in

2101 1951 2465 2006 monasteriis
2499 1951 2866 2022 deputentur.

2103 2078 2230 2132 CAP.
2274 2075 2523 2130 CCXVII.
2566 2105 2634 2114 -—
2669 2078 2736 2130 Ut
2779 2075 3053 2143 quidquid
3083 2077 3328 2144 episcopo
3359 2077 3717 2144 relinquitur,
3753 2077 3816 2130 id

2277 2150 2529 2200 emissum
2555 2144 2614 2199 in
2641 2149 2932 2212 facultates
2975 2147 3234 2200 Ecclesiae
3271 2154 3628 2216 computetur.

2171 2252 2292 2320 (Ea:
2333 2253 2520 2306 concil.
2572 2252 2920 2318 Agathensi.)
2973 2251 3279 2305 Pontiﬁces
3332 2267 3464 2305 vero
3506 2252 3723 2322 quibus
3752 2252 3815 2305 in

2102 2356 2327 2394 summo
2359 2341 2674 2393 sacerdotio
2724 2340 3050 2393 constitutis
3095 2340 3165 2393 ab
3197 2340 3483 2394 extraneis
3531 2341 3817 2394 duntaxat

2103 2429 2348 2482 donatur
2377 2427 2616 2498 aliquid,
2653 2429 2740 2482 vel
2789 2444 2918 2482 cum
2963 2428 3208 2482 Ecclesia
3256 2433 3354 2482 aut
3401 2429 3812 2499 sequestratim

2102 2517 2408 2570 dimittitur
2450 2522 2549 2569 aut
2582 2517 2868 2570 donatur:
2910 2516 3046 2587 quia
3078 2517 3200 2570 haec
3228 2515 3328 2569 ille
3360 2516 3460 2586 qui
3492 2518 3675 2571 donat
3704 2534 3814 2586 pro

2101 2605 2500 2674 redemptione
2533 2606 2740 2658 anima:
2771 2622 2910 2671 suae,
2962 2621 3080 2658 non
3122 2621 3226 2672 pro
3270 2605 3575 2659 commodo
3624 2621 3818 2659 sacer-

2103 2695 2250 2748 dotis
2282 2695 2559 2763 probatur
2589 2693 2819 2761 oIferre,
2859 2710 2978 2747 non
3009 2694 3172 2763 quasi
3204 2709 3392 2759 suum,
3429 2694 3525 2748 sed
3557 2695 3726 2764 quasi
3757 2694 3817 2748 id

2104 2781 2378 2835 emissum
2428 2781 2487 2834 in
2541 2782 2840 2836 facultates
2895 2781 3154 2835 Ecclesia;
3211 2787 3618 2852 computetur:
3677 2783 3818 2853 quia

2097 2870 2320 2940 justum
2367 2875 2453 2924 est
2499 2875 2579 2937 ut,
2615 2869 2762 2924 sicut
2817 2872 3078 2924 sacerdos
3122 2869 3296 2924 habet
3343 2870 3498 2940 quod
3549 2871 3818 2925 Ecclesia;

2102 2958 2399 3013 dimissum
2457 2962 2558 3023 est,
2600 2958 2679 3012 ita
2707 2964 2766 3013 et
2796 2958 3040 3013 Ecclesia
3068 2959 3279 3012 habeat
3331 2959 3488 3028 quod
3532 2959 3820 3030 relinqui-

293 3043 485 3084 amore
540 3029 998 3099 propinquorum
1051 3045 1286 3082 suorum
1331 3029 1400 3082 de
1453 3028 1623 3082 rebus
1677 3029 1784 3083 sibi
1835 3045 1993 3083 com-
2026 3081 2065 3135 C
2103 3051 2198 3100 ιω.
2227 3063 2260 3100 a
2289 3047 2604 3100 sacerdote.

291 3117 593 3183 mendatis,
626 3133 729 3171 suo
760 3123 861 3171 aut
895 3117 1154 3188 quolibet
1197 3119 1512 3171 amicorum
1556 3118 1790 3171 nomine
1839 3134 1994 3187 prae-

293 3206 386 3260 dia
409 3210 466 3259 et
487 3205 775 3275 mancipia
813 3211 1037 3274 emunt,
1069 3211 1126 3259 et
1158 3211 1218 3259 ut
1249 3206 1309 3258 in
1350 3205 1818 3276 propinquorum
1857 3223 1994 3260 suo-

293 3309 422 3346 rum
471 3293 566 3363 jus
604 3294 810 3347 cedant
858 3296 1137 3360 statuunt,
1182 3299 1237 3346 et
1270 3293 1342 3346 ob
1397 3294 1505 3347 hoc
1552 3294 1683 3364 jura
1736 3294 1998 3349 ecclesia-

291 3382 431 3436 stica
459 3383 880 3441 convelluntur,
915 3386 971 3434 et
1003 3381 1382 3435 ministerium
1417 3383 1766 3436 sacerdotale
1811 3383 1994 3437 fusca-

291 3475 405 3536 tur,
485 3470 603 3524 imo
673 3487 703 3523 a
759 3470 999 3524 subditis
1061 3470 1384 3524 detrahitur
1443 3475 1501 3524 et
1572 3471 1993 3524 contemnitur:

292 3557 508 3628 placuit
564 3557 832 3611 omnibus
893 3561 954 3612 ut
1011 3557 1278 3629 deinceps
1343 3557 1596 3612 avaritiae
1651 3559 1760 3612 hoc
1817 3575 1998 3630 genus

292 3651 576 3700 caveatur.
622 3647 939 3716 Fixumque
988 3647 1058 3700 ab
1087 3645 1218 3701 hinc
1266 3653 1324 3701 et
1351 3652 1629 3718 perpetuo
1662 3662 1998 3700 mansurum

292 3749 413 3788 esse
442 3734 817 3800 decrevimus,
853 3738 915 3788 ut
941 3734 1244 3805 episcopus
1277 3751 1365 3788 res
1396 3736 1485 3787 sui
1520 3734 1688 3804 juris,
1725 3751 1868 3804 quas
1899 3740 2000 3788 aut

290 3827 422 3876 ante
469 3823 885 3893 episcopatum,
939 3827 1035 3876 aut
1063 3829 1217 3877 certe
1255 3823 1314 3876 in
1367 3823 1699 3894 episcopatu
1746 3823 1999 3877 haeredi-

289 3910 436 3964 taria
474 3911 829 3964 successione
860 3911 1182 3980 acquisivit,
1234 3912 1551 3966 secundum
1596 3912 1997 3966 auctoritatem

293 3997 648 4061 canonicam,
696 3997 975 4068 quidquid
1025 3999 1147 4051 vult
1196 3998 1387 4066 faciat,
1441 4004 1501 4053 et
1541 3999 1634 4053 cui
1689 3999 1810 4053 vult
1861 4016 1998 4053 con-

290 4085 457 4139 ferat.
511 4087 820 4156 Postquam
865 4091 1057 4139 autem
1106 4086 1408 4157 episcopus
1447 4087 1626 4141 factus
1674 4091 1778 4156 est,
1830 4104 1996 4158 quas-

291 4188 539 4243 cumque
573 4189 662 4226 res
719 4173 788 4227 de
838 4172 1204 4228 facultatibus
1259 4175 1541 4244 Ecclesiaz,
1592 4181 1692 4229 aut
1747 4192 1850 4230 suo
1905 4180 2002 4229 aut

293 4261 531 4314 alterius
582 4260 839 4327 nomine,
891 4261 1148 4332 qualibet
1189 4262 1516 4317 conditione
1563 4264 1999 4334 comparaverit,

293 4348 649 4402 decrevimus
701 4354 767 4402 ut.
813 4365 930 4402 non
972 4351 1431 4420 propinquorum
1480 4367 1739 4414 suorum,
1791 4352 1889 4406 sed
1937 4352 2069 4410 inD

292 4436 553 4490 Ecclesiae
583 4435 675 4490 cui
704 4441 914 4507 praeest
936 4437 1070 4507 jura
1102 4437 1426 4492 deveniant.

293 4525 420 4579 CAP.
456 4525 644 4579 CCXV.
681 4555 748 4563 —
792 4526 872 4580 Ne
917 4528 1198 4594 episcopus
1247 4527 1312 4579 de
1343 4527 1501 4580 rebus
1529 4527 1770 4582 viduata
1800 4528 2000 4583 Eccle-

629 4599 722 4650 sia:
751 4595 1056 4665 quidquam
1077 4599 1316 4650 alienare
1345 4603 1660 4666 praesumat.

367 4682 477 4751 (Ea:
506 4683 650 4737 decr.
683 4685 911 4738 Martin.
969 4700 1146 4754 popae.
1199 4701 1319 4754 cap.
1363 4687 1475 4749 20.)
1507 4686 1565 4741 Si
1615 4685 1745 4756 quis
1774 4685 1997 4756 episco-

292 4785 403 4840 pus
432 4772 590 4825 nulla
641 4773 1038 4826 ecclesiastica:
1083 4773 1323 4828 rationis
1372 4774 1708 4829 necessitate
1743 4775 1995 4846 compul-

296 4874 410 4924 sus,
442 4859 500 4911 in
533 4875 633 4912 suo
663 4859 813 4912 clero
843 4863 940 4912 aut
971 4860 1071 4913 ubi
1103 4860 1250 4914 forte
1289 4877 1408 4914 non
1452 4866 1536 4915 est
1582 4862 1896 4932 presbyter,
1928 4862 1999 4917 de

295 4946 465 5000 rebus
517 4947 909 5000 ecclesiasticis
964 4947 1175 5018 aliquid
1234 4951 1664 5021 praesumpserit
1710 4950 1994 5004 vendere:

294 5050 386 5088 res
428 5034 581 5105 ipsas
613 5036 868 5089 Ecclesiae
900 5041 1218 5091 restaurare
1265 5043 1522 5108 cogatur,
1574 5043 1626 5093 et
1678 5037 1739 5092 in
1779 5037 1996 5109 judicio

293 5123 693 5194 episcoporum
726 5124 1028 5194 dejiciatur
1057 5127 1306 5194 auditus,
1338 5131 1395 5180 et
1413 5131 1694 5197 tanquam
1727 5127 1869 5181 furti
1899 5130 2000 5182 aut

293 5212 581 5266 latrocinii
611 5229 742 5267 reus
771 5230 874 5266 suo
905 5215 1162 5284 privetur
1184 5216 1423 5268 honore.

298 5302 424 5356 CAP.
475 5302 689 5356 CCXVI.
720 5333 790 5342 —
819 5305 891 5356 De
923 5304 1034 5356 illis
1067 5304 1165 5370 qui
1193 5303 1266 5356 ad
1294 5303 1636 5357 sacerdotum
1713 5305 1997 5370 exsequias

855 5377 1038 5427 venire
1067 5379 1431 5427 contemnunt.

368 5459 484 5527 (Ea:
514 5461 701 5513 concil.
739 5461 993 5514 Toletano
1023 5476 1144 5530 nu,
1183 5475 1306 5528 cap.
1347 5459 1460 5530 3t.)
1493 5461 1567 5514 Ea
1611 5475 1742 5530 qua:
1773 5475 1999 5531 compe-

298 5548 430 5599 tunt
469 5547 776 5616 honestati,
823 5549 1108 5619 contingit
1145 5564 1298 5618 saepe
1345 5548 1728 5620 quorumdam
1779 5549 1999 5604 desidia

300 5647 419 5686 non
463 5633 712 5702 impleri.
746 5636 1012 5705 Proinde,
1051 5637 1189 5708 quia
1231 5641 1432 5692 notum
1464 5642 1549 5693 est
1577 5653 1707 5709 quas
1744 5637 1998 5707 dignitas

2106 3154 2232 3207 CAP.
2262 3153 2534 3207 CCXVIII.
2581 3182 2650 3190 —
2681 3154 2747 3206 Ut
2775 3153 2958 3205 nullus
3003 3154 3303 3221 episcopus,
3332 3153 3446 3206 nisi
3476 3167 3598 3207 cum
3635 3158 3817 3208 conci-

2177 3226 2246 3276 lio
2303 3229 2613 3276 cancrorum
2668 3225 3034 3292 episcoporum
3073 3229 3123 3277 et
3161 3225 3459 3294 principis,
3503 3226 3565 3277 in
3610 3226 3820 3280 hostem

2175 3297 2256 3347 ire
2285 3295 2495 3347 debeat.

2176 3399 2336 3469 (Cap.
2413 3401 2596 3456 Caroli
2648 3401 2993 3469 imperatoris
3049 3399 3116 3453 de
3168 3401 3432 3469 episcopis
3462 3401 3820 3470 Aquisgrani

2105 3488 2518 3556 collaudatum.)
2605 3488 2836 3542 Carolus
2896 3488 3082 3557 gratia
3154 3487 3253 3541 Dei
3324 3504 3447 3556 rex,
3526 3491 3817 3561 regnique

2109 3576 2453 3630 Francorum
2505 3581 2713 3642 rector,
2771 3581 2827 3630 et
2875 3577 3112 3630 devotus
3165 3581 3373 3630 sanctae
3415 3577 3679 3631 Ecclesiae
3708 3579 3821 3633 de-

2102 3663 2318 3729 fensor,
2364 3669 2534 3735 atque
2583 3665 2814 3734 adjutor
2858 3665 2919 3718 in
2949 3664 3216 3718 omnibus
3260 3665 3590 3734 apostolicae
3621 3667 3817 3722 sedis:

2107 3753 2341 3806 Hortatu
2403 3753 2666 3806 omnium
2721 3753 2981 3807 ﬁdelium
3039 3759 3390 3821 nostrorum,
3446 3759 3502 3808 et
3560 3755 3819 3810 maxime

2107 3841 2528 3912 episcoporum,
2583 3857 2647 3896 ac
2695 3841 3055 3912 reliquorum
3116 3843 3473 3896 sacerdotum
3521 3846 3818 3909 consultu,

2109 3930 2282 3983 servis
2327 3931 2426 3984 Dei
2471 3947 2576 4001 per
2619 3931 2818 3984 omnia
2858 3932 3131 3986 omnibus
3171 3936 3525 3986 armaturam
3578 3937 3819 4003 portare

2107 4018 2196 4072 vel
2225 4034 2506 4089 pugnare,
2537 4024 2639 4072 aut
2671 4019 2731 4072 in
2764 4020 3079 4074 exercitum
3127 4025 3181 4074 et
3209 4021 3267 4073 in
3311 4021 3536 4074 hostem
3573 4038 3820 4092 pergere

2109 4107 2346 4160 omnino
2415 4107 2813 4177 prohibemus,
2893 4108 3006 4161 nisi
3084 4107 3197 4162 illis
3255 4110 3664 4162 tantummodo
3716 4110 3820 4180 qui

2108 4198 2346 4264 propter
2387 4193 2644 4247 divinum
2687 4193 3092 4259 ministerium,
3125 4195 3430 4249 missarum
3475 4195 3696 4250 scilicet
3723 4214 3820 4251 so-

2108 4281 2303 4335 lennia
2328 4281 2700 4352 adimplenda
2730 4286 2785 4335 et
2815 4288 3138 4337 sanctorum
3175 4283 3499 4353 patrocinia
3529 4286 3821 4354 portanda

2109 4368 2180 4422 ad
2211 4369 2318 4422 hoc
2343 4369 2554 4436 electis,
2587 4370 2645 4423 id
2696 4373 2778 4422 est
2807 4385 2990 4424 unum
3033 4371 3124 4424 vel
3154 4371 3295 4424 duos
3339 4371 3638 4441 episcopos
3684 4387 3820 4425 cum

2108 4457 2419 4527 capellanis
2497 4457 2866 4527 presbyteris.
2941 4459 3004 4511 Et
3073 4457 3470 4529 unusquisque
3545 4458 3820 4530 princeps

2107 4561 2290 4598 unum
2339 4544 2738 4616 presbyterum
2779 4562 2972 4600 secum
3021 4546 3248 4614 habeat,
3283 4546 3383 4617 qui
3419 4552 3652 4616 peccata
3683 4565 3820 4602 con-

2110 4633 2407 4688 ﬁtentibus
2427 4633 2707 4704 judicare,
2741 4637 2797 4687 et
2827 4633 3080 4688 indicare
3107 4635 3508 4704 paenitentiam
3539 4637 3749 4706 possit.

2503 4739 2642 4793 CAP.
2675 4739 2895 4794 CCXIX.
2927 4769 2997 4780 -
3028 4743 3104 4795 De
3131 4739 3316 4793 eadem
3342 4756 3418 4794 re.

2180 4842 2336 4911 (Cap.
2387 4841 2672 4911 ejusdem.)
2721 4840 2984 4896 Secunda
3031 4840 3150 4895 vice
3198 4845 3432 4912 propter
3471 4842 3822 4911 ampliorem

2107 4929 2550 4995 observantiam,
2612 4930 2924 4999 apostolica
2993 4930 3327 4983 auctoritate
3389 4934 3447 4983 et
3500 4931 3822 4986 multorum

2109 5018 2508 5089 episcoporum
2549 5017 2944 5072 admonitione
2982 5009 3269 5084 instructi,
3305 5023 3637 5072 sanctorum
3672 5036 3820 5091 quo-

2108 5122 2220 5177 que
2251 5122 2539 5160 canonum
2581 5105 2796 5176 regulis
2840 5105 3048 5172 edocti,
3094 5107 3357 5160 consultu
3396 5107 3664 5160 videlicet
3696 5125 3820 5161 om-

2106 5194 2271 5249 nium
2318 5193 2604 5249 nobilium
2647 5199 2974 5248 nostrorum
3015 5195 3400 5264 nosmetipsos
3437 5195 3816 5265 corrigentes,

2105 5281 2466 5352 posterisque
2517 5283 2732 5336 nostris
2789 5282 3117 5353 exemplum
3177 5281 3396 5348 dantes,
3431 5283 3705 5338 volumus
3762 5290 3819 5337 ut

2107 5371 2300 5425 nullus
2329 5371 2590 5425 sacerdos
2636 5370 2697 5424 in
2727 5371 2950 5425 hostem
2999 5374 3220 5442 pergat,
3275 5371 3385 5424 nisi
3415 5371 3529 5425 duo
3564 5373 3656 5426 vel
3708 5378 3819 5427 tres

2107 5461 2329 5510 tantum
2371 5456 2645 5527 episcopi,
2686 5457 2967 5511 electione
3006 5463 3347 5510 casterorum
3379 5462 3616 5528 pr0pter
3644 5459 3818 5512 bene-

2107 5543 2438 5611 dictionem,
2493 5545 2961 5615 praadicationem
3015 5545 3331 5617 populique
3392 5546 3816 5602 reconciliatio-

2107 5649 2262 5699 nem,
2311 5637 2530 5687 etcum
2557 5632 2671 5687 illis
2712 5633 2878 5688 electi
2921 5633 3267 5699 sacerdotes,
3299 5633 3402 5704 qui
3439 5632 3592 5688 bene
3637 5635 3817 5689 sciant
