3950 6416
194 411 299 461 6l3

191 622 377 674 tirmis
433 637 631 673 curam
690 620 925 688 habere,
987 622 1307 692 sacratique
1365 622 1478 674 olei
1540 638 1670 675 cum
1727 623 1901 675 sacris

190 710 459 780 precibus
490 710 823 763 unctionem
856 709 1215 780 impendere,
1244 716 1301 763 et
1343 711 1451 764 hoc
1478 711 1721 764 maxime
1752 727 1899 781 prae-

188 798 385 852 videre
418 814 489 851 ne
520 798 642 852 sine
672 798 877 851 viatico
905 800 1035 869 quis
1067 800 1136 852 de
1168 800 1374 853 saeculo
1404 800 1649 852 recedat.

190 903 323 959 CAP.
358 904 546 959 CCXX.
602 906 676 958 De
723 919 780 957 eo
826 906 877 957 si
908 906 1031 972 quis
1058 904 1126 956 ab
1167 906 1466 975 apostolico
1493 905 1699 969 falsam
1744 904 1900 957 detu-

815 976 939 1028 lerit
978 977 1279 1044 epistolam.
1859 996 1862 1000 λ

264 1081 374 1150 (Em
413 1083 601 1135 concil.
640 1080 1000 1148 Triburiensi,
1054 1096 1175 1150 cap.
1229 1083 1319 1146 30,
1362 1084 1450 1134 cui
1500 1082 1758 1147 interfuit
1802 1095 1902 1133 res:

190 1168 556 1239 Arnolphus.)
588 1169 652 1221 In
685 1169 1023 1222 memoriam
1069 1168 1221 1222 beati
1253 1169 1403 1222 Petri
1443 1169 1688 1238 apostoli
1719 1170 1900 1223 hono-

191 1272 389 1311 remus
434 1262 686 1310 sanctam
724 1257 1043 1311 Romanam
1076 1263 1134 1310 et
1175 1257 1544 1327 apostolicam
1591 1257 1806 1320 sedem,
1838 1261 1903 1310 ut

191 1362 323 1416 quia
380 1347 549 1399 nobis
608 1346 975 1400 sacerdotalis
1034 1351 1219 1399 mater
1276 1350 1354 1399 est
1405 1345 1721 1416 dignitatis,
1781 1360 1900 1399 esse

190 1434 363 1488 debet
420 1435 703 1504 magistra
759 1433 1155 1487 ecclesiasticae
1213 1434 1476 1487 rationis.
1533 1434 1717 1498 Quare
1776 1450 1899 1487 ser-

187 1524 378 1576 vanda
411 1530 496 1576 est
528 1540 658 1576 cum
690 1523 1131 1575 mansuetudine
1172 1522 1490 1591 humilitas,
1536 1528 1620 1584 ut,
1651 1522 1783 1575 licet
1808 1522 1899 1575 vix

187 1609 496 1662 ferendum
524 1610 595 1662 ab
626 1609 721 1661 illa
756 1615 952 1661 sancta
983 1610 1112 1662 sede
1144 1609 1476 1679 imponatur
1497 1610 1730 1679 jugum,
1763 1626 1897 1662 con-

186 1698 463 1763 feramus,
498 1703 555 1750 et
604 1698 697 1767 pia
727 1698 1028 1750 devotione
1077 1699 1410 1750 toleremus.
1444 1698 1499 1750 Si
1545 1714 1698 1763 vero,
1744 1698 1896 1768 quod

1197 409 1672 465 DECRETORUM
1718 410 1903 465 LIBRI
1939 407 2047 464 XX.
2079 438 2149 447 —
2188 409 2401 463 LIBER
2445 408 2717 463 PRIMUS.

191 532 428 602 populis
459 531 860 600 pmnitentiam
906 532 1062 598 dare,
1097 532 1297 586 missas
1330 533 1639 598 celebrare,
1688 533 1757 587 de
1802 532 1897 586 in-
1936 535 1982 587 A

3612 416 3717 468 614

2298 532 2426 586 CAP.
2457 532 2677 588 CCXIV.
2710 563 2779 573 —
2803 536 2876 587 De
2900 536 3129 588 sessione
3167 538 3423 605 episcopi.

2084 656 2188 724 (Ea:
2252 657 2443 710 concil.
2509 657 2804 723 Carthag.)
2871 658 2933 711 In
3012 658 3255 711 Ecclesia
3321 658 3381 712 in
3446 676 3717 713 concessu

2011 744 2503 814 presbyterorum,
2534 744 2839 813 episcopus
2870 745 3173 799 sublimior
3199 747 3411 800 sedeat.

2154 831 2283 884 CAP.
2318 831 2555 884 CCXXV.
2584 860 2652 868 —-
2684 832 2812 884 Item
2844 831 2910 884 de
2940 833 3284 886 ordinatione
3313 836 3568 903 episcopi.

2083 917 2192 987 (Ea:
2229 919 2392 972 dictis
2426 918 2691 972 Theodori
2740 921 3186 989 archiepiscopi.)
3233 922 3292 975 In
3350 923 3711 977 ordinatione

2012 1008 2287 1077 episcopi,
2320 1007 2444 1076 ipse
2476 1007 2577 1078 qui
2623 1008 2873 1077 ordinat,
2924 1010 3157 1063 missam
3187 1010 3474 1065 celebrare
3522 1012 3707 1074 debet,

2012 1100 2067 1148 et
2097 1096 2197 1166 qui
2226 1095 2528 1149 ordinatur
2554 1095 2838 1150 similiter.

2012 1219 2139 1274 CAP.
2211 1220 2467 1274 CCXXVI.
2548 1248 2613 1259 —
2894 1221 3198 1344 sqcerdotes
3269 1224 3368 1275 Dei
3440 1222 3743 1277 declinare

2773 1307 2799 1343 e
2837 1306 2937 1344 ean
2969 1331 2981 1342 .

2773 1306 2981 1344 εοεαητ.

2084 1414 2194 1485 (Ea:
2249 1413 2436 1469 concil.
2497 1416 2829 1481 Turonensi,
2888 1430 3008 1483 cap.
3074 1415 3155 1485 l.)
3215 1416 3580 1488 Quaecunque
3639 1418 3711 1472 ad

2010 1504 2238 1557 aurium
2283 1509 2340 1557 et
2384 1503 2455 1557 ad
2503 1505 2801 1556 oculorum
2851 1503 3143 1573 pertinent
3189 1505 3501 1571 illecebras,
3560 1505 3711 1559 unde

2011 1593 2174 1659 vigor
2208 1592 2386 1644 animi
2420 1590 2666 1644 emolliri
2698 1608 2862 1661 posse
2911 1593 3197 1658 credatur,
3232 1600 3295 1645 ut
3326 1594 3395 1647 de
3423 1594 3710 1663 aliquibus

2009 1681 2316 1749 generibus
2390 1680 2763 1745 musicorum,
2834 1680 3074 1749 aliisque
3143 1682 3436 1734 nonnullis
3517 1683 3707 1747 rebus,

186 1802 308 1839 non
340 1786 521 1851 decet,
571 1786 838 1856 quilibet,
872 1786 987 1838 sive
1024 1786 1097 1838 sit
1129 1788 1427 1857 presbyter
1456 1786 1571 1839 sive
1602 1787 1891 1851 diaconus,
1928 1814 1969 1868 Β
2007 1785 2098 1821 0'“

2083 1785 2208 1822 mes
2268 1768 2367 1822 Dei
2427 1767 2746 1821 sacerdotes
2804 1784 2862 1820 se
2920 1768 3205 1822 abstinere
3264 1770 3529 1823 debent:
3574 1772 3711 1840 quia

184 1872 447 1943 aliquam
497 1873 987 1943 perturbationem
1023 1874 1429 1940 machinando,
1474 1881 1531 1928 et
1563 1880 1757 1927 nostro
1798 1874 1900 1927 mi-

183 1961 431 2014 nisterio
481 1961 811 2015 insidiando
840 1963 1222 2033 redarguatur
1252 1963 1449 2016 falsam
1482 1963 1551 2015 ab
1582 1964 1899 2032 apostolico

184 2048 468 2103 detulisse
519 2050 844 2119 epistolam,
893 2052 977 2103 vel
1033 2050 1189 2103 aliud
1235 2050 1375 2120 quid
1419 2052 1572 2121 quod
1608 2052 1738 2105 inde
1780 2068 1899 2105 non

189 2136 531 2190 convenerit
578 2137 720 2190 falsa
771 2137 903 2201 ﬁde,
938 2142 993 2190 et
1022 2154 1137 2190 non
1180 2137 1406 2207 integra
1450 2138 1597 2191 circa
1627 2139 1899 2208 apostoli-

185 2241 321 2278 cum
354 2225 717 2290 humilitate;
752 2241 928 2295 penes
958 2226 1289 2296 episcopum
1326 2226 1397 2278 sit
1429 2231 1676 2296 potestas
1704 2232 1898 2280 utrum

186 2330 324 2367 eum
378 2314 434 2366 in
467 2330 753 2367 carcerem
786 2319 885 2366 aut
934 2315 992 2367 in
1028 2314 1198 2367 aliam
1250 2315 1515 2368 detrudat
1552 2315 1897 2381 custodiam,

185 2418 377 2471 usque
397 2418 519 2471 pio,
554 2418 657 2472 per
686 2402 986 2472 epistolam
1022 2408 1123 2456 aut
1158 2419 1261 2472 per
1290 2404 1530 2456 idoneos
1562 2419 1679 2456 sua}
1721 2404 1899 2473 partis

184 2491 433 2561 legatos,
467 2492 841 2561 apostolicam
874 2492 1205 2561 interpellet
1236 2492 1669 2557 sublimitatem,
1702 2499 1762 2545 ut
1789 2509 1896 2562 po-

182 2579 478 2631 tissimum
536 2596 635 2631 sua
692 2585 883 2632 sancta
940 2580 1224 2650 legatione
1273 2580 1543 2649 dignetur
1590 2581 1897 2635 decernere

182 2668 325 2737 quid
360 2668 429 2721 de
475 2668 683 2720 talibus
709 2668 866 2738 justo
911 2670 1112 2722 ordine
1155 2670 1243 2721 lex
1275 2669 1532 2721 Romana
1564 2674 1772 2723 statuat
1803 2671 1898 2725 de-

180 2755 378 2821 ﬁnire,
413 2760 479 2809 ut
508 2761 563 2809 et
594 2757 641 2809 is
672 2757 1014 2828 corrigatur,
1047 2762 1102 2810 et
1131 2757 1351 2811 caateris
1392 2758 1594 2811 modus
1625 2757 1894 2829 impona-

181 2848 312 2899 tur.

443 2951 569 3004 CAP.
605 2950 820 3006 CCXXI.
855 2980 928 2991 —
952 2954 1029 3005 De
1060 2955 1328 3006 accusatis
1358 2955 1642 3022 episcopis.

2009 1872 2113 1927 per
2142 1856 2368 1909 aurium
2415 1857 2829 1926 oculorumque
2877 1856 3173 1910 illecebras
3221 1857 3495 1911 vitiorum
3544 1858 3711 1913 turba

2007 1944 2079 1997 ad
2133 1945 2390 1997 animum
2430 1943 2655 2013 ingredi
2702 1944 2866 2009 solet,
2914 1943 3257 1997 histrionum
3308 1961 3539 2015 quoque
3588 1951 3709 1998 tur-

2006 2033 2169 2103 pium
2202 2038 2259 2086 et
2286 2033 2691 2087 obscoenorum
2722 2032 3057 2085 insolentias
3082 2034 3341 2101 jocorum
3377 2034 3481 2103 ipsi
3510 2034 3705 2089 animo

2008 2118 2279 2189 elfugere,
2329 2120 2665 2191 caeterisque
2696 2119 3082 2173 sacerdotibus
3132 2121 3459 2191 etfugienda
3504 2122 3709 2192 praedi-

2007 2223 2135 2261 care
2171 2208 2404 2262 debent.

2008 2332 2135 2386 Car.
2186 2332 2477 2387 CCXXVII.
2528 2334 2598 2386 De
2629 2332 2949 2386 haereditate
2996 2334 3259 2400 episcopi,
3295 2337 3712 2401 caeterorumque

2610 2406 3109 2457 ecclesiasticarum.

2078 2526 2185 2595 (Ea:
2236 2526 2424 2579 concil.
2503 2524 2654 2594 apud
2709 2525 2952 2579 Altheim
3011 2525 3232 2593 habito,
3286 2542 3405 2594 cap.
3463 2530 3564 2591 37,
3626 2529 3715 2580 cui

2004 2617 2260 2679 interfuit
2288 2630 2387 2667 rea:
2432 2615 2767 2679 Conradus.)
2799 2616 2901 2668 Sed
2947 2620 3001 2667 et
3032 2617 3139 2667 hoc
3172 2616 3385 2668 ibidem
3417 2616 3709 2669 inventum

2005 2706 2089 2756 est
2114 2702 2179 2754 de
2228 2702 2530 2772 episcopis,
2580 2702 2929 2771 presbyteris
2975 2707 3031 2756 ct
3076 2702 3315 2767 clericis,
3368 2702 3413 2755 si
3462 2703 3713 2757 haeredi-

2003 2795 2178 2845 tatem
2209 2807 2239 2843 a
2269 2791 2514 2844 Domino
2547 2806 2701 2859 rege,
2740 2791 2827 2843 vel
2859 2790 2928 2843 ab
2960 2791 3070 2843 alio
3100 2790 3379 2860 principe,
3412 2792 3495 2843 vel
3526 2792 3711 2845 amico

2005 2896 2128 2946 suo,
2178 2896 2275 2933 seu
2331 2895 2435 2949 per
2484 2878 2909 2933 hmreditariam
2957 2884 3167 2931 sortem
3222 2879 3329 2931 sibi
3386 2879 3707 2946 devenerit,

2003 2970 2092 3022 vel
2123 2968 2532 3038 acquisierunt,
2584 2967 2797 3021 donare
2844 2968 2925 3019 eis
2973 2968 3136 3021 liceat
3179 2969 3327 3021 hanc
3374 2968 3467 3021 cui
3517 2974 3712 3022 volue-

260 3056 371 3125 (Ex
386 3056 583 3111 decret.
605 3058 796 3113 Felicis
813 3073 990 3126 papae,
1011 3058 1302 3126 cap.4.)Si
1326 3058 1597 3127 primates
1620 3063 1896 3133 accusato-
1926 3094 1969 3151 Ο
2006 3057 2146 3125 rint,
2177 3058 2311 3110 dum
2354 3057 2572 3121 vivunt,
2608 3072 2711 3126 pro
2743 3055 2998 3109 remedio
3032 3056 3261 3123 animze,
3297 3056 3365 3109 ad
3400 3057 3709 3111 Ecclesium

182 3162 279 3199 res
311 3146 713 3216 episc0porum
748 3162 879 3199 cum
911 3146 988 3200 eis
1021 3148 1321 3217 paciﬁcare
1344 3148 1706 3202 familiariter
1734 3148 1900 3202 mini-

183 3249 283 3287 me
314 3235 630 3303 potuerint,
662 3237 798 3287 tunc
826 3239 1087 3303 tempore
1120 3234 1379 3303 legitimo
1402 3251 1499 3287 eos
1523 3236 1593 3288 ad
1619 3235 1898 3305 synodum

183 3322 464 3376 canonice
517 3328 905 3387 convocatam,
970 3338 1087 3375 non
1140 3323 1291 3375 infra
1341 3327 1579 3391 angusta
1638 3329 1900 3393 tempora

184 3410 467 3463 canonice
496 3416 826 3476 convocent,
854 3416 911 3463 et
936 3411 1093 3479 prius
1115 3409 1195 3463 eis
1217 3426 1318 3480 per
1345 3411 1555 3480 scripta
1577 3411 1901 3481 signiﬁcent

187 3498 350 3568 quod
383 3498 463 3550 eis
511 3500 845 3568 Opponitur,
889 3504 952 3551 ut
998 3498 1070 3552 ad
1120 3498 1548 3568 responsionem
1596 3498 1901 3569 praeparati

186 3586 522 3640 adveniant.
577 3587 716 3640 Nam
750 3586 818 3649 si,
853 3590 950 3639 aut
982 3586 1035 3639 vi
1066 3591 1165 3639 aut
1193 3588 1421 3653 timore,
1456 3587 1624 3657 ejecti
1655 3593 1754 3640 aut
1783 3586 1900 3639 suis

186 3676 367 3730 rebus
392 3675 690 3745 exspoliati
718 3675 952 3741 fuerint,
986 3691 1090 3729 nec
1121 3676 1390 3729 canonice
1419 3674 1607 3728 vocari
1638 3674 1706 3727 ad
1739 3690 1902 3743 syno-

188 3761 335 3814 dum
380 3768 643 3832 possunt,
676 3779 781 3816 nec
827 3763 1171 3833 respondere
1221 3763 1446 3817 aemulis
1486 3762 1697 3817 debent
1741 3768 1901 3816 ante-

184 3865 370 3921 quam
419 3851 691 3904 canonice
725 3851 1126 3921 restituantur,
1174 3856 1230 3906 et
1260 3867 1363 3905 sua
1392 3851 1588 3905 omnia
1618 3850 1700 3904 eis
1740 3851 1898 3921 lega-

184 3938 326 3991 liter
354 3937 690 3993 reddantur.

183 4061 321 4117 CAP.
360 4061 599 4116 CCXXII.
645 4092 713 4101 —
749 4063 904 4132 Quod
945 4078 1052 4117 non
1098 4064 1181 4115 ita
1227 4064 1285 4115 in
1316 4061 1693 4115 ecclesiasticis
1740 4074 1901 4127 agen-

469 4133 599 4187 dum
630 4136 701 4187 sit
730 4137 959 4201 negotiis
990 4136 1131 4188 sicut
1162 4136 1218 4186 in
1248 4134 1619 4186 szcularibus.

261 4238 374 4307 (Εω
405 4239 547 4293 decr.
600 4240 862 4309 ejusdem,
912 4256 1032 4310 cap.
1092 4239 1202 4309 l6.)
1254 4239 1375 4293 Non
1426 4238 1583 4292 enim
1622 4236 1685 4290 in
1724 4236 1900 4290 eccle-

185 4327 437 4380 siasticis
483 4328 773 4397 agendum
806 4334 888 4383 est
923 4328 1167 4398 negotiis
1218 4328 1363 4381 sicut
1414 4326 1475 4380 in
1506 4325 1892 4379 saecularibus.

184 4416 533 4485 Priusquam
588 4416 811 4486 legibus
841 4422 1077 4471 vocatus
1124 4416 1367 4482 venerit,
1402 4420 1485 4483 ut,
1516 4431 1647 4469 cum
1680 4414 1741 4467 in
1771 4414 1895 4467 foro

183 4504 487 4559 decertare
536 4504 773 4573 coeperit
816 4505 1048 4575 aliquis,
1100 4522 1213 4559 non
1263 4506 1396 4558 licet
1443 4509 1575 4558 ante
1608 4508 1895 4574 peractam

183 4604 423 4643 causam
474 4591 762 4643 recedere.
820 4590 883 4643 In
914 4590 1305 4643 ecclesiasticis
1352 4605 1485 4643 vero
1532 4604 1702 4642 causa
1748 4588 1898 4641 dicta

183 4676 461 4731 recedere
492 4676 647 4743 licet,
677 4677 720 4731 si
761 4693 991 4732 necesse
1020 4679 1215 4744 fuerit,
1246 4682 1346 4731 aut
1374 4678 1421 4731 si
1454 4694 1513 4731 se
1544 4674 1896 4747 przegravari

183 4763 421 4819 viderit.

184 4871 322 4925 CAP.
354 4869 622 4924 CCXXIII.
653 4899 721 4909 —
756 4870 910 4936 Quod
936 4872 1095 4933 nulli,
1135 4886 1289 4940 papa
1316 4872 1548 4935 vivente,
1596 4869 1767 4923 alium
1797 4869 1894 4923 eli-

880 4956 1003 5008 gere
1034 4944 1211 4996 liceat.

259 5045 375 5113 (Ea:
403 5047 546 5101 decr.
599 5048 914 5115 Symmachi
958 5064 1138 5117 papae,
1176 5064 1298 5117 cap.
1330 5048 1410 5116 3.)
1457 5047 1515 5101 Si
1561 5046 1691 5118 quis
1733 5062 1893 5116 pres-

182 5136 356 5205 byter
385 5141 486 5189 aut
517 5136 789 5189 diaconus
822 5142 919 5189 aut
948 5137 1208 5201 clericus,
1234 5153 1385 5207 papa
1416 5135 1708 5199 incolumi,
1743 5140 1799 5188 et
1829 5150 1895 5189 eo

182 5225 539 5289 inconsulto,
585 5225 1065 5294 subscriptionem
1100 5241 1204 5296 pro
1254 5226 1511 5279 Romano
1562 5224 1894 5295 pontiﬁcatu

182 5313 615 5375 commendare,
650 5316 751 5365 aut
789 5312 1000 5381 pitacio
1030 5311 1392 5381 promittere,
1441 5316 1538 5364 aut
1571 5326 1894 5364 sacramen-

182 5406 312 5455 tum
378 5401 639 5470 praabere
708 5400 1019 5455 tentaverit
1090 5406 1190 5454 aut
1256 5400 1492 5471 aliquod
1557 5398 1891 5471 suffragium

181 5489 469 5560 polliceri,
531 5490 621 5544 vel
678 5488 748 5543 de
802 5490 910 5543 hac
966 5506 1136 5544 causa
1189 5488 1428 5561 privatis
1486 5487 1896 5543 conventiculis

184 5577 348 5632 factis
377 5575 699 5631 deliberare
748 5581 914 5647 atque
964 5577 1295 5645 decernere,
1349 5576 1455 5631 loci
1484 5575 1572 5629 sui
1613 5574 1894 5646 dignitate

181 5672 243 5721 et
272 5666 687 5721 communione
716 5664 991 5736 privetur.

2009 3162 2415 3217 quamcunque
2473 3145 2774 3215 elegerint,
2828 3145 2913 3197 vel
2972 3145 3413 3214 consanguineis
3464 3146 3582 3199 suis
3622 3148 3709 3200 vel

2009 3234 2225 3288 amicis.
2292 3235 2389 3288 Sin
2447 3240 2636 3287 autem
2700 3236 2867 3287 antea
2926 3232 3174 3287 obierint
3227 3249 3402 3303 quam
3468 3234 3714 3287 firmiter

2008 3322 2385 3394 perfecerint,
2453 3322 2619 3375 altari
2685 3322 2775 3375 cui
2843 3322 3099 3375 serviunt
3173 3323 3367 3375 omnia
3430 3328 3712 3392 perpetuo

2010 3412 2460 3476 sanctiﬁcantur,
2504 3416 2560 3463 et
2592 3410 2650 3463 in
2674 3412 2770 3480 jus
2800 3410 3118 3463 tradantur.
3151 3410 3426 3464 Similiter
3458 3412 3527 3464 de
3554 3427 3713 3481 pres-

2007 3500 2222 3570 byteris
2294 3503 2574 3552 statutum
2648 3503 2753 3551 est.
2832 3498 3185 3551 Hildibertus
3261 3498 3713 3567 Moguntinensis

2009 3589 2473 3659 archiepiscopus
2552 3587 2907 3657 subscripsit.
2992 3587 3273 3641 Robertus
3351 3589 3715 3641 Treverensis

2010 3678 2475 3748 archiepiscopus
2558 3675 2912 3745 subscripsit.
3004 3675 3152 3729 Unni
3229 3676 3714 3747 Hameburgensis

2010 3766 2470 3836 archiepiscopus
2511 3764 2866 3834 subscripsit.
2911 3764 3305 3818 Adaluvardus
3352 3764 3714 3819 Fardinensis

2010 3854 2313 3925 episcopus
2403 3853 2758 3922 subscripsit.
2845 3852 3187 3922 Richwynus
3276 3854 3715 3923 Argentinensis

2010 3944 2313 4014 episcopus
2358 3942 2713 4011 subscripsit.
2771 3942 3051 4011 Notingus
3101 3942 3555 3997 Constantiensis
3593 3943 3713 4013 epi-

2010 4048 2213 4102 scopus
2265 4030 2620 4101 subscripsit.
2660 4030 2977 4083 Unewanus
3012 4030 3545 4084 Padarbrunnensis
3585 4032 3715 4102 epi-

2010 4137 2215 4191 scopus
2261 4120 2613 4189 subscripsit.
2657 4117 2953 4173 Udalricus
2996 4119 3374 4188 Auguslensis
3413 4120 3717 4192 episcopus

2011 4209 2365 4279 subscripsit.
2441 4208 2802 4261 Bernhardus
2871 4208 3345 4262 Halwartanensis
3416 4209 3717 4280 episcopus

2010 4298 2363 4368 subscripsit.
2430 4296 2750 4351 Rumaldus
2812 4296 3536 4366 Minugardenowardensis
3593 4299 3716 4368 epi-

1925 4377 1972 4432 D
2011 4404 2216 4458 sc0pus
2279 4385 2635 4455 subscripsit.
2706 4385 2900 4439 Eberis
2958 4386 3349 4440 Miudunensis
3414 4386 3717 4457 episcopus

2007 4475 2361 4546 subscripsit.
2422 4475 2653 4527 Necnon
2707 4479 2765 4527 et
2819 4472 3053 4528 abbates
3104 4490 3236 4527 cum
3290 4475 3513 4528 caeteris
3570 4478 3716 4530 sacri

2008 4564 2227 4619 ordinis
2254 4562 2361 4616 viri
2392 4561 2877 4631 subscripserunt.

2008 4688 2133 4741 CAP.
2181 4685 2496 4740 CCXXVII].
2555 4714 2623 4725 —
2670 4686 2747 4738 Ne
2794 4686 3032 4753 episcopi
3080 4689 3307 4753 propter
3362 4700 3517 4739 suam
3562 4688 3717 4753 quie-

2096 4763 2199 4811 tem
2223 4758 2433 4827 plebem
2462 4756 2571 4809 sibi
2598 4757 2939 4809 commissam
2970 4759 3244 4823 negligere
3266 4762 3624 4824 prasumant.

2077 4862 2185 4931 (Ea:
2241 4862 2432 4916 concil.
2502 4861 2659 4930 apud
2716 4861 2979 4915 Sanctum
3032 4860 3387 4928 Me‘dardum,
3446 4868 3711 4932 praesente

2007 4952 2197 5008 Carolo
2244 4965 2386 5017 rege,
2438 4964 2558 5019 cap.
2614 4949 2680 5017 5.)
2730 4948 3154 5003 Providendum
3202 4954 3286 5003 est
3332 4966 3405 5004 ne
3459 4951 3715 5021 episcopi

2004 5043 2241 5111 propter
2269 5054 2431 5092 suam
2473 5038 2725 5109 quietem
2758 5038 2829 5092 ad
2862 5038 3175 5092 remotiora
3202 5040 3326 5092 loca
3358 5042 3710 5107 secedentes,

2007 5134 2062 5183 et
2094 5144 2262 5181 suum
2296 5127 2686 5181 ministerium
2720 5126 3099 5198 negligentes,
3144 5128 3407 5198 proprias
3449 5130 3716 5182 deserant

2006 5217 2259 5272 civitates
2293 5233 2306 5270 :
2336 5216 2431 5271 sed
2479 5222 2578 5271 aut
2612 5217 2910 5287 parochias
2957 5233 3087 5270 suas
3122 5233 3253 5271 cum
3303 5216 3479 5270 ofﬁcii
3519 5217 3709 5270 efﬁca-

2007 5306 2095 5360 cia
2140 5306 2517 5371 circumeant,
2569 5310 2824 5359 autcum
2876 5304 3157 5374 religione
3207 5305 3264 5358 in
3296 5304 3415 5357 suis
3462 5304 3712 5358 civitati-

2004 5393 2112 5448 bus
2170 5394 2445 5448 canonice
2501 5409 2632 5446 cum
2691 5392 2822 5447 ﬁliis
2879 5392 2995 5445 suis
3049 5392 3279 5460 degant.
3343 5390 3713 5461 Presbyteros

2007 5483 2180 5537 etiam
2213 5482 2322 5537 sibi
2368 5481 2722 5548 commissos,
2766 5480 3048 5547 doctrina,
3089 5480 3366 5545 castitate,
3403 5485 3461 5533 et
3489 5480 3713 5535 sobrie-

2004 5574 2143 5634 tate,
2174 5576 2347 5642 atque
2369 5570 2760 5641 hospitalitate
2782 5567 3098 5623 secundum
3120 5582 3289 5622 suum
3318 5567 3711 5625 ministerium

2006 5660 2203 5715 ornari
2228 5660 2593 5729 compellant.
