4200 6434
582 413 684 466 615

1663 412 2070 470 BURCHARDI
2109 413 2635 470 WORMACIENSIS
2676 413 3018 472 EPISCOPI.

3979 422 4073 476 616

582 536 710 590 Car.
745 534 1104 616 CCXXIX_._—
1148 538 1224 616 De
1254 536 1522 616 episcOpis
1554 538 1660 616 qui
1705 552 1811 616 non
1839 540 2075 616 visitatis
2117 552 2281 607 paro-
2314 538 2362 593 Α
2392 537 2508 592 lem
2556 538 2719 593 nobis
2782 539 2995 611 absque
3046 542 3277 610 peccato
3318 543 3498 596 :ante
3572 543 3782 598 saecula
3842 544 4071 616 quidem

808 627 816 633 -
903 607 1039 659 chiis
1065 608 1306 675 pretium
1334 608 1613 661 servitutis
1641 609 1953 675 requirunt.

650 694 765 762 (Ea:
816 695 1005 747 conci].
1066 694 1336 748 Triburiis
1380 694 1562 748 habito
1610 700 1840 763 tempore
1866 693 2143 763 Arnolplti
2187 710 2273 749 re-

579 784 688 849 gis,
713 796 841 852 cap.
889 784 1005 849 26.)
1055 782 1254 835 Delata
1299 786 1384 835 est
1431 797 1619 835 coram
1651 787 1845 835 sancta
1885 782 2099 853 synodo
2129 798 2270 852 que.-

580 868 832 923 rimonia
861 870 1139 940 plebium,
1174 886 1242 923 eo
1273 870 1423 940 quod
1463 869 1580 924 sint
1609 870 1843 940 quidam
1875 869 2128 940 episcopi
2168 886 2271 924 no-

580 955 763 1009 lentes
793 957 864 1010 ad
906 955 1356 1026 praedicandum,
1386 956 1472 1009 vel
1515 956 1583 1009 ad
1632 955 2111 1027 conﬁrmandum,
2143 974 2273 1012 suas

580 1059 686 1114 per
712 1060 929 1098 annum
971 1045 1270 1114 parochias
1313 1044 1613 1097 circumire
1642 1059 1666 1116 ε,
1685 1044 1786 1114 qui
1820 1050 2011 1099 tamen
2042 1046 2275 1115 exigant

583 1138 647 1186 ut
693 1132 1016 1186 mansiones
1066 1133 1274 1202 quibus
1316 1131 1373 1184 in
1407 1131 1761 1202 profectione
1805 1132 1888 1186 uti
1935 1134 2268 1202 debuerant,

580 1220 695 1275 alio
726 1220 907 1291 pretio
947 1220 1234 1274 redimant
1262 1219 1363 1290 qui
1391 1236 1593 1290 parare
1624 1220 1857 1276 debent.
1895 1221 2032 1287 Qum
2059 1224 2272 1293 duplex

580 1309 816 1363 infamia
872 1311 929 1362 et
981 1308 1332 1378 negligentia
1384 1313 1441 1361 et
1497 1308 1737 1363 avaritia
1788 1318 1997 1364 sancta:
2056 1312 2271 1382 synodo

580 1396 808 1452 horrori
865 1396 976 1450 fuit
1030 1411 1262 1466 magno,
1322 1401 1378 1449 et
1428 1402 1756 1451 statuerunt
1806 1414 1878 1452 ne
1933 1399 2063 1469 quis
2120 1400 2273 1454 ultra

579 1489 840 1540 exerceat
863 1484 920 1537 id
967 1484 1296 1553 cupiditatis
1349 1485 1668 1554 ingenium,
1718 1491 1775 1539 et
1805 1492 1871 1541 ut
1908 1488 2270 1543 sollicitiores

579 1573 693 1627 sint
721 1572 975 1643 episcopi
1005 1573 1075 1625 de
1104 1572 1222 1625 suis
1255 1574 1526 1643 gregibus
1552 1574 1862 1629 visitandis.

745 1677 872 1730 CAP.
900 1676 1133 1731 CCXXX.
1161 1703 1235 1717 —
1267 1679 1336 1730 De
1356 1680 1681 1746 purgatione
1711 1680 2099 1747 episcoporum.

647 1780 766 1850 (Ea:
811 1782 999 1835 concil.
1054 1782 1206 1849 apud
1252 1783 1399 1872 41th.
1453 1782 1642 1836 habito
1696 1791 1958 1852 praesente
2014 1785 2270 1840 Conrado
2302 1818 2343 1872 Β

577 1883 717 1935 rege,
763 1884 884 1938 cap.
942 1870 1050 1940 l6.)
1094 1869 1408 1924 Statuimus
1454 1877 1690 1941 propter
1736 1873 1836 1926 Dei
1883 1872 2267 1943 dilectionem,

578 1962 634 2010 et
675 1957 945 2027 proximi,
995 1962 1051 2011 et
1101 1958 1360 2013 ﬁdelium
1408 1958 1685 2013 honorem
1731 1960 2168 2027 catholicorum,
2219 1967 2274 2016 et

576 2046 863 2117 praecipue
923 2046 995 2100 ob
1059 2047 1510 2115 multitudinem,
1576 2048 1838 2103 scandala
1906 2050 2159 2104 eruenda
2218 2053 2275 2103 et

575 2133 834 2188 funditus
882 2134 1269 2205 exstirpanda,
1317 2141 1372 2190 et
1400 2138 1859 2207 perturbationes
1890 2154 2021 2208 qum
2051 2138 2273 2192 noviter

575 2227 768 2276 exorta
812 2229 950 2275 sunt
1000 2228 1056 2276 et
1108 2223 1395 2290 oriuntur,
1453 2240 1677 2279 necnon
1726 2230 1791 2280 ut
1837 2241 2037 2280 omnes
2092 2227 2275 2281 sciant

573 2325 677 2364 nos
707 2310 1028 2381 episcopos,
1052 2312 1193 2365 tales
1219 2312 1314 2365 Dei
1345 2312 1741 2368 misericordia
1764 2330 2128 2385 nequaquam
2150 2330 2271 2369 esse

576 2399 775 2469 quales
805 2398 1070 2465 dicimur,
1114 2401 1442 2471 exemplum
1474 2402 1653 2455 sancti
1702 2402 1902 2455 Leonis
1934 2418 2117 2473 papas,
2149 2402 2270 2474 qui,

576 2503 751 2558 supra
794 2493 1043 2558 quatuor
1092 2488 1403 2559 Evangelia
1443 2491 1667 2561 jurans,
1722 2506 1912 2545 coram
1959 2493 2173 2563 populo
2212 2508 2272 2546 se

577 2566 859 2647 purgavit,
909 2578 1074 2648 sequi
1118 2581 1174 2631 et
1218 2577 1454 2645 imitari,
1503 2579 1658 2632 salva
1690 2584 1881 2633 tamen
1928 2580 2266 2634 auctoritate

576 2662 868 2717 canonica.
957 2652 976 2663 ’

574 2767 702 2823 CAP.
752 2767 1007 2823 CCXXXI.
1049 2795 1121 2808 —
1165 2770 1238 2821 De
1278 2783 1335 2822 eo
1385 2771 1483 2838 qui
1511 2785 1579 2823 ea:
1616 2772 1869 2825 monacho
1912 2771 2097 2836 factus
2142 2773 2268 2838 fue-

1219 2841 1294 2893 rit
1321 2843 1619 2908 episcopus.

643 2925 749 2996 (Ea:
776 2925 954 2980 eodem
992 2927 1180 2980 concil.
1227 2933 1488 2996 prasente
1534 2944 1655 2995 rege
1685 2929 1950 2995 Conrado,
1996 2945 2116 2999 cap.
2152 2929 2269 2999 36.)

569 3013 854 3068 Statutum
898 3019 953 3068 et
995 3014 1411 3069 rationabiliter
1455 3017 1770 3071 secundum
1818 3021 2043 3071 sanctos
2075 3019 2268 3071 Patres

2383 626 2452 681 de
2482 628 2646 682 Patre
2679 631 2940 698 genitum
2971 629 3284 683 secundum
3312 628 3583 685 deitatem
3616 647 3631 686 :
3659 632 3721 686 in
3760 634 4074 688 novissimis

2382 732 2517 770 vero
2549 716 2751 770 diebus
2780 718 3046 771 eumdem
3076 722 3314 788 propter
3345 734 3449 772 nos
3473 724 3531 773 et
3558 726 3793 792 propter
3824 727 4069 777 nostram

2384 803 2623 857 salutem
2656 803 2726 857 de
2758 802 2979 873 virgine
3010 803 3204 872 Maria,
3236 820 3364 875 quae
3394 805 3663 860 eumdem
3690 807 3872 861 Deum
3900 823 4071 878 pepe-

2381 893 2457 946 rit
2481 892 2794 945 secundum
2826 892 3267 958 humanitatem,
3301 908 3483 946 unum
3509 895 3892 967 eumdemque
3923 896 4072 951 Chri-

2381 978 2504 1028 tum
2537 975 2739 1030 Filium
2774 976 2874 1029 Dei
2903 978 3212 1032 Dominum
3241 978 3604 1049 unigenitum
3637 980 3696 1035 in
3727 982 3949 1038 duabus
3974 1000 4069 1038 na-

2382 1063 2546 1129 turis,
2590 1063 2906 1132 inconfuse,
2954 1066 3482 1135 inconvertibiliter,
3526 1069 3841 1139 individue,
3892 1077 3948 1126 et
3986 1072 4074 1126 in-

2381 1152 2778 1221 separabiliter
2824 1154 3136 1224 cognitum,
3187 1171 3555 1228 nequaquam
3604 1164 3867 1215 naturam
3910 1160 4069 1215 diﬁc-

2380 1242 2566 1295 rentia
2614 1242 2837 1296 sublata
2883 1248 3116 1314 propter
3157 1246 3500 1311 unitiouem,
3546 1245 3641 1300 sed
3686 1249 3876 1317 potius
3922 1250 4072 1304 salva

2383 1334 2647 1383 manente
2679 1331 3024 1401 proprietate
3058 1332 3357 1404 utriusque
3393 1339 3632 1401 naturae,
3664 1335 3723 1390 in
3753 1352 3926 1391 unam
3957 1354 4071 1392 non

2379 1418 2440 1472 in
2473 1419 2612 1473 duas
2641 1419 2992 1474 concurrisse
3024 1436 3314 1490 personas.
3346 1420 3456 1476 Sed
3483 1439 3661 1478 unum
3693 1424 4072 1496 eumdemque

2384 1508 2588 1561 Filium
2636 1508 3002 1578 unigenitum
3049 1509 3247 1574 Deum,
3298 1526 3494 1565 verum
3537 1512 3841 1568 Dominum
3881 1514 4073 1568 Jesum

2381 1596 2689 1661 Christum,
2750 1597 2893 1650 sicut
2923 1597 3061 1651 olim
3110 1598 3409 1668 prophetae
3442 1599 3511 1654 de
3555 1618 3646 1665 eo,
3678 1602 3766 1655 vel
3809 1601 3932 1670 ipse
3974 1619 4074 1655 nos

2382 1684 2633 1739 Christus
2688 1701 2791 1755 per
2847 1686 3221 1755 semetipsum
3290 1688 3566 1743 Dominus
3638 1690 3906 1745 erudivit.
3968 1691 4073 1756 Qui

2381 1779 2572 1827 autem
2609 1775 2685 1827 ita
2739 1790 2855 1827 non
2903 1775 3178 1841 sentiunt,
3234 1792 3362 1830 cum
3408 1777 3667 1831 Nestorio
3697 1785 3754 1832 et
3803 1779 4071 1850 Eutyche,

2382 1861 2469 1915 vel
2515 1877 2714 1915 eorum
2760 1863 3133 1917 sectatoribus
3183 1871 3401 1919 aeterno
3451 1866 3813 1921 anathemate
3871 1867 4075 1939 dignos

2380 1966 2500 2004 esse
2532 1952 2865 2020 pronuntio.

2380 2056 2505 2111 CAP.
2565 2057 2871 2112 CCXXXIII.
2918 2085 2991 2099 —
3047 2060 3114 2112 De
3168 2058 3444 2114 damnatis
3500 2062 3791 2131 episcopis,
3848 2066 3901 2116 et
3950 2070 4074 2132 post

3036 2132 3416 2184 reconciliatis.

2446 2216 2693 2270 Joannes
2752 2216 3184 2287 Chrysostomus
3234 2235 3265 2271 a
3315 2218 3540 2273 duabus
3586 2221 3817 2289 synodis
3877 2223 4073 2277 ortho-

2378 2303 2653 2358 doxorum
2703 2304 3109 2375 episcoporum
3156 2306 3263 2360 fuit
3306 2308 3670 2377 dijudicatus,
3721 2308 3820 2363 sed
3863 2310 4073 2365 iterum

2378 2392 2486 2447 fuit
2525 2394 2836 2447 restitutus.
2879 2394 3173 2448 Marcellus
3218 2395 3516 2467 episcopus
3562 2399 3796 2468 Ancyrae.
3842 2398 4075 2453 Galatia:

2379 2481 2674 2550 depositus
2726 2482 2855 2546 fuit,
2913 2482 3012 2536 sed
3066 2484 3436 2553 postmodum
3497 2486 3795 2556 proprium
3856 2488 4078 2558 recepit

2377 2569 2787 2639 episcopatum.
2835 2571 3130 2640 Asclepius
3178 2572 3525 2641 dijudicatus
3554 2589 3585 2626 a
3613 2573 3852 2643 synodo,
3886 2576 4077 2629 Eccle-

2378 2657 2518 2711 siam
2571 2674 2730 2711 suam
2788 2664 2988 2728 postea
3040 2660 3270 2729 recepit.
3332 2660 3610 2714 Lucianus
3658 2662 3963 2733 episcopus
4012 2669 4078 2717 A-

2379 2744 2808 2815 drianopolites,
2851 2747 3155 2801 damnatus
3189 2764 3218 2801 a
3247 2764 3395 2818 papa
3438 2749 3608 2813 Julio,
3642 2753 3858 2820 recepit
3886 2752 4074 2806 Eccle-

2378 2833 2520 2887 siam
2554 2833 2642 2886 sui
2675 2834 3053 2904 episcopatus.
3088 2837 3331 2905 Cyrillus
3361 2836 3912 2907 Hierosolymitauus
3952 2841 4075 2911 epi-

2378 2938 2579 2991 scopus
2610 2923 2901 2992 depositus
2939 2924 3064 2990 fuit,
3109 2930 3307 2995 postea
3335 2926 3733 2980 reconciliatus
3775 2932 3862 2981 est
3889 2929 4076 2982 Eccle-

2376 3009 2473 3061 size
2530 3024 2665 3063 suae.
2726 3009 2912 3063 Simili
2972 3011 3142 3065 modo
3196 3017 3253 3066 et
3307 3013 3751 3083 Polycbronium
3809 3016 4070 3085 ejusdem

569 3117 601 3155 a
632 3101 844 3173 synodo
875 3108 961 3155 est
1008 3101 1300 3157 ﬁrmatum
1331 3107 1394 3157 ut
1422 3104 1734 3158 monachus
1786 3120 1959 3175 quem
1994 3104 2266 3160 canonica
2302 3102 2341 3156 (Ξ
2377 3097 2637 3151 Εοειεδεὶω
2692 3098 3218 3168 Hieroaolymitaue
3280 3100 3615 3170 pontiﬁcem
3680 3102 3865 3156 Xistus
3925 3120 4077 3174 papa

569 3190 770 3244 electio
805 3207 838 3243 a
871 3191 1015 3261 jugo
1044 3192 1260 3260 regulas
1304 3192 1632 3247 monasticae
1679 3193 2047 3263 professionis
2080 3193 2264 3248 absol-

568 3278 667 3342 vit,
699 3284 757 3333 et
786 3294 944 3331 sacra
987 3278 1275 3333 ordinatio
1307 3280 1376 3333 de
1407 3282 1689 3335 monacho
1736 3281 2062 3352 episcopum
2106 3281 2261 3348 facit,

569 3366 724 3420 velut
776 3366 1067 3436 legitimus
1130 3367 1314 3421 haeres
1356 3374 1656 3437 paternam
1716 3369 1824 3423 sibi
1871 3370 2261 3424 hereditatem

568 3460 768 3525 postea
791 3453 922 3524 jure
953 3454 1279 3509 vindicandi
1311 3461 1648 3526 potestatem
1698 3457 1921 3512 habeat.
1956 3458 2061 3512 Sed
2093 3457 2261 3529 quid-

569 3542 709 3614 quid
752 3542 1115 3613 acquisierat,
1167 3544 1253 3597 vel
1298 3544 1508 3599 habere
1536 3545 1686 3600 visus
1730 3546 1936 3609 fuerat,
1971 3552 2261 3600 monaste-

566 3631 655 3685 rio
704 3631 1013 3701 relinquat,
1047 3636 1102 3685 et
1151 3631 1373 3685 abbatis
1408 3632 1514 3701 sui,
1565 3634 1665 3705 qui
1714 3633 1901 3689 fuerat
1944 3634 2258 3689 secundum

562 3720 825 3790 regulam
868 3718 1049 3773 sancti
1098 3719 1411 3787 Benedicti,
1456 3720 2066 3793 arbitrio.'Postquam
2101 3723 2258 3776 enim

564 3808 861 3879 episcopus
910 3807 1226 3875 ordinatur,
1278 3808 1349 3863 ad
1392 3810 1570 3863 altare
1622 3811 1691 3865 ad
1736 3812 1890 3882 quod
1938 3811 2260 3865 sanctiﬁca-

560 3899 656 3952 tur
704 3902 762 3950 et
808 3896 1095 3963 titulatur,
1158 3897 1468 3952 secundum
1519 3915 1709 3954 sacros
1770 3915 2039 3967 canones,
2100 3899 2257 3971 quod

563 3985 857 4056 acquirere
886 3986 1100 4055 poterit
1125 3985 1403 4041 restituat.

564 4091 695 4147 CAP.
743 4090 1029 4162 CCXXXII.
1067 4119 1140 4132 —
1174 4095 1243 4146 De
1272 4093 1365 4147 illo
1405 4094 1501 4162 qui
1546 4091 1611 4146 de
1640 4093 1828 4160 aliqua
1874 4094 2065 4147 haeresi
2103 4094 2256 4157 infa-

635 4165 837 4222 matur,
870 4161 1014 4230 quod
1042 4164 1099 4214 in
1143 4177 1295 4216 sacro
1324 4161 1582 4217 conventu
1622 4165 1917 4229 formulam
1947 4166 2111 4217 istius
2132 4179 2260 4233 pro-

632 4234 882 4298 fessionis
907 4234 1131 4285 recitare
1157 4233 1365 4288 debeat.

634 4337 743 4408 (Ecc
771 4339 927 4407 epist.
978 4338 1149 4408 Cyril.
1186 4338 1263 4391 ad
1290 4341 1547 4393 Joannem
1575 4338 1853 4430 Antioch.)
1883 4338 2005 4430 Ego
2053 4338 2119 4392 N.
2149 4337 2256 4393 hac
2294 4376 2338 4430 Β

564 4426 845 4496 scriptura
874 4441 1046 4497 quam
1098 4442 1268 4481 manu
1320 4443 1448 4481 mea
1488 4426 1815 4497 perscripsi,
1861 4425 2141 4495 proﬁteor
2168 4441 2254 4480 se—

559 4530 741 4585 quens
799 4520 1058 4569 sanctum
1109 4515 1390 4584 judicium
1454 4516 1688 4570 Patrum
1746 4514 1991 4568 Nicenas
2052 4514 2254 4584 synodi

559 4607 943 4657 trecentorum
1015 4604 1214 4658 decem
1281 4610 1340 4657 et
1394 4609 1561 4670 octo,
1623 4603 1711 4657 vel
1777 4602 2255 4657 Chalcedonensis

560 4691 763 4761 synodi
790 4691 1110 4746 universale
1136 4691 1462 4758 concilium,
1489 4690 1651 4760 cujus
1680 4690 2074 4745 deﬁnitionem
2095 4691 2255 4745 sedes

561 4781 869 4848 apostolica
897 4779 1260 4833 conﬁrmavit
1291 4796 1305 4834 :
1337 4778 1493 4850 quod
1524 4779 1696 4833 etiam
1727 4779 2042 4833 beatissimi
2087 4796 2253 4850 papae

560 4868 765 4921 Leonis
796 4867 1039 4936 epistola
1069 4866 1138 4921 ad
1170 4872 1378 4920 sancta:
1408 4867 1703 4921 memoria:
1740 4867 2071 4922 Flavianum
2103 4868 2253 4923 Con-

559 4954 1092 5023 stantinopolitanae
1161 4954 1323 5008 urbis
1396 4954 1727 5025 episcopum
1797 4961 2058 5009 nostrum
2123 4956 2255 5009 data

558 5043 974 5113 praedicatione
1024 5041 1387 5096 lucidissima:
1434 5042 1690 5096 veritatis
1739 5045 2016 5114 exposuit.
2064 5045 2252 5099 Conli-

560 5137 687 5184 teor
733 5146 914 5183 unum
961 5129 1344 5200 eamdemque
1392 5131 1700 5184 Dominum
1750 5137 2014 5186 nostrum
2056 5132 2251 5185 Jesum

559 5219 851 5274 Christum
900 5217 1266 5289 unigenitum
1321 5218 1420 5272 Dei
1469 5218 1648 5288 patris
1691 5219 2006 5288 perfectum
2042 5235 2057 5273 :
2089 5236 2252 5274 eum-

556 5309 687 5362 dem
728 5308 788 5361 in
835 5307 1043 5361 deitate
1091 5306 1426 5377 perfectum,
1478 5308 1742 5361 eumdem
1793 5308 1854 5361 in
1892 5308 2251 5362 humanitate

558 5397 741 5451 Deum
788 5412 939 5460 vere,
989 5400 1045 5450 et
1083 5395 1383 5449 hominem
1426 5412 1574 5449 vere.
1628 5397 1818 5466 Ipsum
1866 5396 2252 5467 eamdemque

559 5499 623 5537 ex
664 5482 860 5537 anima
900 5482 1168 5536 rationali
1210 5486 1263 5536 et
1304 5497 1472 5536 carne
1510 5484 2054 5538 consubstantialem
2101 5484 2255 5538 Patri

558 5570 873 5625 secundum
923 5570 1216 5637 deitatem,
1267 5570 1810 5626 consubstantialem
1868 5572 2033 5625 nobis
2088 5588 2254 5625 eum-

557 5660 693 5713 dem
761 5656 1078 5712 secuudum
1134 5657 1574 5729 humanitatem,
1629 5660 1692 5714 in
1757 5660 2030 5715 omnibus
2085 5660 2247 5714 simi-

2372 3185 2683 3250 damnavit,
2732 3190 2790 3239 et
2838 3187 3050 3240 iterum
3099 3188 3220 3257 ipse
3268 3204 3399 3243 eum
3446 3190 3848 3245 reconciliavit.
3902 3192 4078 3245 Inno-

2371 3272 2591 3325 centius
2621 3289 2770 3343 papa
2798 3274 3103 3329 Photinum
3134 3276 3428 3330 damnavit
3451 3277 3804 3347 episcopum,
3828 3278 3928 3332 sed
3954 3281 4077 3349 ipse

2369 3366 2569 3430 postea
2615 3378 2748 3415 eum
2801 3362 2862 3415 in
2901 3364 3205 3433 proprium
3258 3365 3510 3418 restituit
3565 3365 3754 3419 locum
3804 3366 4074 3420 Ecclesia

2371 3465 2508 3504 sum.
2544 3450 2821 3504 Misenum
2870 3451 3203 3522 episcopum
3235 3469 3268 3505 a
3300 3453 3479 3507 Felice
3525 3469 3675 3524 papa
3705 3454 4072 3520 damnatum,

2368 3538 2623 3593 Gelasius
2652 3554 2802 3608 papa
2829 3555 3120 3594 successor
3138 3541 3292 3595 illius
3314 3546 3372 3596 et
3398 3543 3863 3609 communicavit,
3891 3549 3953 3597 et
3984 3546 4078 3598 Ec-

2369 3627 2553 3680 clesia:
2598 3642 2714 3680 suae
2764 3628 3030 3683 restituit.
3085 3629 3352 3683 Leontius
3394 3630 3532 3685 dum
3576 3637 3724 3685 esset
3770 3632 4079 3703 presbyter

2369 3715 2661 3786 depositus
2713 3715 2840 3781 fuit,
2892 3717 2987 3771 sed
3044 3722 3239 3787 postea
3286 3718 3347 3771 in
3386 3718 3686 3773 Antiochia
3741 3721 4078 3789 patriarcha

2367 3804 2599 3858 exstitit.
2653 3805 2960 3874 Gregorius
3006 3821 3139 3859 vero
3185 3811 3422 3877 quartus
3466 3823 3617 3877 papa
3658 3808 4076 3874 Theodosium,

2367 3908 2540 3963 quem
2589 3893 2875 3962 Eugenius
2922 3893 3045 3963 ejus
3088 3899 3414 3948 antecessor
3458 3895 3801 3966 presbyterii
3844 3896 4076 3951 honore

2364 3981 2707 4051 privaverat,
2786 3988 2993 4035 sancta:
3061 3983 3319 4036 Ecclesiae
3400 3983 3654 4051 Signiam
3716 3984 4077 4037 consecravit

2364 4069 2720 4139 episcopum.
2766 4070 2912 4124 Ybas
2942 4086 3191 4142 namque
3222 4071 3529 4142 episcopus
3554 4071 3902 4142 dijudicatus
3935 4072 4071 4138 fuit,

2364 4157 2464 4211 sed
2494 4163 2687 4211 sancta
2731 4158 2982 4227 synodus
3011 4161 3282 4213 canonice
3323 4175 3488 4213 suam
3529 4160 3616 4213 illi
3664 4161 3918 4213 restituit
3966 4161 4072 4214 Ec-

2364 4246 2616 4300 clesiam.
2670 4246 2994 4301 Rothadum
3046 4263 3181 4301 vero
3212 4248 3541 4318 episcopum
3581 4253 3789 4302 sanctae
3827 4247 4074 4302 Suesso-

2364 4334 2580 4389 niensis
2632 4336 2914 4399 Ecclesiae,
2947 4352 2980 4389 a
3009 4337 3226 4405 synodo
3273 4337 3365 4390 cui
3409 4337 3645 4393 Carolus
3674 4337 3944 4390 interfuit
3975 4353 4075 4392 rex

2364 4424 2832 4487 condemnatum,
2863 4430 2920 4477 et
2944 4425 3264 4479 Sotfrenum
3298 4426 3692 4480 Placentinum
3718 4425 4073 4496 episcopum

2365 4511 2573 4565 merito
2617 4512 3011 4583 reprobatum,
3058 4513 3322 4567 Nicotaus
3370 4528 3520 4584 papa
3564 4512 3763 4568 ambos
3800 4513 4074 4568 reconci-

2365 4599 2539 4653 liavit.

2732 4691 2807 4743 De
2831 4692 3199 4758 episcoporum
3220 4692 3688 4745 transmutatione.

2434 4775 2577 4840 Quia
2607 4792 2742 4830 vero
2774 4778 3173 4848 episcoporum
3204 4779 3443 4849 plurimi
3481 4794 3548 4832 ex
3581 4778 3709 4832 aliis
3736 4776 4077 4834 civitatibus

2361 4866 2433 4919 ad
2463 4865 2601 4918 alias
2644 4871 2879 4936 propter
2909 4868 3304 4920 necessitatem
3347 4883 3447 4921 seu
3490 4867 3795 4921 utilitatem
3835 4872 4076 4938 tempo-

2363 4969 2490 5006 rum
2543 4959 2675 5007 sunt
2723 4954 2955 5024 migrati
2995 4961 3052 5009 et
3093 4956 3476 5021 transmutati,
3524 4970 3771 5027 quorum
3822 4956 4078 5010 nomina

2362 5042 2485 5095 haec
2514 5046 2647 5095 sunt
2680 5058 2694 5096 :
2727 5043 3033 5112 Peregines
3081 5044 3139 5098 in
3170 5045 3352 5097 Petris
3383 5050 3464 5098 est
3494 5044 3792 5098 ordinatus
3838 5045 4077 5115 episco-

2362 5145 2491 5199 pus,
2552 5131 2650 5183 sed
2700 5132 2977 5201 quoniam
3026 5133 3174 5185 cives
3232 5133 3356 5201 ejus
3407 5132 3652 5186 civitatis
3698 5147 3834 5185 eum
3892 5133 4084 5187 susci-

2363 5234 2498 5287 pere
2554 5220 2882 5283 noluerunt,
2933 5219 3208 5273 Romanas
3259 5221 3502 5274 civitatis
3551 5221 3853 5290 episcopus
3898 5221 4084 5291 jussit

2362 5322 2495 5360 eum
2545 5306 2925 5361 inthronizari
2972 5308 3032 5361 in
3086 5308 3359 5363 Corintho
3412 5310 3737 5379 metropoli,
3789 5309 4078 5364 defuncto

2364 5395 2488 5463 ejus
2536 5396 2805 5466 episcopo
2855 5397 3027 5467 eique
3077 5397 3259 5451 donec
3308 5396 3448 5451 vixit
3499 5398 3757 5451 Ecclesia:
3806 5398 4077 5468 praefuit.

2364 5483 2672 5537 Dosideum
2717 5484 2992 5539 Seleucia:
3064 5485 3420 5555 episcopum,
3476 5485 3807 5539 Alexander
3863 5490 4081 5541 Antio-

2362 5571 2577 5624 chenus
2624 5571 2927 5643 episcopus
2961 5574 3023 5626 in
3069 5573 3349 5627 Tharsum
3394 5573 3603 5628 Ciliciae
3634 5576 4080 5629 transmutavit.

2363 5658 2738 5715 Reverentius
2778 5659 2850 5715 ab
2878 5660 3045 5730 Argis
3095 5660 3404 5717 thniciaa
3450 5661 3512 5718 in
3538 5662 3753 5732 Tyrum
3800 5664 4083 5718 transmi-
