4200 6384
217 322 303 371 617

1157 324 1626 381 ΒΕΟΒΕΤΟΒΗΜ
1675 329 1861 383 LIBRI
1900 330 2005 384 XX.
2050 361 2116 369 —
2160 333 2364 387 LIBER
2404 332 2780 389 SECUNDUS.

3608 345 3711 395 618

212 448 392 513 gratus
423 449 531 498 est.
566 446 815 499 Joannes
843 445 912 499 de
938 446 1270 500 Gordolinia
1304 453 1554 502 mutatus
1580 455 1663 502 est
1692 450 1750 503 in
1784 453 1912 505 Pro-
1940 460 1985 510 A
2025 454 2264 523 Apamia
2288 454 2434 508 Asia
2481 455 2820 509 transfertur
2848 456 2907 509 in
2936 458 3391 528 Eudoxiopolim,
3434 478 3562 532 qua
3604 464 3716 517 du-

213 531 496 596 conixum,
547 538 605 586 et
635 533 686 586 ei
735 534 1008 604 pracedit
1051 534 1331 588 Ecclesia.
1386 536 1670 590 Palladius
1700 539 1767 591 ab
1801 541 1910 593 He-

216 618 439 686 Iinopoli
473 624 731 672 mutatus
771 627 856 672 est
899 620 959 672 in
988 620 1299 688 Asponam.
1332 622 1671 688 Alexander,
1700 626 1768 678 ab
1803 627 1914 680 alia

216 705 546 775 llelinopoli,
593 706 653 758 in
698 707 1143 776 Andrinopolim
1175 714 1426 762 mutatus
1461 716 1561 763 est.
1601 713 1913 782 Gregorius

214 792 598 847 Nazianzenus
622 796 781 863 prius
804 795 1043 848 civitatis
1068 796 1437 865 Cappadocia
1476 799 1585 852 fuit
1614 800 1913 871 episcopus

213 896 327 949 qua
360 881 585 935 Sasima
612 882 841 951 dicitur,
865 883 1068 937 deinde
1090 900 1121 936 a
1149 884 1314 938 beato
1347 886 1551 940 Basilio
1583 892 1638 940 et
1669 889 1913 943 aliorum

214 969 609 1039 episcoporum
665 987 943 1024 consensu
994 970 1054 1024 in
1093 972 1374 1027 Anzianco
1422 974 1761 1029 constitutus
1808 982 1909 1031 est.

213 1056 460 1109 Meletius
504 1057 667 1126 prius
713 1059 983 1111 Sebastia
1030 1059 1292 1113 Ecclesia
1340 1061 1593 1129 prafuit,
1633 1067 1690 1115 et
1715 1070 1913 1133 postea

212 1145 523 1199 Antiochia
583 1148 796 1216 prasul
852 1152 937 1201 est
992 1148 1352 1202 constitutus.
1422 1149 1773 1203 Theusebius
1843 1152 1910 1205 ab

2022 541 2158 594 dum
2192 541 2507 596 Salambria
2539 544 2863 597 vocabatur.
2908 546 3273 616 Polycarpus,
3307 548 3377 601 de
3406 550 3543 603 urbe
3583 557 3716 607 ante

2022 627 2277 680 Pristena
2324 628 2532 698 Mysia,
2588 629 2647 682 in
2680 630 2995 699 Nicopolim
3042 633 3249 685 Tracia
3300 639 3555 688 mutatus
3607 644 3712 691 est.

2023 714 2404 783 Hierophilus,
2439 716 2508 769 de
2536 717 2908 786 Trapezopoli
2938 718 3149 785 Frisia,
3168 721 3606 791 transmigratus
3630 731 3719 778 est

2023 802 2081 855 in
2128 804 2533 873 Plalinopolim
2578 805 2850 858 Thracia.
2909 806 3192 875 Optimus,
3254 809 3321 861 ab
3371 811 3715 879 Agardamia

2026 890 2247 959 Frigia,
2311 890 2371 944 in
2422 892 2782 945 Antiochiam
2835 894 3061 947 Pisidia
3114 897 3553 967 transmigratus
3608 905 3712 954 est.

2022 976 2299 1045 Silvanus,
2358 995 2392 1032 a
2449 979 2835 1050 Philippopoli
2891 982 3164 1048 Thracia,
3227 989 3479 1039 mutatus
3524 992 3608 1040 est
3651 986 3713 1041 in

2022 1066 2323 1120 'l‘rondam.

1625 1272 1798 1311 FINIS
1843 1272 2021 1311 LIBRI
2070 1271 2282 1311 PRIMI.

1038 1502 1328 1575 INDEX
1386 1504 2069 1577 CAPITULORUM
2128 1506 2380 1577 LIBRI
2444 1506 2875 1580 SECUNDI.

208 1672 327 1724 CAP.
366 1671 405 1723 I.
445 1672 526 1724 De
557 1670 1020 1727 ordinationibus
1063 1674 1529 1744 presbyterorum
1572 1680 1627 1729 et
1653 1675 1908 1746 reliquo-
1940 1680 1977 1730 Β
2016 1676 2191 1732 XXVI.
2246 1677 2322 1730 De
2370 1677 2544 1732 servis
2588 1678 2921 1733 ordinandis
2973 1681 3282 1735 secundum
3327 1682 3708 1739 ecclesiastica

272 1775 402 1811 rum
438 1760 733 1813 ordinum.

206 1848 267 1900 II.
334 1846 481 1910 Qua
555 1848 876 1919 presbyteri
952 1850 1268 1904 necessaria
1346 1850 1561 1905 discere
1646 1856 1702 1905 et
1765 1852 1906 1905 scire

270 1934 542 1988 debeant.

206 2023 288 2075 III.
319 2024 399 2076 De
433 2023 635 2076 eadem
669 2039 748 2076 re.

206 2111 285 2162 ιν.
319 2110 493 2173 Quod
523 2111 910 2164 ordinationes
952 2111 1078 2164 fieri
1118 2128 1232 2166 non
1262 2112 1507 2167 debeant
1548 2113 1657 2167 nisi
1686 2114 1746 2167 in
1778 2114 1902 2167 loco

274 2203 436 2251 certo
472 2203 529 2251 et
558 2198 849 2268 religioso.

209 2287 263 2339 V.
298 2285 475 2349 Quod
517 2286 807 2340 Abraham
836 2286 1057 2356 primus
1102 2286 1174 2341 sit
1219 2288 1538 2357 appellatus
1582 2290 1901 2361 presbyter,

272 2379 329 2427 et
359 2390 545 2444 quare
568 2373 889 2444 presbyteri
919 2374 1316 2430 nominentur.

208 2463 288 2516 VI.
352 2462 527 2525 Quod
592 2463 785 2515 nullus
843 2478 909 2516 ex
963 2463 1340 2518 ecclesiastico
1399 2465 1598 2520 ordine
1649 2466 1903 2520 absolute

270 2550 487 2604 debeat
513 2551 786 2604 ordinari.

202 2639 314 2692 VII.
351 2638 518 2702 Quod
565 2640 671 2692 sub
702 2644 934 2708 aspectu
981 2639 1339 2695 audientium
1380 2641 1769 2696 ordinationes
1816 2658 1900 2697 ce—

266 2726 486 2779 lebrari
516 2742 633 2779 non
667 2727 931 2781 debeant.

200 2816 334 2870 VIII.
366 2816 542 2879 Quod
575 2815 760 2870 turbis
790 2815 1128 2870 electionem
1155 2817 1677 2887 promovendorum
1716 2818 1902 2872 facere

198 2920 312 2956 non
345 2904 541 2957 liceat.

2087 1766 2374 1832 mandata,
2407 1767 2677 1835 quoniam
2707 1767 2943 1838 ingenui
2969 1769 3093 1822 fieri
3123 1770 3351 1825 debent.

2014 1852 2217 1908 XXVII.
2255 1854 2331 1906 De
2364 1854 2563 1907 eadem
2598 1871 2679 1909 re.

2014 1940 2244 1993 XXVIII.
2282 1942 2357 1993 De
2392 1941 2589 1994 eadem
2621 1958 2703 1995 re.

2012 2026 2183 2078 XXIX.
2218 2026 2295 2078 De
2327 2025 2526 2079 eadem
2557 2042 2638 2079 re.

2011 2114 2160 2166 XXX.
2192 2113 2493 2183 Exemplar
2521 2114 2800 2168 libertatis
2831 2114 2900 2168 de
2931 2116 3166 2186 proprio
3197 2133 3381 2173 servo.

2009 2202 2179 2255 XXXI.
2216 2202 2293 2254 De
2325 2217 2620 2255 servorum
2651 2202 3027 2258 ordinatione.

2009 2289 2206 2343 XXXII.
2243 2290 2318 2342 De
2349 2290 2711 2344 ecclesiarum
2738 2291 2931 2346 servis.

2011 2377 2237 2431 XXXIII.
2292 2378 2360 2431 Ut
2398 2379 2743 2447 panitentes
2791 2384 2846 2433 et
2888 2380 3107 2450 digami
3150 2397 3268 2435 non
3324 2398 3705 2451 promovean-

2082 2469 2196 2518 tur.

2010 2553 2233 2608 XXXIV.
2266 2553 2651 2623 Energumeni
2687 2570 2802 2607 non
2841 2555 3028 2609 solum
3062 2572 3176 2609 non
3206 2558 3533 2612 assumendi
3571 2567 3706 2615 sunt

2082 2640 2149 2694 ad
2183 2642 2418 2707 clerum,
2453 2642 2550 2695 sed
2574 2642 2791 2696 inventi
2820 2643 2890 2696 ab
2923 2644 3108 2698 ofﬁcio
3138 2646 3493 2705 removendi.

2011 2730 2202 2782 XXXV.
2239 2730 2306 2782 Ut
2334 2730 2526 2783 nullus
2559 2747 2620 2783 ex
2645 2731 3054 2800 pauitantibus
3083 2733 3397 2788 ordinetur.

2010 2817 2224 2872 XXXVI.
2280 2818 2359 2871 De
2401 2817 2686 2873 actoribus
2716 2823 2772 2872 et
2815 2820 3302 2889 procuratoribus,
3354 2822 3401 2874 si
3444 2822 3698 2876 ordinari

2083 2905 2344 2959 debeant.

200 2991 284 3044 IX.
318 2990 490 3054 Quod
537 2991 871 3061 episcopum
922 2992 1011 3045 vel
1061 2991 1459 3061 presbyterum
1510 2997 1639 3047 ante
1669 2992 1905 3063 triginta
1938 2993 1978 3048 C
2017 2992 2260 3046 XXXVII.
2316 2993 2386 3045 Ut
2433 2992 2503 3047 de
2546 2992 2957 3063 pauitantibus
3003 2995 3194 3049 nullus
3250 2995 3582 3050 admittatur
3628 2997 3702 3051 ad

266 3095 457 3132 annos
492 3078 760 3132 ordinare
788 3095 905 3133 non
937 3079 1121 3133 liceat.

199 3169 255 3220 X.
294 3168 375 3220 De
407 3166 761 3237 presbyteris
806 3166 906 3239 qui
948 3172 1076 3221 ante
1125 3166 1361 3236 triginta
1410 3182 1592 3221 annos
1639 3167 1908 3222 ordinan-

268 3260 387 3307 tur.

198 3342 292 3397 XI.
354 3342 533 3405 Quod
564 3347 695 3396 ante
748 3342 879 3396 XXV
927 3358 1105 3395 annos
1153 3342 1376 3396 diaconi
1425 3360 1539 3398 non
1586 3344 1699 3397 sint
1756 3344 1911 3398 ordi-

268 3431 476 3485 nandL

197 3519 308 3571 XII.
363 3518 537 3583 Quod
584 3518 645 3572 in
691 3517 867 3573 veteri
911 3519 1036 3589 lege
1082 3518 1451 3589 pracipiatur
1498 3523 1562 3573 ut
1608 3524 1737 3573 ante
1777 3519 1910 3575 XXV

266 3624 458 3661 annos
502 3606 690 3660 levita
722 3606 783 3659 in
812 3606 1179 3660 tabernaculo
1208 3622 1323 3660 non
1353 3607 1645 3661 servirent.

194 3697 337 3751 XIII.
402 3697 490 3750 De
549 3694 898 3766 presbyteris
945 3695 1047 3766 qui
1093 3695 1217 3749 sine
1271 3695 1529 3750 examine
1587 3700 1720 3750 sunt
1772 3712 1907 3766 pro-

263 3785 440 3839 vecti.

193 3873 326 3924 XIV.
368 3872 453 3925 De
483 3887 554 3924 eo
585 3870 686 3941 qui
717 3869 828 3925 sibi
874 3870 1068 3924 volens
1117 3868 1347 3941 aliquod
1379 3869 1703 3924 membrum
1749 3874 1911 3923 trun-

264 3960 513 4014 caverit.

192 4050 299 4102 XV.
366 4050 453 4102 De
513 4046 736 4102 clericis
779 4046 881 4118 qui
926 4063 960 4101 a
1017 4046 1374 4101 medicorum
1411 4046 1688 4101 incisione
1727 4047 1915 4101 claudi

265 4137 635 4191 efﬁciuntur.

192 4226 329 4278 XVI.
368 4226 455 4277 De
498 4223 617 4276 illis
647 4222 748 4293 qui
776 4221 1033 4276 invident
1060 4222 1301 4276 fratrum
1326 4220 1803 4292 provectionibus.

191 4313 365 4367 XVII.
407 4312 483 4365 Ut
515 4310 877 4364 seditionarii
906 4326 1022 4363 non
1052 4310 1416 4365 ordinentur.

192 4402 385 4455 XVIII.
411 4400 587 4464 Quod
610 4398 960 4465 illitteratus,
986 4404 1042 4453 et
1063 4399 1254 4469 aliquo
1271 4398 1531 4453 membro
1553 4397 1911 4465 imminutus,

263 4488 523 4559 provehi
549 4503 668 4540 non
695 4487 917 4541 debeat.

187 4579 319 4632 XIX.
356 4579 444 4631 De
483 4575 627 4629 ﬁliis
652 4575 1122 4629 concubinarum.

188 4666 293 4721 XX.
360 4667 435 4719 Ut
493 4663 865 4718 damonibus
916 4663 1314 4733 similibusque
1368 4663 1728 4733 passionibus
1785 4663 1918 4717 irre-

262 4755 359 4809 titi
394 4768 573 4806 sacra
604 4756 846 4805 tractare
878 4766 995 4805 non
1024 4751 1287 4805 debeant.

188 4844 321 4896 XXI.
371 4843 449 4896 Ut
480 4841 560 4895 de
605 4839 794 4892 servili
825 4838 1172 4904 conditione,
1228 4838 1340 4892 nisi
1390 4838 1549 4908 prius
1595 4856 1628 4892 a
1674 4838 1919 4892 dominis

253 4929 528 5001 prapriis
559 4928 886 4982 libertatem
917 4927 1191 4995 habeant,
1227 4928 1370 4981 nulli
1406 4928 1762 4982 ordinentur.

188 5022 350 5074 XXII.
389 5022 475 5074 De
511 5017 724 5071 eadem
756 5032 835 5070 re.

187 5107 381 5164 XXIII.
422 5106 507 5159 De
539 5102 711 5157 bonis
740 5102 974 5156 illorum
1001 5101 1101 5172 qui
1131 5117 1164 5155 a
1190 5100 1437 5157 dominis
1468 5100 1716 5172 propriis
1746 5100 1918 5154 liber-

260 5200 384 5248 tate
419 5195 760 5247 donantur.

2088 3080 2324 3134 clerum.

2017 3168 2280 3223 XXXVIII.
2315 3167 2530 3235 Laicus,
2564 3168 2610 3222 si
2640 3169 2887 3224 secundo
2915 3186 3151 3224 uxorem
3182 3170 3425 3239 duxerit,
3465 3171 3702 3226 clericus

2089 3272 2203 3311 non
2228 3258 2349 3310 ﬁat.

2016 3345 2222 3398 XXXIX.
2285 3345 2353 3397 Ut
2406 3336 2598 3397 nullus
2654 3343 2950 3415 episcopus
3007 3345 3238 3400 alterius
3291 3346 3703 3416 parochianum

2087 3432 2330 3486 retinere
2352 3438 2679 3501 prasumat.

2017 3521 2120 3574 XL.
2147 3520 2220 3575 Ut
2257 3518 2326 3573 ab
2370 3519 2559 3573 alieno
2605 3519 2871 3590 episcopo
2929 3521 3225 3575 ordinatus
3268 3520 3328 3575 in
3384 3522 3536 3576 clero
3584 3539 3698 3577 non

2088 3612 2333 3660 maneat.

2018 3692 2147 3746 XLI.
2183 3693 2260 3746 De
2311 3692 2560 3763 quodam
2592 3692 2857 3763 episcopo
2903 3696 3003 3764 qui
3047 3696 3277 3751 alterius
3306 3698 3558 3769 episcopi
3589 3698 3702 3752 cle-

2087 3780 2291 3845 ricum,
2324 3797 2390 3834 eo
2420 3780 2667 3847 nolente,
2700 3782 3079 3837 ordinaverat.

2020 3869 2173 3923 XLII.
2235 3869 2304 3922 Ut
2358 3884 2528 3922 nemo
2589 3869 2859 3924 clericum
2924 3871 3176 3926 alienum
3231 3874 3521 3944 suscipiat,
3581 3873 3704 3928 sine

2089 3958 2378 4011 voluntate
2407 3957 2659 4027 episcopi
2689 3958 2798 4011 sui.

2022 4045 2205 4099 XLIII.
2269 4046 2334 4099 Ut
2379 4046 2570 4099 nullus
2623 4048 2923 4117 episcopus
2971 4048 3223 4103 alienum
3269 4050 3538 4105 clericum
3586 4052 3707 4105 sine

2092 4132 2295 4186 litteris
2324 4133 2413 4186 sui
2445 4133 2697 4204 episcopi
2724 4135 3012 4205 suscipiat.

2025 4222 2197 4276 XLIV.
2232 4223 2308 4275 De
2342 4223 2684 4293 presbyteris
2713 4227 2768 4277 et
2815 4224 3146 4280 diaconibus
3195 4226 3296 4297 qui
3344 4227 3462 4282 sine
3505 4227 3709 4282 litteris

2096 4310 2345 4381 episc0pi
2375 4310 2463 4364 sui
2488 4312 2801 4366 ambulant.

2021 4398 2167 4452 XLV.
2201 4400 2279 4452 De
2310 4399 2508 4452 eadem
2541 4415 2618 4452 re.

2021 4487 2197 4540 XLVI.
2233 4488 2299 4540 Ut
2322 4488 2564 4557 quisque
2594 4487 2892 4541 ordinatur
2921 4488 3139 4543 litteras
3170 4490 3239 4544 ab
3262 4490 3587 4545 ordinatore
3606 4509 3710 4547 suo

2091 4572 2349 4643 accipiat.

2022 4662 2219 4715 XLVII.
2257 4662 2324 4715 Ut
2363 4661 2660 4714 ordinatus
2705 4660 2949 4731 quisque
2983 4661 3045 4715 in
3074 4662 3186 4716 illis
3217 4664 3349 4717 locis
3380 4672 3714 4736 permaneat

2094 4748 2164 4801 ad
2192 4764 2320 4817 qua
2354 4748 2653 4802 ordinatus
2685 4753 2790 4802 est.

2025 4837 2249 4890 XLVIII.
2313 4837 2390 4889 De
2439 4836 2770 4906 presbytero
2826 4836 2925 4906 qui
2985 4838 3280 4894 confessus
3336 4841 3510 4897 fuerit
3560 4844 3716 4913 quod

2096 4930 2227 4978 ante
2268 4924 2690 4977 ordinationem
2721 4926 3059 4995 peccaverit.

2026 5013 2195 5066 XLIX.
2229 5014 2306 5066 De
2339 5013 2537 5067 eadem
2570 5030 2649 5066 re.

2029 5102 2088 5155 L.
2126 5103 2194 5154 Ut
2222 5102 2414 5156 nullus
2456 5103 2752 5172 presbyter
2797 5103 3010 5175 absque
3064 5106 3503 5162 sacerdotalibus
3542 5108 3719 5162 vesti-

2100 5191 2308 5245 mentis
2337 5191 2569 5244 missam
2600 5192 2863 5245 celebret.

189 5284 370 5339 XXIV.
442 5282 521 5337 Ut
586 5295 806 5345 servus,
872 5277 1161 5333 nesciente
1226 5277 1459 5332 domino
1491 5293 1612 5345 suo,
1670 5275 1922 5331 ordinari
2030 5277 2115 5331 LI.
2151 5279 2218 5332 Ut
2265 5278 2503 5333 clericus
2550 5279 2699 5334 inter
2728 5279 3073 5334 tentationes
3122 5280 3191 5334 ab
3230 5280 3416 5335 ofﬁcio
3460 5297 3577 5335 non
3620 5282 3715 5336 de-

262 5388 385 5425 non
420 5370 665 5423 debeat.

2101 5365 2294 5420 clinet.

192 5460 344 5516 XXV.
386 5460 469 5514 De
509 5456 606 5512 his
652 5454 756 5525 qui
787 5455 1112 5509 libertatem
1153 5471 1185 5508 a
1215 5453 1463 5508 dominis
1510 5454 1627 5507 suis
1674 5453 1754 5507 ita
1789 5468 1922 5523 per-
2032 5453 2143 5507 LII.
2178 5456 2250 5509 Ut
2278 5456 2462 5509 omnis
2510 5455 2806 5526 presbyter
2834 5456 2894 5508 in
2942 5472 3044 5508 sua
3075 5455 3310 5509 ecclesia
3338 5456 3575 5527 singulis
3610 5458 3722 5511 Do-

266 5549 526 5619 cipiunt,
564 5549 633 5598 ut
661 5544 889 5598 nullum
919 5543 1027 5596 sibi
1056 5542 1396 5614 obsequium
1425 5546 1728 5598 retentant.

580 5652 869 5718 PATROL.
922 5650 1095 5716 CXL.

2102 5541 2329 5597 minicis
2358 5543 2559 5596 diebus
2587 5558 2796 5612 aquam
2824 5542 3144 5596 benedicat.

3330 5655 3416 5715 20
