3950 6420
403 406 507 460 619

403 527 541 582 LIII.
582 526 725 580 Item
755 524 824 580 de
854 541 1003 595 aqua
1030 524 1443 580 benedicenda.

401 615 535 669 LIV.
570 615 641 669 Ut
683 615 871 668 missae
919 614 1237 685 peculiares
1266 614 1330 667 in
1373 613 1575 668 diebus
1603 612 1954 667 solemnibus
1984 626 2105 666 non

400 702 633 846 ΙΝῘῗἛέ
659 789 979 845 ministerio
1021 790 1510 861 presbyterorum,
1540 788 1628 843 vel
1659 786 1801 859 quid
1829 786 1911 842 eis
1942 803 2104 842 com-

469 875 713 929 missum
744 876 837 929 sit.

398 964 533 1018 LVI.
586 964 658 1018 Ut
702 963 915 1034 singuli
965 962 1284 1034 presbyteri
1339 961 1599 1031 singulos
1645 960 1896 1015 habeant
1941 960 2080 1015 cleri

396 1067 751 1204 LVcltﬁQuod
780 1139 1244 1211 presbyterorum
1276 1137 1419 1191 ﬁdes
1450 1136 1705 1208 primum
1743 1136 2103 1193 discutienda

398 1232 583 1370 LVsIlItI.
623 1316 700 1369 De
730 1315 927 1369 eadem
962 1330 1043 1367 re.

397 1404 523 1458 LIX.
557 1404 718 1468 Quod
768 1404 827 1457 in
856 1402 1059 1473 primis
1108 1402 1544 1472 praedicandum
1589 1402 1661 1455 sit
1704 1401 1952 1473 qualiter
1984 1414 2102 1453 cre-

466 1493 601 1545 dere
631 1491 894 1545 debeant.

396 1598 496 1652 LX.
533 1598 611 1652 De
644 1597 844 1651 eadem
873 1612 953 1649 re.

395 1687 522 1741 LXI.
558 1687 636 1740 De
666 1687 867 1740 eadem
901 1701 983 1738 re.

391 1775 545 1829 LXII.
599 1776 670 1829 Ut
726 1774 914 1828 omnis
946 1773 1242 1844 presbyter
1286 1771 1653 1842 parochianis
1704 1770 1822 1825 suis
1852 1767 2095 1841 Symbo-
2128 1802 2169 1857 Β

463 1863 583 1916 lum
616 1868 673 1915 et
700 1863 1030 1917 Orationem
1065 1861 1423 1915 Dominicam
1450 1860 1723 1915 insinuet.

393 1952 570 2006 LXIII.
614 1951 692 2005 De
725 1950 927 2004 eadem
952 1966 1033 2003 re.

393 2040 571 2094 LXIV.
616 2040 693 2093 De
719 2039 1022 2093 dilectione
1056 2035 1155 2091 Dei
1186 2040 1245 2091 et
1274 2035 1545 2106 proximi.

392 2128 539 2182 LXV.
594 2128 673 2181 De
717 2126 1057 2180 criminibus
1104 2124 1315 2196 quibus
1372 2124 1640 2179 homines
1686 2139 1818 2178 cum
1864 2122 2096 2177 diabolo

464 2216 838 2284 deputantur.

395 2302 567 2357 LXVI.
615 2303 683 2355 Ut
729 2302 799 2355 de
837 2300 1126 2355 auditorio
1184 2300 1378 2356 nullus
1431 2300 1764 2372 egrediatur
1809 2300 2097 2354 sacerdote

464 2391 704 2444 verbum
733 2389 1001 2443 faciente.

396 2478 592 2533 LXVII.
631 2479 706 2532 De
739 2478 939 2531 eadem
969 2493 1051 2531 re.

392 2565 613 2620 LXVIII.
652 2566 729 2619 De
760 2564 965 2619 eadem
997 2580 1076 2618 re.

393 2654 679 2710 LXIX..De
702 2654 972 2725 precibus
998 2657 1133 2723 post
1158 2652 1590 2708 allocutionem.

396 2762 538 2815 LXX.
577 2761 646 2815 Ut
703 2760 891 2814 omnis
946 2759 1246 2830 presbyter
1274 2759 1335 2812 in
1384 2759 1583 2813 diebus
1619 2758 1778 2813 festis
1818 2759 2097 2830 populum

465 2848 776 2903 admoneat
813 2863 957 2918 quas
980 2864 1179 2918 preces
1206 2848 1275 2902 ad
1307 2848 1489 2902 Deum
1519 2848 1761 2902 fundere
1787 2848 2013 2902 debeat.

396 2938 564 2993 LXXI.
617 2938 685 2992 Ut
711 2936 1034 3008 presbyteri
1088 2937 1285 3007 plebes
1336 2936 1686 2991 admoneant
1722 2941 1788 2991 ut
1816 2936 2097 2991 bubulcos

464 3032 521 3080 et
548 3024 836 3097 porcarios
872 3024 933 3078 in
962 3024 1377 3096 principalibus
1429 3025 1591 3079 festis
1638 3024 1711 3080 ad
1744 3025 1977 3080 missam
2008 3042 2099 3079 ve-

466 3114 591 3168 nire
621 3113 979 3184 permittant.

394 3203 589 3258 LXXII.
625 3203 701 3256 De
734 3200 1129 3255 admonitione
1158 3201 1647 3272 presbyterorum.

396 3290 615 3345 LXXIII.
645 3289 946 3353 Quomodo
975 3290 1373 3361 unusquisque
1407 3306 1571 3344 orare
1600 3289 1823 3344 debeat.

400 3377 612 3433 LXXIV.
672 3377 750 3431 De
788 3376 939 3442 tiliis,
977 3378 1270 3448 quomodo
1323 3378 1659 3449 parentibus
1716 3378 1948 3433 obedire
2003 3378 2097 3433 de-

466 3466 659 3520 beant.

399 3572 587 3627 LXXV.
650 3570 727 3625 De
757 3570 871 3624 illis
916 3570 1019 3643 qui
1064 3571 1409 3642 principales
1447 3569 1779 3626 festivitates
1831 3570 1893 3625 in
1946 3570 2096 3625 villis

468 3660 778 3714 celebrant.

397 3749 611 3804 LXXVI.
640 3749 717 3802 De
749 3747 951 3802 eadem
984 3763 1062 3801 re.

393 3837 633 3893 LXXVII.
683 3836 755 3891 Ut
781 3836 1099 3907 presbyteri
1139 3835 1404 3905 plebibus
1454 3836 1798 3891 annuntient
1827 3837 1925 3908 qui
1974 3837 2096 3891 dies

466 3925 581 3977 sint
607 3923 851 3977 feriendi
877 3938 975 3993 per
1000 3938 1237 3976 annum.

395 4011 662 4066 LXXVIII.
713 4010 781 4063 Ut
819 4008 1135 4078 presbyteri
1165 4023 1294 4062 cum
1344 4008 1678 4064 festivitates
1726 4010 2091 4078 annuntient,

463 4097 792 4167 vigiliarum
819 4111 933 4149 non
954 4096 1381 4149 obliviscantur.

395 4187 603 4241 LXXIX.
640 4186 710 4239 Ut
755 4184 823 4237 ad
873 4183 1243 4237 salutationes
1280 4183 1676 4249 sacerdotales,
1728 4183 1799 4238 ad
1837 4184 2092 4249 missam,

464 4289 664 4328 omnes
695 4273 895 4327 devote
920 4271 1330 4341 respondeant.

1469 400 1873 457 BURCHARDI
1911 396 2444 457 WOBMACIENSIS
2482 398 2824 456 EPISCOPI.
3843 405 3918 455 6'2!

2128 526 2174 579 Α
2210 523 2314 578 XC.
2354 524 2423 578 Ut
2452 522 2772 594 presbyteri
2809 523 3270 579 benedictionem
3311 524 3712 596 episcopalem
3765 540 3912 594 snpe

2282 612 2512 682 plebem
2541 612 2723 666 facere
2754 628 2871 666 non
2901 612 3177 669 debeant.

2209 700 2338 755 XCI.
2385 701 2454 755 Ut
2489 702 2680 754 nullus
2713 699 3009 771 presbyter
3036 700 3271 755 alterius
3300 699 3697 771 plebesanum
3728 717 3812 756 eo
3845 717 3919 755 no

2284 788 2439 842 lente
2474 787 2733 858 recipiat.

2209 877 2373 931 XCII.
2412 878 2489 930 De
2508 876 2747 931 alterius
2771 876 3093 947 presbyteri
3122 877 3458 947 plebesano.

2208 964 2393 1021 XCIII.
2437 966 2514 1020 De
2552 964 2832 1019 ordinatis
2870 970 2928 1018 et
2964 965 3204 1036 reliquis
3249 964 3540 1033 fidelibus,
3587 966 3765 1037 quod
3820 967 3920 1019 sinu

2280 1052 2512 1107 licentia
2548 1053 2637 1106 sui
2661 1053 2917 1124 episcOpi
2947 1054 3030 1108 nil
3057 1069 3229 1125 agere
3255 1053 3526 1109 debeant.

2208 1140 2383 1196 XCIV.
2422 1142 2499 1195 De
2528 1141 2731 1195 eadem
2759 1156 2841 1195 re.

2208 1228 2356 1283 XCV.
2393 1229 2472 1283 De
2498 1229 2699 1283 eadem
2731 1245 2812 1282 re.

2208 1316 2381 1371 ZCVI.
2430 1317 2590 1381 Quod
2638 1333 2756 1371 non
2804 1316 2973 1371 liceat
3014 1316 3289 1372 clericum
3329 1316 3393 1372 in
3437 1316 3697 1373 duarum
3732 1318 3920 1373 civita.

2280 1408 2404 1457 tum
2438 1404 2609 1458 simul
2639 1405 2922 1458 conscribi
2954 1404 3226 1459 ecclesiis.

2207 1493 2410 1548 XCVII.
2444 1494 2519 1548 De
2538 1494 2834 1559 ordinatis,
2855 1509 2927 1547 ne
2956 1494 3027 1548 de
3049 1493 3277 1547 civitate
3305 1493 3369 1548 in
3393 1492 3690 1549 civitatem
3731 1500 3920 1550 contra

2273 1582 2369 1651 jus
2398 1598 2685 1636 canonum
2712 1582 3146 1639 transferantur.

2206 1670 2431 1726 XCVIII.
2469 1672 2545 1725 De
2576 1671 2776 1726 eadem
2807 1688 2891 1726 re.

2206 1758 2376 1813 XCIX.
2437 1760 2517 1813 Ne
2564 1759 2882 1830 presbyteri
2939 1776 3109 1813 causa
3162 1759 3469 1830 legationis
3523 1776 3636 1830 per
3699 1760 3920 1814 diversa

2280 1846 2583 1901 mittantur
2613 1848 2755 1915 loca,
2787 1864 2923 1901 cura
2952 1848 3285 1902 animarum
3312 1848 3532 1902 relicta.

2208 1938 2267 1991 C.
2302 1935 2463 2000 Quod
2489 1936 2807 2006 presbyteri
2840 1936 3064 1989 assidue
3093 1938 3283 2006 legere
3317 1936 3587 1990 debeant.

2206 2024 2291 2077 CI.
2330 2024 2397 2077 Ut
2427 2023 2747 2094 presbyteri
2774 2024 2902 2077 sine
2932 2023 3177 2077 horariis
3208 2040 3326 2078 non
3356 2023 3588 2079 vadant.

2207 2111 2323 2166 CII.
2364 2112 2433 2165 Ut
2460 2112 2699 2165 clericus
2728 2112 2971 2166 artiﬁcio
3005 2112 3246 2166 honesto
3278 2112 3489 2165 victum
3520 2119 3788 2183 quaerat.

2208 2199 2346 2253 CIII.
2379 2200 2457 2253 De
2481 2215 2673 2254 earem
2699 2216 2780 2253 re.

2208 2289 2339 2343 CIV.
2387 2288 2467 2342 De
2524 2288 2892 2359 presbyteris,
2945 2287 3273 2342 matutinali
3301 2287 3492 2343 ofﬁcio
3523 2290 3771 2359 expleto
3793 2291 3919 2361 quid

2282 2392 2452 2446 agere
2473 2377 2737 2431 debeant.

2212 2465 2315 2518 CV.
2351 2465 2426 2518 De
2455 2464 2657 2519 eadem
2688 2482 2769 2520 re.

2208 2553 2341 2606 CVI.
2378 2552 2543 2615 Quod
2574 2569 2853 2623 magnum
2894 2552 3217 2623 periculum
3246 2552 3320 2606 sit
3362 2552 3622 2624 aliquem
3666 2553 3805 2608 ﬁeri
3841 2555 3919 2623 ju-

2279 2642 2464 2696 dicem
2501 2641 2629 2695 vitae
2658 2642 2886 2710 alienae,
2918 2641 3018 2712 qui
3043 2640 3227 2695 nescit
3260 2657 3423 2695 suam
3456 2646 3824 2712 temperare.

2208 2730 2364 2784 CVII.
2406 2730 2475 2784 Ut
2515 2730 2834 2801 presbyteri
2876 2729 3040 2800 juxta
3084 2731 3380 2784 ecclesiam
3429 2728 3676 2785 illorum
3730 2732 3916 2801 hospi-

2280 2823 2495 2875 tentur.

2207 2906 2391 2960 CVIII.
2425 2906 2503 2960 De
2534 2905 2890 2977 presbytero,
2937 2906 2986 2959 si
3031 2921 3267 2959 uxorem
3312 2906 3624 2977 acceperit,
3665 2908 3913 2980 depona-

2278 2998 2391 3046 tur.

2127 3083 2169 3138 C
2206 3081 2335 3135 CIX.
2371 3082 2448 3135 De
2478 3080 2681 3135 eadem
2712 3096 2792 3135 re.

2207 3169 2310 3224 CX.
2347 3171 2423 3224 De
2455 3169 2655 3224 eadem
2689 3185 2770 3224 re.

2206 3257 2332 3312 CXI.
2365 3258 2442 3311 De
2472 3257 2674 3311 eadem
2704 3273 2785 3311 re.

2205 3346 2359 3401 CXII.
2405 3346 2482 3400 De
2513 3345 2714 3400 eadem
2745 3360 2826 3400 re.

2204 3434 2387 3488 CXlII.
2448 3434 2518 3488 Ut
2573 3434 2796 3488 ancillae
2826 3448 2862 3486 a
2914 3433 3147 3487 cellario
3187 3433 3678 3503 presbytororum
3734 3451 3903 3489 remo-

2275 3526 2533 3577 veantur.

2202 3611 2377 3667 CXIV.
2428 3612 2594 3677 Quod
2643 3610 2891 3678 diaconi,
2942 3609 3091 3665 sicut
3124 3610 3430 3682 episcopus
3473 3616 3534 3667 et
3584 3613 3899 3685 presbyter,

2274 3716 2495 3755 cessare
2524 3700 2770 3755 debeant
2795 3700 2867 3754 ab
2897 3714 3073 3772 opere
3102 3699 3415 3771 conjugali.

2203 3789 2348 3844 CXV.
2385 3789 2463 3843 De
2492 3788 2695 3843 eadem
2723 3804 2806 3843 re.

2204 3877 2376 3931 CXVI.
2408 3878 2485 3932 De
2517 3876 2714 3931 eadem
2743 3893 2824 3930 re.

2204 3966 2403 4020 CXVII.
2438 3966 2515 4019 De
2546 3965 3057 4019 incontinentibus.

2198 4055 2427 4111 CXVIII.
2462 4055 2541 4109 De
2573 4054 2873 4118 ordinatis,
2902 4053 2951 4108 si
2984 4053 3135 4125 capti
3161 4052 3378 4107 fuerint
3408 4052 3471 4108 in
3500 4054 3900 4121 fornicatione,

2272 4142 2527 4212 perjurio
2559 4147 2657 4195 aut
2687 4141 2861 4195 furto.

2202 4231 2370 4286 CXIX.
2410 4232 2485 4285 De
2518 4230 2820 4299 ordinatis,
2853 4230 2900 4284 si
2927 4246 3130 4285 usuras
3153 4229 3538 4285 exercuerint.

2202 4320 2343 4373 CXX.
2381 4320 2457 4373 De
2485 4320 2684 4373 eadem
2716 4335 2798 4374 re.

633 4379 704 4434 Ut
751 4377 946 4431 nullus
1007 4376 1302 4431 ordinatus
1374 4393 1477 4448 per
1534 4382 1727 4433 sancta
1782 4379 2087 4448 discurrat,
2118 4360 2162 4414 D
2204 4360 2830 4463 ὣὶᾝθνξξξξξηιξὲ,

463 4468 712 4523 ecclesiae
744 4483 861 4521 sua:
890 4481 1027 4521 cura
1056 4466 1346 4520 derelicta.

388 4558 599 4612 LXXXI.
635 4557 713 4611 De
745 4554 1035 4611 dominica
1065 4554 1157 4609 die
1183 4554 1435 4626 qualiter
1465 4554 1537 4609 sit
1567 4555 1909 4609 veneranda.

391 4646 625 4701 LXXXII.
661 4646 802 4700 Item
833 4644 901 4699 de
925 4644 1017 4699 die
1050 4644 1367 4698 Dominica.

389 4734 649 4789 LXXXIII.
682 4734 762 4787 De
796 4734 997 4787 eadem
1029 4748 1109 4785 re.

391 4823 640 4877 LXXXIV.
674 4823 750 4876 De
780 4821 981 4875 eadem
1015 4837 1096 4874 re.

330 4970 339 4975 -
390 4928 621 4982 LXXXV.
656 4928 733 4981 De
766 4926 966 4979 eadem
995 4941 1078 4979 re.

388 5016 648 5071 LXXXVI.
683 5015 762 5068 De
796 5014 998 5067 eadem
1031 5029 1111 5066 re.

385 5102 669 5158 LXXXVII.
703 5102 781 5155 De
812 5101 1017 5154 eadem
1047 5116 1130 5153 re.

385 5190 697 5248 LXXXVIII.
761 5189 833 5243 Ut
895 5187 1091 5241 nullus
1137 5186 1200 5240 in
1263 5185 1575 5241 Dominicis
1642 5187 1845 5243 diebus
1898 5205 2088 5261 genua

697 5366 768 5420 Ut
818 5362 1141 5437 presbyteri
1205 5362 1472 5432 privatim
1539 5363 1805 5419 fidelibus
1869 5364 2087 5420 deside-

2202 4496 2399 4551 CXXII.
2437 4497 2512 4549 De
2546 4498 2747 4550 eadem
2786 4512 2868 4550 re.

2202 4584 2423 4639 CXXIII.
2460 4585 2537 4637 De
2568 4584 2769 4638 eadem
2794 4600 2875 4638 re.

2201 4672 2417 4727 CXXIV.
2450 4673 2529 4726 De
2556 4672 2756 4726 eadem
2779 4688 2861 4726 re.

2163 4763 2166 4769 ’
2201 4761 2390 4815 CXXV.
2419 4761 2564 4813 Item
2593 4762 2663 4816 de
2697 4760 2995 4814 usurariis.

2200 4848 2415 4902 CXXVI.
2450 4847 2601 4911 Quid
2630 4848 2702 4902 sit
2734 4864 2925 4903 usura.

2199 4935 2440 4989 CXXVII.
2479 4937 2556 4989 De
2584 4935 2785 4989 eadem
2818 4952 2899 4991 re.

2198 5022 2469 5077 CXXVIII.
2506 5025 2583 5077 De
2606 5024 2809 5078 eadem
2837 5040 2919 5078 re.

2194 5111 2407 5167 CXXIX.
2458 5111 2530 5166 Ut
2557 5113 2751 5165 nullus
2783 5128 2847 5165 ex
2897 5111 3278 5166 ecclesiastico
3320 5112 3529 5169 ordine
3564 5117 3778 5173 edendi
3820 5114 3883 5167 vel

2268 5197 2505 5251 bibendi
2532 5214 2702 5251 causa
2733 5198 3000 5251 tabernas
3031 5198 3410 5269 ingrediatur.

2195 5282 2379 5337 CXXX.
2439 5284 2507 5337 Ut
2566 5284 2758 5337 nullus
2810 5300 2880 5338 ex
2935 5300 3095 5338 sacro
3153 5285 3356 5340 ordine
3418 5286 3537 5342 cibi
3597 5294 3691 5347 vel
3748 5293 3879 5362 potus

2264 5388 2433 5425 causa
2462 5371 2728 5425 tabernas
2758 5372 3138 5442 ingrediatur.

452 5455 710 5509 rentibus
768 5451 1129 5519 benedicant,
1181 5458 1240 5505 et
1288 5455 1353 5504 ut
1402 5450 1592 5505 omnis
1634 5453 1934 5523 presbyter
1981 5470 2086 5524 per
2192 5459 2403 5515 CXXXI.
2444 5462 2520 5514 De
2543 5461 2745 5515 eadem
2782 5477 2863 5517 re.

451 5542 719 5608 familias,
776 5556 881 5613 per
935 5555 1122 5610 agros,
1176 5555 1282 5609 per
1336 5539 1583 5610 privatas
1637 5541 1842 5596 domos
1875 5542 2084 5598 habeat
2192 5549 2429 5604 CXXXII.
2486 5550 2557 5604 Ut
2586 5550 2669 5604 illi
2699 5550 2908 5621 quibus
2950 5566 3158 5606 uxores
3206 5552 3455 5609 ducendi
3504 5555 3740 5614 licitum
3789 5568 3876 5610 non

452 5630 780 5685 facultatem
808 5629 1239 5685 benedictiones
1267 5628 1511 5699 aperire.

2260 5638 2368 5701 est,
2401 5633 2646 5689 aliorum
2676 5635 2907 5707 nuptias
2935 5636 3207 5693 devitent.
