3950 6394
60 382 129 433 θῇς
953 381 1431 438 DECRETORUM
1474 384 1663 439 LIBRI
1701 384 1808 439 XX.
1854 414 1919 423 —-
1961 384 2169 440 LIBER
2209 384 2589 441 SECUNDUS.
3429 394 3535 447 622

60 504 281 559 CXXXIII.
315 504 475 565 Ouod
525 521 645 559 non
677 508 902 575 oportet
929 504 991 559 in
1030 505 1248 577 bigami
1279 507 1494 578 nuptiis
1543 523 1715 577 pran-
1746 510 1793 562 Α
1834 507 2057 562 CLXIII.
2091 509 2168 561 De
2198 508 2400 563 eadem
2425 525 2508 564 re.

110 594 225 646 dere
255 593 677 663 presbyterum.
1834 596 2052 650 CLXIV.
2089 598 2166 649 De
2196 595 2398 650 eadem
2432 613 2513 651 re.

59 682 277 735 CXXXIV.
314 682 391 735 De
417 682 619 735 eadem
647 696 730 735 re.
1833 684 2025 737 CLXV.
2060 685 2140 737 Ne
2164 684 2376 753 clerici,
2423 701 2648 739 necnon
2692 685 2802 739 viri
2830 687 3110 758 religiosi,
3156 694 3291 744 ante
3333 690 3535 746 horam

60 770 252 822 CXXXV.
288 769 365 822 De
394 769 600 823 eadem
634 785 715 823 re.
1903 772 2130 825 tertiam
2156 772 2414 826 convivia
2444 772 2659 827 ineant.

60 858 278 911 CXXXVI.
330 858 398 911 Ut
458 858 652 911 nullus
707 857 946 911 clericus
990 858 1051 911 in
1105 858 1218 912 alia
1264 859 1490 915 civitate
1542 859 1725 915 susci-
1835 860 2053 913 CLXVI.
2086 862 2161 913 De
2192 861 2557 931 presbyteris,
2589 867 2654 916 ut
2684 862 2998 932 hospitales
3025 864 3159 920 sint.

24 966 39 997 ξ
114 948 279 1015 piatur
303 945 433 999 sine
459 946 949 1000 commendatitiis
979 947 1257 1016 epistolis.
1834 948 2081 1002 CLXVII.
2111 950 2189 1002 De
2219 950 2418 1003 eadem
2455 966 2536 1003 re.

60 1036 303 1088 CXXXVII.
338 1035 420 1088 De
451 1036 655 1088 eadem
688 1052 770 1088 re.
1510 1060 1513 1069 ν
1833 1036 2102 1090 CLXVIII.
2139 1038 2206 1091 Ut
2236 1038 2555 1107 presbyteri
2588 1038 2783 1109 plebes
2815 1056 2946 1094 suas
2992 1045 3056 1095 ut
3084 1041 3395 1113 hospitales
3425 1043 3539 1099 sint

62 1124 333 1177 CXXXVIII.
380 1123 466 1176 De
496 1124 716 1177 clericis
750 1124 1024 1193 fugitivis,
1077 1141 1148 1178 ne
1176 1124 1245 1179 ab
1278 1124 1408 1178 aliis
1435 1125 1725 1195 recipian-
1905 1125 2275 1179 admoneant.

116 1219 209 1264 tur.
1835 1212 2049 1267 CLXIX.
2103 1215 2174 1268 Ut
2219 1213 2360 1267 cibis
2411 1215 2774 1270 sacerdotum
2825 1233 3055 1288 semper
3116 1218 3283 1274 lectio
3343 1220 3539 1275 divina

63 1301 278 1353 CXXXIX.
328 1301 397 1354 Ut
453 1300 753 1371 peregrini
795 1300 988 1355 clerici
1041 1301 1166 1355 sine
1207 1301 1412 1356 litteris
1461 1302 1549 1356 sui
1596 1302 1725 1372 epi—
1905 1302 2227 1354 misceatur.

116 1390 249 1460 scopi
275 1406 390 1443 non
416 1390 796 1459 recipiantur.
1833 1387 2022 1442 CLXX.
2058 1388 2136 1441 De
2167 1388 2388 1442 clericis
2418 1388 2798 1460 intemperate
2826 1390 3169 1449 viventibus.

60 1478 177 1531 CXL.
208 1479 269 1531 Ut
298 1477 490 1531 clerici
522 1477 583 1530 in
631 1479 814 1531 aliena
847 1477 1073 1532 civitate
1124 1494 1238 1531 non
1288 1482 1580 1546 maneant,
1615 1478 1724 1532 nisi
1840 1477 2052 1531 CLXXI.
2092 1479 2169 1531 De
2199 1479 2420 1532 clericis
2449 1480 2807 1534 scurrilibus.

28 1572 37 1589 '
116 1565 396 1635 episcopus
428 1566 537 1619 loci
569 1582 759 1620 mores
789 1582 991 1620 eorum
1022 1567 1352 1637 prtevideat.
1837 1565 2075 1619 CLXXII.
2114 1567 2189 1619 De
2224 1567 2424 1620 eadem
2454 1584 2532 1620 re.

60 1654 200 1707 CXLI.
250 1656 323 1708 De
362 1655 590 1708 clericis
640 1659 695 1708 et
728 1656 1021 1709 monachis
1053 1656 1155 1726 qui
1198 1657 1321 1709 sine
1354 1656 1557 1710 litteris
1604 1656 1725 1727 epi-
1834 1654 2102 1709 CLXXIII.
2138 1656 2206 1708 Ut
2236 1656 2473 1709 clericus
2499 1656 2799 1726 tidejussor
2828 1674 2947 1713 non
2976 1660 3067 1713 sit.

113 1744 251 1813 scopi
278 1744 365 1797 sui
399 1749 701 1811 vagantur.
1758 1786 1798 1813 ι,
1840 1743 2099 1797 CLXXIV.
2131 1744 2197 1796 Ut
2226 1744 2465 1797 clericus
2496 1745 2731 1798 barbam
2763 1763 2881 1800 non
2908 1747 3142 1802 nutriat.

58 1786 228 1885 CXLII:
262 1833 335 1886 De
362 1786 567 1886 eadZm
602 1848 683 1886 re.
1757 1786 1799 1839 Β
1840 1828 2080 1884 CLXXV.
2126 1831 2202 1883 De
2233 1831 2452 1884 clericis
2482 1848 2585 1901 per
2615 1839 2931 1887 creaturam
2958 1835 3312 1905 jurantibus.

58 1919 253 1973 CXLIII.
289 1922 356 1975 Ut
408 1922 762 1990 pauperibus
808 1926 863 1974 et
894 1920 1285 1991 indigentibus
1318 1922 1547 1989 auxilio,
1596 1938 1725 1975 cum
1838 1916 2101 1971 CLXXVI.
2148 1920 2224 1971 De
2276 1919 2497 1972 clericis
2547 1921 2647 1990 qui
2690 1922 3114 1977 adulationibus
3158 1930 3214 1977 et
3260 1926 3536 1995 proditio-

112 2009 557 2076 proﬁciscuntur,
609 2008 861 2079 pacificis
890 2008 1096 2063 litteris
1144 2010 1218 2062 sit
1248 2010 1723 2063 subveniendum.
1910 2006 2080 2060 uibus
2109 2023 2309 2060 vacare
2341 2008 2870 2078 deprehenduntur.

61 2097 242 2151 CXLIV.
292 2099 360 2152 Ut
404 2098 491 2151 illi
550 2097 741 2150 clerici
787 2097 887 2167 qui
934 2097 994 2149 in
1044 2096 1181 2150 alias
1229 2098 1550 2168 provincias
1598 2115 1729 2151 suos
1838 2095 2125 2149 CLXXVII.
2185 2097 2262 2149 De
2316 2098 2593 2150 ordinatis
2641 2099 2740 2168 qui
2789 2100 2973 2169 solent
3020 2106 3221 2155 contra
3266 2102 3531 2156 ecclesia-

113 2192 415 2255 sequuntur
467 2186 745 2252 seniores,
785 2188 907 2239 sine
953 2186 1201 2239 formata
1240 2186 1566 2240 ministrare
1616 2202 1729 2240 non
1909 2183 2050 2236 stica
2106 2183 2377 2237 mandata
2430 2184 2668 2239 auribus
2731 2186 3008 2258 principis
3070 2189 3388 2243 molestiam
3448 2190 3537 2243 in-

111 2275 526 2342 permittantur.
1908 2271 2076 2325 ferre.

60 2363 217 2416 CXLV.
266 2363 431 2426 Quod
487 2363 694 2416 clerico
745 2378 862 2416 non
919 2362 1088 2416 liceat
1144 2363 1362 2416 alienas
1419 2362 1729 2432 possessio-
1839 2360 2154 2413 CLXXVIII.
2193 2361 2270 2413 De
2314 2361 2428 2414 illis
2458 2361 2557 2431 qui
2601 2362 2883 2433 episcopis
2925 2364 3042 2418 suis
3074 2381 3143 2419 ne
3194 2381 3291 2419 eos
3318 2366 3389 2420 ad
3418 2382 3541 2420 am-

113 2468 198 2504 nes
243 2452 567 2506 conducere
608 2458 708 2506 aut
751 2452 1121 2506 saecularibus
1153 2468 1211 2505 se
1244 2452 1489 2522 negotiis
1530 2450 1731 2505 immi—
1908 2448 2151 2517 pliorem
2180 2449 2455 2503 honorem
2488 2450 2547 2503 in
2577 2451 2824 2505 Ecclesia
2849 2468 2949 2505 sua
2978 2459 3378 2523 promoveant,
3412 2471 3542 2510 cou-

112 2554 267 2591 scere.
1908 2537 2215 2590 tradicunt.

60 2622 239 2679 CXLVI.
274 2627 341 2679 Ut
374 2627 573 2679 nullus
619 2625 800 2679 laicus
848 2626 1249 2696 presbyterum
1300 2642 1465 2679 suum
1514 2625 1729 2679 villica-
1839 2624 2094 2679 CLXXIX.
2155 2626 2231 2679 De
2284 2626 2619 2696 presbytero
2667 2632 2821 2681 certo
2869 2628 3110 2683 crimine
3165 2630 3451 2701 deposito,
3498 2631 3545 2685 si

113 2712 239 2766 tioni
268 2714 570 2784 implicare
602 2722 933 2785 praesumat.
1911 2714 1980 2767 de
2020 2713 2341 2766 ministerio
2389 2713 2500 2767 sibi
2543 2714 2848 2769 interdicto
2893 2716 3113 2787 aliquid
3173 2734 3343 2788 agere
3392 2734 3545 2789 pra!-

60 2800 269 2855 CXLVII.
304 2804 382 2857 De
432 2804 549 2856 illis
592 2804 937 2874 presbyteris
980 2803 1081 2874 qui
1130 2808 1331 2857 contra
1380 2808 1593 2857 statuta
1643 2820 1732 2857 ca-
1910 2801 2239 2871 sumpserit.

113 2906 313 2945 nonum
358 2891 539 2945 villici
567 2891 733 2956 ﬁunt,
769 2897 826 2945 et
855 2891 984 2944 aliis
1026 2891 1135 2945 sibi
1167 2908 1281 2946 non
1314 2892 1592 2945 concessis
1624 2892 1731 2944 im-
1841 2890 2067 2944 CLXXX.
2132 2891 2209 2943 De
2272 2890 2602 2960 presbytero
2660 2893 2747 2945 vel
2807 2891 3047 2947 diacono
3095 2894 3388 2961 damnato,
3443 2894 3544 2964 qui

110 2978 383 3045 plicantur
409 2981 677 3050 negotiis,
716 2980 982 3050 vitiisque
1017 2997 1131 3033 non
1160 2980 1550 3034 admittendis.
1909 2977 2274 3046 imperatoris
2304 2977 2541 3031 auribus
2569 2978 2844 3033 molestus
2874 2980 3173 3036 exstiterit.

56 3066 296 3122 CXLVIII.
348 3069 508 3123 Nulli
557 3069 920 3137 clericorum,
969 3085 1041 3122 ne
1085 3069 1433 3123 subdiacono
1473 3068 1726 3139 quidem,
1763 3062 1804 3118 C
1843 3066 2096 3120 CLXXXI.
2153 3067 2230 3119 De
2287 3064 2620 3136 presbytero
2678 3067 2777 3138 qui
2826 3068 3017 3138 pravis
3066 3068 3344 3140 exemplis
3395 3071 3545 3124 mala

110 3157 451 3210 conuubium
483 3157 710 3211 carnale
740 3157 1090 3211 conceditur.
1912 3155 1980 3208 de
2013 3170 2071 3208 se
2104 3154 2382 3223 suspicari
2414 3156 2763 3225 permiserit.

57 3243 241 3299 CXLIX.
293 3246 372 3299 De
424 3245 782 3316 principibus
835 3245 936 3316 qui
982 3245 1169 3299 solent
1225 3262 1357 3299 suos
1411 3244 1732 3301 sacerdotes
1842 3242 2122 3296 CLXXXII.
2158 3244 2235 3295 De
2267 3243 2468 3297 eadem
2500 3260 2581 3297 re.

105 3332 413 3399 judicandis
445 3333 784 3386 ministeriis
813 3334 1111 3403 deputare.
1842 3332 2149 3386 CLXXXIII.
2203 3331 2260 3385 Si
2314 3332 2553 3386 clericus
2582 3334 2851 3387 adversus
2898 3334 3166 3389 clericum
3217 3334 3393 3389 habet
3440 3352 3544 3389 ne-

56 3418 134 3473 CL.
165 3422 235 3475 De
278 3421 395 3475 illis
430 3420 532 3492 qui
567 3421 682 3474 Deo
712 3420 925 3474 servire
971 3420 1309 3491 disponunt,
1360 3425 1424 3474 ut
1452 3421 1521 3475 ad
1555 3420 1731 3475 mini-
1911 3419 2155 3489 gotium,
2191 3424 2254 3473 ut
2283 3420 2352 3474 ad
2386 3421 2681 3474 saecularia
2712 3438 2823 3475 non
2852 3428 3109 3477 recurrat
3127 3423 3363 3492 judicia.

109 3509 434 3562 strationem
465 3509 773 3563 domorum
806 3525 922 3562 non
953 3508 1244 3563 accedant.
1841 3508 2143 3561 CLXXXIV.
2202 3509 2281 3561 De
2334 3509 2682 3578 presbyteris
2741 3510 2841 3579 qui
2891 3528 2925 3563 a
2976 3511 3241 3580 plebibus
3297 3511 3544 3566 infama-

54 3595 159 3649 CLI.
208 3598 347 3652 Item
397 3598 447 3651 si
493 3598 663 3651 liceat
709 3597 963 3669 aliquem
1011 3613 1080 3650 ex
1126 3597 1278 3652 clero
1325 3597 1731 3652 conductorem
1907 3595 2145 3661 buntur,
2180 3597 2470 3666 quomodo
2503 3598 2737 3667 purgari
2769 3598 3035 3653 debeant.

108 3685 447 3754 privatorum
482 3686 637 3742 ﬁeri.
1841 3682 2116 3738 CLXXXV.
2173 3684 2231 3738 Si
2283 3684 2489 3755 aliquis
2538 3701 2604 3738 ex
2665 3685 2944 3740 ordinatis
2995 3686 3064 3740 ab
3120 3686 3389 3757 episcopo
3441 3703 3546 3742 suo

57 3770 185 3841 CLII.
221 3774 288 3829 Ut
315 3774 364 3828 si
413 3774 665 3845 quilibet
708 3773 1008 3828 ordinatus
1055 3773 1207 3829 infra
1251 3789 1445 3828 muros
1491 3772 1733 3827 civitatis
1913 3770 2217 3825 damnatus
2250 3771 2443 3838 fuerit,
2479 3777 2541 3826 ut
2587 3788 2705 3827 non
2736 3773 2941 3828 debeat
2984 3774 3055 3828 ab
3099 3775 3293 3846 aliquo
3343 3775 3544 3829 defen-

111 3877 352 3929 manens,
386 3870 447 3918 et
477 3862 551 3917 ad
596 3862 937 3916 sacriﬁcium
968 3862 1373 3934 quotidianum
1411 3878 1528 3916 non
1561 3878 1731 3916 vene-
1914 3859 2047 3913 sari.

115 3950 196 4013 rit,
224 3953 469 4006 clericus
497 3967 613 4005 non
644 3951 946 4005 habeatur.
1841 3947 2145 4003 CLXXXVI.
2182 3948 2259 4001 De
2284 3948 2622 4017 presbytero
2655 3965 2686 4002 a
2710 3949 2926 4020 populo
2958 3955 3239 4004 accusato.

61 4036 215 4093 CLIII.
248 4042 323 4094 De
353 4042 563 4095 eadem
596 4057 676 4094 re.
1845 4036 2181 4091 CLXXXVII.
2239 4037 2317 4090 De
2366 4037 2583 4090 clericis
2631 4039 2906 4091 convictis
2942 4044 2999 4092 et
3027 4039 3319 4105 confessis,
3363 4039 3411 4092 si
3452 4039 3546 4093 iu-

60 4123 208 4179 CLIV.
252 4129 414 4192 Quod
448 4144 655 4182 omnes
704 4127 1031 4182 sacerdotes
1061 4126 1290 4181 Domini
1337 4131 1601 4197 oporteat
1632 4127 1730 4181 do-
1914 4128 2003 4178 tra
2033 4140 2249 4179 annum
2298 4141 2527 4179 causam
2574 4142 2735 4180 suam
2780 4143 3028 4197 purgare
3071 4128 3547 4199 contempserint,

118 4216 239 4281 ceri,
263 4222 324 4270 ut
350 4222 597 4271 caeteros
623 4217 910 4270 instruant
939 4220 995 4269 et
1021 4214 1129 4268 sibi
1158 4213 1488 4284 proﬁciant.
1916 4213 2075 4265 nulla
2105 4229 2211 4266 vox
2245 4229 2449 4267 eorum
2482 4220 2611 4284 post
2646 4214 2928 4269 audiatur.

62 4299 182 4355 CLV.
214 4304 280 4357 Ut
317 4304 539 4375 singuli
583 4303 901 4374 presbyteri
950 4302 1192 4371 singulis
1241 4302 1408 4356 annis
1453 4318 1556 4356 suo
1605 4302 1732 4373 epi-
1774 4344 1820 4399 Β
1851 4299 2204 4355 CLXXXVIII.
2261 4302 2328 4356 Ut
2357 4302 2549 4355 nullus
2580 4318 2647 4356 ex
2677 4302 2953 4356 ordinatis
3000 4302 3147 4357 laico
3174 4303 3370 4373 jurare
3400 4320 3548 4375 pras-

115 4406 267 4461 scopo
293 4393 362 4448 de
391 4392 716 4447 ministerio
746 4409 848 4446 suo
878 4392 1163 4446 rationem
1196 4391 1456 4445 reddant.
1774 4391 1814 4399 ”
1921 4394 2128 4443 sumat.

62 4475 215 4533 CLVI.
250 4482 315 4535 Ut
345 4481 540 4534 omnis
564 4479 864 4551 presbyter
895 4479 1003 4534 sibi
1034 4478 1290 4533 subditos
1317 4480 1490 4533 fidem
1520 4478 1736 4533 discere
1848 4477 2144 4531 CLXXXIX.
2217 4476 2275 4530 Si
2330 4478 2633 4548 presbyter
2681 4483 2781 4532 aut
2834 4479 3113 4545 diaconus
3178 4480 3237 4533 in
3301 4480 3548 4535 fornica-

116 4569 477 4640 constringat.
1919 4564 2098 4631 tione,
2128 4570 2226 4619 aut
2257 4566 2534 4636 perjurio,
2580 4571 2678 4619 aut
2717 4566 2868 4620 furto
2896 4571 3095 4637 captus
3123 4566 3318 4633 fuerit,
3350 4568 3420 4621 ab
3465 4568 3549 4623 of-

62 4652 234 4710 CLVII.
268 4658 508 4720 Qualem
559 4656 980 4726 professionem
1010 4656 1373 4726 presbyteros
1403 4658 1502 4709 aut
1545 4654 1736 4709 diaco-
1920 4652 2049 4707 ﬁcio
2078 4654 2477 4723 suspendatur.

116 4758 208 4796 nos
235 4762 335 4799 suo
361 4746 640 4816 episcopo
690 4748 948 4814 oporteat
978 4744 1184 4809 facere,
1227 4743 1458 4815 quando
1503 4758 1608 4813 per
1633 4757 1739 4813 pa-
1849 4742 1993 4797 CXC.
2051 4742 2127 4796 De
2175 4741 2473 4808 ordinatis,
2508 4741 2555 4795 si
2583 4742 2792 4813 aliquis
2840 4742 3074 4798 illorum
3120 4759 3424 4815 percussor
3454 4761 3548 4799 ex-

116 4832 320 4886 rochias
346 4833 799 4888 constituantur.
1920 4829 2146 4884 stiterit.

59 4916 261 4974 CLVIII.
292 4922 446 4976 Nulli
478 4920 764 4975 monacho
792 4936 907 4974 non
938 4919 1244 4985 sacerdoti,
1269 4920 1357 4974 vel
1382 4919 1528 4973 laico
1562 4935 1741 4990 quan-
1849 4918 2020 4973 CXCI.
2075 4919 2153 4972 De
2212 4917 2562 4988 presbyteris
2609 4919 2710 4990 qui
2755 4924 2990 4991 propter
3041 4936 3202 4976 suam
3250 4922 3552 4994 negligen-

117 5009 370 5063 tumlibet
396 5009 625 5064 erudito
655 5009 973 5080 praedicare
1002 5008 1381 5080 permittitur.
1921 5009 2062 5062 tiam
2095 5008 2503 5077 degradantur.

59 5093 209 5151 CLIX.
238 5099 304 5153 Ut
336 5097 693 5169 parochiarii
737 5096 928 5151 clerici
976 5099 1047 5152 ab
1089 5097 1371 5168 episcopis
1419 5096 1537 5150 suis
1568 5112 1742 5150 cano-
1853 5096 2052 5152 CXCII.
2086 5096 2163 5150 De
2193 5096 2492 5162 ordinatis,
2520 5098 2568 5150 si
2598 5097 2809 5167 injuste
2841 5098 3141 5169 degradati
3168 5100 3405 5157 fuerint.

122 5200 212 5238 nes
238 5187 475 5242 discant.
1853 5186 2079 5240 CXCIII.
2136 5185 2212 5239 De
2244 5185 2523 5239 ordinatis
2570 5186 2672 5257 qui
2701 5186 3036 5259 episcopum
3080 5189 3383 5259 proprium
3425 5206 3557 5244 con-

65 5270 191 5327 CLX.
237 5274 395 5339 Quod
446 5274 595 5330 nulli
647 5273 1006 5327 sacerdotum
1058 5288 1304 5326 canones
1354 5272 1526 5327 liceat
1570 5271 1744 5341 igno-
1925 5277 2216 5328 temnunt.

126 5376 257 5417 rare.
1856 5362 2073 5417 CXCIV.
2126 5361 2183 5417 Si
2230 5362 2533 5434 presbyter
2574 5368 2773 5417 contra
2804 5380 2971 5418 suum
3010 5364 3341 5436 episcopum
3389 5366 3557 5421 inﬂa-

69 5446 215 5505 CLXI.
264 5454 339 5507 De
390 5451 743 5525 presbyteris
784 5448 1233 5521 parochialibus,
1286 5464 1417 5503 cum
1463 5462 1744 5503 convene-
1931 5454 2018 5504 tus
2051 5449 2299 5504 schisma
2328 5450 2543 5517 fecerit,
2576 5456 2637 5506 ut
2664 5452 3197 5507 anathematizetur.

126 5539 247 5610 rint,
277 5548 337 5596 ut
365 5559 425 5598 se
459 5540 751 5596 inebriare
777 5555 895 5595 non
923 5538 1191 5594 audeant.
1857 5539 2050 5594 CXCV.
2083 5539 2162 5593 De
2192 5538 2308 5593 illis
2334 5540 2435 5611 qui
2462 5540 2714 5611 aliquem
2746 5557 2816 5596 ex
2847 5540 3123 5596 ordinatis
3150 5542 3293 5597 falso
3318 5543 3559 5600 crimine

70 5624 240 5684 CLXII.
274 5631 347 5686 De
378 5631 587 5688 eadem
619 5646 701 5686 re.
1928 5625 2297 5697 appetierint.
