3950 6482
377 423 485 475 623
1068 401 1072 405 ’
1459 422 1866 478 BURCHARDI
1906 420 2443 478 wonmcmnsxs
2482 421 2818 479 EPISCOPI.
3795 428 3895 481 624

382 541 598 597 CXCVI.
634 542 705 595 Ut
733 541 1068 595 criminator
1103 541 1319 594 crimen
1351 541 1642 596 criminati
1690 541 1896 597 litteris
1924 557 2090 596 com-
2116 543 2163 596 Α
2201 540 2450 594 CCXVII.
2477 541 2555 594 De
2589 539 2788 594 eadem
2821 555 2900 594 re.

454 632 824 702 prehensum,
869 634 1001 683 ante
1051 631 1474 684 accusationem
1526 631 1796 702 episcopo
1846 647 1949 685 suo
1997 646 2087 684 re-
2201 628 2474 684 CCXVIII.
2518 629 2596 682 De
2638 627 2838 682 ofﬁciis
2885 634 2942 683 et
2988 628 3325 683 ministeriis
3367 634 3586 699 septem
3633 631 3898 686 diacono-

457 723 788 789 praesentet.
2272 733 2400 771 rum
2431 733 2562 770 cum
2609 716 3073 784 subdiaconibus,
3114 724 3172 771 et
3217 719 3583 788 sequentium
3622 721 3895 775 ordinum

388 808 631 863 CXCVII.
671 808 737 861 Ut
768 807 959 860 nullus
1003 823 1067 860 ex
1099 807 1380 862 ordinatis
1429 825 1487 862 se
1518 809 1838 878 proclamet
1886 807 1946 862 in
1993 824 2090 877 sy—
2271 805 2550 860 ministris
2581 805 2968 860 observandis.

459 896 607 950 nodo
637 895 750 949 nisi
780 895 1025 965 scriptis.
2201 894 2414 950 CCXIX.
2446 895 2522 948 De
2553 910 2794 956 numero
2823 900 2975 948 certo
2997 895 3398 950 diaconorum.

389 984 659 1040 CXCVIII.
704 984 781 1036 De
829 983 1166 1038 clericorum
1213 984 1662 1053 accusatoribus,
1703 984 1752 1039 si
1799 1001 1982 1039 unum
2024 999 2091 1038 ex
2202 983 2391 1038 CCXX.
2428 982 2504 1036 Ue
2536 983 2733 1037 eadem
2764 999 2846 1036 re.
3670 1052 3675 1058 .

459 1072 692 1142 objectis
745 1071 990 1141 probare
1042 1089 1161 1127 non
1220 1074 1533 1144 potuerint,
1591 1074 1661 1128 ad
1713 1078 1920 1128 caetera
1974 1089 2094 1127 non
2201 1067 2419 1125 CCXXI.
2491 1071 2560 1124 Ut
2631 1070 2857 1125 diaconi
2930 1085 3124 1124 coram
3189 1071 3534 1143 presbyteris
3609 1089 3728 1127 non
3810 1089 3900 1126 se-

459 1161 858 1215 admittantur.
2279 1159 2471 1213 deant.

388 1250 600 1304 CXCIX.
638 1250 714 1302 De
746 1249 1013 1319 episcopo
1065 1253 1164 1303 aut
1211 1251 1565 1321 presbytero,
1617 1249 1664 1304 si
1694 1266 1864 1304 causa
1905 1248 2094 1304 crimi—
2202 1246 2444 1302 CCXXII.
2497 1248 2574 1301 De
2617 1246 2951 1302 diaconibus
2998 1247 3098 1318 qui
3149 1265 3208 1302 se
3256 1249 3604 1319 presbyteris
3651 1254 3902 1319 antepo-

460 1338 606 1391 nalis
653 1337 734 1391 eis
785 1343 1050 1406 reputate
1096 1339 1288 1406 fuerit,
1325 1338 1618 1409 quomodo
1671 1354 1729 1392 se
1773 1353 2092 1409 expurgare
2275 1340 2441 1390 nunt.

460 1425 730 1480 debeant.
2202 1425 2468 1481 CCXXIII.
2531 1425 2600 1479 Ut
2650 1424 2946 1479 exorcistaa
2988 1425 3394 1495 energumenis
3449 1441 3654 1480 manus
3707 1424 3904 1494 impo-

388 1514 488 1569 CC.
552 1513 617 1567 Ut
667 1512 859 1567 clerici
912 1513 982 1567 ab
1040 1513 1242 1568 alienis
1295 1513 1587 1583 jndicibus
1636 1529 1755 1568 non
1813 1513 2092 1568 constrin-
2271 1519 2431 1568 nant.
3013 1579 3020 1584 _

459 1606 687 1672 gantnr.
2164 1603 2462 1657 'CCXXIV.
2532 1603 2611 1656 De
2676 1603 2894 1656 honore
2955 1601 3232 1655 universis
3299 1600 3598 1656 ordinibus
3665 1617 3936 1670 compe-s

386 1692 518 1746 CCI.
559 1691 974 1746 Criminantem
1011 1691 1223 1762 injuste
1273 1697 1329 1745 et
1356 1706 1475 1745 non
1521 1691 1859 1762 probantem
1889 1690 2090 1745 verbe-
2272 1696 2446 1745 tente.

458 1779 616 1833 ribus
646 1780 876 1849 publice
925 1779 1345 1851 castigandum,
1391 1785 1448 1833 et
1488 1780 1548 1833 in
1579 1779 1846 1834 exsilium
1888 1779 2091 1849 depor-
2121 1823 2162 1877 Β
2203 1781 2433 1835 CCXXV.
2488 1781 2565 1833 De
2616 1779 3010 1832 sacerdotibus
3059 1779 3159 1850 qui
3206 1778 3522 1849 adimplere
3574 1795 3742 1832 suum
3802 1779 3914 1832 mi-

459 1868 717 1923 tandum.
2122 1867 2161 1877 “’
2274 1869 2554 1923 nisterum
2615 1867 2898 1932 nesciunt,
2945 1883 3048 1921 nec
3099 1868 3317 1921 dlSCeI‘e
3362 1869 3579 1934 volunt,
3626 1868 3786 1938 quod
3840 1867 3914 1920 ab

387 1957 539 2012 CCII.
593 1957 666 2010 Ut
708 1956 754 2009 si
802 1957 932 2027 quis
981 1957 1252 2010 clericum
1304 1957 1675 2025 accusaverit,
1731 1961 1787 2011 et
1833 1955 2090 2010 testimo-
2269 1957 2458 2011 officio
2487 1957 2603 2010 sint
2632 1956 2981 2010 removendi.

457 2045 616 2098 niare
677 2061 797 2099 non
854 2045 1129 2115 potuerit,
1190 2051 1482 2101 accusator
1552 2062 1782 2118 poenam
1843 2044 2088 2099 accusati
2199 2045 2464 2100 CCXXVI.
2536 2045 2606 2098 Ut
2663 2043 2812 2096 inter
2868 2043 3105 2096 clericos
3159 2059 3274 2096 non
3339 2048 3746 2112 computentur
3810 2044 3918 2114 qui

455 2133 715 2203 accipiat.
2268 2134 2373 2187 sub
2403 2133 2618 2186 nullius
2650 2131 2902 2202 episcopi
2932 2131 3230 2202 disciplina
3264 2131 3654 2186 inveniuntur.

387 2221 566 2276 CCIII.
605 2221 673 2274 Ut
705 2220 852 2274 sicut
897 2220 1028 2274 laici
1079 2221 1312 2275 clericos
1372 2221 1429 2275 in
1479 2222 1846 2276 saecularibus
1890 2221 1950 2274 in
1985 2237 2088 2274 sua
2197 2223 2481 2278 CCXXVII.
2539 2222 2842 2290 Exemplar
2891 2221 3151 2274 formatae
3201 2220 3460 2289 epistola:
3521 2237 3649 2290 quae
3696 2222 3759 2274 in
3813 2223 3933 2274 Ni!

458 2309 814 2362 accusatione
863 2326 976 2363 non
1011 2310 1318 2380 recipiunt,
1355 2311 1430 2364 ita
1462 2327 1565 2365 nec
1592 2311 1702 2382 ipsi
1744 2311 1804 2364 in
1834 2310 2087 2363 sacerdo—
2267 2326 2423 2364 ozena
2453 2310 2672 2380 synodo
2704 2325 2736 2362 a
2765 2307 2977 2362 sanctis
3007 2307 3267 2362 Patribus
3297 2313 3380 2361 est
3415 2308 3659 2362 formata
3688 2315 3745 2362 et
3788 2311 3913 2362 col-

455 2403 576 2450 tum
612 2396 986 2466 recipiantur.
2267 2398 2517 2453 laudata.

385 2485 559 2540 CCIV.
607 2485 678 2538 Ut
724 2485 1122 2539 testimonium
1162 2485 1290 2539 laici
1339 2491 1541 2540 contra
1593 2485 1864 2540 clericum
1913 2500 2085 2539 nemo
2195 2487 2509 2542 CCXXVIII.
2542 2487 2619 2540 De
2649 2485 2748 2539 illo
2781 2485 2883 2556 qui
2912 2485 3108 2555 fugam
3137 2484 3330 2538 fratris
3360 2485 3654 2540 celaverit.

455 2572 747 2642 suscipiat.
2194 2576 2453 2632 CCXXIX.
2487 2576 2566 2629 De
2615 2574 2728 2628 illis
2759 2574 2860 2644 qui
2913 2574 3276 2644 presbyteros
3327 2590 3459 2627 suos
3493 2574 3640 2627 male
3688 2579 3911 2628 tracta-

383 2662 533 2716 CCV.
569 2662 646 2715 De
697 2661 975 2714 ordinatis
1009 2661 1056 2715 si
1104 2662 1350 2716 accusati
1378 2661 1615 2730 fuerint,
1659 2661 1815 2733 quod
1844 2661 2084 2716 testibus
2265 2664 2468 2719 verint.

456 2766 514 2802 se
545 2766 811 2803 excusare
840 2750 1164 2804 debuerint.
2195 2753 2423 2809 CCXXX.
2463 2752 2533 2805 Ut
2572 2765 2787 2804 nomen
2847 2765 3011 2820 papa
3065 2748 3126 2803 in
3176 2749 3434 2804 Ecclesiis
3491 2750 3702 2803 sanctis
3751 2752 3916 2804 reci.

384 2838 559 2893 CCVI.
595 2839 674 2892 De
721 2838 1039 2892 substantia
1071 2839 1326 2893 defuncti
1375 2838 1718 2909 presbyteri,
1772 2838 1933 2909 cujus
1962 2854 2083 2894 esse
2263 2845 2432 2896 tetur.
3899 2832 3908 2837 ’

453 2926 677 2980 debeat.
2194 2930 2448 2986 CCXXXI.
2497 2929 2566 2982 Ut
2615 2927 2913 2998 presbyter
2963 2933 3063 2980 aut
3109 2927 3382 2981 diaconus
3436 2928 3536 2998 qui
3586 2929 3917 2983 canonicus

379 3015 582 3070 CCVII.
635 3016 712 3068 De
767 3015 1112 3086 presbyteris
1156 3015 1256 3086 qui
1307 3015 1427 3070 sine
1480 3020 1825 3070 testamento
1873 3015 2082 3070 disces-
2265 3034 2385 3072 non
2427 3021 2527 3081 est,
2567 3016 2664 3069 sed
2709 3016 2770 3068 in
2816 3014 2965 3068 villis
3015 3014 3252 3081 habitat,
3303 3031 3592 3085 nusquam
3638 3032 3913 3071 summas

450 3103 647 3156 serint.
2117 3096 2158 3149 C
2263 3104 2598 3159 festivitates
2629 3103 2898 3170 celebret,
2928 3102 3036 3155 nisi
3069 3103 3128 3155 in
3158 3103 3500 3157 civitatibus.

381 3190 612 3244 CCVIII.
701 3192 778 3245 De
862 3191 1080 3246 clericis
1164 3192 1264 3262 qui
1351 3192 1648 3246 laicalibus
1730 3191 2088 3246 vestimentis
2196 3194 2475 3249 CCXXXII.
2556 3193 2625 3246 Ut
2690 3191 3038 3261 presbyteris
3105 3196 3353 3262 potestas
3423 3191 3776 3261 praedicandi
3844 3195 3914 3247 in

449 3283 713 3332 utuntur.
2266 3283 2385 3336 suis
2417 3280 2679 3350 plebibus
2707 3278 3073 3332 concedatur.

381 3365 556 3421 CCIX.
592 3367 670 3419 De
704 3367 904 3420 eadem
932 3383 1014 3420 re.
2196 3369 2502 3424 CCXXXIII.
2539 3369 2616 3421 De
2648 3367 2866 3420 clericis
2899 3367 3000 3437 qui
3028 3366 3086 3420 in
3119 3366 3242 3420 rixa
3272 3367 3712 3422 interﬁciuntur.
3909 3419 3935 3450 ζ

381 3453 523 3508 CCX.
582 3455 659 3508 De
707 3455 927 3508 clericis
976 3455 1077 3525 qui
1136 3455 1323 3510 otiose
1365 3456 1426 3510 in
1475 3455 1753 3510 nundinis
1802 3455 2082 3510 deambu-
2195 3457 2496 3514 CCXXXIV.
2556 3456 2636 3510 De
2703 3455 2920 3510 clericis
2987 3455 3086 3526 qui
3139 3472 3168 3509 a
3225 3455 3478 3510 dominis
3545 3456 3662 3509 suis
3728 3456 3924 3512 liberi

452 3542 590 3598 lant.
2264 3546 2398 3600 facti
2430 3550 2584 3599 sunt.
3053 3615 3061 3625 ο

378 3630 549 3685 CCXI.
584 3633 653 3685 Ut
682 3631 877 3687 nullus
907 3649 974 3686 ex
1001 3635 1152 3687 clero
1184 3650 1344 3688 arma
1366 3633 1639 3688 militaria
1666 3638 1878 3704 portet.
2194 3634 2469 3690 CCXXXV.
2539 3633 2617 3687 De
2680 3632 3028 3703 presbyteris
3095 3632 3193 3704 qui
3260 3633 3561 3703 parochias
3617 3633 3914 3701 fugerint,

378 3719 579 3773 CCXII.
614 3720 684 3774 Ut
733 3736 931 3774 omnes
979 3721 1174 3776 clerici
1201 3723 1387 3793 magis
1433 3722 1728 3777 confidant
1777 3722 1838 3776 in
1885 3721 2082 3776 defen-
2263 3723 2324 3776 in
2355 3722 2564 3792 quibus
2591 3722 2759 3775 locati
2791 3726 2945 3774 sunt.

447 3807 608 3861 sione
640 3807 741 3862 Dei
773 3825 949 3880 quam
981 3810 1040 3863 in
1072 3810 1272 3864 armis.
2192 3811 2491 3866 CCXXXVI.
2549 3811 2626 3864 De
2683 3809 3030 3880 presbyteris
3087 3809 3188 3880 qui
3234 3809 3475 3863 crimine
3519 3810 3751 3880 capitali
3810 3828 3919 3864 ac-

376 3894 599 3949 CCXIII.
640 3897 715 3949 De
745 3897 859 3950 illis
909 3898 1010 3967 qui
1055 3915 1119 3951 ex
1152 3900 1534 3953 ecclesiastico
1587 3899 1812 3964 ordine,
1865 3905 1962 3952 aut
1991 3913 2082 3951 ve-
2263 3904 2558 3966 cusantur,
2608 3904 2664 3952 et
2692 3899 2959 3968 collegas,
3014 3898 3226 3968 quibus
3257 3915 3315 3951 se
3348 3915 3613 3952 excusare
3654 3900 3923 3969 possint,

445 3988 678 4049 uantur,
710 3990 809 4037 aut
837 3999 969 4037 cum
1004 3986 1366 4055 accipitribus
1396 3989 1685 4056 jocantur.
2261 4004 2381 4041 non
2412 3986 2642 4041 habent.

377 4070 591 4125 CCXIV.
654 4072 729 4124 De
794 4072 970 4124 servis
1031 4073 1155 4139 Dei,
1213 4080 1276 4126 ut
1335 4091 1536 4127 omnes
1594 4073 1864 4127 silvaticm
1916 4088 2082 4143 vaga-
2191 4076 2517 4131 CCXXXVII.
2545 4076 2625 4129 De
2653 4074 3063 4145 prmdicatione
3098 4074 3594 4144 presbyterorum.

447 4157 634 4210 tiones
684 4175 814 4211 cum
862 4159 1102 4213 canibus
1152 4167 1208 4214 et
1256 4161 1623 4231 accipitribus
1679 4161 1793 4214 illis
1844 4160 2082 4214 interdi-
2188 4165 2543 4219 CCXXXVIII.
2581 4165 2657 4217 De
2706 4163 3118 4231 ecclesiasticis,
3154 4163 3201 4216 si
3251 4165 3550 4218 saeculares
3582 4169 3936 4234 potestate:-

445 4250 667 4298 cantur.
2258 4253 2470 4306 habere
2500 4251 2848 4305 desiderant.

329 4332 561 4387 -CCXV.
621 4335 690 4388 Ut
741 4335 975 4425 clericos
1022 4336 1411 4392 discordantes
1468 4338 1768 4409 episcopus
1817 4353 1921 4391 sua
1972 4353 2076 4407 po-
2106 4371 2150 4425 Β
2191 4342 2484 4395 CCXXXIX.
2546 4341 2616 4394 Ut
2671 4339 2778 4392 viri
2834 4354 3062 4393 veraces
3135 4345 3192 4393 et
3250 4341 3428 4394 Deum
3492 4341 3766 4396 timentes
3843 4345 3918 4398 in

444 4426 645 4476 testate
678 4423 1022 4478 reconciliet.
2107 4423 2136 4425 ἡ
2258 4428 2576 4483 civitatibus
2633 4433 2688 4481 et
2756 4427 2817 4481 in
2878 4426 3122 4498 publicis
3193 4427 3331 4481 vicis
3402 4429 3601 4484 decani
3674 4433 3918 4486 consti-

370 4509 585 4563 CCXVI.
622 4511 701 4565 De
734 4512 954 4566 clericis
1001 4513 1102 4584 qui
1150 4515 1526 4584 proruperint
1554 4515 1615 4569 in
1662 4518 1921 4568 mutuam
1966 4529 2074 4568 caa-
2258 4521 2512 4571 tuantur.

441 4597 592 4652 dem.

2663 4601 2839 4654 παίετε
2864 4601 3226 4668 capitulorum
3253 4601 3399 4668 ﬁnis.
