3950 6418
52 371 157 421 625

1030 364 1511 421 DECRETORUM
1554 364 1736 419 LIBRI
1779 364 1887 419 XX.
1924 392 1992 402 —
2035 363 2242 418 LIBER
2275 364 2651 421 SECUNDUS.

3502 368 3607 420 626

1422 652 2265 757 BUBCHARDI

1198 870 1545 926 ECCLESIIE
1583 868 2122 925 WORMACIENSIS
2162 870 2477 926 EPISCOPI

220 1069 1597 1217 DECRETORUM
1700 1071 2291 1216 LIBER
2400 1073 3417 1219 SECUNDUS

1366 1347 1459 1410 DE
1510 1346 1792 1413 SACRIS
1843 1348 2297 1415 OBDINIBUS.

549 1685 1033 1740 ARGUMENTUM
1084 1686 1290 1740 LIBRI.

123 1776 302 1829 Liber
333 1774 429 1828 hic
463 1773 913 1839 ordinationem,
947 1779 1365 1844 congruentem
1403 1775 1765 1845 dignitatem.

48 1861 187 1914 vitae
252 1861 616 1931 qualitatem,
666 1861 877 1926 ofﬁcia,
922 1862 1358 1933 ministeriaque
1404 1866 1769 1934 presbytero-

49 1967 209 2016 rum,
255 1950 655 2011 diaconorum,
695 1949 1167 2022 reliquorumque
1206 1951 1473 2005 ordinum
1509 1954 1769 2007 ecclesia-

51 2040 338 2092 sticorum
373 2037 795 2108 complectitur.

52 2129 186 2182 CAP.
248 2130 291 2181 Ι.
358 2158 423 2167 —-
486 2131 561 2181 De
589 2126 1026 2182 ordinationibus
1056 2128 1506 2196 presbyterorum,
1560 2137 1610 2185 et
1648 2133 1773 2185 reli-

652 2214 878 2267 quorum
919 2199 1192 2251 ordinum.

130 2288 242 2356 (Ea:
293 2288 484 2341 concil.
534 2288 884 2353 Nannetensi,
936 2303 1052 2355 cap.
1099 2290 1174 2351 3.)
1224 2288 1538 2360 Episcopus
1582 2307 1769 2361 quan-

57 2375 128 2429 do
176 2375 582 2430 ordinationes
636 2375 821 2428 facere
874 2374 1145 2445 disponit,
1188 2392 1389 2430 omnes
1434 2378 1534 2448 qui
1577 2379 1647 2432 ad
1679 2396 1771 2431 sa-

59 2480 221 2517 crum
274 2464 661 2517 ministerium
686 2463 951 2517 accedere
985 2464 1186 2517 volunt
1215 2464 1358 2517 feria
1393 2472 1599 2535 quarta
1640 2472 1771 2521 ante

60 2554 245 2622 ipsam
318 2552 745 2607 ordinationem
811 2551 1080 2605 evocandi
1150 2557 1285 2605 sunt
1340 2553 1408 2606 ad
1465 2554 1772 2623 civitatem,

63 2657 172 2693 una
205 2656 341 2693 cum
394 2639 900 2709 archipresbyteris
944 2639 1043 2709 qui
1086 2655 1183 2692 eos
1232 2645 1643 2710 repraesentare
1674 2642 1773 2695 de-

60 2729 214 2782 bent.
254 2730 321 2782 Et
352 2734 488 2781 tunc
545 2728 845 2798 episcopus
894 2743 923 2779 e
955 2729 1130 2781 latere
1174 2744 1276 2781 suo
1325 2729 1575 2798 dirigere
1608 2731 1773 2783 debet

59 2817 406 2882 sacerdotes,
467 2822 524 2869 et
581 2816 724 2869 alios
782 2816 1095 2885 prudentes
1152 2816 1320 2881 viros,
1373 2833 1583 2886 gnaros
1634 2818 1773 2887 legis

59 2907 293 2971 divinae,
344 2911 401 2958 et
441 2905 774 2958 exercitatos
823 2904 884 2957 in
919 2904 1313 2958 ecclesiasticis
1359 2906 1767 2972 sanctionibus,

1805 1692 1853 1744 Α
1890 1689 2195 1743 levitarum
2227 1691 2485 1757 tempore
2513 1702 2789 1756 congruo,
2825 1690 2880 1739 et
2910 1686 3107 1739 multis
3140 1701 3333 1740 coram
3366 1688 3596 1740 astanti-

1881 1778 1987 1831 bus
2030 1774 2364 1829 solemniter
2396 1773 2567 1844 agite,
2610 1778 2666 1826 et
2712 1772 3039 1842 probabiles
3079 1790 3141 1826 ac
3193 1773 3384 1826 doctos
3434 1774 3589 1827 viros

1880 1867 1949 1920 ad
2017 1865 2125 1918 hoc
2190 1880 2333 1934 Opus
2399 1862 2750 1929 constituite,
2823 1867 2883 1915 ut
2921 1862 3155 1915 illorum
3214 1861 3483 1915 societate
3531 1866 3587 1915 et

1885 1955 2223 2025 adjumento
2252 1950 2569 2021 plurimum
2602 1951 2914 2021 gaudeatis.

1882 2045 2009 2097 CAP.
2064 2043 2151 2095 IV.
2194 2071 2253 2079 —
2284 2040 2436 2105 Quod
2482 2040 2850 2093 ordinationes
2898 2043 3015 2107 ﬁeri
3041 2056 3149 2093 non
3189 2039 3435 2104 debeant,
3484 2042 3596 2093 nisi

2377 2114 2436 2163 in
2466 2112 2575 2165 loco
2605 2117 2744 2164 certo
2767 2116 2817 2164 et
2842 2112 3111 2175 religioso.

1954 2202 2061 2271 (Ea:
2092 2201 2281 2255 concil.
2328 2200 2609 2264 Meldensi,
2647 2215 2768 2267 cup.
2822 2201 2897 2263 6.)
2934 2199 3021 2251 llli
3051 2197 3151 2267 qui
3189 2198 3443 2251 ordinari
3490 2214 3591 2267 pe-

1880 2296 2029 2355 tunt,
2066 2289 2411 2342 mullatenus
2440 2288 2803 2355 ordinentur,
2836 2286 2948 2339 nisi
2975 2286 3033 2339 in
3074 2288 3197 2339 loco
3228 2292 3383 2339 certo
3416 2292 3471 2338 et
3500 2302 3588 2339 re-

1882 2378 2108 2449 ligioso,
2143 2377 2229 2430 vel
2258 2376 2429 2430 etiam
2462 2376 2522 2428 in
2552 2374 2777 2427 civitate
2810 2376 3011 2427 saltem
3044 2390 3160 2427 uno
3202 2390 3355 2427 anno
3386 2373 3591 2426 immo-

1884 2472 2106 2531 rentur,
2139 2470 2203 2518 ut
2226 2465 2295 2519 de
2332 2464 2447 2517 vita
2476 2469 2534 2517 et
2580 2464 3013 2517 conversatione
3066 2469 3239 2533 atque
3288 2463 3357 2517 de
3389 2462 3592 2516 doctri-

1882 2573 1956 2609 na
1984 2555 2217 2608 illorum
2250 2553 2532 2606 certitudo
2564 2552 2747 2622 possit
2777 2550 3029 2620 agnosci.

1885 2644 2009 2698 CAP.
2047 2641 2108 2694 V.
2136 2671 2204 2681 —
2235 2640 2393 2705 Quod
2435 2641 2722 2694 Abraham
2751 2642 2963 2708 primus
2997 2642 3072 2692 sil
3101 2638 3415 2707 appellatus
3447 2653 3591 2706 pres-

2150 2713 2321 2780 byter,
2354 2716 2404 2765 et
2435 2727 2603 2779 quare
2631 2712 2932 2778 presbyteri
2960 2713 3321 2763 nominentur.

1954 2802 2062 2871 (Ea:
2102 2803 2260 2870 epist.
2293 2801 2550 2853 Anacleti
2594 2815 2752 2869 papa
2782 2799 3027 2852 omnibus
3059 2800 3325 2866 episcopis
3352 2812 3453 2865 per
3480 2799 3592 2852 Ita-

1884 2892 2014 2944 liam
2038 2892 2347 2944 constitutis
2379 2890 2566 2951 missa,
2611 2903 2732 2955 cap.
2783 2888 2891 2953 22.)
2945 2888 3121 2939 Porro
3173 2890 3231 2939 et
3278 2884 3415 2938 Mosi
3454 2901 3592 2954 prae-

56 2995 155 3065 qui
214 2994 679 3048 ordinandorum
713 2992 907 3058 vitam,
960 3009 1162 3063 genus,
1214 2994 1483 3063 patriam,
1519 3000 1766 3056 aetatem,
1804 2963 1842 3015 Β
1884 2978 2094 3049 οίρίίῑπ
2122 2983 2188 3030 ιη
2240 2977 2411 3047 eligat
2445 2975 2831 3046 Ρτθδδϊῐθΐοε,
2880 2975 2934 3028 id
2980 2980 3065 3027 est
3109 2973 3380 3027 δθηίοτθδι
3431 2973 3590 3026 Unde

54 3082 508 3147 institutionem,
560 3081 748 3135 locum
794 3080 891 3135 ubi
938 3082 1162 3135 educati
1212 3081 1343 3147 sint,
1395 3083 1441 3135 si
1472 3083 1586 3136 sint
1627 3084 1771 3137 bene

54 3172 321 3234 litterati,
355 3171 402 3223 si
434 3171 493 3223 in
531 3170 658 3240 lege
694 3169 923 3224 Domini
953 3169 1240 3236 instructi,
1275 3170 1584 3239 diligenter
1612 3172 1770 3224 inve-

58 3262 318 3331 stigent:
374 3265 506 3313 ante
562 3258 759 3312 omnia
815 3259 861 3311 si
910 3258 1084 3312 ﬁdem
1135 3258 1471 3312 catholicam
1528 3260 1772 3313 ﬁrmiter

57 3354 319 3414 teneant,
354 3354 409 3401 et
455 3347 642 3401 verbis
695 3346 1053 3417 simplicibus
1084 3363 1335 3400 asserere
1369 3353 1601 3417 queant.
1657 3348 1771 3417 Ipsi

58 3442 255 3492 autem
315 3436 524 3507 quibus
585 3435 693 3489 hoc
751 3435 1130 3489 committitur
1185 3450 1381 3487 cavere
1438 3434 1647 3488 debent
1698 3452 1770 3489 ne

60 3534 156 3582 aut
186 3525 404 3581 favoris
434 3523 638 3595 gratia,
679 3530 779 3577 aut
811 3523 1204 3593 cujuscunque
1246 3522 1501 3576 muneris
1541 3524 1771 3593 cupidi-

59 3622 174 3671 tate
206 3614 406 3678 illecti,
448 3630 481 3666 a
535 3629 666 3666 vero
694 3613 941 3677 devient,
1002 3618 1061 3665 ut
1110 3612 1434 3681 indignum,
1469 3618 1526 3665 et
1580 3613 1771 3666 minus

60 3706 336 3760 idoneum
405 3702 472 3755 ad
532 3717 720 3756 sacros
794 3700 1003 3771 gradus
1064 3700 1453 3771 suscipiendos
1521 3701 1772 3771 episcopi

62 3794 331 3847 manibus
378 3791 686 3860 applicent.
742 3789 902 3854 Quod
933 3789 979 3842 si
1021 3789 1281 3855 fecerint,
1313 3794 1367 3842 et
1396 3789 1493 3843 ille
1543 3789 1642 3859 qui
1673 3790 1764 3842 in-

64 3884 231 3952 digne
282 3879 585 3934 aecesserit
636 3880 705 3932 ad
753 3880 931 3932 altare
964 3878 1370 3942 removebitur,
1421 3883 1477 3931 et
1530 3877 1612 3930 illi
1669 3877 1769 3946 qui

66 3971 277 4024 donum
312 3971 493 4022 sancti
542 3967 786 4036 Spiritus
831 3967 1079 4020 vendere
1127 3966 1313 4019 conati
1366 3970 1520 4029 sunt,
1573 3981 1769 4019 coram

70 4060 175 4112 Deo
220 4059 346 4127 jam
403 4056 789 4120 condemnati,
845 4054 1228 4108 ecclesiastica
1279 4053 1558 4124 dignitate
1612 4069 1767 4107 care-

2 4152 13 4159 '
64 4147 225 4200 bunt.
261 4145 443 4215 Igitur
471 4159 576 4213 per
602 4148 716 4196 tres
750 4143 1054 4197 continuos
1111 4142 1231 4195 dies
1280 4142 1590 4211 diligenter
1637 4158 1769 4194 exa-

68 4234 381 4301 minentur,
432 4237 487 4285 et
536 4231 614 4284 sic
661 4230 905 4285 Sabbato
946 4230 1047 4302 qui
1096 4230 1324 4300 probati
1371 4229 1590 4284 inventi
1632 4233 1765 4283 sunt
1794 4231 1838 4283 Ι)

68 4323 327 4392 episeopo
359 4325 862 4390 repraesententur.

68 4412 189 4465 CAP.
227 4411 295 4463 II.
330 4439 396 4448 —
428 4409 553 4475 Qua:
601 4409 910 4532 ρνρεὸῃᾶεἲί
950 4409 1246 4533 netcessario
1294 4407 1500 4461 discere
1536 4412 1586 4461 et
1632 4410 1770 4461 scire

830 4494 857 4531 e
895 4494 994 4532 ean
1025 4519 1038 4533 .

830 4494 1038 4533 coeant.

134 4572 239 4637 (Ea:
275 4567 439 4621 dictis
468 4567 731 4634 August.)
764 4567 900 4631 Quae
938 4566 1080 4637 ipsis
1129 4566 1523 4621 sacerdotibus
1564 4582 1768 4619 neces—

66 4659 209 4711 saria
244 4657 359 4710 sint
404 4656 474 4709 ad
527 4655 886 4721 discendum,
934 4655 991 4708 id
1023 4660 1146 4709 est:
1182 4655 1328 4708 liber
1374 4658 1768 4707 sacramento-

0 4746 212 4809 'rum,
303 4743 694 4809 lectionarius,
790 4743 1253 4813 antiphonarius,
1346 4743 1764 4813 baptisterium,

67 4839 386 4904 computus,
440 4832 638 4886 Canon
684 4832 1116 4902 poenitentialis,
1162 4831 1518 4897 Psalterium,
1564 4833 1768 4885 Home-

66 4925 152 4977 liae
186 4938 287 4992 per
314 4921 595 4975 circulum
647 4921 783 4975 anni
824 4920 1140 4975 Dominicis
1169 4920 1391 4983 diebus,
1434 4924 1492 4973 et
1526 4919 1767 4989 singulis

68 5011 459 5066 festivitatibus
522 5014 693 5079 aptae.
757 5011 833 5064 Ex
899 5009 1108 5080 quibus
1172 5008 1440 5062 omnibus
1490 5008 1538 5061 si
1585 5024 1764 5062 unum

68 5098 324 5163 defuerit,
368 5098 678 5152 sacerdotis
722 5114 934 5152 nomen
963 5098 1057 5150 vix
1083 5097 1142 5150 in
1189 5114 1257 5151 eo
1288 5096 1588 5163 constabit,
1632 5096 1768 5167 quia

66 5189 217 5242 valde
250 5186 589 5258 periculosae
621 5191 755 5240 sunt
796 5186 1142 5255 evangelicae
1174 5186 1348 5239 mina:
1380 5185 1590 5256 quibus
1624 5185 1764 5239 dici-

68 5283 184 5331 tur:
238 5276 295 5331 Si
350 5290 538 5329 caecus
572 5274 845 5329 ducatum
886 5280 1141 5345 praestet,
1203 5275 1371 5328 ambo
1429 5275 1490 5327 in
1545 5274 1766 5328 foveam

0 5346 13 5369 r
74 5366 288 5419 cadunt.

514 5434 643 5489 CAP.
678 5435 777 5487 Ill.
808 5464 878 5473 —
909 5437 982 5488 De
1019 5434 1204 5487 eadem
1232 5449 1310 5486 re.

134 5526 241 5588 (Ea:
271 5526 438 5593 epist.
490 5522 789 5591 Zephyrini
835 5538 1015 5592 papae,
1048 5522 1321 5588 fratribus
1349 5537 1447 5591 per
1475 5523 1768 5590 Egyptum

71 5617 240 5679 missa,
273 5629 398 5683 cap.
439 5613 554 5681 l0.)
580 5611 983 5667 Ordinationes
1026 5627 1160 5665 vero
1202 5611 1664 5683 presbyterorum
1712 5615 1768 5663 et

1884 3072 1941 3120 et
1992 3066 2052 3120 in
2107 3065 2429 3120 Proverbiis
2496 3064 2751 3140 dicitpr:
2816 3063 3006 3117 Gloria
3074 3078 3275 3115 senum
3329 3060 3585 3115 canities.

1885 3159 2015 3212 Haec
2044 3171 2177 3208 vero
2210 3154 2444 3207 canities
2475 3152 2820 3223 sapientiam
2866 3152 3147 3221 designat,
3193 3152 3261 3205 de
3292 3167 3405 3220 qua
3450 3150 3585 3203 scri-

1880 3249 2045 3314 ptum
2079 3248 2199 3297 est:
2255 3242 2501 3297 Canities
2556 3241 2855 3294 hominum
2903 3240 3211 3310 prudentia
3263 3244 3365 3292 est.
3418 3240 3590 3293 Cum-

1880 3349 1991 3403 que
2024 3336 2345 3402 nongentos
2375 3336 2431 3384 et
2470 3329 2718 3400 amplius
2768 3345 2947 3381 annos
2983 3329 3049 3381 ab
3083 3329 3260 3383 Adam
3307 3344 3487 3397 usque
3518 3327 3589 3380 ad

1879 3421 2169 3474 Abraham
2212 3420 2414 3473 vixisse
2446 3418 2712 3472 homines
2739 3417 3005 3487 legimus,
3055 3418 3250 3470 nullus
3291 3417 3436 3469 alius
3469 3416 3588 3485 pri-

1880 3526 2007 3563 mus
2068 3509 2388 3579 appellatus
2443 3512 2527 3560 est
2592 3506 2911 3577 presbyter,
2967 3506 3023 3558 id
3078 3510 3161 3559 est
3208 3504 3421 3570 senior,
3476 3503 3589 3557 nisi

1879 3596 2190 3661 Abraham,
2228 3596 2327 3664 qui
2370 3594 2554 3647 multo
2588 3593 2950 3663 paucioribus
2998 3592 3202 3645 vixisse
3245 3592 3410 3645 annis
3452 3607 3587 3644 con-

1877 3684 2144 3737 vincitur.
2198 3683 2321 3735 Non
2354 3697 2490 3750 ergo
2540 3684 2774 3750 prOpter
2820 3679 3170 3748 decrepitam
3210 3684 3586 3743 senectutem,

1880 3773 1973 3825 sed
2008 3776 2243 3841 propter
2273 3767 2639 3838 sapientiam,
2673 3767 2994 3837 presbyteri
3031 3766 3427 3819 nominantur.
3474 3766 3585 3819 Ini-

1879 3861 2023 3915 tium
2070 3858 2223 3912 enim
2258 3856 2561 3911 sacerdotii
2610 3859 2801 3909 Aaron
2839 3855 2981 3908 fuit:
3015 3856 3148 3908 licet
3176 3854 3587 3908 Melchisedech

1878 3949 2041 4019 prior
2070 3946 2343 4001 obtulerit
2390 3944 2731 3999 sacrificium
2784 3945 2920 4011 Deo,
2956 3948 3012 3997 et
3056 3948 3184 4013 post
3231 3944 3384 3996 hunc
3415 3943 3586 3996 Abra-

1880 4040 2034 4103 ham,
2072 4037 2225 4089 Isaac
2284 4039 2339 4087 et
2368 4034 2559 4088 Jacob.
2618 4032 2724 4088 Sed
2783 4032 2841 4085 bi
2900 4037 3214 4102 spontanee
3270 4032 3583 4097 voluntate,

1880 4143 1995 4180 non
2022 4122 2363 4179 sacerdotali
2389 4122 2751 4189 auctoritate,
2786 4122 2897 4174 ista
2920 4122 3192 4175 fecerunt.

1881 4215 2010 4270 CAP.
2058 4213 2148 4266 VI.
2181 4242 2248 4250 —-
2281 4210 2432 4277 Quod
2462 4212 2645 4264 nullus
2692 4225 2759 4263 ea:
2799 4211 3151 4264 ecclesiastico
3201 4208 3390 4261 ordine
3436 4207 3589 4262 abso-

2400 4283 2509 4335 lute
2537 4281 2766 4335 debeant
2794 4282 3059 4334 ordinari.

1952 4376 2060 4441 (Ea:
2090 4372 2275 4426 concil.
2314 4370 2645 4424 Chalcedon.
2681 4385 2802 4438 cap.
2828 4371 2900 4432 6.)
2938 4370 3170 4422 Nullum
3200 4367 3458 4421 absolute
3502 4382 3589 4420 or-

1878 4459 2068 4516 dinari
2097 4459 2303 4513 debere
2341 4457 2742 4528 presbyterum
2767 4460 2865 4508 aut
2892 4456 3213 4519 diaconum,
3252 4470 3354 4508 nec
3384 4468 3586 4524 quem-

1878 4548 2019 4602 libet
2075 4547 2134 4600 in
2179 4544 2557 4599 ecclesiastico
2602 4544 2805 4612 gradu,
2857 4543 2967 4595 nisi
3025 4542 3344 4612 specialiter
3399 4540 3585 4594 Eccle-

1878 4637 1975 4690 εἰει
2003 4634 2264 4699 civitatis,
2298 4638 2398 4686 aut
2426 4630 2796 4702 possessionis
2812 4634 2914 4684 aut
2933 4631 3222 4699 martyris,
3259 4633 3359 4683 aut
3387 4644 3590 4681 mona-

1878 4725 2035 4779 sterii
2069 4739 2303 4787 nomen,
2339 4722 2430 4774 cui
2464 4719 2820 4774 ordinandus
2867 4724 2969 4784 est,
3007 4720 3435 4788 pronuntietur,
3478 4716 3588 4780 Qui

1876 4829 2011 4868 vero
2044 4812 2302 4865 absolute
2333 4809 2695 4873 ordinantur,
2736 4807 2985 4861 decrevit
3015 4811 3207 4859 sancta
3238 4806 3484 4877 synodus
3517 4806 3589 4860 ir-

1877 4904 2047 4957 ritam
2094 4899 2295 4954 haberi
2343 4896 2743 4966 hujuscemodi
2792 4912 2995 4949 manus
3046 4895 3498 4965 impositionem,
3532 4899 3588 4950 et

1878 5004 2161 5060 nusquam
2195 5003 2358 5058 posse
2390 4984 2740 5051 ministrare,
2769 4983 2839 5037 ad
2871 4983 3192 5037 ordinantis
3221 4983 3511 5053 injuriam.

1878 5099 2005 5154 CAP.
2060 5095 2174 5148 VII.
2226 5123 2287 5133 —
2324 5093 2478 5159 Quod
2506 5091 2604 5145 sub
2636 5094 2858 5159 aspectu
2910 5090 3249 5143 audientium
3279 5088 3586 5142 ordinatio-

2343 5178 2435 5218 nes
2457 5163 2723 5217 celebrari
2742 5178 2849 5215 non
2876 5162 3126 5214 debeant.

1952 5258 2059 5324 (Ea:
2085 5254 2273 5308 concil.
2307 5251 2648 5316 Laodicensi,
2685 5266 2805 5319 cap.
2864 5250 2945 5317 4.)
2992 5248 3155 5312 Quod
3183 5262 3302 5301 non
3328 5249 3589 5317 Oporteat

1877 5342 2268 5399 ordinationes
2300 5341 2405 5395 sub
2441 5342 2672 5409 aspectu
2697 5337 3061 5392 audientium
3089 5335 3383 5389 celebrari.

1877 5432 2007 5487 CAP.
2062 5431 2205 5485 VIII.
2247 5461 2315 5469 ——
2348 5428 2505 5494 Quod
2550 5428 2724 5481 turbis
2768 5428 3071 5480 electionem
3102 5422 3589 5494 promovendorum

2478 5519 2659 5583 facere
2682 5531 2789 5571 non
2822 5513 2997 5569 liceat.

1950 5608 2065 5676 (Ea:
2090 5609 2290 5674 eodem,
2324 5623 2445 5678 cap.
2486 5605 2602 5676 l3.)
2637 5605 2804 5670 Quod
2850 5620 2967 5657 non
3017 5602 3091 5657 sit
3137 5600 3587 5672 permittendum
