3950 6410
381 362 481 413 627
1451 357 1866 414 BURCHARDI
1911 355 2442 413 WORMACIENSIS
2482 356 2818 413 EPISCOPI.
3814 364 3908 414 6'28

379 481 564 538 turbis
605 481 915 536 electiones
959 495 1162 536 eorum
1210 481 1397 535 facere
1448 478 1549 550 qui
1601 483 1734 532 sunt
1785 478 1853 531 ad
1900 493 2077 530 sacer-

2280 511 2322 547 P.
2363 495 2494 550 XVI.
2538 523 2606 532 —
2633 494 2716 548 De
2744 495 2856 548 illis
2905 495 3003 561 qui
3047 493 3293 548 invident
3317 495 3566 560 fratrum
3590 497 3913 564 provectio-

385 572 606 626 dotium
637 569 1009 642 provehendi.

382 679 509 732 CAP.
573 677 655 730 IX.
710 706 777 716 —
839 675 992 745 Quod
1040 676 1348 743 episcopum
1402 674 1482 725 vel
1525 673 1904 740 presbyterum
1961 677 2086 724 ante

704 749 934 814 triginta
961 761 1129 799 annos
1160 746 1415 799 ordinare
1453 758 1559 796 non
1585 745 1760 796 liceat.

455 840 563 904 (Ea:
618 837 807 890 concil.
866 835 1191 900 Agathens.,
1241 848 1360 900 cap.
1409 834 1489 897 7.)
1549 830 1894 900 Episcopum
1951 846 2086 884 vero

381 926 467 978 vel
510 924 905 995 presbyterum
961 927 1091 974 ante
1151 920 1388 988 triginta
1437 935 1640 984 annos,
1692 919 1745 972 id
1797 924 1884 972 est
1933 925 2088 972 ante-

383 1029 556 1085 quam
590 1013 662 1067 ad
707 1011 814 1065 viri
852 1010 1086 1081 perfecti
1127 1013 1352 1062 aetatem
1396 1007 1709 1076 perveniat,
1744 1009 1935 1061 nullus
1967 1024 2087 1062 me-

377 1097 859 1166 tropolitanorum
891 1096 1157 1150 ordinare
1205 1100 1553 1165 praesumat:
1605 1112 1675 1148 ne
1707 1112 1810 1166 per
1857 1099 2087 1149 aetatem

382 1185 534 1256 quod
565 1185 868 1256 aliquoties
901 1184 1109 1249 evenit,
1145 1184 1340 1253 aliquo
1375 1199 1570 1237 errore
1602 1184 1991 1238 detineantur.

381 1290 508 1344 CAP.
537 1291 596 1344 Χ.
630 1319 698 1330 -
735 1291 816 1344 De
859 1289 1195 1411 presbyteéris
1245 1289 1342 1412 qtui
1385 1294 1510 1341 ante
1565 1289 1715 1342 XXX.
1773 1304 1943 1342 annos
2001 1306 2087 1342 or-

1133 1375 1262 1411 znan
1291 1375 1374 1411 ur.

1133 1375 1374 1411 tuantur.

439 1448 559 1517 ‘(Eai
589 1448 734 1502 decr.
782 1448 1014 1513 Fabian,
1059 1462 1221 1516 papa
1253 1446 1572 1501 Orientalib.
1604 1447 1824 1513 missis.)
1853 1446 1910 1500 Si
1959 1445 2088 1516 quis

381 1536 621 1606 triginta
697 1536 880 1589 astatis
935 1552 1052 1589 suae
1117 1551 1236 1588 non
1291 1534 1618 1603 impleverit
1669 1550 1869 1596 annos,
1930 1535 2087 1587 nullo

381 1625 550 1678 modo
589 1625 889 1694 presbyter
922 1624 1244 1690 ordinetur,
1275 1623 1448 1676 etiam
1477 1621 1521 1674 si
1547 1623 1708 1676 valde
1738 1622 1810 1676 sit
1837 1622 2044 1693 dignus
2071 1639 2083 1677 :

381 1713 518 1784 quia
553 1716 610 1766 et
637 1713 758 1782 ipse
791 1713 1068 1766 Dominus
1097 1711 1386 1764 tricesimo
1426 1727 1578 1763 anno
1622 1710 1945 1780 baptizatus
1975 1718 2056 1763 est

381 1806 437 1855 et
465 1801 545 1854 sic
571 1801 744 1872 coepit
775 1800 1000 1855 docere.
1036 1801 1271 1870 Oportet
1313 1815 1448 1869 ergo
1494 1814 1627 1852 eum
1679 1798 1778 1868 qui
1810 1798 2083 1853 ordinan-

379 1889 488 1944 dus
543 1893 646 1955 est,
703 1905 884 1958 usque
940 1888 1011 1942 ad
1063 1888 1210 1942 hanc
1266 1891 1494 1942 aetatem
1559 1885 1884 1956 legitimam
1955 1903 2088 1940 con-

387 1977 594 2030 secrari
609 2017 620 2030 .

382 2084 513 2138 CAP.
564 2084 648 2137 XI.
697 2110 768 2122 —
807 2081 964 2147 Quod
1010 2085 1134 2134 ante
1173 2081 1302 2135 XXV
1331 2095 1499 2134 annos
1550 2080 1772 2134 diaconi
1818 2094 1924 2132 non
1969 2081 2080 2132 sint

1076 2151 1396 2206 ordinandi.

457 2243 562 2312 (Ea:
583 2241 772 2296 concil.
809 2240 1104 2305 Carthag.,
1151 2254 1273 2308 cap.
1323 2236 1428 2306 l6.)
1464 2235 1684 2290 Placuit
1714 2240 1778 2289 ut
1828 2240 1958 2289 ante
2013 2235 2090 2288 vi-

383 2331 532 2401 ginti
583 2329 840 2400 quinque
886 2343 1067 2381 annos
1121 2326 1324 2390 aetatis,
1387 2341 1492 2379 nec
1543 2323 1768 2379 diaconi
1823 2325 2092 2378 ordinen-

383 2423 498 2485 tur,
531 2434 636 2472 nec
685 2417 937 2487 virgines
995 2419 1423 2479 consecrentur,
1483 2419 1540 2469 et
1581 2419 1639 2467 ut
1689 2414 1867 2467 lector
1913 2429 2092 2484 popu-

385 2508 508 2561 lum
539 2523 655 2560 non
681 2507 906 2560 salutet.

384 2615 514 2669 CAP.
549 2613 660 2667 XII.
688 2641 760 2654 —
788 2612 941 2682 Quod
970 2614 1028 2664 in
1075 2615 1241 2664 veteri
1293 2611 1413 2676 lege
1461 2611 1825 2682 pracipiatur
1875 2614 1936 2662 ut
1966 2613 2092 2682 ante

454 2679 1086 2752 vigesimum—quintum
1141 2697 1344 2734 annum
1395 2682 1593 2734 Levita:
1648 2682 1703 2733 in
1746 2679 2091 2733 tabernaculo

461 2771 568 2808 non
598 2757 880 2808 servirent.

459 2844 563 2910 (Ex
595 2843 777 2896 coneil.
837 2842 1106 2904 Toletano,
1169 2855 1290 2907 cap.
1353 2837 1466 2907 20.)
1525 2838 1588 2891 In
1618 2835 1796 2890 veteri
1853 2837 1976 2906 lege
2023 2835 2094 2890 ab

383 2946 536 2985 anno
569 2930 845 2999 vigesimo
877 2933 933 2982 et
958 2929 1160 2998 quinto
1197 2927 1401 2981 Levitae
1453 2927 1512 2979 in
1565 2925 1933 2979 tabernaculo
1982 2941 2095 2977 ser-

385 3019 505 3073 vire
551 3019 987 3089 principiuntur,
1019 3017 1181 3086 cujus
1223 3015 1618 3069 auctoritatem
1666 3015 1723 3067 in
1774 3014 2092 3067 canonibus
2125 3031 2165 3085 ρ

389 3108 572 3161 sancti
623 3109 815 3160 Patres
871 3104 1048 3158 secuti
1103 3108 1255 3157 sunt.
1316 3104 1426 3157 Nos
1459 3115 1514 3156 et
1551 3102 1756 3156 divinm
1815 3102 1976 3172 legis,
2039 3108 2098 3156 et

390 3195 763 3248 conciliorum
816 3191 1089 3263 praecepti
1119 3192 1512 3258 immemores,
1559 3189 1808 3244 infantes
1856 3194 1912 3242 et
1957 3206 2097 3259 pue-

389 3298 484 3334 ros
545 3282 758 3335 Levites
798 3281 1038 3334 facimus
1095 3285 1226 3333 ante
1282 3279 1598 3348 legitimam
1653 3283 1902 3344 aetatem,
1964 3284 2097 3332 ante

390 3369 803 3440 experientiam
833 3369 981 3421 vitae.
1025 3368 1273 3437 Ideoque
1315 3383 1385 3420 ne
1429 3366 1668 3420 ulterius
1702 3367 1802 3420 ﬁat
1847 3385 1880 3420 a
1913 3367 2096 3432 nobis,

391 3464 452 3512 et
481 3457 691 3510 divina:
742 3456 884 3524 legis
916 3461 973 3508 et
1019 3471 1304 3508 canonum
1347 3454 1728 3508 admonemur
1758 3455 2092 3508 sententiis:

391 3546 491 3600 sed
535 3545 740 3616 viginti
769 3545 1028 3614 quinque
1070 3559 1353 3596 annorum
1413 3544 1594 3595 aetatis
1643 3543 1850 3596 Levita:
1900 3559 2097 3595 conse-

392 3637 643 3699 crentur,
688 3636 743 3685 et
773 3631 1009 3701 triginta
1050 3647 1332 3684 annorum
1365 3630 1682 3701 presbyteri
1717 3630 2093 3684 ordinentur:

391 3721 474 3774 ita
518 3725 584 3773 ut
630 3721 945 3773 secundum
977 3720 1356 3790 apostolicum
1390 3724 1741 3788 praeceptum
1780 3719 2099 3789 probentur

388 3809 665 3880 primum,
696 3814 752 3862 et
780 3809 858 3861 sic
893 3809 1237 3873 ministrent,
1286 3808 1510 3861 nullum
1551 3808 1767 3860 crimen
1799 3807 2093 3860 habentes.

393 3915 523 3968 CAP.
573 3914 712 3968 XIII.
747 3943 814 3952 —-
861 3917 931 3967 De
977 3914 1307 3982 presbyteris
1359 3916 1456 3980 qui
1505 3915 1619 3966 sine
1669 3915 1918 3966 examine
1970 3917 2098 3968 sunt

1116 3987 1377 4051 provecti.

469 4072 580 4141 (Em
611 4072 796 4124 concil.
848 4073 1078 4134 Nicaea,
1123 4088 1243 4140 cap.
1279 4074 1354 4137 9.)
1384 4071 1439 4125 Si
1480 4072 1579 4141 qui
1610 4070 1930 4141 presbyteri
1975 4071 2097 4124 sine

395 4159 661 4212 examine
706 4164 840 4212 sunt
890 4159 1165 4228 prmecti,
1209 4159 1296 4211 vel
1351 4174 1481 4211 cum
1515 4159 1933 4212 discuterentur
1972 4175 2100 4229 pec-

395 4252 522 4300 cata
559 4263 661 4300 sua
705 4245 948 4299 confessi
995 4250 1146 4309 sunt,
1195 4251 1251 4298 et
1299 4245 1560 4298 homines
1603 4251 1799 4298 contra
1850 4261 2097 4299 canones

2955 564 3134 617 nibus.

2267 652 2371 721 (Ea:
2421 653 2608 707 concil.
2657 651 2945 718 Africano,
2990 667 3113 720 cap.
3171 653 3286 718 54.)
3338 651 3594 706 Clericus
3643 652 3922 706 invidens

2194 741 2437 795 fratrum
2473 740 2956 812 provectionibus,
2992 741 3172 794 donec
3216 739 3274 793 in
3305 741 3444 794 vitio
3480 746 3589 806 est,
3627 757 3756 795 non
3796 758 3923 812 pro-

2196 835 2508 884 moveatur.

2346 937 2473 990 Car.
2511 935 2672 990 XVll.
2710 967 2780 996 -,
2806 937 2868 987 [Τι’
2899 934 3247 988 seditionarii
3274 951 3379 988 non
3399 936 3759 989 ordinentur.

2271 1025 2386 1089 (Em
2415 1024 2614 1090 eodem,
2661 1039 2784 1092 cap.
2842 1023 2953 1091 67.)
2997 1023 3413 1077 Seditionarios
3460 1040 3776 1094 nunquam
3831 1041 3925 1076 or-

2194 1111 2475 1166 dinandus
2527 1111 2779 1173 clericos,
2831 1111 2977 1164 sicut
3029 1127 3130 1163 nec
3179 1113 3468 1164 usurarius
3530 1113 3617 1166 vel
3669 1112 3926 1182 injuria-

2194 1217 2325 1254 rum
2349 1216 2583 1253 suarum
2618 1201 2844 1253 ultores.

2195 1308 2324 1361 CAP.
2360 1307 2544 1360 XVIII.
2579 1335 2642 1347 —
2674 1305 2831 1370 Quod
2875 1305 3170 1357 illi‘eratus
3209 1310 3258 1358 et
3297 1306 3481 1373 aliquo
3518 1306 3770 1359 membro
3815 1309 3926 1359 im-

2339 1380 2579 1431 minutus
2605 1377 2834 1444 provehi
2862 1375 2936 1428 ad
2964 1390 3145 1429 sacros
3192 1376 3408 1430 ordines
3439 1393 3549 1429 non
3580 1377 3810 1430 debeat.

2269 1487 2374 1548 (Ea:
2404 1485 2563 1551 epist.
2599 1484 2808 1536 Gelasii
2850 1497 3030 1552 papae,
3069 1498 3188 1551 cap.
3231 1481 3334 1547 l6.)
3381 1481 3718 1535 Illitteratos
3774 1500 3925 1553 quo-

2197 1589 2330 1642 que,
2381 1577 2480 1625 aut
2535 1571 2728 1641 aliqua
2761 1577 2920 1640 parte
2975 1570 3230 1639 corporis
3284 1570 3644 1636 imminutos,
3713 1573 3922 1624 nullus

2193 1665 2505 1731 praesumat
2562 1660 2633 1714 ad
2690 1661 2905 1713 clerum
2947 1660 3284 1728 provehere.
3339 1659 3484 1722 Quia
3538 1675 3645 1712 nec
3699 1659 3925 1713 litteris

2067 1752 2081 1775 ’
2117 1753 2156 1806 Β
2193 1765 2410 1815 carens,
2447 1748 2622 1802 sacris
2673 1764 2796 1802 esse
2833 1752 3018 1817 potest
3047 1753 3212 1818 aptus
3263 1747 3488 1810 ofﬁciis,
3539 1751 3597 1800 et
3631 1747 3923 1802 vitiosum

2202 1839 2345 1892 nihil
2378 1839 2493 1892 Deo
2523 1853 2757 1908 prorsus
2785 1837 2976 1890 offerri
3007 1836 3212 1905 legalia
3244 1841 3535 1906 praecepta
3561 1843 3920 1890 sanxerunt.

2199 1925 2470 1980 Similiter
2494 1924 2593 1995 qui
2623 1924 2840 1993 seipsos
2869 1923 3230 1977 abscindunt.

2483 2013 2612 2067 CAP.
2644 2013 2774 2066 XIX.
2809 2041 2878 2050 —
2912 2012 2992 2064 De
3018 2011 3155 2081 ﬁliis
3185 2011 3621 2066 concubinarum.

2269 2120 2380 2186 (Ea:
2436 2119 2624 2172 concil.
2672 2119 2981 2180 Aurelian,
3039 2132 3160 2185 cap.
3230 2116 3340 2184 10.)
3403 2117 3479 2170 De
3538 2116 3631 2170 his
3685 2117 3800 2187 qui
3860 2136 3926 2171 ex

2199 2205 2535 2260 concubinis
2583 2205 2732 2258 filios
2777 2205 3008 2270 habent,
3057 2210 3112 2257 et
3162 2220 3370 2257 uxores
3415 2205 3709 2275 legitimas
3766 2214 3929 2275 post—

2201 2295 2548 2360 habuerunt,
2596 2299 2670 2358 et,
2731 2293 3014 2347 defunctis
3054 2291 3349 2356 uxoribus,
3409 2293 3516 2345 sibi
3556 2294 3925 2348 concubinas

2200 2383 2426 2453 publice
2462 2381 2701 2446 sociant,
2734 2382 2791 2435 id
2826 2381 3246 2434 observandum
3276 2381 3629 2446 censuimus,
3664 2386 3736 2434 ut
3777 2384 3924 2435 sicut

2201 2487 2298 2525 eos
2337 2471 2436 2541 qui
2479 2471 2601 2540 jam
2649 2469 2840 2523 clerici
2888 2486 2993 2539 per
3039 2469 3424 2539 ignorantiam
3472 2469 3731 2524 ordinati
3788 2479 3920 2524 sunt

2204 2575 2320 2612 non
2381 2574 2763 2622 removemus,
2824 2559 2903 2611 ita
2958 2558 3279 2624 statuimus,
3343 2573 3415 2610 ne
3467 2559 3719 2611 ulterius
3777 2561 3922 2613 ordi-

2202 2652 2434 2700 nentur.

2204 2749 2332 2803 CAP.
2382 2749 2486 2802 XX.
2538 2779 2604 2788 —-
2647 2752 2716 2803 Ut
2762 2749 3090 2803 daemonibus
3137 2751 3513 2819 similibusque
3558 2755 3924 2820 passionibus

2515 2822 2720 2874 irretiti
2746 2836 2905 2874 sacra
2937 2827 3173 2874 tractare
3203 2838 3308 2874 non
3339 2822 3594 2877 debeant.

2281 2927 2385 2994 (Ea:
2415 2929 2573 2995 epist.
2619 2927 2824 2981 Gelasii
2847 2943 3027 2995 papa,
3061 2943 3181 2996 cap.
3220 2928 3331 2997 l9.)
3375 2928 3565 2998 Usque
3595 2930 3746 2982 adeo
3790 2945 3919 2981 sane

2207 3015 2593 3084 comperimus
2641 3015 2836 3068 illicita
2875 3031 3116 3085 qumque
3159 3031 3560 3085 prorumpere,
3612 3021 3680 3070 ut
3713 3017 3922 3070 daemo-

2206 3101 2376 3155 nibus
2407 3101 2803 3171 similibusque
2841 3102 3203 3171 passionibus
3243 3102 3478 3155 irretitis
3517 3104 3805 3173 mysteria
3847 3121 3920 3156 sa-

2205 3195 2496 3244 crosancta
2560 3195 2801 3243 tractare
2862 3190 3166 3244 tribuatur.
3239 3191 3302 3244 Et
3364 3195 3497 3260 post
3563 3208 3807 3261 pauca:
3869 3195 3918 3246 Si

2204 3293 2441 3348 corpore
2487 3278 2802 3331 sauciatum
2849 3284 2950 3331 aut
2998 3278 3246 3332 debilem
3297 3295 3671 3350 nequaquam
3729 3288 3917 3334 sancta

2205 3367 2537 3435 contingere
2583 3367 2670 3419 lex
2701 3365 2896 3420 divina
2931 3367 3214 3436 permisit,
3274 3373 3490 3437 quanto
3541 3369 3736 3438 magis
3791 3371 3920 3423 doni

2206 3455 2447 3508 caelestis
2495 3454 2917 3524 dispensatores
2960 3471 3081 3508 esse
3127 3471 3243 3508 non
3287 3455 3574 3522 convenit,
3629 3457 3798 3528 quod
3848 3467 3920 3511 est

2205 3544 2479 3612 deterius,
2512 3548 2704 3596 mente
2741 3543 3052 3612 perculsos.

2207 3649 2334 3705 CAP.
2386 3651 2516 3704 XXI.
2554 3680 2622 3688 —
2665 3651 2729 3704 Ut
2777 3649 2841 3702 de
2889 3651 3079 3702 servili
3125 3649 3445 3714 conditione,
3499 3651 3614 3703 nisi
3672 3655 3842 3719 prius
3896 3670 3919 3701 ιι

2277 3721 2510 3774 dominis
2579 3723 2821 3788 propriis
2879 3721 3181 3774 libertatem
3239 3721 3492 3785 habeant,
3562 3723 3715 3776 nulli
3783 3725 3922 3776 ordi-

2278 3797 2492 3844 nentur.

2277 3896 2386 3964 (Ea:
2435 3897 2622 3949 concil.
2661 3895 2992 3960 Triburien.,
3045 3911 3166 3964 cap.
3201 3895 3313 3964 25.)
3371 3896 3441 3948 Ut
3471 3895 3623 3949 nulli
3689 3899 3765 3951 de
3819 3915 3921 3952 ser-

2209 3983 2305 4034 vili
2348 3983 2679 4036 conditione
2711 3984 2781 4035 ad
2815 3998 3003 4036 sacros
3035 3983 3265 4036 ordines
3299 3989 3781 4052 promoveantur,
3822 3987 3920 4040 nisi

2208 4070 2368 4140 prius
2410 4086 2440 4121 a
2469 4069 2716 4122 dominis
2768 4069 3018 4139 propriis
3072 4069 3386 4139 legitimam
3424 4070 3765 4126 libertatem
3801 4091 3922 4126 con-

2206 4162 2540 4228 sequantur.
2575 4157 2748 4226 Cujus
2775 4157 3054 4211 libertatis
3095 4157 3288 4210 charta
3318 4163 3448 4210 ante
3486 4159 3920 4215 ordinationem

2208 4246 2268 4301 in
2317 4247 2557 4299 amboue
2589 4246 2815 4316 publice
2869 4247 3111 4314 legatur,
3145 4252 3200 4299 et
3234 4245 3278 4298 si
3309 4247 3504 4299 nullus
3551 4251 3920 4305 contradixe-

393 4334 688 4401 commoti,
758 4351 962 4388 manus
1020 4333 1293 4387 confessis
1357 4333 1655 4402 imponere
1711 4339 2094 4399 tentaverunt,
2126 4304 2170 4356 Β
2210 4337 2302 4399 rit,
2338 4335 2440 4388 rite
2481 4333 2985 4387 consecrabuntur.
3034 4336 3207 4387 Porro
3247 4350 3442 4387 servus
3473 4351 3596 4388 non
3647 4340 3921 4392 canonice

389 4423 531 4476 tales
573 4423 771 4490 regula
801 4439 913 4476 non
947 4422 1244 4476 admittit:
1303 4423 1440 4492 quia
1485 4423 1636 4492 quod
1686 4422 2095 4491 irreprehensi-

388 4510 502 4564 bile
533 4516 618 4565 est
647 4511 925 4565 catholica
953 4510 1212 4564 defendit
1245 4511 1507 4564 Ecclesia.

391 4617 527 4672 CAP.
586 4617 718 4672 XIV.
774 4645 846 4658 —
895 4620 970 4671 De
1017 4632 1074 4670 eo
1126 4619 1224 4686 qui
1261 4617 1370 4670 sibi
1416 4618 1595 4671 volens
1653 4615 1879 4684 aliquod
1925 4631 2095 4669 mem-

977 4688 1134 4741 brum
1165 4690 1513 4741 lruncaverit.

466 4774 574 4843 (Ea:
629 4775 772 4830 decr.
836 4777 1136 4830 Innocentii
1183 4791 1364 4844 papae,
1427 4790 1547 4846 cap.
1580 4773 1694 4844 28.)
1753 4773 1861 4838 Qui
1914 4773 2092 4844 igitur

389 4867 617 4932 partem
649 4861 816 4932 digiti
872 4862 979 4916 sibi
1010 4863 1250 4916 abscidit
1293 4863 1510 4927 volens,
1547 4863 1700 4916 hunc
1749 4862 1818 4916 ad
1867 4863 2082 4916 clerum

393 4965 640 5004 canones
689 4965 805 5002 non
847 4949 1179 5004 admittunt.
1232 4950 1335 5004 Cui
1373 4967 1507 5003 vero
1555 4967 1686 5003 casu
1719 4951 1826 5004 hoc
1869 4949 2094 5018 accidit,

383 5038 498 5092 etsi
527 5037 587 5090 in
617 5037 768 5090 clero
793 5037 964 5090 fuerit
997 5043 1277 5105 repertus,
1313 5054 1429 5092 non
1461 5037 1648 5107 abjici.

393 5144 522 5199 CAP.
583 5144 692 5198 XV.
733 5171 802 5180 —-
833 5145 907 5196 De
965 5145 1172 5195 clericis
1228 5143 1325 5210 qui
1375 5160 1410 5196 a
1458 5143 1784 5196 medicorum
1834 5145 2097 5197 incisione

969 5213 1155 5266 claudi
1191 5215 1526 5280 efﬁciuntur.

463 5321 572 5390 (Ea:
619 5321 805 5375 concil.
869 5318 1202 5382 Hilerdensi,
1258 5335 1380 5387 cap.
1428 5321 1544 5383 20.)
1597 5319 1655 5373 Si
1709 5319 1837 5389 quis
1895 5320 1954 5374 in
2012 5321 2097 5374 in-

390 5408 662 5463 ﬁrmitate
709 5408 930 5478 positus
983 5406 1243 5471 clericus,
1294 5412 1349 5460 et
1405 5407 1758 5461 medicorum
1813 5408 2094 5464 incisione

391 5498 626 5552 claudus
656 5497 920 5562 efﬁcitur,
973 5495 1299 5566 promoveri
1345 5495 1417 5549 ad
1461 5511 1650 5550 sacros
1680 5496 1908 5550 ordines
1942 5513 2096 5551 eum-

393 5601 511 5638 non
541 5586 914 5656 denegamus.

2205 4428 2587 4485 consecratus,
2638 4427 2944 4492 postquam
2991 4424 3060 4474 de
3109 4423 3284 4492 gradu
3345 4423 3644 4490 deciderit,
3680 4427 3810 4496 ejus
3860 4429 3920 4480 sit

2207 4511 2573 4575 conditionis,
2609 4512 2773 4582 cujus
2803 4511 2990 4564 fuerat
3020 4517 3154 4565 ante
3177 4512 3445 4580 gradum.

2626 4617 2754 4672 CAP.
2788 4617 2945 4672 XXII.
2976 4645 3050 4658 —
3079 4619 3161 4671 De
3189 4617 3374 4672 eadem
3411 4633 3488 4671 re.

2279 4707 2387 4770 (Ea:
2416 4705 2611 4758 decret.
2646 4706 2836 4758 Leonis
2862 4720 3041 4773 papae,
3076 4720 3196 4774 cap.
3244 4709 3315 4772 1.)
3346 4705 3764 4762 Admittuntur
3800 4726 3912 4780 pas-

2207 4792 2314 4846 sim
2348 4793 2418 4846 ad
2445 4793 2704 4847 ordinem
2735 4808 2956 4845 sacrum
2992 4793 3200 4862 quibus
3234 4794 3389 4846 nulla
3418 4793 3736 4860 natalium,
3770 4799 3914 4850 nulla

2207 4897 2436 4934 morum
2484 4880 2735 4950 dignitas
2780 4880 3163 4950 suffragatur:
3215 4884 3272 4934 et
3303 4880 3404 4950 qui
3436 4896 3469 4933 a
3502 4881 3769 4938 dominis
3813 4885 3913 4938 suis

2207 4968 2527 5022 libertatem
2558 4968 2832 5038 consequi
2873 4967 3114 5022 minime
3147 4973 3486 5038 potuerunt,
3517 4969 3592 5022 ad
3627 4970 3912 5043 fastigium

2206 5057 2526 5121 sacerdotii,
2581 5062 2854 5127 tanquam
2907 5055 3128 5110 servilis
3184 5055 3370 5110 vilitas
3426 5057 3584 5110 hunc
3643 5058 3911 5114 honorem

2200 5145 2330 5215 jure
2391 5145 2598 5215 capiat,
2664 5145 3098 5215 provehuntur:
3160 5149 3218 5198 et
3276 5144 3508 5214 probari
3569 5146 3695 5200 Deo
3760 5166 3909 5218 posse

2206 5233 2479 5298 creditur,
2523 5233 2622 5304 qui
2667 5233 2901 5286 domino
2951 5249 3053 5285 suo
3100 5232 3344 5285 necdum
3401 5233 3654 5302 probare
3716 5252 3776 5290 se
3836 5253 3912 5306 po-

2205 5322 2334 5376 tuit.
2398 5323 2460 5375 Et
2490 5327 2616 5390 post
2654 5337 2870 5391 pauca:
2934 5321 3108 5373 Debet
3157 5320 3311 5374 enim
3371 5337 3493 5373 esse
3535 5321 3825 5378 immunis
3854 5326 3910 5376 ali

2206 5410 2354 5476 aliis,
2412 5410 2513 5480 qui
2559 5409 2769 5462 divinae
2812 5407 3033 5461 militiai
3083 5407 3255 5460 fuerit
3313 5409 3745 5478 aggregandus,
3784 5419 3844 5465 ut
3886 5430 3909 5461 ξι

2204 5498 2402 5553 castris
2452 5497 2785 5562 Dominicis,
2857 5497 3066 5568 quibus
3137 5512 3352 5550 nomen
3404 5495 3526 5564 ejus
3586 5502 3906 5560 ascribitur.

2208 5587 2379 5640 nullis
2406 5585 2812 5640 necessitatum
2845 5584 3086 5638 vinculis
3113 5583 3502 5638 abstrahatur.
