3950 6412
101 352 190 400 6'29
242 388 247 389 γ

102 474 211 526 CAP.
262 473 449 526 XXIII.
500 502 571 512 —
606 474 689 527 De
738 474 889 527 bonis
931 474 1147 527 illorum
1181 478 1275 542 qui
1319 491 1352 528 a
1383 475 1615 530 dominis
1662 493 1791 546 pro-

566 547 709 613 priis
739 546 987 598 libertate
1017 547 1311 599 donantur.

162 631 277 697 (Ex
306 634 499 685 concil.
557 634 828 694 Toletano,
879 648 999 701 cap.
1034 634 1106 699 2.)
1158 635 1235 687 De
1281 635 1450 687 rebus
1479 651 1614 687 vero
1664 635 1793 688 illo-

100 737 234 786 rum,
283 719 374 774 vel
424 721 724 791 peculiari,
768 721 905 791 quia
945 722 1196 776 dominis
1235 724 1483 792 propriis
1532 723 1790 777 libertate

103 808 401 877 donantur,
468 813 530 861 ut
598 809 669 862 ad
726 810 939 879 gradus
994 812 1404 865 ecclesiasticos
1463 812 1789 881 promoveri

102 898 350 963 debeant,
401 903 683 950 statutum
736 903 840 963 est,
888 903 951 951 ut
996 898 1055 951 in
1087 904 1369 969 potestate
1422 900 1791 954 dominorum

54 970 61 991 ⁷
102 985 362 1038 consistat
392 986 677 1056 quidquid
707 992 837 1039 ante
868 987 1197 1041 libertatem
1224 988 1565 1053 habuerunt,
1598 994 1790 1042 utrum

104 1073 202 1125 illis
229 1074 547 1126 concedere
578 1074 882 1139 voluerint,
914 1092 988 1128 an
1020 1076 1127 1128 sibi
1159 1077 1429 1130 retinere.

106 1180 215 1233 CAP.
250 1182 423 1234 XXIV.
466 1210 534 1220 —
580 1184 646 1235 Ut
699 1197 906 1239 servus.
957 1184 1224 1235 nesciente
1269 1183 1484 1236 domino
1533 1197 1650 1246 suo,
1701 1198 1788 1235 or-

656 1253 845 1306 dinari
869 1269 975 1306 non
1008 1254 1214 1306 debeat.

163 1342 263 1407 (Ea:
309 1342 502 1394 concil.
556 1342 868 1401 Aureliam.
915 1357 1036 1410 cap.
1088 1341 1166 1410 5.)
1210 1342 1415 1395 Servus
1464 1342 1511 1393 si
1556 1340 1788 1393 absente

103 1434 187 1481 aut
213 1430 503 1482 nesciente
533 1430 789 1489 domino,
840 1431 1108 1499 episcopo
1154 1430 1367 1483 sciente
1400 1431 1549 1500 quod
1594 1446 1788 1483 servus

52 1576 57 1585 ,
101 1518 177 1583 sit,
208 1518 487 1571 diaconus
520 1526 622 1571 aut
668 1519 965 1589 presbyter
1007 1520 1179 1572 fuerit
1220 1520 1538 1585 ordinatus,
1571 1519 1696 1588 ipso
1727 1520 1787 1573 in

100 1606 380 1659 clericatus
438 1606 627 1659 ofticio
684 1613 1082 1676 permanente,
1140 1608 1441 1676 episcopus
1497 1624 1625 1660 cum
1684 1622 1787 1661 suo

98 1694 315 1746 domino
344 1693 566 1762 duplici
600 1694 985 1747 satisfactione
1023 1702 1375 1763 compenset.
1412 1695 1471 1747 Si
1499 1711 1632 1748 vero
1664 1696 1785 1764 epi-

97 1798 282 1851 scopus
330 1798 467 1835 eum
499 1798 725 1835 servum
774 1783 1058 1847 nescierit,
1091 1784 1189 1853 qui
1229 1783 1621 1836 testimonium
1654 1800 1785 1853 per-

96 1869 296 1929 hibent.
332 1874 436 1923 aut
484 1885 615 1922 eum
650 1870 1095 1940 supplicaverint
1144 1870 1413 1932 ordinari,
1460 1871 1635 1924 simili
1665 1872 1787 1924 red-

95 1958 351 2011 hibitione
376 1963 691 2012 teneantur
721 1958 971 2011 obnoxii.

96 2066 207 2119 CAP.
243 2065 390 2118 XXV.
444 2092 519 2102 —
576 2065 655 2117 De
703 2064 787 2116 his
839 2066 937 2132 qui
985 2064 1288 2117 libertatem
1326 2081 1360 2117 ιι
1393 2065 1628 2117 dominis
1671 2068 1783 2119 suis

154 2142 228 2188 ita
255 2137 588 2203 percipiunt,
623 2140 682 2188 ut
712 2136 921 2187 nullum
951 2136 1059 2187 sibi
1086 2136 1399 2203 obsequium
1428 2142 1709 2190 retentent.

154 2224 265 2293 (Ea:
320 2224 515 2277 concil.
572 2223 764 2287 Tolet.,
811 2239 928 2291 cap.
981 2222 1099 2287 73.)
1154 2223 1491 2293 Quicunque
1548 2224 1782 2277 liberta-

96 2319 194 2365 tem
228 2328 257 2364 a
287 2311 546 2365 dominis
575 2311 692 2364 suis
726 2312 802 2363 ita
827 2312 1173 2381 percipiunt,
1207 2318 1270 2365 ut
1300 2314 1523 2365 nullum
1552 2312 1786 2367 sibimet

98 2399 144 2451 in
173 2400 248 2453 eis
278 2400 628 2470 obsequium
680 2406 956 2467 patronus
988 2406 1254 2466 retentet,
1290 2400 1402 2465 isti,
1439 2402 1486 2454 si
1518 2402 1640 2454 sine
1674 2402 1785 2455 cri-

98 2488 231 2540 mine
279 2488 517 2558 capitali
577 2494 746 2551 sunt,
801 2489 871 2542 ad
926 2489 1225 2542 clericatus
1291 2490 1553 2541 ordinem
1616 2488 1782 2541 liberi

100 2576 523 2645 suscipiantur:
570 2577 703 2645 quia
756 2576 972 2630 directa
1026 2576 1481 2630 manumissione
1533 2576 1781 2630 absoluti

99 2680 202 2718 esse
246 2671 586 2718 noscuntur.
637 2665 745 2729 Qui
790 2682 924 2719 vero
974 2671 1199 2719 retento
1250 2665 1523 2736 obsequio
1571 2682 1775 2718 manu.

98 2753 235 2805 missi
265 2761 419 2817 sunt,
474 2770 579 2823 pro
610 2770 676 2806 eo
723 2756 875 2823 quod
910 2755 1096 2808 adhuc
1128 2755 1358 2823 patroni
1402 2756 1662 2808 servituti
1694 2760 1777 2807 te-

97 2848 285 2894 nentur
332 2842 590 2904 obnoxii,
638 2842 966 2895 nullatenus
1024 2848 1157 2895 sunt
1211 2842 1282 2895 ad
1335 2842 1777 2896 ecclesiasticum

96 2930 329 2981 ordinem
381 2930 783 2998 promovendi,
829 2945 923 2996 ne,
967 2930 1200 2999 quando
1245 2930 1535 2983 voluerint
1579 2947 1777 2983 eorum

94 3017 310 3081 domini,
345 3018 490 3070 fiant
521 3033 586 3069 ex
619 3018 839 3071 clericis
869 3019 1035 3071 servi.

94 3123 200 3176 CAP.
246 3124 417 3177 XXVI.
462 3154 531 3161 —-
574 3126 645 3176 De
688 3126 858 3176 servis
907 3123 1231 3177 ordinandis
1279 3123 1570 3177 secundum
1617 3125 1775 3177 eccle-

175 3196 395 3247 siastica
422 3194 709 3259 mandata,
745 3195 1007 3262 quomodo
1038 3197 1261 3262 ingenui
1290 3198 1411 3263 ﬁeri
1436 3194 1681 3248 debeant.

96 3300 195 3365 (Ea:
240 3302 428 3354 concil.
495 3302 762 3365 Remensi,
812 3316 931 3369 cap.
997 3300 1070 3369 1.)
1128 3300 1450 3354 Auctoritas
1507 3301 1777 3353 ecclesia-

96 3388 216 3441 stica
260 3394 532 3458 patenter
587 3389 872 3455 admonet,
924 3390 1161 3459 insuper
1203 3394 1257 3441 et
1301 3391 1569 3458 maiestas
1620 3390 1778 3459 regia

96 3479 361 3531 canonica:
411 3478 676 3547 religioni
727 3494 1019 3531 assensum
1070 3478 1311 3547 praebet,
1349 3484 1409 3531 ut
1454 3494 1768 3548 quemcun-

96 3581 189 3635 que
216 3567 283 3620 ad
316 3584 509 3620 sacros
548 3566 780 3619 ordines
812 3583 874 3619 ex
911 3566 1128 3620 familia
1160 3566 1395 3636 propria
1435 3582 1776 3636 promovere

98 3653 316 3707 Ecclesia
364 3670 613 3724 quaeque
644 3654 937 3724 delegerit,
972 3653 1032 3706 in
1062 3654 1370 3722 praesentia
1420 3654 1775 3706 sacerdotum

97 3742 482 3795 canonicorum
537 3742 706 3795 simul
754 3748 811 3795 et
850 3741 1131 3795 nobilium
1180 3742 1479 3805 laicorum,
1532 3741 1656 3810 ejus
1686 3740 1778 3793 cui

99 3830 363 3898 subjectus
421 3835 509 3884 est
561 3830 980 3900 subscriptione
1040 3834 1097 3884 et
1154 3830 1605 3884 manumissione
1670 3830 1776 3883 sub

98 3914 349 3970 libertatis
393 3923 739 3971 testamento
787 3918 1122 3972 solemniter
1180 3918 1502 3972 roboretur.
1560 3917 1776 3970 Idcirco

101 4019 187 4073 ego
234 4007 616 4072 Burchardus,
673 4008 785 4060 Deo
833 4013 1124 4060 annuente
1170 4007 1615 4061 Wormaciensis
1671 4008 1773 4060 Ec-

100 4093 260 4148 clesia:
305 4097 634 4166 episcopus,
680 4096 991 4166 quemdam
1040 4096 1300 4150 Ecclesiae
1350 4100 1559 4149 nostra:
1589 4095 1773 4147 famu-

101 4180 220 4249 lum,
251 4184 477 4237 nomine
509 4184 925 4250 Eberhardum,
956 4184 1130 4237 sacris
1162 4184 1462 4237 ordinibus
1496 4183 1773 4249 oblatum,

100 4267 155 4317 ad
205 4268 391 4321 altaris
440 4285 642 4331 cornu,
697 4269 976 4323 nobilium
1030 4271 1285 4323 virorum
1334 4270 1394 4323 in
1445 4269 1771 4339 praesentia,

100 4369 187 4423 per
226 4355 329 4410 hoc
367 4356 728 4411 auctoritatis
778 4363 1188 4411 testamentum
1237 4364 1446 4424 statuo,
1494 4357 1574 4410 ita
1608 4360 1669 4409 ut
1702 4356 1772 4409 ab

101 4440 355 4498 hodierno
398 4445 491 4499 die
543 4449 598 4498 et
627 4450 903 4515 tempore-
936 4446 1082 4499 bene
1137 4446 1442 4514 ingenuus,
1502 4449 1675 4513 atque
1704 4441 1775 4495 ab

102 4532 240 4585 omni
265 4534 551 4587 servitutis
578 4534 804 4587 vinculo
847 4550 1081 4588 securus
1109 4538 1466 4603 permaneat,
1497 4536 1775 4602 tanquam

103 4617 140 4669 si
168 4620 227 4673 ab
270 4622 534 4692 ingenuis
565 4622 762 4676 fuisset
792 4622 1127 4692 parentibus
1166 4627 1495 4691 procreatus
1536 4621 1623 4673 vel
1675 4636 1772 4671 na-

102 4710 625 4780 tuszeamdemque
680 4717 883 4781 pergat
934 4716 1153 4782 partem
1214 4726 1617 4781 quamcunque
1669 4726 1775 4761 vo—

103 4794 206 4848 lens
251 4799 517 4853 canonice
576 4799 835 4868 elegerit,
886 4800 965 4853 ita
1016 4805 1077 4853 ut
1126 4800 1395 4869 deinceps
1452 4813 1557 4851 nec
1609 4797 1777 4851 nobis

104 4898 266 4953 neque
322 4887 746 4941 successoribus
815 4888 1028 4941 nostris
1085 4889 1268 4942 ullum
1325 4888 1531 4941 debeat
1591 4886 1775 4939 noxia:

103 4972 415 5028 conditionis
455 4975 777 5041 servitium,
812 4977 910 5030 sed
953 4976 1223 5030 omnibus
1251 4975 1449 5029 diebus
1495 4974 1626 5028 vita:
1658 4991 1776 5027 suae

104 5059 193 5112 sub
226 5068 369 5115 certa
416 5062 867 5134 plenissimaque
916 5064 1299 5134 ingenuitate,
1353 5064 1496 5115 sicut
1535 5062 1631 5115 alii
1676 5062 1776 5131 qui

106 5146 334 5213 ejusdem
364 5158 498 5206 sunt
543 5152 942 5222 ingenuitatis,
977 5168 1079 5222 per
1108 5152 1261 5205 hunc
1309 5150 1776 5204 manumissionis

107 5239 254 5302 atque
286 5239 656 5308 ingenuitatis
704 5240 958 5306 titulum,
1011 5241 1154 5294 bene
1206 5256 1435 5309 semper
1491 5239 1776 5308 ingenuus

108 5325 254 5391 alque
294 5343 523 5381 securus
583 5326 805 5381 existat.
868 5328 1049 5382 Suum
1101 5344 1234 5381 vero
1289 5326 1575 5398 peculiare
1623 5327 1777 5397 quod

112 5407 270 5475 habet,
320 5422 415 5469 aut
446 5416 598 5486 quod
654 5415 862 5469 abhinc
909 5416 1137 5485 assequi
1168 5416 1399 5485 poterit,
1434 5415 1598 5468 faciat
1643 5414 1777 5467 inde

112 5500 387 5556 secundum
433 5502 770 5557 canonicam
820 5504 1217 5558 auctoritatem
1268 5504 1447 5558 libere
1496 5503 1777 5573 quidquid

112 5585 343 5644 voluerit.
380 5592 445 5645 Et
476 5598 539 5645 ut
570 5592 692 5645 haec
741 5591 1115 5663 ingenuitatis
1147 5593 1358 5665 pagina
1388 5592 1774 5647 inviolabilem

1040 350 1516 407 DECRETORUM
1558 354 1744 409 LIBRI
1782 356 1887 410 XX.
1930 385 2002 393 —
2040 355 2249 409 LIBER
2289 355 2669 411 SECUNDUS.

3500 363 3604 414 630

1817 480 1865 531 Α
1905 477 2158 531 obtineat
2215 476 2569 543 ﬁrmitatem,
2628 494 2799 532 manu
2859 479 3098 550 propria
3147 479 3308 534 illam
3363 481 3604 535 robora-

1903 565 2107 620 vimus.

2357 656 2483 708 CAP.
2526 656 2728 709 XXVII.
2760 684 2827 694 ——
2859 658 2930 709 De
2954 657 3152 710 eodem.

1902 742 2025 809 (Ea:
2075 744 2264 796 concil.
2330 744 2625 811 Toletano.)
2684 744 2902 798 Debent
2948 750 3142 798 autem
3203 746 3605 817 suprascripta;

1900 830 2271 900 ingenuitatis
2317 832 2529 884 charta:
2560 848 2677 884 non
2726 833 2912 886 solum
2950 849 3161 887 nomen
3190 834 3343 887 illius
3374 836 3473 905 qui
3503 836 3606 889 has

1899 918 2026 972 ﬁeri
2072 924 2254 988 rogat,
2289 920 2384 972 sed
2429 920 2600 973 etiam
2650 921 2883 973 nomina
2932 923 3296 976 sacerdotum
3344 928 3399 977 et
3434 924 3603 977 nobi-

1898 1006 2041 1059 lium
2096 1008 2370 1060 laicorum
2421 1008 2523 1078 qui
2577 1008 2655 1061 ibi
2708 1008 2947 1074 fuerint,
2999 1010 3057 1063 in
3106 1011 3307 1064 ordine
3360 1012 3602 1081 digesta,

1898 1111 2029 1148 cum
2060 1096 2238 1165 signis
2278 1097 2513 1165 propria
2556 1113 2729 1149 manu
2778 1098 3073 1166 impressis
3112 1100 3421 1155 continere.
3460 1102 3602 1154 Nam

1896 1184 2019 1235 sine
2048 1184 2257 1237 horum
2292 1185 2720 1253 astipulatione,
2756 1186 2965 1255 pagina
2997 1188 3336 1241 auctoritate
3369 1188 3601 1242 testium

1898 1272 2115 1324 nudata
2149 1288 2253 1341 pro
2302 1272 2483 1325 nihilo
2533 1273 2863 1341 deputatur.
2917 1274 3152 1343 Oportet
3198 1276 3372 1328 etiam
3423 1282 3483 1330 ut
3512 1278 3601 1330 lo-

1898 1375 2048 1421 cum,
2096 1359 2271 1423 diem,
2305 1376 2542 1423 annum,
2592 1366 2648 1414 et
2679 1361 3019 1431 principem,
3069 1368 3125 1415 et
3152 1363 3492 1417 indictiones
3544 1368 3601 1418 in

1897 1446 2013 1500 fine
2045 1448 2133 1501 vel
2164 1448 2224 1500 in
2257 1449 2519 1518 margine
2559 1448 2858 1502 adnotatas
2908 1450 3153 1503 habeant
3184 1452 3241 1503 in
3291 1453 3444 1505 hunc
3475 1469 3598 1507 mo-

1897 1536 2036 1590 dum
2070 1552 2084 1588 :
2116 1539 2321 1589 Actum
2373 1537 2431 1590 in
2464 1537 2561 1589 illa
2606 1537 2834 1590 civitate
2882 1538 2938 1590 in
2975 1540 3143 1593 domo
3191 1542 3372 1593 sancti
3421 1541 3597 1607 Petri,

1902 1624 2167 1677 Kalendis
2233 1625 2347 1677 illis
2411 1640 2561 1678 anno
2631 1626 2943 1679 Dominicw
2999 1628 3429 1693 incarnationis,
3496 1630 3596 1684 illo

1900 1717 2198 1781 regnante,
2246 1714 2343 1765 illo
2394 1729 2547 1782 rege,
2598 1721 2652 1766 et
2700 1715 3042 1784 praisidente
3092 1716 3147 1767 in
3189 1717 3459 1769 cathedra
3500 1734 3595 1770 su-

1900 1800 2172 1869 pradictae
2226 1800 2470 1854 civitatis
2518 1802 2783 1872 episcopo
2835 1804 2956 1867 illo,
3007 1804 3093 1856 vel
3144 1804 3203 1857 in
3250 1806 3595 1859 monasterio

1894 1889 2015 1953 illo,
2068 1888 2379 1941 indictione
2411 1890 2528 1955 illa,
2562 1890 2621 1942 in
2658 1890 2753 1943 Dei
2803 1891 3038 1944 nomine
3088 1892 3346 1960 feliciter,
3390 1896 3595 1948 Amen.

1894 1976 1983 2028 Ait
2020 1976 2173 2029 enim
2209 1978 2465 2030 Romana
2494 1979 2806 2031 auctoritas
2842 1995 2853 2031 :
2888 1980 3256 2050 Quaecunque
3288 1982 3440 2050 leges
3471 1981 3594 2036 sine

1893 2064 1984 2117 die
2014 2069 2071 2117 et
2101 2065 2333 2117 consule
2364 2065 2579 2118 fuerint
2607 2066 2867 2133 prolatae,
2903 2083 3021 2119 non
3052 2068 3293 2121 valeant.

2324 2153 2450 2206 CAP.
2479 2155 2712 2207 XXVIII.
2752 2184 2817 2194 —
2853 2155 2933 2207 De
2963 2155 3162 2208 eodem.

1966 2240 2073 2309 (EB
2134 2240 2313 2293 eodem
2379 2242 2639 2309 concilio.)
2712 2244 3034 2297 Instrueudi
3112 2249 3247 2297 sunt
3313 2250 3594 2314 praeterea

1892 2326 2041 2393 laici,
2076 2333 2140 2381 ut
2187 2329 2368 2381 sciant
2415 2329 2572 2399 quod
2604 2331 2933 2384 nullatenus
2974 2331 3086 2384 alio
3117 2333 3239 2385 loco
3280 2335 3592 2386 manumit-

1891 2420 2012 2469 tere
2055 2416 2323 2486 pr0prios
2352 2424 2594 2488 possunt
2638 2436 2847 2485 servos,
2882 2437 3022 2489 quos
3053 2420 3365 2474 Dominicis
3396 2421 3592 2474 castris

1891 2504 2194 2574 aggregari
2246 2504 2642 2571 decreverunt,
2695 2507 2805 2559 nisi
2838 2507 2897 2560 in
2944 2513 3300 2562 sacrosancta
3347 2510 3595 2563 Ecclesia

1891 2591 2090 2644 ordine
2139 2608 2311 2660 supra
2372 2598 2589 2647 notato.
2647 2594 2944 2657 Quomodo
2992 2596 3144 2649 enim
3198 2598 3385 2650 clerici
3437 2603 3594 2651 extra

1894 2679 2193 2732 Ecclesiam
2245 2679 2563 2733 libertatem
2599 2684 2871 2752 consequi
2920 2689 3176 2752 possunt,
3231 2686 3331 2754 qui
3382 2702 3415 2738 a
3464 2687 3591 2755 lege

1892 2767 2183 2820 mundana
2228 2768 2481 2820 extranei
2529 2771 2701 2822 sunt?
2756 2772 2817 2823 Et
2864 2771 3074 2839 quibus
3114 2772 3476 2825 interdicitur
3520 2790 3589 2826 ne

1890 2855 1958 2907 ad
1993 2856 2263 2907 saaculare
2296 2856 2570 2924 judicium
2611 2858 2939 2926 procedant,
2992 2860 3281 2928 quomodo
3331 2860 3590 2913 saeculari

1882 2943 2100 3011 judicio
2137 2961 2165 2994 a
2205 2944 2346 3012 jugo
2393 2944 2681 2995 servitutis
2728 2945 3151 2999 absolvuntur?
3190 2947 3297 3000 Sed
3351 2948 3589 3000 fortasse

1817 3043 1856 3096 ρ
1890 3032 2025 3083 dicit
2056 3030 2263 3101 aliquis
2299 3048 2310 3083 :
2342 3032 2591 3085 Clericus
2622 3032 2745 3085 fieri
2770 3049 2884 3085 non
2919 3034 3285 3103 permittitur,
3317 3034 3426 3087 nisi
3456 3041 3587 3089 ante

1888 3126 2217 3189 susceptum
2259 3120 2560 3173 clericatus
2590 3121 2864 3185 ofﬁcium,
2901 3122 3275 3191 ingenuitatis
3305 3124 3586 3193 dignitate

1887 3207 2160 3277 potiatur.
2209 3210 2287 3262 Re
2335 3225 2466 3261 vera
2496 3225 2695 3262 verum
2743 3210 2899 3263 dicit.
2952 3213 3014 3263 Et
3042 3210 3173 3264 ideo
3221 3213 3375 3281 quod
3418 3212 3584 3265 infir-

1887 3296 2032 3349 mari
2064 3297 2145 3350 vel
2182 3297 2491 3366 vituperari
2526 3303 2731 3364 potest,
2766 3300 3074 3368 praecaveri
3109 3300 3297 3353 debet.

2351 3387 2478 3439 CAP.
2512 3387 2683 3439 XXIX.
2721 3418 2787 3425 —
2819 3391 2891 3442 De
2920 3388 3119 3442 eodem.

1961 3472 2083 3540 (Ea:
2129 3473 2310 3527 eodem
2365 3474 2636 3544 concilio.)
2702 3477 2827 3528 Non
2888 3477 3075 3530 solum
3126 3484 3319 3531 autem
3369 3478 3467 3548 qui
3516 3478 3585 3532 ad

1886 3560 2182 3613 clericatus
2234 3561 2496 3635 ordinem
2569 3564 2942 3631 promovendi
3007 3569 3158 3629 sunt,
3222 3564 3280 3617 in
3341 3566 3587 3620 Ecclesia

1888 3648 2333 3701 manumittendi
2387 3654 2539 3716 sunt,
2601 3651 2975 3703 verumetiam
3034 3651 3093 3704 hi
3151 3668 3295 3721 quos
3340 3652 3583 3723 quisque

1886 3752 1990 3805 pro
2040 3735 2293 3788 remedio
2343 3736 2551 3789 animae
2584 3752 2701 3789 suae
2748 3738 3097 3807 emancipari
3143 3738 3305 3792 vult:
3341 3739 3477 3809 quia
3506 3740 3585 3793 sic

1887 3824 2161 3894 scriptum
2190 3824 2405 3894 quippe
2436 3830 2519 3877 est
2551 3826 2606 3877 in
2641 3832 2806 3895 pacto
2842 3827 3203 3879 Francorum.

1887 3914 2014 3968 CAP.
2232 3943 2299 3952 —
2349 3915 2646 3982 Exemplar
2703 3915 2971 3968 libertatis
3022 3916 3086 3968 de
3131 3918 3355 3984 proprio
3409 3930 3579 3970 servo.

1958 4004 2062 4070 (Ea:
2127 4001 2306 4053 eodem
2372 4000 2640 4070 concilio.)
2709 4002 2814 4065 Qui
2870 4002 3125 4056 debitum
3183 4002 3288 4055 sibi
3347 4020 3581 4070 nexum,

1885 4095 2057 4159 atque
2086 4095 2418 4158 competens
2464 4091 2681 4143 relaxat
2710 4091 3026 4154 servitium,
3058 4092 3360 4161 praemium
3412 4094 3468 4146 in
3500 4093 3585 4147 fu-

1884 4184 2016 4231 turo
2069 4178 2221 4247 apud
2280 4178 2591 4233 Dominum
2653 4178 2760 4233 sibi
2814 4180 3117 4250 provenire
3180 4198 3297 4234 non
3345 4182 3583 4237 dubitet.

1887 4267 2250 4337 QuaprOpter
2302 4283 2408 4337 ego
2464 4267 2525 4320 in
2577 4268 2673 4321 Dei
2732 4268 2965 4323 nomine
3018 4270 3123 4335 ill.,
3175 4286 3279 4339 pro
3332 4271 3582 4325 remedio

1886 4356 2095 4407 animae
2143 4370 2303 4419 meae,
2366 4357 2453 4410 vel
2510 4362 2725 4410 zeterna
2775 4358 3166 4420 retributione,
3220 4358 3279 4412 in
3327 4360 3579 4425 ecclesia,

1885 4443 2062 4495 sancti
2095 4444 2267 4510 Petri,
2298 4444 2384 4497 vel
2416 4444 2571 4497 illius
2600 4446 2798 4510 sancti,
2832 4446 2937 4498 sub
2969 4447 3275 4513 praesentia
3306 4447 3580 4516 episcopi,

1885 4533 1969 4585 vel
2014 4532 2373 4584 sacerdotum
2420 4531 2499 4585 ibi
2535 4531 2991 4597 consistentium,
3042 4548 3107 4584 ac
3146 4533 3430 4585 nobilium
3472 4534 3583 4586 lai-

1884 4636 2103 4685 corum,
2154 4624 2284 4672 ante
2342 4635 2526 4673 cornu
2585 4619 2780 4672 altaris
2832 4619 2995 4672 istius
3038 4620 3289 4672 ecclesiae
3349 4622 3581 4673 absolvo

1883 4725 2111 4762 servum
2167 4723 2359 4761 meum
2417 4707 2501 4760 ill.
2552 4723 2653 4776 per
2695 4707 2841 4760 hanc
2897 4708 3153 4761 chartam
3206 4708 3585 4762 absolutionis

1884 4804 1941 4851 et
1975 4795 2353 4867 ingenuitatis
2398 4796 2467 4849 ab
2499 4795 2657 4848 omni
2690 4795 2916 4849 vinculo
2967 4796 3281 4865 servitutis,
3314 4797 3391 4849 ita
3422 4802 3483 4850 ut
3513 4798 3583 4851 ab

1885 4887 1989 4941 hac
2020 4886 2110 4939 die
2160 4890 2216 4937 et
2247 4884 2515 4953 deinceps
2548 4884 2835 4953 ingenuus
2882 4884 2973 4949 sit,
3019 4889 3073 4937 et
3118 4884 3406 4954 ingenuus
3457 4902 3583 4955 per-

1884 4979 2137 5037 maneat,
2188 4978 2464 5042 tanquam
2498 4971 2544 5025 si
2586 4973 2661 5025 ab
2696 4972 2961 5040 ingenuis
3012 4974 3348 5042 parentibus
3388 4974 3587 5028 fuisset

1886 5067 2051 5115 natus
2098 5062 2183 5113 vel
2252 5066 2601 5130 procreatus.
2676 5062 2809 5114 Eam
2877 5068 3079 5132 pergat
3138 5068 3360 5132 partem
3410 5078 3585 5132 quam

1885 5149 2171 5213 maluerit,
2208 5148 2293 5201 vel
2327 5165 2499 5217 quam
2542 5149 2595 5203 ei
2627 5150 2935 5203 auctoritas
2982 5151 3251 5204 canonica
3285 5151 3582 5219 permittit,

1886 5244 1943 5292 et
1996 5238 2141 5291 sicut
2189 5237 2286 5290 alii
2318 5236 2555 5307 ingenui
2609 5237 2784 5291 vitam
2831 5238 3003 5291 ducat
3046 5239 3379 5308 ingenuam.
3434 5238 3587 5291 Nulli

1886 5331 2079 5380 autem
2111 5326 2406 5380 haeredum
2458 5342 2719 5379 meorum
2762 5342 2825 5379 ac
2856 5326 3279 5396 probaeredum,
3317 5342 3419 5379 nec
3466 5326 3585 5379 cui-

1887 5431 2115 5486 cunque
2143 5430 2406 5484 personae
2438 5414 2537 5468 alii
2565 5414 2882 5484 quidquam
2915 5414 3119 5467 debeat
3156 5414 3467 5478 servitutis,
3498 5416 3586 5468 vel

1887 5504 2169 5558 libertatis
2194 5503 2557 5573 obsequium,
2581 5502 2689 5555 nisi
2720 5503 2823 5555 soli
2850 5504 2985 5564 Deo,
3009 5502 3099 5554 cui
3121 5502 3313 5554 omnia
3337 5502 3589 5572 subjecta

1888 5597 2043 5658 sunt,
2092 5592 2177 5646 vel
2232 5608 2337 5661 pro
2384 5590 2548 5659 cujus
2581 5607 2777 5645 amore
2827 5591 3015 5660 ipsum
3070 5590 3307 5644 devotus
3344 5590 3415 5644 ad
3465 5592 3589 5660 ejus

1820 1759 1859 1811 Β
