3950 6456
332 432 430 484 631

1406 426 1814 486 BURCHARDI
1859 425 2390 484 WORMACIENSIS
2430 427 2760 485 EPISCOI’I.

3771 434 3902 485 (532

335 552 628 606 servitium
678 549 881 606 obtuli.
934 551 1231 605 Peculiare
1278 567 1410 604 vero
1439 567 1606 605 suum
1656 551 1808 621 quod
1854 550 1906 604 ei
1936 550 2034 604 do-
2064 551 2110 603 Α
2149 550 2276 606 CAP.
2335 552 2553 606 XXXIV.
2607 580 2678 592 —
2725 551 3099 619 Energumeni
3144 567 3256 606 non
3303 554 3474 608 solum
3538 569 3645 608 non
3697 568 3900 607 assu-

340 642 536 696 minus
565 639 808 708 dederit,
855 640 944 694 vel
974 640 1244 710 deinceps
1288 641 1402 693 Deo
1439 639 1747 694 auxiliante
1778 639 2039 693 laborare

343 729 616 801 potuerit,
661 743 992 782 concessum
1035 727 1094 781 in
1133 733 1474 798 perpetuum
1521 727 1746 794 habeat,
1795 732 1861 780 ut
1908 727 2040 780 inde

344 817 513 872 faciat
559 817 841 888 quidquid
872 816 958 870 illi
1000 817 1300 886 placuerit,
1348 816 1663 870 secundum
1702 815 2040 869 ecclesiasti-

348 922 442 960 cas
471 905 812 959 sanctiones.
848 904 906 958 Si
953 904 1082 975 quis
1112 920 1267 971 vero,
1301 904 1450 974 quod
1481 903 1738 957 futurum
1771 919 1892 957 esse
1923 920 2042 957 non

348 995 542 1060 credo,
595 994 640 1047 si
671 1009 777 1064 ego
817 993 960 1064 ipse,
1014 996 1111 1046 aut
1141 992 1351 1062 aliquis
1399 991 1467 1045 de
1501 991 1825 1046 haeredibus
1875 992 2040 1058 meis,

347 1084 436 1137 vel
467 1082 744 1154 qumlibet
789 1081 1054 1153 Opposita
1084 1097 1332 1150 persona
1369 1086 1565 1135 contra
1599 1082 1746 1135 hanc
1774 1081 2044 1152 ingenui-

349 1171 482 1225 tatis
529 1170 782 1224 chartam
839 1170 1031 1222 venire
1086 1170 1408 1235 tentaverit,
1460 1173 1558 1223 aut
1613 1186 1740 1223 eam
1791 1171 2048 1241 quolibet

348 1259 521 1313 modo
554 1259 866 1329 infringere
899 1257 1166 1319 voluerit,
1198 1258 1258 1310 in
1299 1257 1501 1327 primis
1527 1257 1670 1312 iram
1704 1258 1804 1312 Dei
1849 1258 2046 1312 incur-

349 1352 459 1412 rat,
512 1351 568 1400 et
604 1363 637 1399 a
679 1345 977 1400 liminibus
1033 1352 1241 1399 sanctas
1289 1346 1390 1400 Dei
1442 1347 1702 1400 Ecclesize
1748 1351 2048 1400 extraneus

351 1435 646 1501 efﬁciatur,
715 1439 772 1488 et
835 1435 1076 1504 insuper
1113 1437 1204 1488 cui
1270 1435 1428 1489 litem
1490 1436 1687 1489 intulit
1754 1437 2049 1507 sexaginta

351 1523 546 1576 solitos
601 1523 905 1593 persolvat,
961 1527 1017 1576 et
1073 1523 1226 1593 quod
1280 1523 1486 1593 repetit
1551 1523 1872 1578 evindicare
1929 1539 2048 1578 non

351 1613 555 1676 valeat,
607 1612 700 1665 sed
752 1627 1006 1681 praesens
1057 1611 1404 1682 ingenuitas,
1465 1628 1592 1665 mea
1641 1613 1731 1666 vel
1779 1613 2047 1678 aliorum,

351 1700 635 1754 bonorum
686 1699 988 1753 hominum
1056 1699 1323 1754 manibus
1382 1700 1668 1766 roborata,
1731 1717 1863 1756 cum
1915 1701 2050 1755 asti-

352 1788 647 1858 pulatione
710 1788 971 1853 subnixa,
1033 1788 1193 1842 omni
1253 1793 1511 1858 tempore
1565 1794 1796 1842 maneat
1858 1789 2054 1843 incon-

352 1876 531 1930 vulsa.

593 1980 721 2038 Car.
750 1982 921 2036 XXXI.
953 2010 1024 2022 —
1051 1985 1126 2036 De
1154 1996 1430 2036 servorum
1455 1982 1812 2037 ordinatione.

427 2107 533 2174 (Ea:
562 2105 742 2159 eodem
775 2121 895 2174 cap.
935 2105 1016 2175 2.)
1047 2104 1126 2159 De
1178 2121 1474 2159 servorum
1519 2106 1902 2172 ordinatione,
1955 2107 2056 2178 qui

357 2193 572 2264 passim
625 2193 698 2246 ad
751 2193 963 2262 gradus
1008 2193 1421 2246 ecclesiasticos
1469 2192 1776 2246 indiscrete
1823 2195 2091 2262 promo?

359 2286 581 2348 ventur,
616 2280 832 2350 placuit
873 2281 1143 2334 omnibus
1187 2297 1317 2334 cum
1351 2280 1526 2334 sacris
1575 2281 1888 2335 canonibus
1917 2297 2060 2336 con-

359 2368 594 2422 cordare
622 2367 850 2433 debere,
888 2372 946 2422 et
975 2371 1249 2422 statutum
1281 2373 1403 2421 erat
1443 2373 1508 2422 ut
1538 2370 1731 2422 nullus
1759 2371 2062 2440 episcopo-

361 2471 494 2508 rum
535 2454 809 2524 deinceps
839 2471 934 2508 eos
967 2455 1036 2508 ad
1065 2471 1252 2508 sacros
1284 2455 1512 2509 ordines
1551 2472 1882 2526 promovere
1909 2474 2063 2528 pra:-

366 2547 574 2605 sumat,
610 2542 723 2595 nisi
749 2542 909 2611 prius
937 2558 971 2596 a
1000 2543 1249 2596 dominis
1276 2543 1525 2613 propriis
1567 2545 1888 2599 libertatem
1921 2561 2061 2599 con-

366 2631 548 2685 secuti
611 2630 828 2684 fuerint
883 2647 895 2684 :
953 2635 1008 2684 et
1073 2631 1122 2684 si
1189 2631 1433 2701 quilibet
1495 2649 1690 2686 servus
1765 2634 2064 2688 dominum

364 2735 534 2773 suum
594 2719 845 2789 fugiens,
898 2724 998 2774 aut
1062 2721 1312 2785 latitans,
1359 2726 1458 2775 aut
1505 2722 1779 2775 adhibitis
1827 2723 2066 2777 testibus

364 2822 604 2861 munere
648 2806 962 2871 conductis,
997 2807 1081 2860 vel
1125 2807 1431 2877 corruptis,
1480 2815 1579 2862 aut
1619 2809 1879 2879 qualibet
1907 2810 2064 2864 calli-

364 2895 542 2948 ditate
573 2895 659 2947 vel
706 2894 907 2948 fraude
957 2895 1029 2948 ad
1078 2895 1289 2964 gradus
1337 2895 1744 2950 ecclesiasticos
1786 2914 2062 2967 pervene-

365 2982 460 3047 rit,
519 2983 809 3037 decretum
859 2987 944 3036 est
999 2988 1065 3036 ut
1121 2984 1465 3054 deponatur,
1519 2989 1577 3038 et
1619 2985 1886 3040 dominus
1944 2988 2068 3056 ejus

366 3085 500 3125 eum
546 3070 804 3140 recipiat.
857 3071 914 3125 Si
944 3087 1077 3124 vero
1133 3088 1292 3136 avus,
1337 3077 1438 3126 aut
1484 3077 1668 3142 pater,
1715 3074 1786 3127 ab
1817 3073 1928 3128 alia
1973 3091 2068 3144 pa-

365 3159 478 3212 tria
516 3158 574 3212 in
625 3160 792 3212 aliam
843 3159 1122 3229 migrans,
1178 3159 1237 3212 in
1284 3159 1485 3212 eadem
1534 3161 1831 3230 provincia
1878 3162 2062 3216 ﬁlium

367 3247 652 3316 genuerit.
686 3252 744 3301 et
772 3247 894 3316 ipse
921 3247 1076 3301 ﬁlius
1107 3247 1321 3302 ibidem
1354 3248 1644 3316 educatus,
1679 3253 1733 3304 et
1762 3251 1830 3304 ad
1857 3252 2066 3320 gradus

369 3333 778 3387 ecclesiasticos
828 3340 1124 3404 promotus
1175 3334 1368 3400 fuerit,
1413 3339 1468 3388 et
1517 3341 1713 3389 utrum
1762 3353 1954 3390 servus
1997 3336 2069 3389 sit

368 3421 635 3492 ignotum
667 3422 756 3485 sit,
794 3429 852 3476 et
881 3428 1077 3492 postea
1107 3423 1343 3476 veniens
1373 3424 1636 3477 dominus
1667 3423 1821 3478 illius
1847 3425 2068 3495 legibus

371 3525 505 3563 eum
555 3511 907 3580 acquisierit,
958 3511 1238 3565 sancitum
1292 3517 1379 3565 est
1427 3517 1490 3566 ut
1533 3513 1579 3564 si
1621 3512 1888 3567 dominus
1946 3515 2069 3584 ejus

373 3597 459 3650 illi
486 3597 811 3652 libertatem
833 3599 970 3654 dare
991 3599 1254 3666 voluerit,
1282 3600 1342 3654 in
1372 3601 1552 3670 gradu
1585 3617 1687 3654 suo
1708 3607 2066 3671 permaneat.

373 3684 430 3739 Si
475 3701 608 3739 vero
664 3703 797 3739 eum
865 3692 1065 3741 catena
1113 3688 1400 3742 servitutis
1442 3705 1472 3741 a
1509 3689 1706 3742 castris
1763 3690 2072 3744 Dominicis

373 3773 702 3829 abstrahere
755 3775 1020 3839 voluerit,
1077 3777 1320 3846 gradum
1380 3777 1604 3831 amittat
1660 3794 1672 3831 :
1726 3778 1864 3849 quia
1909 3779 2074 3849 juxta

375 3877 565 3915 sacros
622 3879 871 3916 canones
913 3863 1041 3917 vilis
1087 3880 1336 3934 persona
1366 3881 1605 3918 manens
1639 3867 1942 3922 sacerdotii
1979 3867 2072 3922 di--

375 3949 592 4020 gnitate
621 3951 785 4020 fungi
814 3967 933 4004 non
961 3956 1165 4021 potest.

645 4075 773 4127 CAP.
824 4075 1023 4130 XXXII.
1051 4105 1125 4113 —
1149 4078 1222 4129 De
1247 4077 1590 4130 ecclesian
1618 4079 1808 4132 servis.

449 4194 569 4264 (Ea:
633 4196 814 4250 eodem
875 4198 1126 4263 concilio,
1195 4215 1315 4268 cap.
1387 4201 1499 4265 33.)
1573 4201 1650 4253 De
1707 4201 2073 4257 ecclesiarum

376 4299 510 4337 vero
542 4283 719 4337 servis
767 4287 1063 4340 communi
1112 4287 1396 4342 sententia
1427 4293 1512 4341 est
1543 4288 1856 4354 decretum,
1892 4295 1955 4344 ut
1983 4307 2073 4344 ar-

378 4371 729 4442 chiepiscopi
787 4388 892 4442 per
948 4374 1199 4444 singulas
1250 4376 1572 4445 provincias
1626 4378 1920 4432 constituti
1969 4396 2072 4433 no-

380 4465 556 4514 stram
611 4463 1009 4517 auctoritatem
1068 4470 1382 4534 sequantur
1425 4482 1438 4519 :
1485 4466 1832 4537 suffraganei
1882 4473 2074 4522 autem

379 4547 613 4602 illorum
646 4552 941 4621 exemplar
968 4551 1122 4606 illius
1152 4569 1329 4623 penes
1355 4569 1413 4608 se
1439 4553 1708 4622 habeant,
1739 4559 1796 4608 et
1825 4555 2076 4624 quando-

378 4652 626 4707 cunque,
658 4637 728 4691 de
769 4638 991 4692 familia
1020 4640 1302 4706 Ecclesiae,
1354 4641 1510 4695 utilis
1556 4643 1822 4696 inventus
1867 4642 2076 4713 aliquis

379 4723 733 4779 ordinandus
791 4731 897 4792 est,
949 4727 1007 4780 in
1055 4729 1303 4782 amboue
1352 4729 1477 4800 ipsa
1533 4730 1840 4784 auctoritas
1881 4747 2073 4784 coram

378 4813 596 4881 populo
629 4813 872 4884 legatur,
913 4819 969 4868 et
997 4832 1186 4870 coram
1218 4817 1605 4872 sacerdotibus
1649 4822 1705 4872 et
1734 4818 1893 4872 omni
1923 4819 2074 4872 clero

379 4905 513 4954 ante
539 4917 714 4955 cornu
737 4903 952 4966 altaris,
987 4904 1132 4957 sicut
1152 4904 1209 4958 in
1237 4909 1431 4959 nostra
1454 4907 1794 4960 auctoritate
1815 4907 2072 4959 contine-

377 4992 493 5054 tur,
526 4996 750 5044 remota
779 4992 1038 5061 qualibet
1063 4993 1390 5060 calliditate,
1417 4995 1738 5049 libertatem
1765 5011 2075 5065 consequa-

377 5081 522 5129 tur:
557 5082 614 5130 et
657 5081 794 5132 tunc
843 5079 1076 5134 demum
1122 5081 1191 5134 ad
1228 5081 1441 5151 gradus
1491 5082 1898 5136 ecclesiasticos
1947 5098 2076 5152 pro-

377 5170 692 5221 moveatur.

376 5289 504 5344 CAP.
555 5290 778 5346 XXXIII.
813 5321 883 5332 -—
934 5294 1000 5345 Ut
1044 5293 1360 5360 pamitentes
1389 5292 1474 5345 vel
1523 5292 1733 5359 digami
1779 5307 1886 5348 non
1936 5309 2070 5362 pro-

1059 5367 1393 5415 moveantur.

444 5485 556 5554 (Ea:
611 5486 798 5540 concil.
856 5485 1196 5552 Aurelaten.,
1258 5500 1377 5554 cap.
1441 5485 1516 5554 3.)
1586 5487 1657 5540 Ut
1705 5485 1924 5556 digami
1983 5487 2070 5541 vel

367 5572 735 5641 poenitentes,
767 5572 855 5625 vel
886 5573 1318 5641 repudiatarum
1345 5573 1557 5639 mariti,
1586 5574 1658 5629 ad
1688 5575 2069 5630 sacerdotium

370 5676 488 5714 non
518 5664 982 5731 promoveantur.

2085 1831 2125 1884 Β

2220 623 2574 746 mendidsunt
2619 622 2694 676 ad
2742 624 2961 687 clerum,
3013 624 3108 676 sed
3157 625 3366 678 inventi
3410 625 3478 677 ab
3532 629 3716 694 ofﬁcio
3782 639 3903 677 re—

2222 708 2405 746 moven
2448 711 2487 746 ι.

2222 708 2468 747 movendi
2477 736 2487 746 .

2224 779 2331 850 (Ea:
2359 783 2547 835 concil.
2599 781 2830 848 Araus.,
2880 797 3000 850 cap.
3053 784 3132 848 6.)
3186 783 3572 852 Energumeni
3612 799 3736 837 non
3788 799 3902 834 so-

2153 867 2272 921 lum
2305 885 2420 922 non
2449 869 2777 922 assumendi
2818 873 2952 922 sunt
2983 869 3055 923 ad
3088 870 3270 923 ullum
3315 870 3578 924 ordinem
3610 871 3898 925 clerica—

2152 960 2264 1021 tus,
2313 957 2413 1010 sed
2459 958 2629 1010 etiam
2693 958 2769 1009 illi
2826 957 2924 1026 qui
2978 957 3227 1012 ordinati
3281 964 3416 1013 sunt
3459 960 3530 1014 ab
3583 958 3898 1030 imposito

2154 1045 2345 1098 officio
2378 1047 2692 1116 repellendi
2719 1058 2868 1099 sum.

2156 1151 2284 1207 CAP.
2318 1153 2510 1206 XXXV.
2560 1182 2628 1191 —
2684 1154 2749 1206 Ut
2778 1153 2962 1207 nullus
3009 1168 3078 1206 ea:
3121 1155 3505 1221 pamitentibus
3550 1155 3896 1208 ordinetur.

2229 1257 2340 1323 (Ea:
2396 1259 2584 1312 concit.
2637 1259 2932 1326 Carthag.,
2984 1273 3106 1326 cap.
3157 1259 3270 1324 68.)
3330 1260 3406 1312 Ex
3447 1260 3902 1329 paenitentibus

2157 1347 2420 1415 quamvis
2446 1346 2652 1411 bonus,
2685 1347 2924 1400 clericus
2966 1361 3081 1398 non
3115 1346 3430 1401 ordinetur.
3474 1348 3530 1402 Si
3561 1364 3664 1419 per
3694 1348 3905 1416 igno-

2159 1435 2402 1488 rantiam
2452 1434 2708 1504 episcopi
2754 1435 2970 1488 factum
3017 1434 3213 1500 fuerit,
3243 1434 3569 1504 deponatur
3597 1438 3835 1490 aclero
3881 1452 3896 1488 :

2159 1522 2296 1592 quia
2352 1538 2410 1576 se
2464 1522 2842 1577 ordinationis
2889 1527 3149 1592 tempore
3207 1539 3326 1576 non
3383 1523 3636 1594 prodidit
3687 1524 3903 1578 fuisse

2159 1611 2554 1681 poenitentem.

2163 1717 2290 1771 CAP.
2330 1716 2547 1770 XXXVI.
2580 1745 2649 1756 —
2681 1717 2763 1770 De
2812 1717 3084 1770 actoribus
3127 1722 3177 1769 et
3203 1718 3672 1786 procuratoribus,
3703 1721 3766 1772 si
3802 1734 3905 1771 or-

2781 1787 2971 1840 dinari
2997 1788 3243 1841 debeant.

2234 1873 2343 1943 (Em
2383 1873 2582 1940 eodem,
2617 1889 2738 1944 cap.
2773 1876 2853 1942 9.)
2897 1876 3132 1944 Magnus
3163 1875 3466 1946 episcopus
3496 1876 3902 1947 Astuagensis

2163 1963 2348 2017 dixit:
2389 1963 2532 2026 Quid
2575 1963 2870 2017 dilectioni
2918 1965 3143 2018 videtur
3188 1970 3411 2029 vestrae,
3467 1970 3902 2035 procuratores

2166 2055 2223 2104 et
2251 2055 2470 2105 actores
2499 2051 2670 2106 etiam
2705 2068 2805 2106 seu
2834 2057 3128 2106 curatores
3164 2053 3517 2122 pupillorum
3548 2053 3591 2106 si
3623 2054 3903 2107 debeant

2167 2139 2470 2194 ordinari?
2501 2141 2705 2194 Gratus
2753 2139 3053 2211 episcopus
3098 2140 3242 2194 dixit
3273 2156 3288 2193 :
3321 2141 3396 2202 Si,
3430 2146 3564 2210 post
3609 2141 3899 2210 deposita
3930 2205 3940 2218 ο

2168 2227 2436 2282 universa
2491 2233 2548 2281 et
2577 2228 2798 2282 reddita
2852 2228 3170 2292 ratiocinia,
3222 2233 3380 2282 actus
3427 2229 3557 2282 vitae
3607 2229 3896 2298 ipsorum

2167 2315 2384 2370 fuerint
2421 2317 2777 2387 comprobati
2805 2317 2866 2370 in
2896 2317 3184 2382 omnibus,
3217 2317 3426 2370 debent
3455 2322 3512 2370 et
3541 2333 3671 2370 cum
3702 2317 3900 2371 laude

2171 2402 2332 2468 cleri,
2365 2404 2412 2457 si
2458 2406 2774 2474 postulatus
2802 2406 2996 2466 fuerit,
3028 2405 3248 2458 honore
3280 2405 3593 2458 numerari.
3627 2405 3684 2459 Si
3720 2406 3900 2458 enim

2171 2497 2303 2546 ante
2335 2494 2658 2547 libertatem
2689 2495 3057 2564 negotiorum
3089 2495 3176 2548 vel
3208 2494 3550 2559 ofﬁciorum,
3577 2495 3648 2548 ab
3680 2495 3901 2565 aliquo

2174 2579 2298 2634 sine
2352 2580 2806 2634 consideratione
2853 2580 3068 2634 fuerint
3116 2581 3384 2645 ordinati,
3442 2580 3688 2634 Ecclesia
3733 2579 3904 2634 infa-

2177 2673 2386 2722 matur.
2435 2669 2693 2722 Universi
2723 2669 2994 2722 dixerunt
3026 2685 3037 2722 :
3074 2670 3244 2723 Recte
3283 2668 3479 2722 omnia
3509 2669 3708 2722 statuit
3747 2686 3902 2722 san-

2175 2756 2340 2810 ctitas
2371 2761 2488 2820 tua,
2537 2757 2782 2826 ideoque
2826 2757 2906 2810 ita
2953 2763 3141 2810 nostra
3176 2761 3261 2810 est
3291 2773 3520 2828 quoque
3569 2758 3898 2811 sententia.
3926 2805 3939 2814 .

2175 2863 2304 2916 CAP.
2353 2861 2601 2918 XXXVII.
2657 2891 2725 2901 -
2788 2865 2855 2916 Ut
2902 2863 2968 2916 de
3007 2863 3387 2931 penitentibus
3440 2862 3626 2916 nullus
3671 2863 3899 2917 admit-

2785 2939 2937 2987 tatur
2957 2934 3030 2986 ad
3051 2935 3268 2988 clerum.

2250 3022 2369 3090 (Ea:
2417 3023 2603 3075 concit.
2665 3022 2901 3076 Toletan.
2963 3025 3010 3083 I,
3055 3037 3175 3090 cap.
3231 3023 3304 3088 I.)
3356 3022 3498 3075 Item
3551 3021 3778 3091 placuit
3830 3025 3899 3075 ut

2101 3105 2142 3160 C
2178 3109 2522 3178 poenitentes
2549 3125 2664 3162 non
2695 3109 3074 3162 admittantur
3098 3109 3166 3162 ad
3199 3109 3438 3175 clerum,
3479 3109 3590 3162 nisi
3627 3115 3890 3175 tantum,

2175 3197 2221 3250 si
2271 3197 2576 3250 necessitas
2623 3202 2723 3251 aut
2769 3213 2905 3251 usus
2953 3197 3223 3267 exegerit,
3270 3198 3424 3252 inter
3471 3198 3742 3252 ostiarios
3775 3199 3886 3252 de-

2174 3288 2470 3354 putentur,
2529 3286 2615 3340 vel
2675 3286 2827 3339 inter
2883 3287 3141 3350 lectores,
3203 3285 3284 3340 ita
3339 3291 3402 3340 ut
3454 3287 3769 3357 Evangelia
3825 3293 3886 3340 et

2175 3374 2512 3443 Apostolum
2569 3390 2682 3428 non
2733 3373 2947 3443 legant.
2979 3374 3034 3428 Si
3067 3374 3166 3444 qui
3214 3380 3406 3427 autem
3457 3378 3587 3428 ante
3620 3375 3886 3428 ordinati
3931 3409 3933 3416 ι

2177 3466 2313 3515 sunt
2356 3461 2752 3527 subdiacones,
2803 3462 2955 3516 inter
2999 3463 3374 3517 subdiacones
3424 3463 3767 3531 habeantur,
3805 3464 3887 3517 ita

2178 3555 2242 3604 ut
2273 3566 2505 3604 manum
2539 3568 2653 3605 non
2704 3551 3025 3622 imponant,
3072 3557 3171 3606 aut
3209 3568 3366 3605 sacra
3411 3552 3769 3622 contingant.
3806 3553 3886 3604 Ex

2179 3654 2248 3692 eo
2279 3654 2413 3692 vero
2439 3639 2753 3709 pmnitente
2784 3640 3050 3704 dicimus,
3081 3641 3181 3711 qui
3211 3645 3343 3710 post
3371 3640 3747 3710 baptismum,
3785 3643 3890 3693 aut

2179 3741 2285 3798 pro
2312 3726 2639 3789 homicidio.
2691 3732 2788 3781 aut
2825 3744 2929 3798 pro
2971 3728 3207 3782 diversis
3239 3728 3578 3782 criminibus
3610 3729 3890 3798 gravissi-

2181 3813 2409 3883 misque
2456 3814 2702 3883 peccatis
2741 3814 3032 3884 publicam
3078 3813 3478 3885 paenitentiam
3519 3831 3724 3884 gerens
3775 3815 3886 3868 sub

2180 3901 2385 3965 cilicio,
2419 3901 2612 3955 divino
2634 3900 2808 3956 fuerit
2840 3901 3238 3956 reconciliatus
3271 3902 3494 3956 altario.

2183 4007 2310 4061 CAP.
2340 4006 2628 4062 XXXVIII.
2661 4037 2729 4045 —
2766 4009 2984 4070 Laicus,
3018 4010 3070 4061 si
3111 4007 3341 4062 secundo
3382 4023 3604 4062 umorem
3635 4007 3881 4073 dumerit,

2776 4079 2999 4132 clericus
3029 4095 3135 4132 non
3162 4082 3279 4147 ﬁat.
3919 4151 3926 4171 ‘

2255 4167 2363 4235 (Ea:
2401 4166 2586 4220 concit.
2644 4164 2954 4231 Aureliam,
3013 4182 3133 4235 cap.
3186 4169 3264 4232 8.)
3295 4166 3350 4220 Si
3404 4167 3531 4236 quis
3579 4167 3649 4221 de
3697 4167 3878 4232 laicis,

2183 4258 2313 4324 post
2380 4269 2640 4320 uxorem,
2697 4253 2869 4307 aliam
2926 4255 3318 4325 cujuscunque
3383 4255 3721 4309 conditionis
3787 4271 3879 4308 co-

2104 4383 2146 4436 Β
2186 4341 2450 4413 gnoverit
2511 4342 2836 4407 mulierem,
2899 4342 2959 4395 in
3022 4343 3238 4397 clerum
3281 4345 3608 4398 nullatenus
3671 4343 3883 4398 admit-

2187 4435 2358 4484 tatur.

2188 4537 2323 4590 CAP.
2371 4537 2589 4590 XXXIX.
2651 4568 2722 4576 —
2775 4540 2840 4592 Ut
2885 4539 3068 4592 nullus
3112 4541 3390 4607 episcopus
3443 4540 3668 4593 alterius
3714 4553 3878 4607 paro-

2603 4607 2859 4661 chianum
2883 4612 3116 4662 retinere
3143 4614 3461 4678 presumat.

2258 4695 2375 4764 (Ea:
2401 4693 2544 4748 decr.
2574 4695 2811 4750 Adrian.
2839 4713 2996 4766 pap.,
3027 4713 3146 4765 cap.
3194 4698 3301 4765 15.)
3335 4697 3536 4750 Nullus
3581 4695 3878 4766 episcopus
3916 4750 3917 4756 η

2185 4783 2418 4836 alterius
2459 4784 2874 4852 parochianum
2925 4789 3239 4854 prmsumat
3287 4784 3534 4838 retinere
3582 4789 3682 4837 aut
3726 4784 3876 4838 ordi-

2184 4885 2321 4924 nare
2353 4870 2566 4941 absque
2612 4872 2735 4942 ejus
2764 4873 3081 4935 voluntate,
3124 4873 3210 4925 vel
3241 4871 3498 4941 judicare
3530 4887 3543 4924 :
3578 4872 3710 4942 quia
3736 4873 3874 4925 sicut

2183 4959 2344 5012 irrita
2373 4959 2482 5013 erit
2512 4961 2636 5028 ejus
2678 4960 2987 5028 ordinatio,
3020 4961 3099 5012 ita
3130 4964 3186 5012 et
3214 4959 3577 5030 dijudicatio;
3606 4961 3870 5030 quoniam

2183 5063 2483 5100 censemus
2510 5047 2735 5101 nullum
2784 5047 3021 5100 alterius
3061 5047 3290 5116 judicis,
3319 5047 3428 5101 nisi
3479 5049 3566 5101 sui
3598 5048 3869 5102 sententia

2180 5135 2386 5189 teneri.
2424 5136 2562 5188 Nam
2589 5135 2690 5206 qui
2733 5151 2868 5189 eum
2898 5135 3166 5189 ordinare
3215 5152 3334 5190 non
3362 5137 3552 5207 potuit
3595 5153 3700 5191 nec
3727 5136 3866 5190 indi-

2181 5239 2310 5277 care
2338 5223 2626 5276 ullatenus
2656 5227 2862 5293 potest.

2182 5329 2309 5384 CAP.
2351 5328 2454 5383 XL.
2490 5359 2560 5367 —
2596 5331 2662 5383 Ut
2689 5329 2758 5382 ab
2805 5329 2980 5384 alieno
3019 5333 3266 5399 episcopo
3309 5331 3596 5385 ordinatus
3640 5333 3696 5384 in
3739 5332 3909 5385 clero*

2845 5416 2952 5454 non
2979 5407 3220 5456 maneat.

2252 5488 2370 5556 (Ea:
2418 5489 2606 5542 concil.
2669 5490 2936 5555 Mogunt.,
2985 5505 3108 5558 cap.
3162 5491 3235 5558 4.)
3284 5490 3590 5545 Ordinatus
3639 5490 3864 5544 clericus

2181 5575 2251 5629 ab
2294 5575 2406 5630 alio
2463 5575 2728 5647 episcopo
2784 5593 2901 5630 non
2953 5577 3296 5649 deprecante
3352 5579 3441 5632 vel
3488 5579 3860 5632 consentiente

2181 5680 2306 5732 suo,
2339 5665 2400 5719 in
2429 5665 2580 5721 clero
2609 5682 2726 5720 non
2755 5671 3006 5721 maneat.
