4200 6406
290 418 393 471 633

596 616 660 682 pi
681 616 951 679 clericum,
982 630 1038 667 eo
1063 616 1288 680 nolente,
1321 616 1687 669 ordinaverat.

366 720 495 784 (Ea:
537 721 725 773 concil.
778 720 985 786 Afric.,
1021 736 1139 789 cap.
1190 723 1301 784 42.)
1336 722 1644 791 Epigonius
1692 721 1988 791 episcopus

292 804 487 860 dixit:
525 809 589 860 In
641 807 836 860 multis
884 807 1136 861 conciliis
1182 810 1292 862 hoc
1340 814 1613 863 statutum
1668 814 1768 875 est,
1816 809 1987 863 etiam

292 909 452 947 nunc
482 895 593 948 hoc
630 895 1085 950 confirmandum
1120 902 1204 950 est
1233 914 1266 950 a
1308 903 1494 952 vestra
1521 898 1849 968 prudentia,
1877 898 1989 951 fra-

290 987 413 1035 tres
444 970 782 1049 beatissimi,
815 989 875 1037 ut
906 984 1171 1038 clericum
1205 986 1456 1039 alienum
1487 988 1677 1040 nullus
1711 986 1818 1040 sibi
1851 1004 1990 1057 prae-

292 1072 473 1141 ripiat
504 1073 821 1143 episcopus,
870 1079 1080 1143 praeter
1109 1075 1232 1143 ejus
1279 1075 1581 1129 arbitrium
1613 1077 1775 1145 cujus
1821 1077 1995 1131 fuerit

293 1160 558 1214 clericus.
614 1161 745 1215 Dico
778 1167 968 1215 autem
997 1163 1310 1228 lulianum,
1343 1164 1442 1233 qui
1487 1165 1745 1235 ingratus
1777 1170 1861 1219 est
1895 1165 1995 1219 Dei

290 1248 596 1302 beneﬁciis
644 1266 747 1319 per
794 1266 978 1303 meam
1032 1250 1373 1319 parvitatem
1426 1252 1484 1305 in
1515 1269 1573 1306 se
1621 1254 1859 1315 collatis,
1918 1255 1996 1307 ita

291 1338 674 1390 temerarium
709 1342 765 1390 et
796 1339 1071 1391 audacem
1101 1340 1404 1407 exstitisse,
1442 1346 1504 1394 ut
1534 1358 1664 1395 eum
1709 1343 1808 1412 qui
1848 1359 1878 1395 a
1904 1359 1993 1395 me

290 1425 625 1493 baptizatus
675 1430 777 1490 est,
833 1442 960 1479 cum
1012 1432 1160 1481 esset
1188 1444 1333 1498 puer
1379 1430 1802 1499 egentissimus,
1850 1431 1995 1485 mihi

291 1512 367 1565 ab
428 1514 634 1567 eodem
682 1515 1142 1577 commendatus,
1200 1531 1445 1587 cumque
1494 1518 1687 1571 multis
1735 1518 1900 1570 annis
1962 1532 1995 1569 a

291 1616 389 1653 me
421 1602 698 1669 aleretur,
744 1607 915 1673 atque
947 1602 1307 1671 incresceret,
1339 1606 1513 1670 hunc,
1548 1610 1611 1659 ut
1639 1606 1775 1664 dixi.
1806 1604 1993 1675 bapti-

292 1692 493 1742 zatum
545 1707 665 1743 esse
710 1690 769 1744 in
816 1692 1053 1745 ecclesia
1100 1708 1229 1745 mea
1274 1710 1377 1762 per
1419 1710 1653 1747 manum
1700 1695 1995 1764 parvitatis

289 1793 444 1829 meae
477 1782 699 1831 constat
733 1795 745 1832 :
781 1778 930 1832 idem
961 1779 1019 1832 in
1049 1779 1277 1834 dimcesi
1311 1782 1633 1851 Mepaliensi
1669 1784 1843 1837 lector
1872 1799 1991 1837 esse

290 1870 573 1935 cceperat,
624 1866 739 1919 imo
768 1866 934 1920 annis
963 1867 1142 1921 ferme
1186 1869 1407 1923 duobus
1456 1871 1689 1939 legerat,
1725 1887 1858 1925 nam
1889 1888 1987 1925 ne-

288 1953 414 2005 scio
450 1969 564 2023 quo
591 1959 917 2025 contemptu
948 1956 1362 2011 immanissimo
1395 1957 1545 2011 idem
1570 1959 1829 2013 Julianus
1860 1976 1991 2014 eum

286 2040 564 2109 arripuit,
618 2058 787 2112 quem
836 2043 1044 2098 dicitur
1101 2045 1265 2115 quasi
1310 2046 1609 2116 proprium
1667 2048 1847 2101 civem
1905 2049 1992 2101 sui

285 2128 407 2181 loci
471 2130 793 2183 Vazaritani
847 2147 938 2184 me
996 2131 1322 2187 inconsulto
1381 2150 1678 2205 usurpare.
1739 2137 1878 2189 Nam
1937 2140 1994 2190 et

288 2217 598 2271 diaconem
630 2218 796 2273 illum
845 2220 1151 2275 ordinavit.
1187 2224 1301 2275 Hoc
1328 2222 1374 2275 si
1419 2222 1604 2289 liceat,
1638 2228 1829 2293 pateat
1872 2224 1993 2277 haec

285 2305 531 2359 licentia
574 2324 607 2359 a
635 2307 815 2371 vobis,
866 2308 1183 2362 beatissimi
1227 2310 1444 2363 fratres.
1479 2312 1577 2365 Sin
1626 2312 1834 2378 minus,
1875 2317 1991 2367 tam

285 2392 607 2464 impudens
658 2395 1015 2460 cohibeatur,
1076 2413 1145 2450 ne
1203 2414 1261 2450 se
1320 2398 1553 2452 misceat
1598 2399 1993 2452 communioni

286 2482 663 2551 cujusquam.
695 2484 994 2537 Numidius
1025 2485 1329 2554 episcopus
1354 2486 1493 2539 dixit
1518 2502 1530 2538 :
1557 2485 1634 2551 Si,
1663 2502 1778 2539 non
1805 2490 1993 2555 postu-

286 2570 412 2623 lata
447 2585 635 2639 neque
669 2573 927 2624 consulta
955 2577 1052 2626 tua
1077 2573 1432 2643 dignatione,
1465 2573 1520 2627 id
1553 2574 1776 2627 videtur
1799 2573 1992 2627 fecisse

284 2655 581 2722 Julianus,
634 2656 965 2726 judicamus
1021 2675 1220 2712 omnes
1277 2660 1473 2729 inique
1528 2661 1764 2727 factum,
1825 2667 1993 2732 atque

288 2744 563 2813 indigne.
616 2746 977 2816 Quapropter
1022 2747 1131 2800 nisi
1186 2748 1337 2801 idem
1387 2750 1644 2802 Julianus
1689 2751 1994 2804 correxerit

286 2848 555 2886 errorem
608 2849 797 2897 suum,
832 2838 887 2887 et
929 2850 1057 2887 cum
1090 2834 1474 2889 satisfactione
1506 2838 1773 2891 eumdem
1822 2838 1993 2891 cleri-

287 2936 457 2985 cum,
489 2936 662 2990 quem
712 2920 899 2975 fuerat
945 2937 1117 2975 ausus
1170 2923 1457 2986 ordinare,
1508 2927 1852 2979 revocaverit
1880 2931 1993 2979 tuae

285 3007 479 3078 plebi,
538 3014 736 3061 contra
795 3013 1005 3062 statuta
1064 3010 1284 3064 concilii
1343 3010 1577 3077 faciens,
1625 3013 1993 3067 contumaciae

288 3112 419 3150 suae
472 3100 765 3165 separatus
797 3112 828 3149 a
857 3097 1020 3150 nobis
1059 3098 1299 3167 excipiet
1340 3099 1643 3168 judicium.
1682 3101 1993 3171 Epigonius
2023 3088 2063 3143 (ἶ

294 3184 612 3255 episcopus
660 3184 802 3238 dixit
844 3201 856 3237 ε
896 3187 1077 3239 Αειθιθ
1126 3192 1309 3255 pater,
1360 3193 1415 3241 et
1462 3188 1584 3258 ipsa
1631 3189 1996 3259 promotione

294 3272 775 3343 antiquissimus,
808 3273 894 3327 vir
946 3274 1268 3341 laudabilis,
1319 3276 1493 3330 frater
1543 3282 1597 3329 et
1630 3277 1845 3347 collega
1893 3294 1996 3331 no-

290 3366 421 3415 ster
464 3360 673 3427 Victor,
720 3362 842 3416 vult
870 3361 1017 3416 hanc
1062 3364 1394 3434 petitionem
1439 3366 1763 3435 generalem
1810 3366 1992 3420 omni-

286 3451 403 3505 bus
445 3449 610 3503 efﬁci.

286 3555 433 3608 CAP.
464 3554 621 3607 XLII.
659 3585 726 3594 —
762 3557 827 3610 Ut
868 3571 1023 3610 nemo
1052 3557 1303 3611 clericum
1354 3560 1591 3611 alienum
1631 3560 1896 3627 suscipiat
1924 3562 1997 3613 si-

778 3642 844 3679 ne
866 3628 1140 3681 voluntate
1164 3630 1251 3681 sui
1270 3631 1522 3698 episcopi.

363 3712 483 3778 (Ea:
513 3727 657 3767 conc.
693 3714 975 3782 Carthag.,
1012 3730 1132 3784 cap.
1166 3717 1279 3781 20.)
1313 3717 1382 3770 Ut
1409 3715 1679 3769 clericum
1718 3716 1991 3781 alienum,

286 3799 407 3855 nisi
454 3801 805 3855 concedente
838 3803 1070 3873 proprio
1116 3803 1404 3874 episcopo,
1456 3820 1625 3857 nemo
1673 3805 1877 3858 audeat
1908 3806 1991 3859 vel

285 3888 587 3953 retinere,
649 3890 736 3942 vel
793 3905 1132 3959 promovere
1192 3890 1250 3943 in
1310 3890 1543 3943 ecclesia
1595 3891 1699 3945 sibi
1757 3892 1989 3959 credita,

284 3977 638 4029 clericorum
683 3980 873 4030 autem
902 3994 1114 4031 nomen
1164 3978 1336 4031 etiam
1367 3978 1623 4041 lectores.
1674 3984 1731 4033 et
1759 3980 1991 4048 psalmi-

286 4069 421 4131 διεδ,
458 4069 516 4116 et
545 4064 763 4117 ostiarii
788 4066 1056 4119 retinent.

286 4170 428 4224 CAP.
464 4170 655 4223 XLIII.
690 4200 759 4211 —
810 4174 875 4225 Ut
918 4172 1098 4225 nullus
1144 4173 1421 4240 episcopus
1464 4173 1697 4226 alienum
1745 4175 1993 4229 clericum

633 4244 748 4293 sine
774 4241 971 4295 litteris
1003 4244 1240 4311 episcopi
1267 4245 1355 4295 sui
1380 4245 1662 4311 suscipiat.

1225 420 1700 477 DECRETORUM
1744 422 1925 477 LIBRI
1966 421 2074 476 XX.
2118 451 2184 459 ——
2222 422 2435 477 LIBER
2477 421 2857 479 SECUNDUS.

290 542 421 596 CAP.
461 543 596 597 XLI.
630 572 699 584 -—
732 544 813 596 De
857 544 1090 612 quodam
1132 546 1374 613 episcopo
1416 547 1511 613 qui
1540 547 1761 598 alterius
1787 548 1991 613 episco-
2022 544 2068 595 A

3683 429 3787 481 634

2524 546 2654 599 CAP.
2689 546 2839 599 XLV.
2876 574 2938 585 —
2974 548 3048 600 De
3077 547 3261 601 eadem
3294 562 3369 600 re.

2166 636 2273 699 (Ea:
2302 650 2448 689 conc.
2482 636 2726 700 Laodic.,
2756 651 2875 703 cap.
2916 636 3032 704 41.)
3060 634 3218 698 Quod
3250 650 3365 688 non
3396 640 3656 704 oporteat
3686 652 3779 688 sa-

2095 723 2404 789 cerdotem,
2436 724 2521 776 vel
2553 723 2843 788 clericum,
2876 723 2999 776 sine
3047 723 3251 777 litteris
3288 723 3570 794 proﬁcisci
3614 740 3792 778 cano-

2096 811 2257 864 nicis.

2099 899 2231 955 CAP.
2271 900 2447 954 XLVI.
2480 929 2549 939 —
2585 902 2649 954 Ut
2680 902 2915 968 quisque
2962 901 3246 954 ordinatus
3289 903 3500 955 litteras
3531 901 3601 957 ab
3643 902 3791 955 ordi-

2645 978 2833 1023 natore
2858 986 2952 1024 suo
2985 974 3239 1038 accipiat.

2173 1060 2276 1123 (Ea:
2314 1074 2455 1111 conc.
2501 1060 2826 1124 Milivitano,
2862 1074 2983 1127 cap.
3036 1060 3143 1128 14.)
3194 1059 3409 1113 Deinde
3459 1059 3692 1128 placuit,
3730 1064 3794 1113 ut

2102 1146 2428 1216 quicunque.
2477 1148 2743 1216 deinceps
2770 1148 2839 1199 ab
2873 1148 3153 1216 episcopis
3184 1148 3542 1214 ordinantur,
3576 1149 3792 1202 litteras

2100 1235 2381 1305 accipiant
2430 1235 2500 1288 ab
2549 1235 2972 1289 ordinatoribus
3020 1236 3151 1296 suis,
3193 1252 3367 1289 manu
3412 1252 3611 1289 eorum
3659 1235 3791 1289 sub-

2103 1322 2354 1393 scriptas,
2415 1324 2774 1376 continentes
2827 1339 3044 1376 annum
3104 1323 3330 1376 Domini
3387 1327 3442 1375 et
3497 1324 3672 1389 diem,
3730 1328 3791 1377 ut

2106 1412 2269 1464 nulla
2326 1411 2617 1464 altercatio
2673 1412 2741 1464 de
2798 1410 3211 1481 posterioribus
3264 1412 3350 1464 vel
3409 1411 3791 1464 anterioribus

2102 1499 2336 1552 oriatur.

2103 1588 2229 1641 CAP.
2282 1586 2485 1640 XLVII.
2542 1617 2604 1624 —
2657 1588 2723 1641 Ut
2780 1586 3065 1641 ordinatus
3122 1590 3349 1654 quisque
3396 1590 3456 1639 in
3502 1587 3613 1640 illis
3662 1588 3789 1641 locis

2442 1662 2759 1726 permaneat
2783 1659 2855 1711 ad
2884 1673 3002 1725 qua:
3032 1659 3318 1711 ordinatus
3344 1663 3439 1710 est.

2176 1747 2283 1809 (Ea:
2308 1760 2450 1798 conc.
2486 1746 2696 1809 Aurel,
2729 1761 2848 1813 cap.
2882 1745 2960 1810 2.)
2995 1746 3069 1797 De
3105 1744 3191 1797 his
3219 1745 3316 1813 qui
3352 1745 3411 1797 in
3433 1744 3787 1813 quibuscum-

2024 1819 2063 1872 Β
2103 1848 2213 1902 que
2243 1832 2381 1884 locis
2406 1831 2656 1885 ordinati
2687 1832 2903 1885 fuerint
2934 1831 3202 1895 ministri,
3236 1831 3297 1883 in
3324 1831 3462 1900 ipsis
3490 1830 3627 1884 locis
3654 1847 3785 1900 per-

2102 1929 2376 1973 severent.

2102 2009 2227 2062 CAP.
2278 2007 2507 2062 XLVIII.
2556 2037 2627 2047 —
2670 2011 2742 2062 De
2787 2008 3100 2078 presbytero
3147 2010 3244 2077 qui
3290 2009 3563 2071 confessus
3615 2008 3786 2073 fuerit

2407 2078 2551 2145 quod
2575 2083 2698 2131 ante
2736 2079 3130 2132 ordinationem
3159 2081 3478 2148 peccaverit.

2174 2166 2284 2232 (Em
2332 2167 2517 2219 concil.
2578 2166 2867 2232 Cabillon.,
2913 2182 3030 2234 cap.
3087 2166 3161 2234 5.)
3214 2166 3271 2219 Si
3319 2165 3444 2234 quis
3490 2165 3786 2235 presbyter

2101 2258 2232 2307 ante
2276 2254 2694 2307 ordinationem
2732 2254 3067 2323 peccaverit,
3108 2258 3317 2323 etpost
3362 2252 3783 2306 ordinationem

2100 2347 2398 2411 peccatum
2445 2342 2737 2395 confessus
2768 2343 2957 2408 fuerit,
2989 2343 3141 2413 quod
3185 2348 3316 2395 ante
3346 2341 3638 2405 erraverit,
3669 2357 3783 2393 non

2102 2429 2322 2494 offerat,
2365 2430 2461 2482 sed
2508 2435 2730 2483 tantum
2757 2446 2859 2500 pro
2892 2430 3165 2499 religione
3211 2446 3422 2483 nomen
3472 2429 3788 2499 presbyteri

2101 2523 2309 2588 portet.
2369 2518 2425 2570 Si
2474 2523 2664 2572 autem
2714 2535 2831 2572 non
2886 2519 3007 2588 ipse
3050 2520 3360 2585 confessus,
3419 2518 3516 2571 sed
3562 2517 3630 2570 ab
3674 2518 3785 2570 alio

2101 2604 2325 2675 publice
2374 2605 2548 2658 fuerit
2594 2606 2904 2670 convictus,
2955 2622 3060 2658 nec
3102 2607 3209 2659 hoc
3237 2606 3427 2675 ipsum
3472 2604 3677 2658 habeat
3724 2607 3786 2656 ut

2102 2708 2312 2746 nomen
2357 2693 2674 2762 presbyteri
2712 2699 2921 2763 portet.
2957 2694 3229 2747 Similiter
3257 2698 3314 2746 et
3342 2692 3411 2746 de
3455 2691 3786 2745 diaconibus

2103 2779 2519 2833 observandum
2569 2784 2670 2845 est,
2702 2785 2764 2833 ut
2790 2780 2837 2832 si
2884 2780 3003 2850 ipse
3049 2780 3337 2835 confessus
3386 2780 3579 2845 fuerit,
3630 2779 3783 2833 ordi-

2102 2882 2235 2920 nem
2268 2866 2595 2920 subdiaconi
2628 2867 2889 2920 retineat.

2569 2956 2694 3009 CAP.
2722 2956 2895 3009 XLIX.
2932 2985 2987 2994 —
3023 2955 3312 3009 Deeodem.

2176 3042 2286 3107 (Em
2329 3042 2512 3095 concil.
2568 3043 3001 3105 Neocaesariensi,
3052 3057 3177 3109 cap.
3239 3043 3288 3093 8.
3311 3042 3330 3111 ς»
3388 3039 3685 3108 Presbyter
3738 3039 3782 3091 si

2108 3133 2534 3199 prmoccupatus
2594 3129 2880 3198 corporali
2944 3135 3176 3199 peccato
3238 3132 3661 3198 promoveatur,
3729 3130 3785 3180 et

2107 3218 2393 3271 confessus
2440 3218 2614 3271 fuerit
2645 3218 2714 3272 de
2763 3234 2821 3271 se
2855 3218 3009 3287 quod
3057 3220 3187 3270 ante
3218 3217 3658 3281 ordinationem,
3692 3215 3786 3269 de-

2105 3306 2357 3376 liquerit,
2412 3305 2601 3359 oblata
2638 3322 2753 3359 non
2802 3311 3108 3368 consecret,
3160 3321 3395 3358 manens
3442 3305 3502 3357 in
3550 3302 3786 3373 reliquis

2105 3394 2305 3447 officiis
2350 3398 2584 3464 propter
2615 3394 2868 3447 studium
2913 3394 3146 3447 bonum.
3180 3392 3342 3457 Quod
3371 3392 3417 3445 si
3466 3392 3535 3445 de
3579 3408 3635 3443 se
3668 3391 3787 3459 ipse

2103 3498 2219 3535 non
2270 3483 2439 3535 fuerit
2492 3482 2799 3546 confessus,
2848 3487 2904 3536 et
2956 3482 3119 3551 argui
3168 3481 3467 3536 manifeste
3514 3480 3785 3550 nequive—

2103 3568 2195 3635 rit,
2238 3569 2530 3639 potestatis
2564 3586 2678 3621 suee
2704 3569 2919 3638 judicio
2945 3570 3324 3639 relinquatur.

2104 3658 2232 3711 CAP.
2267 3658 2322 3710 L.
2366 3686 2433 3696 —
2475 3660 2541 3711 Ut
2568 3659 2749 3711 nullus
2789 3657 3071 3726 presbyter
3117 3657 3318 3725 absque
3362 3655 3785 3709 sacerdotalibus

2515 3730 2845 3781 vestimentis
2875 3730 3096 3781 missam
3134 3728 3371 3779 celebret.

2176 3817 2279 3879 (Ea:
2310 3816 2497 3869 concil.
2548 3818 2809 3881 Remensi,
2857 3831 2976 3884 cap.
3011 3815 3091 3883 4.)
3131 3816 3201 3869 Ut
3256 3815 3445 3868 nullus
3488 3813 3785 3883 presbyter

2102 3903 2315 3973 absque
2363 3903 2596 3967 amictu,
2650 3903 2796 3969 alba,
2828 3910 2885 3957 et
2928 3904 3091 3965 stola,
3140 3907 3197 3955 et
3226 3902 3453 3965 fanone,
3501 3907 3557 3954 et
3593 3900 3785 3953 casula

2101 3992 2388 4045 ullatenus
2417 3998 2727 4059 praesumat
2754 3992 2982 4045 missam
3030 3991 3316 4045 celebrare
3351 4007 3362 4043 :
3397 3995 3453 4043 et
3480 3990 3600 4043 haec
3628 4005 3785 4041 sacra

2101 4080 2437 4133 vestimenta
2468 4080 2845 4132 mundissima
2883 4079 3015 4143 sint,
3074 4083 3129 4132 et
3173 4079 3230 4132 in
3262 4078 3443 4131 nitido
3487 4079 3610 4131 loco
3642 4076 3786 4129 infra

2102 4168 2396 4221 ecclesiam
2442 4168 2796 4222 collocentur
2846 4184 2859 4220 :
2904 4184 3007 4221 nec
3048 4184 3304 4238 unquam
3355 4167 3650 4237 presbyter
3696 4165 3784 4217 his

2101 4256 2339 4309 indutus
2368 4263 2523 4310 extra
2572 4256 2866 4311 ecclesiam
2913 4263 3077 4311 exeat
3112 4273 3125 4310 :
3158 4256 3294 4327 quia
3323 4256 3432 4309 hoc
3479 4254 3667 4308 divina
3697 4254 3785 4308 lex

363 4328 493 4393 (Em
522 4328 700 4382 eodem
746 4344 911 4395 conc.,
962 4346 1080 4398 cap.
1128 4330 1198 4397 6.)
1242 4329 1496 4383 Privatus
1545 4330 1843 4401 episcopus
1889 4332 1992 4385 Be-
2020 4358 2063 4410 ι)
2100 4344 2384 4412 prohibet,

282 4414 642 4485 gesilitanus
689 4415 830 4469 dixit
861 4433 874 4469 :
910 4416 1169 4487 Suggero
1224 4417 1507 4470 sanctitati
1538 4423 1735 4471 vestrae
1782 4424 1846 4472 ut
1876 4423 1990 4472 sta-

284 4501 475 4555 tuatis
510 4518 621 4555 non
653 4502 822 4555 licere
853 4503 1122 4556 clericum
1162 4504 1412 4557 alienum
1444 4504 1512 4557 ab
1545 4505 1735 4575 aliquo
1783 4505 1991 4575 suscipi

282 4589 419 4642 sine
458 4588 664 4643 litteris
689 4591 945 4660 episcopi
980 4592 1090 4657 sui,
1123 4607 1310 4662 neque
1342 4592 1493 4662 apud
1523 4609 1580 4645 se
1612 4593 1858 4646 retinere
1889 4610 1992 4647 nec

278 4677 510 4730 laicum
544 4693 825 4746 usurpare
856 4678 963 4731 sibi
989 4679 1058 4732 de
1087 4679 1252 4748 plebe
1277 4680 1482 4745 aliena,
1509 4685 1573 4734 ut
1603 4696 1735 4734 eum
1769 4681 1993 4735 ordinet

280 4766 413 4819 sine
446 4765 802 4819 conscientia
832 4767 954 4835 ejus
1002 4768 1071 4820 de
1103 4768 1264 4838 cujus
1290 4768 1455 4838 plebe
1504 4774 1604 4822 est.
1640 4770 1840 4823 Gratus
1870 4769 1991 4838 epi-

278 4869 506 4923 scOpus
562 4852 749 4906 dixit:
782 4855 894 4907 Hoc
944 4855 1242 4909 observare
1290 4872 1487 4925 pacem
1536 4858 1795 4911 custodit.
1851 4858 1989 4910 Nam

277 4942 343 4995 in
398 4956 610 4994 mensa
659 4941 887 4995 concilii
931 4942 1274 4995 sanctissimi
1327 4944 1682 4997 Sardinensis
1728 4944 1993 4998 similiter

278 5035 578 5082 statutum
610 5033 714 5089 est,
744 5034 807 5082 ut
838 5046 1006 5083 nemo
1035 5031 1268 5084 alterius
1297 5031 1478 5100 plebis
1508 5031 1801 5085 hominem
1832 5048 1993 5085 usur-

274 5122 400 5187 pet.
464 5116 580 5171 Sed
613 5117 661 5169 si
706 5116 851 5171 forte
909 5118 1017 5171 erit
1049 5120 1454 5185 necessarium,
1515 5124 1671 5189 petat
1699 5136 1731 5173 a
1774 5120 1991 5190 collega

275 5221 407 5271 suo,
446 5208 511 5257 et
542 5219 880 5258 consensum
914 5206 1139 5261 habeat.

276 5312 416 5365 CAP.
458 5310 640 5363 XLIV.
676 5340 744 5348 —
794 5314 869 5365 De
909 5312 1240 5380 presbyteris
1286 5316 1336 5365 et
1381 5312 1694 5366 diaconibus
1734 5315 1829 5380 qui
1875 5315 1989 5367 sine

693 5381 889 5435 litteris
919 5385 1157 5450 episcopi
1184 5384 1273 5435 sui
1298 5383 1595 5435 ambulant.

353 5471 477 5537 (Ea:
508 5483 657 5522 conc.
690 5469 1013 5535 Agathensi,
1047 5484 1167 5537 cap.
1197 5473 1267 5535 5.)
1293 5470 1590 5539 Presbyter
1615 5474 1668 5522 et
1688 5469 1985 5536 diaconus,

274 5563 381 5612 aut
431 5556 705 5621 clericus,
741 5556 786 5608 si
821 5555 942 5610 sine
990 5556 1260 5610 antistitis
1309 5557 1398 5610 sui
1428 5556 1680 5628 epistolis
1713 5558 1983 5625 ambulat,

274 5644 769 5702 communionem
803 5642 857 5697 ei
885 5643 1076 5697 nullus
1106 5643 1419 5714 impendat.

2102 4430 2230 4485 CAP.
2263 4432 2346 4485 LI.
2384 4460 2445 4471 —
2502 4434 2567 4486 Ut
2594 4432 3002 4553 clericusdinlter
3024 4432 3348 4553 ttentationes
3377 4430 3445 4482 ab
3473 4431 3654 4496 ofﬁcio
3679 4444 3784 4482 non

2857 4517 2908 4553 ec
2936 4518 3019 4553 me
3049 4542 3061 4553 .

2857 4517 3061 4554 ecunet.

2172 4592 2277 4652 (Ea:
2305 4588 2494 4643 concil.
2537 4588 2836 4655 Carthag.,
2877 4604 2995 4655 cap.
3032 4590 3142 4653 50.)
3175 4587 3451 4643 Clericum
3483 4586 3631 4639 inter
3656 4589 3782 4639 ten-

2099 4676 2344 4730 tationes
2371 4676 2439 4729 ab
2463 4676 2649 4729 ofﬁcio
2680 4676 3079 4740 declinantem,
3102 4674 3188 4727 vel
3211 4674 3592 4744 negligentius
3616 4690 3785 4744 agen-

2098 4769 2236 4831 tem,
2269 4764 2339 4818 ab
2367 4763 2488 4834 ipso
2521 4762 2709 4817 officio
2740 4764 2936 4817 dicunt
2964 4763 3396 4816 removendum.

2102 4871 2224 4925 CAP.
2263 4871 2370 4923 LII.
2418 4899 2486 4908 —
2539 4871 2603 4923 Ut
2645 4872 2816 4922 omnis
2856 4869 3134 4937 presbyter
3178 4872 3237 4922 in
3279 4885 3379 4922 sua
3422 4872 3639 4923 ecclesia
3668 4871 3780 4923 sin-

2319 4941 2461 5007 gulis
2494 4942 2787 4993 Dominicis
2816 4940 3003 4993 diebus
3030 4956 3230 5008 aquam
3263 4940 3555 4993 benedicat.

2170 5028 2277 5097 (Em
2324 5029 2509 5082 concil.
2562 5030 2905 5089 Nannetensi,
2960 5044 3076 5095 cap.
3127 5027 3204 5096 5.)
3262 5028 3538 5082 Omnibus
3583 5026 3783 5081 diebus

2100 5117 2412 5171 Dominicis
2464 5116 2703 5187 quisque
2754 5116 3047 5185 presbyter
3102 5116 3159 5170 in
3210 5133 3311 5169 sua
3366 5116 3598 5169 ecclesia
3650 5118 3780 5168 ante

2098 5205 2400 5259 missarum
2432 5204 2713 5258 solemnia
2743 5220 2946 5275 aquam
2980 5204 3335 5257 benedictam
3366 5204 3532 5257 faciat
3564 5202 3621 5255 in
3654 5217 3781 5255 vase

2096 5293 2300 5355 nitido,
2357 5298 2411 5346 et
2452 5298 2609 5346 tanto
2641 5294 2905 5362 mysterio
2936 5292 3313 5357 convenienti,
3350 5291 3417 5344 de
3451 5305 3564 5359 qua
3593 5304 3776 5359 popu-

2096 5381 2185 5435 lus
2214 5382 2434 5435 intrans
2463 5380 2759 5434 ecclesiam
2809 5384 3162 5449 aspergatur,
3200 5383 3255 5431 et
3283 5378 3491 5430 atrium
3524 5377 3778 5447 ejusdem

2097 5469 2345 5524 ecclesiae
2392 5485 2519 5522 cum
2553 5469 2812 5522 crucibus
2849 5465 3248 5520 circumeundo
3292 5464 3555 5518 similiter
3585 5481 3777 5535 asper-

2096 5562 2211 5628 gat,
2255 5562 2310 5611 et
2349 5573 2453 5627 pro
2497 5556 2793 5609 animabus
2820 5555 3028 5608 ibidem
3074 5552 3496 5623 quiescentibus
3527 5557 3673 5608 oret.
3717 5554 3782 5606 Et

2097 5646 2197 5716 qui
2226 5645 2468 5701 voluerit
2513 5645 2570 5699 in
2604 5644 2839 5698 vasculis
2882 5644 2995 5696 suis
3045 5641 3283 5712 accipiat
3321 5658 3389 5696 ex
3437 5643 3558 5714 ipsa
3605 5659 3772 5714 aqua,
