3950 6408
246 357 350 408 635

1325 357 1734 412 BURCHARDI
1771 356 2301 413 WORMACIENSIS
2337 359 2680 416 EPISCOPI.

3656 363 3766 414 636

252 485 308 533 et
337 497 442 551 per
485 481 829 545 mansiones,
863 485 920 535 et
970 497 1154 552 agros,
1196 486 1254 536 et
1281 483 1494 549 vineas,
1527 499 1700 551 super
1745 498 1951 551 pecora

2116 501 2414 571 Iscepistis,
2464 501 2752 555 unctionis
2791 518 2803 556 :
2853 506 2920 556 ut
2964 518 3068 555 nec
3117 501 3187 555 ab
3235 503 3434 556 eadem
3481 502 3770 570 dignitate

254 584 485 640 quoque
534 586 656 637 sua,
705 577 876 641 atque
939 587 1111 641 super
1160 571 1374 640 pabula
1421 587 1645 635 eorum,
1698 587 1800 624 nec
1833 586 1950 624 non

253 670 431 724 super
455 654 613 707 cibos
645 659 701 708 et
732 660 931 722 potum
964 671 1132 708 suum
1163 660 1520 725 conspergat.

480 743 604 797 CAP.
644 744 785 796 LIII.
813 774 881 782 —
913 745 1042 797 [tem
1075 743 1139 796 de
1168 759 1313 811 aqua
1348 742 1724 796 benedicendo.

323 830 435 896 (Ex
490 833 650 899 epist.
711 832 986 886 Alemand.
1049 847 1229 900 papa,
1285 833 1511 896 fratrib.
1570 847 1672 900 per
1727 834 1946 900 Egypt.

254 917 472 988 missa.)
503 921 728 989 Aquam
778 920 932 973 enim
983 921 1098 973 sale
1129 935 1490 990 conspersum
1541 920 1739 990 populi
1770 919 1953 972 bene-

252 1006 516 1074 dicimus,
570 1015 630 1061 ut
679 1024 746 1061 ea
791 1007 977 1062 cuncti
1027 1008 1241 1077 aspersi
1297 1009 1738 1062 sanctiticeutur.
1787 1008 1952 1072 Quod

253 1099 309 1146 et
342 1096 610 1148 omnibus
654 1096 1040 1150 sacerdotibus
1069 1096 1392 1149 faciendum
1424 1113 1544 1150 esse
1588 1095 1948 1150 mandamus.

256 1183 396 1238 Nam
427 1183 470 1235 si
502 1183 642 1237 cinis
680 1185 875 1238 vitula:
919 1199 1180 1253 aspersus
1220 1188 1500 1255 populum
1538 1184 1948 1251 sanctificabat,

253 1276 425 1340 atque
485 1272 818 1338 mundabat,
891 1278 1106 1343 quanto
1184 1275 1368 1344 magis
1439 1290 1588 1344 aqua
1648 1290 1777 1340 qua:
1835 1274 1951 1327 sale

254 1375 482 1428 aspersa
532 1360 855 1431 divinisque
913 1361 1179 1430 precibus
1231 1367 1449 1415 sacrata
1509 1368 1614 1431 est,
1669 1362 1951 1432 populum

253 1447 566 1500 sanctificat
616 1452 786 1517 atque
848 1450 1133 1502 mundat?
1183 1450 1252 1503 Et
1299 1449 1345 1502 si
1395 1450 1508 1502 sale
1567 1465 1797 1517 asperso
1850 1465 1953 1520 per

255 1535 496 1589 Eliseum
574 1537 912 1606 prophetam
982 1537 1252 1590 sterilitas
1329 1553 1494 1608 aqum
1571 1544 1768 1591 sanata
1827 1542 1948 1601 est,

252 1629 466 1692 quanto
497 1624 678 1695 magis
731 1623 940 1678 divinis
989 1626 1254 1694 precibus
1299 1631 1516 1679 sacrata
1546 1642 1694 1696 aqua
1742 1625 1952 1679 sterili-

255 1715 431 1764 tatem
491 1728 683 1766 rerum
741 1714 928 1767 aufert
981 1713 1389 1781 humanarum,
1445 1719 1502 1768 et
1554 1714 1951 1784 coinquinatos

250 1800 564 1854 sanctificat
593 1807 651 1855 ct
695 1807 921 1872 purgat,
969 1807 1025 1856 et
1057 1809 1266 1857 caetera
1311 1803 1459 1856 bona
1493 1803 1854 1873 multiplicat,
1895 1807 1953 1856 et

250 1887 489 1941 insidias
519 1889 730 1944 diaboli
771 1891 994 1953 avertit,
1029 1895 1084 1943 et
1109 1907 1142 1944 a
1171 1891 1638 1960 phantasmatum
1685 1889 1952 1945 versutiis

249 1977 544 2034 hominem
576 1979 869 2035 defendit?

251 2083 378 2139 CAP.
413 2085 542 2139 LIV.
573 2116 642 2124 —
671 2088 739 2140 Ut
767 2088 944 2140 missa
981 2087 1283 2225 pecqiliages
1310 2088 1369 2140 in
1400 2085 1588 2141 diebus
1617 2085 1949 2141 solemnibus

955 2173 1062 2210 non
1131 2173 1202 2210 an
1235 2197 1246 2209 .

955 2173 1062 2210 non
1093 2163 1246 2210 ﬁant.

325 2242 433 2313 (Ea:
483 2243 648 2298 dictis
691 2246 961 2312 August)
992 2245 1060 2297 Et
1112 2245 1220 2298 hoc
1270 2244 1682 2299 attendendum
1732 2249 1837 2310 est,
1893 2249 1956 2299 ut

256 2331 446 2385 missae
479 2333 800 2402 peculiares
849 2349 978 2404 quae
1010 2349 1116 2404 per
1162 2334 1281 2388 dies
1312 2335 1593 2388 solemnes
1621 2352 1655 2388 a
1683 2334 1952 2388 sacerdo-

255 2420 408 2473 tibus
438 2422 604 2486 fiunt,
656 2438 772 2475 non
802 2422 881 2476 ita
910 2423 969 2476 in
997 2423 1226 2492 publico
1275 2423 1436 2484 ﬁant,
1469 2429 1529 2477 ut
1574 2439 1678 2493 per
1707 2439 1801 2476 eas
1844 2438 1954 2494 po-

251 2509 425 2578 pulus
455 2526 488 2562 a
518 2510 764 2579 publicis
794 2511 1103 2565 missarum
1135 2511 1488 2565 solemnibus
1518 2528 1646 2582 quea
1671 2512 1815 2566 hora
1848 2519 1956 2565 ter-

249 2597 331 2650 tia
381 2599 654 2652 canonice
701 2598 847 2654 fiunt
887 2599 1288 2653 abstrahatur:
1323 2599 1459 2670 quia
1507 2600 1786 2670 pessimus
1819 2616 1953 2655 usus

251 2692 335 2740 est
367 2687 518 2756 apud
557 2688 856 2756 quosdam,
890 2689 948 2742 in
978 2688 1290 2742 Dominicis
1332 2688 1554 2756 diebus,
1585 2688 1700 2741 sive
1727 2688 1786 2740 in
1818 2689 1952 2759 qui-

255 2774 510 2829 buslibet
554 2776 956 2830 festivitatibus
995 2793 1124 2830 mox
1158 2777 1390 2829 missam
1438 2777 1743 2842 celebrare,
1777 2793 1952 2847 quam

254 2863 403 2932 quis,
447 2869 505 2917 et
534 2864 580 2916 si
613 2879 717 2934 pro
767 2864 1046 2917 defunctis
1078 2864 1170 2931 sit,
1204 2879 1335 2916 cum
1378 2864 1621 2918 audierit
1664 2865 1947 2934 abscedat,

255 2954 310 3002 et
337 2967 442 3020 per
469 2956 651 3007 totum
678 2952 828 3006 diem
856 2969 889 3005 a
919 2952 1107 3022 primo
1141 2968 1309 3006 mane
1347 2952 1609 3006 ebrietati
1639 2957 1697 3006 et
1726 2969 1951 3007 comes-

2059 589 2437 657 degeneretis,
2505 606 2608 644 nec
2665 595 2911 644 vestram
2982 592 3469 644 consecrationem
3535 591 3768 644 irritam

2058 677 2298 743 faciatis,
2358 693 2461 731 nec
2509 694 2714 731 manus
2769 695 2928 732 sacro
2980 679 3234 748 unguine
3284 680 3568 733 delibutas
3621 696 3770 749 pec-

2060 767 2242 819 cando
2286 767 2558 836 polluatis
2593 782 2606 819 :
2639 766 2738 819 sed
2788 766 2974 820 cordis
3012 773 3068 820 et
3107 768 3363 838 corporis
3414 768 3768 822 munditiam

2060 861 2482 922 conservantes,
2517 854 2779 924 plebibus
2811 855 3136 924 exemplum
3169 855 3312 908 bene
3361 855 3583 908 vivendi
3612 871 3769 924 pra:-

2061 943 2282 1009 hentes,
2336 942 2426 995 his
2477 941 3016 1012 quibus'praaestis,
3067 942 3338 995 ducatum
3391 943 3460 996 ad
3509 941 3770 996 coelestia

2060 1047 2241 1102 regna
2270 1030 2595 1100 praebeatis.

2063 1138 2188 1192 CAP.
2233 1137 2364 1191 LVI.
2406 1167 2474 1176 —
2527 1139 2594 1192 Ut
2634 1138 2840 1206 singuli
2886 1137 3198 1206 presbyteri
3240 1138 3480 1203 singulos
3530 1137 3769 1191 habeant

2791 1209 3030 1262 clericos.

2132 1316 2242 1384 (Ea:
2271 1316 2460 1369 concit.
2489 1316 2837 1381 Nannetensi,
2879 1330 2999 1383 cap.
3032 1314 3107 1383 9.)
3154 1314 3222 1367 Ut
3250 1313 3493 1383 quisque
3525 1314 3767 1384 presby-

2061 1407 2148 1457 ter
2195 1402 2295 1473 qui
2345 1403 2573 1473 plebem
2623 1403 2791 1472 regit,
2846 1402 3115 1456 clericum
3168 1401 3376 1455 habeat
3423 1402 3521 1472 qui
3567 1418 3766 1455 secum

2062 1495 2270 1556 cantet,
2306 1497 2361 1544 et
2403 1491 2705 1560 epistolam
2737 1496 2794 1544 et
2826 1491 3130 1543 lectionem
3172 1489 3344 1558 legat,
3380 1495 3436 1542 et
3466 1490 3565 1559 qui
3597 1489 3762 1542 scho-

2061 1579 2175 1632 lam
2225 1578 2407 1648 possit
2452 1583 2666 1642 tenere,
2721 1583 2779 1632 et
2828 1578 3133 1630 admoneat
3183 1594 3315 1630 suos
3361 1577 3763 1646 parochianos,

2062 1671 2125 1720 ut
2166 1667 2315 1720 filios
2344 1683 2476 1719 suos
2520 1667 2589 1720 ad
2620 1667 2791 1720 fidem
2834 1666 3165 1720 discendam
3200 1666 3430 1719 mittant
3475 1665 3543 1718 ad
3578 1666 3767 1719 eccle-

1982 1767 2023 1819 B
2062 1755 2229 1821 siam,
2261 1771 2407 1824 quos
2436 1754 2558 1824 ipse
2589 1770 2718 1808 cum
2753 1753 2910 1807 omni
2943 1755 3198 1807 castitate
3230 1753 3474 1808 erudiat.

2064 1862 2190 1916 CAP.
2256 1861 2412 1915 LVII.
2468 1890 2541 1902 —
2595 1861 2752 1927 Quod
2819 1862 3255 1930 presbyterorum
3323 1861 3455 1929 ﬁdes
3517 1863 3770 1930 primum

2684 1949 3026 2003 discutienda
3044 1951 3138 2003 sit.

2134 2054 2243 2122 (Er
2271 2055 2457 2108 concil.
2509 2056 2814 2117 Matiscen.,
2858 2070 2982 2123 cap.
3021 2055 3099 2123 3.)
3133 2053 3325 2107 Primo
3356 2052 3617 2106 omnium
3653 2052 3771 2105 dis-

2063 2142 2328 2196 cutienda
2372 2149 2456 2196 est
2506 2142 2648 2196 ﬁdes
2690 2143 3050 2196 sacerdotum
3105 2141 3353 2212 qualiter
3399 2141 3652 2206 credant,
3708 2144 3774 2194 et

2064 2230 2204 2283 alios
2255 2230 2485 2283 credere
2534 2230 2792 2284 doceant.
2850 2229 2934 2283 Ibi
2981 2235 3038 2283 et
3083 2230 3342 2299 exempla
3389 2229 3772 2300 proponenda

2063 2324 2218 2383 sunt,
2271 2323 2553 2388 quatenus
2583 2335 2613 2371 a
2644 2323 2905 2372 creatura
2933 2318 3165 2372 Creator
3189 2317 3771 2387 quantulumcunque

2063 2408 2238 2476 possit
2271 2405 2535 2476 intelligi.

2477 2513 2604 2567 CAP.
2641 2513 2821 2566 LVIII.
2854 2541 2926 2553 —
2963 2515 3034 2566 De
3062 2513 3246 2566 eadem
3273 2528 3348 2565 re.

2134 2619 2252 2688 (Ezc
2305 2619 2466 2674 dictis
2518 2620 2783 2686 August.)
2847 2620 3154 2672 Hortamur
3208 2635 3304 2671 vos
3358 2623 3586 2688 paratos
3642 2635 3771 2671 esse

2063 2709 2133 2762 ad
2186 2708 2470 2761 docendas
2540 2707 2735 2777 plebes
2802 2711 3044 2760 nostras.
3098 2706 3206 2770 Qui
3264 2707 3582 2777 Scripturas
3637 2707 3767 2773 scit,

2062 2797 2335 2865 prazdicet
2387 2795 2728 2866 Scripturas.
2784 2795 2894 2859 Qui
2951 2812 3082 2849 vero
3137 2796 3340 2860 nescit,
3398 2796 3595 2848 saltem
3654 2795 3769 2849 hoc

2065 2884 2219 2954 quod
2250 2883 2612 2936 notissimum
2662 2883 2832 2937 habet
2865 2883 3130 2954 plebibus
3165 2883 3332 2949 dicat,
3381 2888 3444 2936 ut
3474 2883 3773 2936 declinent

2063 2987 2096 3024 a
2154 2971 2328 3037 malo,
2387 2975 2442 3024 et
2491 2971 2703 3025 faciant
2755 2972 2995 3036 bonum,
3052 2970 3349 3041 inquirant
3397 2987 3618 3041 pacem,
3676 2987 3773 3024 se-

253 3037 462 3130 salioni
515 3039 710 3130 Ιξοίίυδ
775 3056 949 3110 quam
1013 3042 1123 3130 999
1183 3040 1484 3094 deserViat-
1546 3041 1957 3130 Adm0999d05
1988 3039 2028 3094 Ο
2067 3064 2318 3130 quantur
2347 3075 2472 3112 eam
2508 3076 2520 3112 :
2552 3059 2686 3128 quia
2719 3059 2870 3112 oculi
2901 3037 3332 3130 Domini'super
3356 3037 3538 3129 justos
3568 3066 3626 3113 et
3660 3076 3770 3112 au-

253 3129 338 3178 est
378 3125 626 3195 populus
671 3131 738 3179 ut
764 3131 894 3180 ante
935 3127 1233 3197 publicum
1264 3132 1671 3198 peractumque
1701 3129 1954 3182 officium

254 3211 326 3265 ad
381 3212 573 3267 cibum
630 3230 746 3267 non
797 3214 1026 3268 accedat
1073 3230 1086 3268 :
1139 3215 1237 3268 sed
1293 3231 1494 3268 omnes
1543 3216 1613 3269 ad
1666 3216 1954 3286 publicam

254 3306 510 3354 sanctam
556 3307 799 3356 matrem
854 3303 1151 3358 ecclesiam
1197 3303 1504 3357 missarum
1555 3305 1848 3369 solemnia,
1899 3310 1957 3359 et

254 3389 721 3459 praedicationem
762 3391 1014 3444 audituri
1057 3391 1440 3445 conveniant:
1492 3397 1548 3446 et
1581 3397 1644 3446 ut
1691 3393 1954 3447 sacerdo-

252 3483 342 3531 tes
374 3479 574 3532 missas
604 3480 744 3533 hora
775 3480 946 3533 tertia
971 3480 1283 3546 celebrent,
1326 3485 1388 3533 ut
1425 3481 1678 3550 populus
1703 3498 1736 3535 a
1765 3481 1954 3552 publi-

256 3566 335 3618 cis
365 3567 723 3622 solemnibus
772 3583 886 3622 non
935 3568 1319 3622 abstrahatur.
1353 3569 1460 3624 Sed
1492 3570 1812 3624 sacerdotes
1855 3569 1957 3640 qui

252 3653 314 3706 in
347 3653 585 3708 circuitu
619 3655 776 3709 urbis
805 3660 904 3710 aut
930 3655 988 3709 in
1016 3653 1215 3710 eadem
1245 3656 1390 3710 urbe
1419 3661 1570 3723 sunt,
1601 3662 1655 3711 et
1686 3659 1955 3728 populus,

255 3747 320 3796 ut
349 3743 739 3812 praadiximus,
775 3745 836 3798 in
877 3760 1056 3798 unum
1091 3745 1157 3799 ad
1204 3745 1492 3816 publicam
1523 3746 1829 3800 missarum
1859 3763 1956 3800 ce-

256 3831 636 3886 lebrationem
667 3833 1029 3900 conveniant,
1080 3833 1332 3902 exceptis
1363 3835 1477 3888 Deo
1518 3834 1750 3888 sacratis
1795 3834 1958 3888 femi-

255 3920 366 3984 nis,
419 3921 629 3992 quibus
679 3937 804 3975 mos
835 3927 920 3975 est
971 3923 1040 3974 ad
1089 3922 1386 3992 publicum
1421 3938 1539 3976 non
1587 3923 1805 3992 egredi,
1855 3923 1956 3977 sed

255 4009 518 4062 claustris
552 4010 883 4064 monasterii
917 4009 1222 4064 contineri.

259 4114 389 4168 CAP.
422 4114 524 4168 LV.
557 4144 626 4153 —
663 4117 730 4168 De
771 4117 1075 4168 ministerio
1110 4115 1568 4184 presbyterorum,
1601 4119 1685 4170 vet
1714 4117 1850 4185 quid
1879 4119 1956 4172 eis

879 4189 1220 4239 commissum
1248 4190 1340 4240 sit.

228 4347 238 4352 _
331 4273 443 4329 (Ea:
470 4273 635 4327 dictis
677 4274 963 4343 ejusdem.)
997 4275 1105 4327 Vos
1133 4273 1450 4345 presbyteri
1483 4275 1758 4329 veraciter
1787 4292 1954 4330 nosse

262 4361 503 4428 debetis,
535 4369 592 4416 et
637 4379 864 4434 semper
893 4363 1244 4426 meminisse,
1305 4363 1440 4434 quia
1473 4380 1596 4430 nos,
1631 4364 1840 4435 quibus
1866 4381 1955 4418 re-

261 4449 578 4519 gendarum
606 4451 931 4504 animarum
969 4467 1106 4505 cura
1135 4452 1439 4505 commissa
1469 4457 1574 4519 est,
1605 4469 1710 4523 pro
1741 4453 1830 4507 his
1861 4451 1963 4523 qui

263 4544 458 4592 nostra
511 4539 865 4609 negligentia
907 4545 1155 4609 pereunt
1200 4541 1485 4594 rationem
1541 4541 1818 4594 reddituri
1862 4557 1964 4594 su-

264 4643 391 4680 mus
424 4643 435 4680 :
466 4643 570 4698 pro
604 4627 693 4681 his
739 4643 872 4682 vero
926 4644 1072 4698 quos
1116 4628 1302 4682 verbis
1343 4634 1401 4682 et
1431 4630 1714 4700 exemplis
1763 4628 1965 4683 lucrati

262 4714 539 4768 fuerimus
571 4717 874 4785 praemium
907 4723 1139 4770 aeternae
1172 4716 1302 4770 vitae
1349 4717 1756 4786 percipiemus.
1786 4716 1965 4772 Nobis

264 4803 420 4858 enim
452 4820 485 4856 a
518 4805 760 4858 Domino
782 4805 997 4858 dictum
1021 4810 1106 4858 est
1137 4821 1150 4858 :
1185 4806 1295 4857 Vos
1321 4805 1456 4858 estis
1487 4805 1566 4858 sal
1588 4809 1773 4858 terrae.
1800 4804 1965 4868 Quod

267 4892 315 4944 si
359 4891 607 4961 populus
665 4891 848 4946 fidelis
888 4892 1048 4945 cibus
1080 4899 1164 4945 est
1213 4893 1334 4958 Dei,
1370 4893 1630 4962 ejusdem
1676 4893 1785 4947 cibi
1819 4909 1965 4946 con-

268 4979 588 5034 dimentum
621 4995 724 5032 nos
776 4995 993 5033 sumus.
1045 4979 1256 5033 Scitote
1284 4985 1535 5034 vestrum
1579 4982 1822 5050 gradum
1863 4998 1965 5035 no-

267 5072 381 5121 stro
412 5067 616 5137 gradui
641 5067 958 5121 secundum
991 5076 1042 5122 et
1067 5085 1214 5138 pene
1239 5069 1611 5138 conjunctum
1641 5087 1782 5124 esse.
1812 5071 1968 5125 Sicut

266 5155 421 5210 enim
454 5155 705 5226 episcopi
751 5157 1144 5226 apostolorum
1176 5157 1236 5209 in
1273 5157 1538 5224 Ecclesia,
1586 5158 1663 5212 ita
1691 5159 1967 5212 nimirum

266 5245 583 5315 presbyteri
642 5249 979 5297 caaterorum
1033 5244 1443 5314 discipulorum
1501 5247 1729 5300 Domini
1782 5248 1965 5301 vicem

265 5337 484 5387 tenent.
523 5333 586 5386 Et
615 5332 696 5386 illi
719 5337 917 5386 tenent
942 5333 1184 5403 gradum
1209 5333 1422 5387 summi
1446 5335 1730 5405 pontificis
1753 5339 1965 5405 Aaron,

266 5423 362 5476 isti
407 5438 544 5475 vero
594 5423 850 5476 filiorum
910 5424 1052 5493 ejus.
1106 5423 1263 5478 Unde
1320 5429 1546 5489 oportet
1592 5441 1690 5477 vos
1739 5442 1970 5498 semper

267 5527 552 5565 memores
617 5528 740 5565 esse
802 5517 979 5566 tantae
1036 5511 1354 5582 dignitatis,
1416 5528 1700 5567 memores
1765 5519 1968 5568 vestrae

269 5599 732 5665 consecrationis,
794 5617 1081 5656 memores
1133 5617 1327 5668 sacrae,
1379 5618 1549 5672 quem
1601 5601 1662 5656 in
1704 5602 1969 5658 manibus

2066 3163 2155 3200 res
2185 3149 2308 3215 ejus
2339 3148 2398 3199 in
2451 3163 2646 3217 preces
2692 3163 2913 3200 eorum.
2948 3147 3146 3199 Vultus
3176 3152 3368 3200 autem
3413 3146 3643 3200 Domini
3676 3164 3772 3200 su-

2065 3250 2169 3304 per
2196 3234 2468 3287 facientes
2502 3235 2670 3300 mala,
2700 3238 2763 3287 ut
2791 3234 2996 3304 perdat
3025 3234 3094 3287 de
3124 3239 3274 3288 terra
3302 3234 3638 3288 memoriam
3671 3251 3768 3287 eo-

2064 3337 2215 3375 rum.
2271 3322 2472 3375 Nullus
2521 3337 2659 3392 ergo
2716 3337 2774 3375 se
2829 3337 3098 3376 excusare
3155 3322 3388 3391 poterit,
3438 3323 3590 3392 quod
3648 3338 3771 3376 non

2064 3408 2271 3463 habeat
2300 3409 2558 3479 linguam
2602 3409 2751 3463 unde
2795 3409 2977 3480 possit
3005 3410 3255 3480 aliquem
3303 3410 3603 3464 aedificare.
3641 3410 3771 3464 Mox

2065 3497 2219 3551 enim
2253 3502 2314 3551 ut
2346 3497 2664 3568 quemlibet
2693 3503 2982 3552 errantem
3031 3499 3254 3565 viderit,
3290 3504 3464 3568 prout
3493 3503 3680 3568 potest
3709 3504 3772 3552 et

2063 3588 2232 3650 valet,
2267 3591 2368 3640 aut
2396 3587 2715 3657 arguendo,
2746 3592 2846 3640 aut
2865 3587 3236 3652 obsecrando,
3260 3593 3360 3640 aut
3392 3587 3769 3656 increpando,

2065 3676 2138 3729 ab
2171 3691 2365 3729 errore
2411 3675 2683 3742 retrahat,
2733 3679 2789 3729 et
2822 3675 2890 3729 ad
2921 3675 3320 3746 peragendum
3366 3675 3583 3728 bonum
3619 3691 3770 3745 opus

2063 3765 2346 3819 hortetur.

2065 3869 2192 3924 CAP.
2229 3869 2364 3924 LIX.
2403 3898 2470 3907 —
2503 3869 2659 3934 Quod
2688 3871 2747 3922 in
2765 3871 2963 3937 primis
2989 3868 3399 3936 pradicandum
3432 3869 3506 3921 sit
3531 3867 3775 3936 qualiter

2668 3941 2880 3993 credere
2909 3939 3154 3993 debeant.

2137 4036 2249 4103 (Ea:
2277 4037 2463 4090 concil.
2495 4037 2835 4104 Rothomag.,
2873 4051 2994 4104 cap.
3029 4039 3104 4104 l.)
3138 4037 3202 4089 ιιι
3226 4034 3428 4105 primis
3448 4035 3766 4106 praedican-

2064 4123 2203 4177 dum
2235 4129 2318 4176 est
2349 4125 2615 4177 omnibus
2647 4125 3014 4192 generaliter,
3049 4130 3110 4176 ut
3156 4124 3390 4177 credant
3430 4125 3678 4190 Patrem,
3711 4128 3771 4177 et

2066 4210 2294 4278 Filium,
2328 4216 2383 4264 et
2410 4211 2686 4280 Spiritum
2718 4215 2977 4264 sanctum
3010 4227 3190 4264 unum
3223 4212 3403 4265 Deum
3435 4228 3556 4266 esse
3583 4212 3769 4266 omni-

1987 4320 2029 4372 ι)
2068 4304 2384 4370 potentem,
2417 4298 2553 4368 quia
2586 4298 2782 4352 omnia
2827 4298 2982 4364 facit,
3015 4304 3072 4353 et
3103 4315 3276 4353 unam
3306 4317 3426 4353 esse
3471 4300 3767 4367 deitatem,

2071 4395 2129 4442 et
2174 4386 2578 4453 substantiam,
2631 4392 2688 4440 et
2735 4388 3093 4457 majestatem
3142 4388 3201 4441 in
3253 4387 3435 4442 tribus
3483 4389 3767 4460 personis,

2072 4475 2273 4542 Patris,
2307 4481 2364 4530 et
2394 4475 2539 4542 Filii,
2572 4481 2627 4530 et
2653 4473 2898 4546 Spiritus
2927 4476 3127 4530 sancti.

2519 4582 2651 4636 CAP.
2693 4583 2795 4637 LX.
2829 4611 2899 4622 —
2928 4585 3000 4636 De
3028 4582 3217 4637 eadem
3244 4597 3321 4636 re.

2145 4688 2256 4758 (Ea:
2294 4688 2498 4754 eodem,
2547 4703 2666 4756 cap.
2714 4690 2790 4754 2.)
2836 4689 2977 4742 Item
3009 4686 3440 4757 praedicandum
3487 4690 3592 4749 est,
3626 4702 3769 4756 quo-

2071 4777 2245 4830 modo
2304 4775 2476 4829 Filius
2527 4777 2625 4829 Dei
2675 4775 3005 4829 incarnatus
3053 4780 3137 4828 est
3185 4775 3255 4828 de
3305 4773 3518 4843 Spiritu
3552 4779 3770 4839 sancto,

2072 4869 2130 4920 et
2173 4865 2348 4919 Maria
2388 4864 2640 4934 Virgine,
2673 4881 2776 4934 pro
2805 4863 2986 4917 salute
3019 4863 3247 4933 generis
3277 4861 3516 4915 humani
3548 4878 3771 4931 passus,

2073 4954 2350 5023 sepultus,
2402 4952 2570 5007 tertia
2617 4953 2710 5006 die
2759 4952 3089 5016 resurrexit,
3137 4955 3194 5004 et
3237 4951 3442 5003 cmlum
3493 4951 3770 5016 ascendit,

2073 5042 2133 5096 in
2162 5043 2277 5096 fine
2322 5042 2526 5096 mundi
2557 5042 2794 5096 veniens
2837 5042 3098 5111 judicare
3138 5056 3337 5094 omnes
3387 5039 3648 5093 homines
3679 5057 3772 5092 se-

2074 5130 2326 5183 cundum
2358 5145 2529 5199 opera
2560 5129 2794 5198 propria
2828 5145 2840 5183 :
2869 5128 3163 5198 quomodo
3185 5127 3352 5196 impii
3382 5143 3508 5180 cum
3544 5126 3774 5180 diabolo

2076 5217 2134 5271 in
2169 5218 2364 5288 ignem
2409 5223 2690 5271 aeternum
2722 5217 3042 5282 mittentur,
3087 5215 3230 5286 justi
3259 5231 3391 5269 cum
3441 5215 3664 5269 Christo
3712 5215 3774 5268 in

2076 5303 2193 5357 vita
2221 5309 2436 5358 aeterna
2469 5306 2662 5358 erunt.

2521 5409 2648 5462 CAP.
2685 5408 2812 5462 LXI.
2844 5436 2913 5446 --
2937 5409 3010 5461 De
3039 5405 3223 5459 eadem
3250 5421 3326 5460 re.

2150 5514 2262 5584 (Ea:
2305 5515 2505 5582 eodem,
2537 5531 2659 5583 cap.
2709 5515 2788 5583 3.)
2836 5514 2978 5566 Item
3016 5512 3447 5583 praedicandum
3492 5514 3576 5564 est
3618 5511 3771 5582 quod

2077 5620 2278 5658 omnes
2308 5603 2573 5658 homines
2600 5601 2660 5656 in
2688 5602 2925 5673 propria
2958 5616 3128 5655 carne
3156 5603 3472 5670 resurgent.
