3950 6410
170 364 272 415 637
1121 359 1594 415 DECRETORUM
1640 359 1823 414 LIBRI
1861 358 1968 412 XX.
2006 386 2073 394 --
2117 356 2328 411 LIBER
2367 356 2752 413 SECUNDUS.
3588 366 3691 416 638

170 485 299 538 CAP.
363 485 523 540 LXII.
568 513 641 522 —
685 485 753 538 Ut
809 484 987 541 omnis
1032 483 1316 552 presbyter
1362 484 1709 551 parochianis
1764 482 1877 537 suis
1907 484 1954 535 A
1993 479 2122 534 CAP.
2192 479 2365 535 LXVI.
2420 510 2487 518 —
2539 482 2605 533 Ut
2655 481 2721 533 de
2795 481 3070 535 auditorio
3112 482 3296 537 nullus
3354 484 3688 551 egrediatur,

339 554 653 623 Symbolum
674 559 723 608 et
749 554 1058 609 Orationem
1086 555 1428 608 Dominicam
1448 556 1704 607 insinuet.

242 664 348 730 (Ea:
378 663 567 716 concil.
615 662 888 729 Remensi,
923 676 1043 729 cap.
1099 659 1179 727 8.)
1232 661 1300 714 Ut
1347 660 1535 713 omnis
1582 658 1879 729 presbyter

170 751 437 805 omnibus
490 749 857 819 parochianis
904 749 1019 802 suis
1059 748 1393 820 Symbolum
1440 754 1497 802 et
1544 748 1875 801 Orationem

176 840 530 894 Dominicam
573 844 673 893 aut
721 838 844 909 ipse
876 838 1149 904 insinuet,
1183 843 1282 891 aut
1309 838 1436 891 aliis
1466 837 1875 891 insinuandum

173 929 455 998 injungat,
501 932 556 981 et
595 944 725 981 cum
757 928 828 981 ad
859 926 1277 981 confessionem
1317 931 1574 996 tempore
1621 926 1873 990 Quadra-

173 1017 431 1087 gesimali
462 1018 722 1085 veniunt,
760 1016 883 1070 haec
908 1017 979 1071 ab
1016 1032 1367 1087 unoquoque
1400 1016 1737 1069 memoriter
1768 1013 1877 1067 sibi

173 1105 459 1159 decantari
511 1105 702 1171 faciat,
771 1122 875 1158 nec
928 1110 1057 1158 ante
1108 1111 1362 1159 sanctam
1409 1104 1873 1157 communionem

173 1193 338 1247 alicui
394 1195 603 1259 tradat,
637 1194 746 1247 nisi
803 1194 926 1269 hinc
956 1210 1021 1247 ex
1071 1194 1238 1247 corde
1275 1193 1649 1263 pronuntiare
1696 1208 1875 1245 nove-

176 1284 258 1337 rit.
294 1284 594 1354 Siquidem
627 1284 749 1337 sine
787 1284 995 1337 horum
1026 1284 1265 1337 scientia
1295 1284 1485 1336 nullus
1537 1284 1724 1336 salvus
1755 1297 1876 1334 esse

174 1373 398 1443 poterit.
448 1375 510 1427 In
552 1390 668 1427 uno
711 1373 864 1427 enim
912 1372 1055 1427 ﬁdes
1104 1379 1161 1427 et
1208 1373 1514 1426 credulitas
1553 1371 1877 1426 Christiana

174 1462 543 1515 continetur:
596 1462 654 1514 in
702 1461 812 1514 alio
862 1461 998 1531 quid
1044 1477 1207 1515 orare
1240 1466 1295 1514 et
1333 1467 1525 1530 petere
1556 1478 1588 1513 a
1620 1463 1732 1515 Deo
1781 1461 1877 1514 de-

175 1550 407 1603 beamus
465 1550 822 1620 exprimitur.
882 1551 1043 1614 Quod
1106 1550 1229 1604 sine
1295 1551 1407 1604 iide
1466 1566 1636 1603 nemo
1698 1550 1877 1619 possit

174 1655 287 1691 esse
338 1639 551 1703 salvus,
612 1639 888 1692 Dominus
930 1638 1203 1704 ostendit,
1238 1654 1366 1691 cum
1400 1638 1575 1692 dicit:
1606 1638 1714 1702 Qui
1753 1654 1874 1690 cre-

173 1725 397 1793 diderit,
433 1732 490 1779 et
530 1726 851 1795 baptizatus
894 1726 1089 1793 fuerit,
1144 1727 1332 1779 salvus
1364 1727 1491 1779 erit.
1542 1727 1740 1780 Nullus
1772 1742 1872 1778 au-
1908 1765 1945 1817 Β

172 1818 281 1867 tem
341 1816 580 1869 credere
635 1820 824 1883 potest
886 1814 1039 1884 quod
1094 1815 1294 1877 nescit,
1345 1830 1450 1869 nec
1497 1814 1753 1878 audivit;
1798 1816 1875 1868 ait

172 1903 321 1955 enim
356 1903 569 1956 Paulus
603 1920 615 1957 :
648 1902 945 1967 Quomodo
977 1905 1211 1958 credent
1239 1904 1291 1957 ei
1326 1920 1497 1974 quem
1531 1919 1645 1956 non
1677 1901 1872 1956 audie-

170 1990 341 2044 runt?
372 1992 488 2045 Nec
518 1991 637 2044 sola
667 1990 878 2045 sufﬁcit
910 1990 1049 2045 ﬁdes
1080 1991 1139 2045 in
1169 1992 1362 2058 corde,
1398 1992 1508 2045 nisi
1538 1991 1711 2044 etiam
1743 2007 1873 2043 ver—

168 2078 249 2131 bis
281 2078 641 2145 enuntietur,
673 2084 737 2132 ut
783 2079 934 2132 idem
976 2080 1287 2148 Apostolus
1318 2080 1478 2132 testis
1518 2086 1637 2133 est:
1693 2080 1873 2133 Corde

168 2167 341 2232 enim,
374 2167 605 2238 inquid,
648 2168 899 2220 creditur
929 2168 1000 2221 ad
1025 2167 1334 2238 justitiam,
1367 2185 1463 2222 ore
1516 2175 1708 2222 autem
1743 2185 1875 2222 con-

167 2256 333 2309 fessio
364 2257 431 2310 ﬁt
484 2258 553 2310 ad
606 2256 869 2310 salutem.
930 2257 1128 2311 Nullus
1184 2262 1375 2311 autem
1439 2258 1508 2310 de
1566 2257 1873 2311 stoliditate

170 2361 383 2410 sensus,
421 2348 507 2399 vel
540 2344 817 2398 tenuitate
865 2345 1086 2415 ingenii
1115 2351 1412 2399 causatur:
1444 2346 1577 2416 quia
1608 2347 1726 2399 haec
1756 2352 1870 2399 tam

170 2449 335 2501 parva
380 2439 538 2499 sunt,
575 2440 637 2487 ut
666 2450 838 2487 nemo
870 2438 987 2487 tam
1035 2434 1209 2489 hebes
1248 2441 1303 2488 et
1334 2434 1611 2488 barbarus
1646 2434 1738 2499 sit,
1773 2434 1873 2503 qui

170 2521 271 2575 hoc
300 2523 524 2576 discere
579 2528 635 2575 et
665 2522 851 2577 verbis
888 2523 1293 2577 communibus
1342 2523 1715 2592 pronuntiare
1757 2538 1871 2575 non

170 2611 378 2678 possit:
424 2617 545 2664 tam
580 2628 809 2681 magna,
850 2616 912 2664 ut
955 2612 1055 2683 qui
1096 2613 1299 2665 borum
1342 2613 1634 2666 scientiam
1684 2612 1870 2681 pleni-

170 2704 249 2752 ter
272 2715 480 2769 capere
514 2701 791 2770 potuerit,
821 2701 1083 2755 sufﬁcere
1104 2701 1209 2755 sibi
1239 2702 1506 2755 credatur
1525 2703 1595 2756 ad
1627 2703 1870 2755 salutem

169 2794 527 2857 perpetuam.
567 2787 711 2841 Illud
736 2788 908 2841 etiam
949 2788 1391 2851 observandum,
1428 2794 1491 2843 ut
1520 2790 1712 2842 nullus
1745 2806 1868 2841 sus-

166 2874 331 2945 cipiat
383 2876 668 2929 infantem
722 2876 780 2929 in
833 2876 1117 2946 baptismo
1175 2892 1207 2931 a
1260 2894 1421 2930 sacro
1479 2878 1655 2945 fonte,
1708 2884 1870 2931 ante-

167 2979 331 3033 quam
361 2964 521 3017 idem
553 2964 889 3033 Symbolum
922 2969 981 3018 et.
1008 2964 1337 3019 Orationem
1386 2966 1744 3021 Dominicam
1775 2982 1869 3020 co-

2435 552 2711 605 sacerdote
2739 552 2958 605 verbum
2985 555 3240 619 faciente.

2056 641 2165 703 (Ea:
2239 640 2426 692 concil.
2499 641 2770 706 Carthag.
2846 657 2973 709 cap.
3050 644 3164 708 24.)
3240 642 3542 695 Sacerdote
3629 644 3688 697 in

1986 726 2219 779 ecclesia
2258 727 2497 780 verbum
2530 728 2794 795 faciente,
2848 730 2946 799 qui
2990 746 3252 800 egressus
3292 731 3359 783 de
3410 732 3691 787 auditorio

1984 814 2156 868 fuerit
2184 816 2307 869 sine
2340 816 2499 885 gravi
2527 818 2884 883 necessitate,
2918 819 3463 873 excommunicetur.

2376 905 2502 959 CAP.
2545 906 2754 961 LXVII.
2791 938 2859 945 —
2896 911 2964 961 De
3002 909 3186 962 eadem
3216 925 3291 962 re.

2057 994 2164 1060 (Ea:
2210 1008 2408 1046 canone
2452 996 2857 1063 apostolorum.)
2912 997 3121 1050 Omnes
3167 998 3362 1050 ﬁdeles
3412 998 3511 1067 qui
3555 1014 3688 1051 con-

1983 1082 2219 1134 veniunt
2267 1082 2324 1134 in
2371 1083 2725 1135 solemnibus
2777 1085 2949 1137 sacris
2982 1085 3053 1139 ad
3095 1086 3413 1152 ecclesiam,
3464 1093 3521 1140 et
3553 1086 3691 1139 scri-

1984 1175 2179 1239 pturas
2236 1172 2624 1240 apostolorum
2683 1178 2739 1225 et
2800 1174 3166 1243 Evangelium
3233 1175 3498 1243 audiunt,
3574 1191 3688 1228 non

1985 1264 2177 1311 autem
2211 1265 2578 1328 perseverant
2609 1260 2664 1313 in
2700 1261 2956 1315 oratione
2982 1280 3163 1332 usque
3191 1264 3325 1315 dum
3362 1264 3534 1316 missa
3568 1280 3691 1333 per-

1985 1352 2207 1415 agatur,
2242 1364 2346 1399 nec
2376 1352 2628 1400 sanctam
2659 1350 3121 1403 communionem
3156 1351 3503 1419 percipiunt,
3538 1352 3691 1403 velut

1985 1432 2417 1502 inquietudines
2455 1436 2709 1489 Ecclesia:
2749 1445 3192 1499 commoventes,
3235 1439 3505 1492 convenit
3533 1455 3689 1491 com-

1985 1522 2260 1575 munione
2291 1524 2528 1593 privari.

2360 1613 2485 1666 CAP.
2535 1614 2765 1668 LXVIII.
2804 1644 2863 1654 —
2905 1616 2982 1667 De
3012 1617 3195 1669 eadem
3228 1633 3305 1670 re.

2075 1699 2252 1761 (Unde
2292 1702 2501 1767 supra.)
2548 1702 2758 1754 Omnes
2809 1703 3115 1756 Christiani
3156 1705 3253 1774 qui
3282 1705 3689 1775 ingrediuntur

1986 1787 2280 1841 ecclesiam
2317 1789 2434 1851 Dei,
2487 1794 2541 1842 et
2582 1790 2901 1860 Scripturas
2948 1809 3134 1846 sacras
3184 1794 3445 1860 audiunt,
3501 1812 3688 1864 neque

1984 1877 2413 1929 communicant
2446 1878 2503 1929 in
2536 1879 2795 1932 oratione
2841 1896 2967 1933 cum
3004 1885 3239 1951 populo,
3286 1884 3381 1937 sed
3414 1900 3517 1953 pro
3551 1900 3688 1953 qua-

1985 1962 2117 2017 dam
2144 1963 2592 2034 intemperantia
2623 1984 2679 2020 se
2713 1985 2745 2020 a
2786 1972 3153 2039 perceptione
3187 1977 3396 2025 sanctas
3427 1988 3685 2026 commu-

1983 2051 2172 2105 nionis
2203 2060 2485 2120 avertunt,
2533 2055 2593 2108 hi
2630 2056 2700 2109 de
2738 2057 2985 2110 Ecclesia
3032 2067 3460 2127 removeantur,
3509 2062 3688 2115 donec

1982 2155 2086 2210 per
2114 2142 2529 2196 confessionem
2562 2144 2911 2214 paenitentiae
2941 2146 3155 2201 fructus
3184 2149 3508 2203 ostendant.

2128 2249 2253 2303 CAP.
2290 2250 2459 2305 LXIX.
2489 2280 2557 2290 —
2596 2254 2667 2305 De
2700 2253 2955 2320 precibus
2988 2256 3109 2318 post
3149 2256 3541 2309 allocutionem.

2058 2336 2170 2403 (Eu:
2210 2339 2397 2391 concil.
2457 2339 2797 2405 Laodicensi,
2854 2357 2973 2409 cap.
3036 2345 3146 2409 l9.)
3207 2344 3366 2406 Quod
3422 2348 3689 2414 oporteat

1983 2440 2236 2478 seorsum
2306 2426 2558 2495 primum
2629 2433 2759 2497 post
2822 2431 3198 2484 allocutiones
3264 2432 3684 2501 episcoporum,

1982 2514 2068 2566 vel
2125 2515 2616 2584 presbyterorum,
2667 2518 2988 2571 orationem
3037 2536 3210 2590 super
3250 2521 3688 2574 catechumenos

1982 2602 2278 2669 celebrari,
2321 2608 2375 2657 et
2407 2610 2708 2674 postquam
2743 2608 3137 2661 catechumeni
3185 2610 3400 2678 egressi
3451 2608 3680 2672 fuerint,

1981 2706 2153 2759 super
2195 2707 2292 2743 eos
2325 2692 2424 2760 qui
2476 2698 2610 2745 sunt
2651 2693 2711 2747 in
2766 2695 3101 2763 pmnitentia
3158 2713 3354 2766 preces
3393 2698 3538 2751 ﬁeri.
3590 2698 3687 2752 His

1982 2779 2156 2832 etiam
2207 2780 2606 2835 accedentibus
2654 2782 2723 2835 ad
2757 2798 2993 2837 manum
3044 2785 3357 2840 sacerdotis
3412 2793 3469 2839 et
3513 2787 3686 2840 disce-

1981 2866 2270 2927 dentibus,
2329 2872 2444 2920 tres
2498 2869 2788 2923 orationes
2836 2874 3222 2926 consummari
3278 2874 3554 2939 ﬁdelium,
3605 2876 3687 2929 ita

1980 2960 2042 3009 ut
2072 2954 2258 3025 prima
2287 2956 2521 3026 quidem
2553 2958 2657 3011 sub
2687 2959 2936 3024 silentio,
2972 2962 3225 3015 secunda
3262 2978 3396 3016 vero
3434 2968 3492 3016 et
3518 2964 3685 3017 tertia

167 3067 280 3105 ram
321 3052 664 3122 presbytero
721 3053 1001 3106 decantet.
1048 3054 1112 3107 Et
1164 3058 1299 3109 tunc
1344 3055 1644 3125 presbyter
1686 3057 1867 3109 omni-
1902 3052 1942 3107 C
1980 3057 2085 3112 Per
2115 3043 2557 3097 exelamaliones
2590 3046 2783 3098 somas
2815 3048 3104 3117 expleant-

168 3140 263 3193 bus
310 3140 561 3211 patrinis
613 3141 920 3195 annuntiet
973 3142 1125 3213 quod
1177 3142 1466 3197 debitores
1509 3144 1624 3197 sint
1662 3143 1779 3197 suis
1808 3145 1868 3197 ﬁ-

166 3228 323 3295 liolis,
360 3244 496 3283 cum
541 3229 612 3282 ad
656 3228 1079 3301 intelligibilem
1126 3236 1355 3286 aetatem
1412 3232 1687 3299 venerint,
1747 3233 1870 3287 haec

167 3316 356 3370 eadem
388 3316 708 3370 insinuare.

553 3405 682 3460 CAP.
732 3405 909 3460 LXIII.
944 3436 1008 3446 —
1041 3407 1121 3460 De
1169 3407 1355 3461 eadem
1397 3424 1474 3463 re.

232 3494 336 3561 (Ea;
374 3482 567 3548 concil.
636 3495 933 3561 Cabillon.,
994 3510 1114 3564 cap.
1169 3496 1248 3565 4).
1290 3497 1618 3551 Jubendum
1658 3502 1743 3551 est
1805 3503 1869 3552 ut

169 3582 353 3636 Oratio
389 3582 714 3650 Dominica,
740 3582 798 3635 in
836 3599 951 3653 qua
984 3584 1181 3637 omnia
1229 3586 1548 3640 necessaria
1597 3586 1866 3641 humanas

170 3670 289 3726 vita:
331 3672 929 3742 comprehenduntur,
986 3678 1043 3726 et
1084 3673 1418 3743 Symbolum
1449 3676 1864 3745 apostolorum,

170 3758 223 3811 in
262 3776 375 3831 quo
432 3760 577 3814 fides
617 3760 898 3814 catholica
944 3777 1009 3814 ex
1058 3761 1283 3833 integro
1333 3765 1863 3834 comprehenditur,

170 3847 233 3901 ab
277 3849 550 3903 omnibus
612 3848 885 3916 discatur,
939 3854 1057 3903 tam
1106 3850 1319 3915 Latine,
1377 3868 1549 3922 quam
1602 3852 1866 3906 Barbari-

172 3950 241 3997 ce,
293 3943 353 3989 ut
423 3936 583 4007 quod
642 3952 741 3990 ore
798 3936 1165 4007 proﬁtentur,
1243 3940 1414 3994 corde
1462 3940 1751 4009 credatur,
1809 3945 1867 3995 et

173 4022 539 4096 intelligatur.

299 4114 433 4168 CAP.
475 4113 650 4168 LXIV.
684 4142 748 4154 —
782 4117 861 4169 De
892 4114 1176 4169 dilectione
1209 4119 1308 4171 Dei
1336 4121 1383 4171 et
1410 4120 1682 4185 proximi.

236 4204 335 4269 (Ea:
379 4202 585 4265 eodem,
642 4218 761 4271 cap.
822 4204 898 4273 5.)
956 4205 1098 4259 Item
1156 4205 1590 4275 praedicandum
1654 4210 1740 4260 est
1793 4208 1863 4261 de

173 4288 460 4344 dilectione
482 4290 589 4346 Dei
621 4295 677 4343 et
707 4292 978 4360 proximi,
1012 4292 1082 4347 de
1112 4292 1246 4355 fide,
1275 4297 1332 4345 et
1370 4310 1499 4363 spes
1525 4293 1584 4346 in
1621 4295 1755 4361 Deo,
1793 4294 1862 4348 de

174 4376 512 4447 humilitate,
544 4378 845 4450 patientia,
890 4381 1166 4447 castitate,
1218 4382 1596 4451 benignitate,
1644 4383 1865 4437 miseri-

173 4467 369 4534 cordia,
423 4468 494 4522 de
525 4469 930 4538 eleemosynis,
980 4469 1052 4523 de
1081 4470 1460 4537 confessione,
1497 4477 1559 4524 ut
1586 4472 1861 4527 fratribus

171 4566 229 4605 ex
270 4554 435 4609 corde
479 4554 829 4609 remittatur.
865 4557 974 4622 Qui
1031 4558 1154 4612 hac
1200 4565 1256 4613 et
1284 4558 1497 4613 similia
1540 4566 1741 4629 agunt,
1771 4577 1863 4614 re-

172 4654 334 4707 gnum
362 4644 464 4698 Dei
494 4649 948 4714 consequentur.

172 4742 287 4800 CAP.
347 4748 495 4804 LXV.
554 4778 624 4787 —
682 4751 756 4804 De
801 4752 1142 4817 criminibus,
1198 4752 1400 4820 quibus
1455 4754 1694 4809 homines
1743 4770 1864 4809 cum

714 4821 930 4875 diabolo
950 4823 1301 4891 deputantur.

236 4904 338 4970 (Ea:
377 4907 581 4972 eodem,
634 4923 754 4977 cap.
805 4908 885 4977 4.)
938 4911 1078 4963 Item
1128 4910 1559 4980 praedicandum
1602 4916 1706 4979 est,
1754 4929 1860 4983 pro

175 4991 363 5059 quibus
393 4995 738 5049 criminibus
766 4996 1027 5051 homines
1059 5014 1189 5051 cum
1224 4999 1453 5053 diabolo
1485 5000 1858 5070 deputantur.

175 5092 288 5146 qua:
309 5084 612 5153 Apostolus
640 5084 720 5137 sic
742 5090 1071 5141 enumerat:
1098 5086 1443 5154 Fornicatio,
1468 5088 1858 5156 immunditia,

177 5165 397 5237 luxuria,
476 5171 767 5226 idolorum
828 5174 1092 5243 servitus,
1160 5176 1454 5240 veneﬁcia,
1517 5176 1858 5244 inimicitiae,

174 5258 567 5326 contentiones,
621 5260 1041 5331 aemulationes,
1092 5264 1216 5329 ire,
1258 5264 1417 5330 rixae,
1452 5264 1858 5335 dissensiones,

177 5350 355 5413 sectae,
426 5348 699 5415 invidias,
758 5348 1106 5418 homicidia,
1168 5352 1508 5421 ebrietates,
1574 5369 1859 5407 comessa-

177 5428 357 5501 tiones,
406 5439 463 5488 et
495 5435 586 5490 his
626 5436 857 5492 similia.
892 5438 1000 5502 Qui
1048 5440 1185 5494 talia
1234 5444 1433 5511 agunt,
1476 5455 1721 5510 regnum
1759 5441 1861 5496 Dei

178 5531 277 5574 non
318 5530 778 5596 consequentur:
829 5530 886 5581 et
933 5526 1062 5582 ideo
1114 5529 1234 5583 haec
1280 5544 1411 5583 cum
1458 5528 1618 5583 omni
1669 5530 1860 5584 studio

176 5608 587 5672 prohibeantur.

1979 3147 2106 3202 CAP.
2169 3148 2316 3225 LXX.
2376 3178 2450 3225 ἡ
2495 3153 2560 3203 Ut
2607 3155 2778 3206 omnis
2835 3155 3117 3223 presbyter
3171 3160 3228 3210 in
3280 3157 3466 3211 diebus
3525 3160 3686 3225 festis

2047 3221 2308 3295 populum
2346 3221 2634 3276 admoneat
2678 3221 3052 3294 quas'preces
3111 3228 3185 3282 ad
3230 3232 3397 3283 Deum
3454 3221 3685 3295 fundere

2046 3290 2254 3346 debeat.

2051 3395 2173 3463 (Ea:
2209 3399 2396 3453 concil.
2443 3401 2658 3466 Aurel.,
2707 3418 2829 3472 cap.
2874 3405 2949 3471 3.)
2997 3406 3233 3474 Oportet
3277 3412 3343 3460 ut
3381 3407 3441 3461 in
3483 3407 3683 3461 diebus

1981 3485 2289 3538 Dominicis
2320 3488 2405 3540 vel
2443 3487 2620 3554 festis,
2659 3496 2791 3560 post
2828 3509 3152 3549 sermonem
3194 3495 3345 3549 intra
3378 3496 3680 3549 missarum

1978 3572 2252 3626 solemnia
2310 3574 2572 3628 habitum
2622 3578 2689 3631 ad
2737 3579 2986 3647 plebem,
3044 3584 3307 3637 sacerdos
3353 3584 3679 3649 admoneat,

1976 3663 2060 3727 ut,
2127 3659 2293 3728 juxta
2365 3664 2738 3731 apostolicam
2822 3667 3287 3739 institutionem,
3362 3673 3681 3727 orationem

1974 3762 2177 3801 omnes
2224 3749 2280 3802 in
2315 3766 2624 3805 commune
2670 3770 2773 3824 pro
2806 3756 3044 3811 diversis
3074 3762 3513 3815 necessitatibus
3543 3762 3681 3815 fun-

1974 3835 2112 3890 dant
2141 3837 2211 3890 ad
2262 3839 2592 3905 Dominum,
2634 3858 2740 3911 pro
2783 3860 2916 3914 rege
2962 3852 3020 3900 et
3049 3848 3315 3918 episcopo
3361 3865 3583 3915 eorum,
3626 3855 3682 3904 et

1979 3926 2295 3980 rectoribus
2350 3928 2747 3997 Ecclesiarum,
2799 3949 2902 4002 pro
2960 3951 3118 4004 pace,
3172 3953 3278 4007 pro
3338 3944 3515 4008 peste,
3576 3956 3681 4009 pro

1973 4012 2220 4067 infirmis
2250 4014 2351 4085 qui
2396 4016 2456 4069 in
2489 4017 2610 4088 ipsa
2642 4022 2915 4089 parochia
2946 4023 3091 4078 lecto
3139 4025 3513 4093 decumbunt,
3574 4045 3679 4099 pro

1974 4117 2161 4173 nuper
2190 4104 2495 4170 defunctis,
2545 4106 2607 4159 in
2648 4110 2856 4178 quibus
2904 4111 3193 4182 sigillatim
3227 4115 3492 4184 precibus
3518 4116 3681 4186 plebs

1974 4191 2305 4247 Orationem
2352 4195 2713 4251 Dominicam
2766 4199 2873 4253 sub
2922 4200 3148 4257 silentio
3196 4204 3363 4259 dicat.
3409 4205 3679 4271 Sacerdos

1975 4296 2107 4333 vero
2174 4282 2464 4336 orationes
2530 4286 2601 4338 ad
2667 4287 2776 4340 hoc
2837 4292 3192 4358 pertinentes
3257 4310 3361 4363 per
3424 4294 3679 4365 singulas

1974 4368 2398 4424 admonitiones
2456 4373 2789 4427 solemniter
2846 4379 3089 4446 expleat.
3157 4382 3289 4433 Post
3346 4382 3466 4435 ham
3521 4399 3682 4437 sacra

1971 4457 2294 4510 celebretur
2352 4458 2586 4512 oblatio.
2649 4460 2744 4514 Ait
2790 4464 2945 4516 enim
3002 4468 3345 4535 Apostolus:
3407 4469 3675 4536 Obsecro,

1972 4544 2227 4613 primum
2258 4545 2519 4599 omnium
2559 4547 2682 4601 ﬁeri
2726 4550 3030 4619 orationes,
3064 4552 3506 4623 obsecrationes,
3542 4573 3677 4627 gra-

1924 4696 1931 4701 λ
1971 4634 2183 4687 tiarum
2219 4634 2486 4701 actiones,
2521 4641 2576 4689 et
2603 4642 2827 4692 cetera.

1973 4739 2137 4815 CA_P._
2190 4739 2381 4815 LXXI.
2452 4743 2519 4795 Ut
2580 4744 2889 4809 presbyteri
2962 4749 3142 4815 plebes
3211 4751 3537 4806 admoneant
3616 4759 3677 4807 ut

2044 4809 2295 4890 bubulcos
2326 4814 2489 4890 atque
2531 4818 2810 4890 porcarios
2859 4820 2917 4871 in
2954 4809 3356 4890 principalibus
3405 4826 3561 4890 festis
3603 4826 3678 4878 ad

2041 4882 2265 4934 missam
2294 4884 2475 4935 venire
2503 4885 2845 4952 permittant.

2042 4990 2151 5059 (Ea:
2191 4990 2379 5044 concil.
2434 4993 2768 5063 Rothomag.,
2817 5012 2936 5067 cap.
2973 4998 3048 5068 5.)
3097 5000 3419 5055 Admonere
3466 5001 3678 5056 debent

1971 5079 2295 5135 sacerdotes
2336 5080 2533 5148 plebes
2582 5083 2836 5139 subditas
2876 5086 3005 5151 sibi,
3040 5094 3102 5141 ut
3149 5089 3451 5157 bubulcos,
3503 5096 3674 5160 atque

1968 5168 2277 5237 porcarios,
2342 5171 2429 5224 vel
2484 5171 2627 5224 alios
2676 5178 2952 5241 pastores,
3007 5175 3091 5227 vel
3146 5182 3401 5229 aratores
3456 5177 3556 5246 qui
3614 5177 3673 5231 in

1972 5263 2123 5330 agris
2168 5260 2396 5314 assidue
2447 5266 2902 5327 commorantur,
2957 5262 3044 5314 vel
3094 5262 3153 5314 in
3203 5262 3379 5329 silvis,
3438 5270 3495 5317 et
3542 5264 3674 5318 ideo

1970 5349 2126 5402 velut
2154 5365 2310 5403 more
2349 5351 2635 5420 pecudum
2668 5354 2885 5417 vivunt,
2933 5353 2993 5405 in
3030 5351 3339 5405 Dominicis
3370 5356 3426 5404 et
3460 5352 3517 5405 in
3551 5352 3676 5406 aliis

1969 5438 2128 5493 festis
2158 5439 2359 5494 diebus
2393 5442 2595 5494 saltem
2625 5442 2713 5494 vel
2758 5441 2825 5495 ad
2857 5440 3094 5494 missam
3150 5439 3362 5493 faciant
3392 5440 3478 5493 vel
3536 5456 3673 5511 per-

1969 5528 2203 5583 mittant
2230 5528 2464 5583 venire:
2514 5545 2647 5583 nam
2696 5530 2885 5583 ethos
2938 5528 3195 5582 Christus
3240 5528 3491 5597 pretioso
3543 5545 3673 5583 san-

1971 5616 2147 5688 guine
2194 5633 2298 5670 suo
2346 5617 2607 5671 redemit.
2653 5616 2818 5681 Quod
2848 5616 2893 5669 si
2944 5614 3325 5686 neglexerint,
3384 5632 3487 5693 pro
3545 5617 3671 5677 ani-
