3950 6420
244 383 348 434 639

1320 383 1732 440 BURCHARDI
1777 383 2309 440 WORMACIENSIS
2347 380 2685 439 EPISCOPI.

3670 381 3775 434 640

246 501 452 556 mabus
497 517 696 556 eorum
742 501 957 574 absque
991 503 1166 558 dubio
1211 505 1493 560 rationem
1545 523 1602 561 se
1636 507 1956 562 reddituros
1985 509 2029 561 A
2073 506 2198 561 CAP.
2255 506 2505 562 LXXVII.
2559 535 2628 544 —
2673 506 2740 559 Ut
2785 503 3094 573 presbyteri
3145 504 3391 572 plebibus
3451 507 3779 559 annuntient

245 591 446 646 sciant.
481 589 782 660 Siquidem
817 591 1096 646 Dominus
1126 593 1365 647 veniens
1397 595 1458 647 in
1491 595 1644 648 hunc
1675 595 1956 650 mundum

244 695 359 734 non
411 677 587 750 elegit
631 683 887 734 oratores
935 684 1104 751 atque
1154 681 1468 736 nobiliores
1519 699 1801 754 quosque,
1855 683 1954 737 sed

2385 580 2481 645 qui
2519 575 2637 630 dies
2672 578 2783 629 sint
2814 576 3066 641 feriandi
3091 590 3191 644 per
3219 591 3444 629 annum.

2138 682 2256 749 (Ea:
2286 683 2472 736 concil.
2514 680 2859 748 Lugdunen.,
2907 696 3026 748 cap.
3082 679 3160 749 4.)
3211 681 3352 734 Item
3388 680 3777 751 pronuntian-

244 767 558 837 piscatores
605 773 778 838 atque
840 767 1045 822 idiotas
1093 769 1201 824 sibi
1255 770 1566 842 discipulos
1625 772 1837 839 ascivit,
1898 775 1958 826 ut
2064 771 2203 826 dum
2233 774 2336 836 est,
2386 775 2452 824 ut
2483 769 2665 823 sciant
2709 773 2971 838 tempora
3017 768 3261 822 feriendi
3300 784 3405 838 per
3437 784 3674 833 annum,
3709 769 3770 822 id

247 857 575 910 ostenderet
616 856 676 910 in
728 857 877 911 facto
923 859 1077 929 quod
1126 859 1250 929 ipse
1300 859 1489 913 verbis
1546 861 1605 914 in
1647 860 1954 932 Evangelio

243 945 514 1010 afﬁrmat,
574 945 803 999 dicens:
867 947 1032 1010 Quod
1091 948 1425 1002 hominibus
1481 953 1566 1002 est
1597 949 1800 1013 altum,
1857 949 1952 1002 ab-

246 1034 558 1088 ominabile
589 1039 674 1088 est
699 1035 853 1106 apud
888 1037 1088 1090 Deum.
1125 1038 1189 1090 Et
1219 1035 1372 1089 salva
1397 1037 1602 1090 altiore
1632 1037 1955 1106 intelligen-

246 1121 347 1188 tia,
412 1122 679 1176 nativitas
740 1124 918 1177 nostri
970 1125 1368 1195 Redemptoris
1431 1125 1622 1194 primo
1687 1125 1949 1178 omnium

244 1211 574 1281 pastoribus
609 1211 681 1263 ab
713 1212 917 1281 angelo
951 1213 1268 1265 nuntiatur.

356 1301 483 1354 CAP.
528 1301 732 1355 LXXII.
773 1331 840 1339 —
875 1302 955 1354 De
989 1301 1357 1355 admonitione
1385 1300 1842 1369 presbyterorum.

319 1391 427 1454 (Em
478 1389 666 1442 concil.
700 1390 1013 1455 Aurelian.,
1063 1405 1182 1459 cap.
1243 1390 1320 1455 4.)
1362 1391 1431 1442 Ut
1489 1388 1806 1442 sacerdotes
1848 1387 1952 1441 ad-

248 1480 522 1530 moneant
551 1477 831 1546 populum
879 1481 942 1530 ut
994 1478 1415 1547 eleemosynam
1459 1476 1616 1543 dent,
1653 1480 1710 1528 et
1741 1475 1951 1529 oratio-

245 1580 347 1618 nes
402 1564 612 1618 faciant
667 1581 772 1634 pro
825 1565 1062 1619 diversis
1109 1564 1314 1636 plagis,
1363 1579 1507 1634 quas
1561 1563 1789 1618 assidue
1849 1579 1952 1634 pro

247 1652 492 1721 peccatis
511 1653 785 1721 patimur.

248 1743 375 1794 CAP.
456 1742 686 1796 LXXIII.
745 1772 817 1780 —
873 1742 1147 1806 Quomodo
1207 1743 1577 1809 unusquisque
1637 1755 1794 1794 orare
1862 1740 1952 1794 de-

320 1881 427 1953 (Em
455 1883 655 1948 eodem,
687 1897 806 1951 cap.
856 1883 936 1951 6.)
968 1813 1524 1936 Itgriiuinstruendus
1557 1884 1642 1934 est
1683 1880 1951 1951 populus,

249 1975 312 2024 ut
358 1969 599 2040 singulis
642 1970 862 2035 diebus,
903 1971 1004 2040 qui
1032 1970 1283 2041 amplius
1323 1986 1440 2024 non
1489 1974 1700 2040 potest,
1750 1969 1952 2024 saltem

249 2057 470 2112 duabus
508 2058 724 2112 vicibus
772 2063 934 2111 oret:
988 2073 1155 2112 mane
1207 2058 1421 2112 scilicet
1473 2063 1530 2112 ct
1568 2073 1825 2128 vespere,
1865 2058 1952 2112 dio

247 2163 380 2200 cens
410 2147 742 2216 Symbolum
774 2149 830 2199 et
859 2146 1190 2201 Orationem
1233 2147 1595 2201 Dominicam
1619 2163 1631 2200 :
1656 2146 1793 2210 sive,
1843 2146 1953 2210 Qui

247 2234 542 2304 plasmasti
594 2250 710 2300 me,
749 2234 1020 2288 miserere
1053 2235 1206 2302 mei;
1242 2236 1329 2289 vel
1361 2235 1560 2299 etiam,
1598 2236 1766 2299 Deus,
1816 2250 1949 2304 pro-

247 2322 424 2392 pitius
457 2326 579 2375 esto
607 2321 749 2376 mihi
791 2323 1114 2391 peccatori:
1152 2327 1208 2378 et
1245 2325 1357 2377 Deo
1391 2323 1603 2394 gratias
1634 2339 1812 2394 agens
1845 2339 1950 2393 pro

250 2408 596 2480 quotidianae
631 2409 757 2462 vita:
804 2411 1241 2476 commeatibus,
1285 2417 1340 2465 et
1366 2411 1502 2483 quia
1535 2428 1593 2465 se
1647 2413 1718 2466 ad
1751 2411 1952 2482 imagi-

245 2511 381 2550 nem
422 2512 584 2550 suam
617 2513 810 2551 creare
865 2499 1133 2570 dignatus
1187 2499 1278 2564 sit,
1308 2506 1366 2554 et
1414 2517 1448 2553 a
1493 2500 1813 2571 pecudibus
1863 2515 1950 2553 se-

245 2599 505 2655 gregare.
545 2584 642 2638 His
691 2587 961 2655 peractis,
997 2591 1053 2640 et
1086 2587 1204 2640 solo
1237 2589 1352 2642 Deo
1395 2593 1649 2641 creatore
1700 2604 1802 2640 suo
1853 2587 1951 2641 ad-

247 2678 431 2740 orato,
465 2679 687 2728 sanctos
733 2673 980 2740 invocet,
1029 2678 1091 2728 ut
1142 2691 1244 2746 pro
1293 2693 1352 2730 se
1401 2675 1751 2731 intercedere
1800 2676 1951 2747 apud

247 2762 609 2830 majestatem
653 2763 902 2817 divinam
935 2764 1266 2835 dignentur.
1319 2766 1452 2820 Haec
1480 2765 1709 2830 faciant,
1743 2765 1952 2834 quibus

246 2850 496 2904 basilicae
539 2852 691 2905 locus
743 2868 926 2922 prope
978 2857 1082 2918 est,
1132 2853 1191 2906 in
1241 2853 1513 2907 basilica:
1566 2854 1665 2924 qui
1705 2869 1839 2907 vero
1892 2853 1951 2907 in

246 2937 472 3003 itinere,
528 2944 627 2992 aut
683 2956 788 3010 pro
851 2941 1110 3010 qualibet
1173 2942 1473 2996 occasione
1529 2942 1590 2995 in
1647 2942 1822 3008 silvis,
1891 2942 1951 2996 in

2064 863 2170 923 est,
2204 873 2436 912 omnem
2480 857 2835 911 Dominicam
2867 873 2899 909 a
2942 871 3177 926 vespera
3220 873 3404 927 usque
3445 857 3513 910 ad
3563 873 3767 926 vespe-

2060 962 2209 1014 ram,
2239 962 2312 1000 ne
2345 946 2403 999 in
2431 946 2725 1000 Judaismo
2758 945 3080 1015 capiantur.
3136 945 3401 999 Feriandi
3452 950 3585 999 sunt
3631 962 3768 999 vero

2062 1049 2166 1103 per
2195 1049 2413 1087 annum
2440 1033 2535 1087 isti
2581 1033 2736 1087 dies:
2787 1033 3001 1087 Natalis
3035 1032 3266 1087 Domini
3313 1034 3493 1087 sancti
3537 1033 3775 1102 Stepha-

2061 1122 2144 1188 ni,
2194 1123 2375 1176 sancti
2421 1123 2656 1178 Joannis
2698 1122 3083 1191 evangelistm,
3132 1123 3531 1188 Innocentum,
3574 1127 3771 1175 octava

2062 1211 2276 1264 Natalis
2308 1210 2557 1275 Domini,
2587 1210 2979 1280 Theophania,
3040 1209 3366 1263 Puriﬁcatio
3413 1213 3622 1264 sanctas
3653 1210 3765 1263 Ma-

2063 1299 2184 1365 riae,
2233 1305 2492 1353 sanctum
2543 1299 2759 1353 Pascha
2815 1314 2945 1352 cum
2997 1303 3116 1352 tota
3160 1298 3540 1362 hebdomade,
3588 1299 3771 1368 Roga-

2063 1387 2254 1441 tiones
2281 1388 2466 1442 tribus
2497 1387 2718 1453 diebus,
2773 1387 3045 1440 Ascensio
3098 1386 3350 1453 Domini,
3402 1387 3586 1440 sancti
3644 1387 3767 1440 dies

2060 1477 2441 1543 Pentecostes,
2477 1476 2654 1529 sancti
2692 1474 2926 1529 Joannis
2957 1475 3244 1544 Baptistae,
3297 1475 3598 1528 duodecim
3631 1490 3768 1545 apo-

2060 1565 2361 1631 stolorum,
2417 1564 2661 1618 maxime
2692 1569 2896 1638 tamen.
2919 1567 3246 1618 sanctorum
3276 1563 3430 1617 Petri
3476 1567 3534 1617 et
3582 1562 3766 1628 Pauli,

2061 1653 2161 1722 qui
2191 1653 2469 1707 mundum
2522 1668 2625 1706 sua
2669 1652 3059 1723 predicatione
3107 1651 3600 1713 illuminaverunt,
3644 1667 3770 1704 san-

2061 1741 2136 1795 cti
2193 1740 2504 1805 Laurentii,
2554 1741 2885 1810 Assumptio
2955 1745 3160 1794 sanctas
3228 1741 3433 1803 Mariae,
3491 1739 3767 1793 Nativitas

2062 1835 2273 1883 sanctas
2329 1828 2516 1883 Marias
2576 1828 2847 1897 Virginis,
2921 1828 3210 1881 Dedicatio
3280 1828 3530 1882 basilicae
3588 1827 3770 1881 sancti

2061 1916 2391 1986 archangeli
2424 1915 2734 1981 Michaelis,
2769 1915 3056 1970 Dedicatio
3087 1916 3498 1986 cujuscumque
3528 1915 3772 1969 oratorii

2061 2009 2120 2058 et
2173 2005 2436 2058 omnium
2488 2009 2837 2071 sanctorum,
2902 2009 2958 2058 et
3001 2005 3182 2058 sancti
3235 2005 3482 2072 Martini,
3540 2009 3598 2058 et
3653 2005 3767 2057 illae

2060 2093 2395 2147 festivitates
2444 2109 2585 2163 quas
2629 2091 2844 2162 singuli
2894 2091 3145 2163 episcopi
3188 2091 3249 2145 in
3296 2093 3412 2144 suis
3461 2091 3769 2162 episcopiis

2061 2195 2193 2234 cum
2241 2182 2458 2252 populo
2498 2179 2969 2246 collaudaverint,
3004 2196 3132 2250 quas
3165 2180 3366 2233 vicinis
3396 2185 3618 2234 tantum
3652 2181 3765 2233 cir-

2061 2285 2190 2323 cum
2244 2269 2604 2324 morantibus
2665 2269 2983 2323 indicendus
3037 2273 3184 2330 sunt,
3241 2284 3354 2322 non
3417 2269 3768 2338 generaliter

2062 2357 2354 2412 omnibus.
2410 2358 2664 2428 Reliqua
2703 2373 2834 2411 vero
2867 2357 3201 2411 festivitates
3230 2373 3334 2427 per
3381 2373 3599 2410 annum
3646 2372 3762 2410 non

2061 2450 2194 2500 sunt
2220 2447 2491 2517 cogendae
2536 2446 2605 2500 ad
2636 2445 2980 2511 feriendum,
3023 2461 3129 2499 nec
3173 2445 3561 2515 prohibenda.
3619 2445 3768 2498 Indi-

2060 2539 2214 2588 ctum
2257 2550 2390 2588 vero
2415 2533 2701 2604 jejunium
2751 2533 2983 2605 quando
3017 2533 3191 2587 fuerit
3232 2533 3655 2600 denuntiatum,
3691 2533 3764 2587 ab

2059 2623 2328 2677 omnibus
2359 2623 2712 2676 observetur.

2061 2729 2187 2785 CAP.
2277 2728 2544 2783 LXXVIII.
2590 2758 2658 2767 —
2729 2729 2798 2782 Ut
2854 2727 3185 2796 presbyteri,
3243 2743 3363 2781 cum
3431 2728 3768 2793 festivitates

2273 2801 2625 2863 annuntiant,
2657 2799 2976 2864 vigiliarum
3003 2813 3109 2851 non
3134 2799 3541 2852 obliviscantur.

2132 2889 2235 2953 (Ea:
2265 2889 2460 2941 concil.
2518 2887 2669 2955 apud
2722 2887 3128 2957 Compendium,
3160 2902 3278 2954 cap.
3336 2886 3409 2956 l.)
3454 2889 3592 2940 Item
3631 2903 3766 2941 cum

2059 2975 2378 3047 presbyteri
2439 2991 2626 3029 sacras
2696 2974 3031 3028 festivitates
3104 2976 3319 3044 populo
3392 2975 3766 3042 annuntiant,

249 3027 422 3134 ξ’βτίδζ
455 3027 804 3134 υδίοωξξίῖίξθ
830 3045 932 3134 ξοδ,
956 3029 1078 3100 ipsa
1108 3031 1254 3128 hoora
1288 3030 1575 3134 mimum
1600 3032 1689 3134 ξ’ῩῙ
1719 3047 1948 3102 vesper'
1980 3059 2020 3114 C
2060 3027 2250 3118 etiam“
2263 3063 2550 3134 jejunium
2584 3063 2932 3133 vigiliarum,
2987 3063 3088 3117 ubi
3106 3027 3243 3116 Iesse
3273 3063 3462 3129 debet,
3505 3080 3601 3118 eos
3645 3027 3771 3118 om:

248 3115 370 3170 tina
407 3115 692 3170 invenerit
723 3117 802 3171 sic
830 3117 1059 3184 faciant,
1083 3118 1328 3172 scientes
1360 3119 1541 3172 Deum
1561 3118 1777 3189 ubique
1806 3135 1951 3190 prte-

249 3209 472 3258 sentem
511 3221 654 3271 esse,
705 3206 928 3260 dicente
978 3207 1314 3261 Psalmista:
1366 3209 1431 3260 In
1477 3207 1637 3260 omni
1674 3208 1801 3261 loco
1854 3208 1951 3261 do—

249 3291 592 3346 minationes
616 3293 759 3364 ejus.

249 3377 378 3434 CAP.
418 3381 640 3436 LXXIV.
687 3411 760 3423 —
803 3385 875 3436 De
899 3383 1050 3450 ﬁliis,
1084 3383 1346 3452 quomodo
1387 3383 1711 3453 parentibus
1739 3383 1950 3439 obedire

321 3521 434 3590 (Em
479 3523 665 3576 concil.
715 3454 1254 3594 Arvern.,d:g;(.mg.)
1307 3525 1676 3579 Admonendi
1708 3531 1842 3579 sunt
1887 3525 1951 3578 ti-

250 3609 407 3664 deles
452 3616 662 3665 sanctas
696 3611 794 3665 Dei
824 3613 1083 3667 Ecclesia:
1133 3613 1260 3682 ﬁlii,
1309 3614 1399 3667 vel
1447 3613 1601 3680 ﬁlim,
1633 3619 1699 3668 ut
1741 3630 1948 3684 paren-

247 3697 402 3752 tibus
431 3699 547 3752 suis
577 3699 964 3755 obedientiam
1012 3702 1341 3770 exhibeant,
1384 3702 1607 3757 dicente
1656 3703 1897 3757 Domino
1931 3719 1944 3768 ;

249 3785 374 3853 Fili,
409 3787 726 3842 honoriﬁca
749 3794 971 3860 patrem
1001 3795 1190 3845 tuum.
1237 3793 1379 3846 Nam
1409 3796 1464 3845 et
1499 3796 1560 3846 ut
1598 3791 1709 3861 ipsi
1738 3807 1946 3862 paren-

249 3879 334 3928 tes
365 3891 500 3944 erga
526 3875 674 3930 ﬁlios
697 3894 828 3931 suos
849 3894 913 3932 ac
934 3878 1080 3933 ﬁlias
1109 3879 1360 3934 modeste
1393 3883 1566 3949 agant
1595 3879 1950 3934 admonendi

249 3967 404 4028 sunt,
438 3962 662 4018 dicente
708 3966 1022 4036 Apostolo:
1060 3967 1124 4019 Et
1170 3983 1290 4033 vos,
1334 3972 1620 4036 parentes,
1668 3967 1846 4021 nolite
1881 3967 1950 4021 ad

249 4049 604 4106 iracundiam
659 4069 968 4123 provocare
1028 4055 1177 4108 ﬁlios
1233 4060 1468 4108 vestros.
1533 4056 1675 4109 Nam
1734 4061 1792 4109 et
1842 4055 1951 4109 hoc

252 4139 560 4194 dicendum
592 4146 676 4194 est
705 4142 804 4206 eis,
863 4147 924 4196 ut
955 4143 1002 4196 si
1051 4143 1134 4196 illi
1187 4144 1421 4214 genitali
1457 4144 1658 4197 affectu
1714 4160 1950 4214 parcere

251 4227 428 4282 velint
458 4229 686 4299 injuriis
707 4231 990 4298 filiorum,
1035 4248 1148 4285 non
1190 4232 1294 4286 hos
1324 4232 1641 4303 impunitos
1673 4233 1950 4286 Dominus

253 4316 413 4383 sinit,
444 4318 552 4372 nisi
581 4319 725 4373 forte
770 4320 1123 4390 poenitentiae
1175 4321 1570 4390 subjiciuntur.
1619 4321 1724 4376 Sed
1756 4326 1949 4376 tamen
1976 4345 2020 4399 ι)

253 4405 434 4459 levius
460 4411 545 4459 est
584 4407 716 4460 ﬁliis
746 4414 1052 4479 parentum
1090 4410 1362 4481 quaslibet.
1405 4411 1633 4481 ﬂagella
1663 4410 1949 4480 suscipere

254 4510 427 4564 quam
460 4495 559 4549 Dei
585 4495 727 4550 iram
761 4497 1072 4553 incurrere.

255 4581 389 4638 CAP.
422 4582 616 4638 LXXV.
647 4613 717 4624 —
749 4586 828 4639 De
859 4586 968 4640 illis
1021 4588 1118 4654 qui
1160 4587 1491 4655 principales
1521 4586 1845 4652 festivitates
1892 4587 1951 4637 in

873 4658 1020 4711 villis
1047 4659 1331 4712 celebrant.

325 4741 434 4811 (Ea:
461 4744 649 4797 concil.
683 4744 994 4812 Aureliam,
1028 4762 1148 4816 cap.
1186 4746 1266 4816 8.)
1307 4747 1449 4800 Item
1489 4743 1950 4799 denuntiandum

255 4835 359 4895 est,
393 4836 459 4886 ut
484 4833 628 4887 nulli
659 4833 866 4889 civium
897 4837 1151 4902 Paschaa,
1186 4835 1400 4889 Natalis
1432 4832 1661 4888 Domini
1691 4833 1778 4885 vel
1807 4833 1952 4885 Pen-

253 4917 494 4969 tecostes
542 4918 930 4972 solemnitates
977 4920 1145 4973 liceat
1194 4919 1252 4972 in
1302 4918 1438 4972 villa
1483 4916 1791 4981 celebrare,
1840 4914 1954 4968 nisi

253 5020 427 5074 quem
457 5005 760 5061 inﬁrmitas
788 5007 1129 5078 probabitur
1157 5007 1430 5061 tenuisse.

642 5098 770 5150 CAP.
808 5097 1033 5152 LXXVI.
1066 5125 1137 5137 —
1165 5099 1241 5149 De
1268 5095 1454 5150 eadem
1480 5109 1557 5147 re.

325 5184 432 5252 (Ere
461 5186 649 5239 concil.
690 5185 1000 5252 Agathen.,
1051 5199 1172 5252 cap.
1225 5183 1301 5253 5.)
1350 5185 1489 5236 Item
1531 5179 1771 5235 docendi
1821 5183 1956 5234 sunt

254 5270 423 5340 cives,
475 5278 538 5326 ut
590 5273 823 5338 Pascha,
871 5272 1127 5325 Natalem
1183 5269 1436 5337 Domini,
1496 5273 1553 5323 et
1581 5271 1956 5322 Pentecosten

251 5356 311 5410 in
367 5358 689 5413 civitatibus
747 5374 878 5411 cum
942 5357 1226 5427 episcopis
1288 5355 1427 5422 suis,
1481 5355 1593 5408 nisi
1647 5353 1955 5408 inﬁrmitas

254 5445 607 5515 impedierit,
662 5447 973 5511 celebrent,
1018 5444 1365 5516 accipiendas
1417 5443 1838 5498 communionis
1869 5443 1956 5497 vel

255 5533 671 5589 benedictionis
712 5534 935 5605 gratia:
986 5538 1044 5589 et
1068 5534 1170 5605 qui
1219 5535 1328 5588 hoc
1375 5531 1752 5603 neglexerint,
1802 5547 1958 5586 com-

257 5623 534 5678 munione
567 5624 883 5694 priventur.

2059 3153 2309 3207 nimodis
2333 3168 2556 3206 servare
2587 3155 2876 3205 moneant.

2060 3259 2192 3314 CAP.
2254 3259 2466 3313 LXXIX.
2522 3287 2583 3298 --
2636 3261 2705 3313 Ut
2751 3258 2826 3311 ad
2873 3259 3226 3312 salutationes
3273 3258 3633 3314 sacerdotales
3688 3261 3768 3313 ad

2378 3332 2601 3384 missam
2639 3344 2816 3383 omnes
2847 3330 3033 3382 devote
3059 3329 3437 3397 respondeant.

2132 3417 2250 3488 (Ea:
2289 3417 2476 3470 concil.
2511 3417 2822 3483 Aureliam,
2877 3431 2998 3485 cap.
3039 3417 3117 3483 2.)
3174 3416 3316 3469 Item
3373 3415 3763 3471 intimandum

2058 3511 2146 3559 est
2172 3510 2236 3558 ut
2273 3505 2345 3558 ad
2377 3504 2746 3557 salutationes
2783 3505 3160 3557 sacerdotales
3208 3519 3479 3574 congrum
3525 3521 3766 3575 respon-

2059 3593 2248 3648 siones
2277 3593 2590 3660 discantur,
2616 3593 2716 3646 ubi
2745 3609 2862 3646 non
2889 3594 3071 3646 solum
3109 3593 3299 3647 clerici
3331 3600 3388 3648 et
3419 3597 3530 3648 Deo
3558 3595 3763 3650 dicatas

2057 3682 2343 3737 sacerdoti
2401 3681 2835 3752 responsionem
2887 3681 3147 3747 offerant,
3211 3683 3310 3735 sed
3365 3683 3554 3737 omnis
3601 3685 3765 3755 plebs

2059 3772 2264 3827 devota
2295 3786 2548 3824 consona
2576 3786 2709 3823 voce
2739 3771 3088 3839 respondere
3121 3770 3308 3824 debet.

2061 3879 2191 3933 CAP.
2244 3877 2430 3930 LXXX.
2463 3905 2530 3916 —
2565 3878 2631 3929 Ut
2681 3877 2864 3929 nullus
2915 3876 3198 3930 ordinatus
3251 3893 3348 3944 per
3393 3882 3584 3932 sancta
3639 3879 3767 3933 dis-

2372 3952 2580 4012 currat,
2603 3947 2862 4000 Ecclesia’
2886 3962 2996 4000 sua,o
3024 3963 3157 4001 cura
3177 3947 3449 4002 derelicta.

2134 4036 2256 4103 (Ea:
2304 4034 2468 4088 dictis
2517 4034 2775 4104 August.)
2824 4035 3283 4088 [nterdicendum
3330 4040 3414 4089 est
3461 4040 3524 4090 ut
3570 4037 3768 4091 nullus

2062 4123 2380 4188 ordinatus,
2414 4122 2531 4175 sive
2568 4121 2923 4175 ordinandus
2975 4123 3185 4192 migret
3239 4123 3310 4176 de
3340 4139 3443 4177 sua
3487 4125 3764 4193 parochia

2060 4210 2129 4266 ad
2158 4210 2352 4274 aliam,
2376 4225 2483 4263 nec
2503 4209 2571 4263 ad
2609 4209 2805 4262 limina
2835 4211 3225 4278 apostolorum
3257 4211 3535 4265 orationis
3565 4228 3762 4281 causa,

2060 4299 2332 4353 Ecclesiaa‘
2375 4313 2494 4351 suae
2525 4314 2660 4351 cura
2692 4297 2982 4365 derelicta,
3014 4314 3116 4352 nec
3157 4301 3229 4354 ad
3271 4301 3548 4370 palatium
3591 4317 3766 4356 causa

2058 4387 2487 4457 interpellandi.
2533 4385 2694 4450 Quod
2727 4386 2772 4438 si
2803 4386 3017 4450 fecerit,
3057 4387 3200 4440 nihil
3233 4388 3383 4442 valet
3426 4389 3763 4459 hujusmodi

2059 4480 2157 4530 aut
2182 4475 2467 4529 ordinatio
2499 4478 2598 4528 aut
2629 4475 2993 4545 demigratio.
3049 4476 3112 4529 Et
3162 4476 3268 4528 hoc
3315 4477 3582 4530 omnibus
3623 4477 3761 4531 ﬁde-

2056 4565 2210 4619 libus
2239 4563 2721 4630 denuntiandum,
2746 4568 2809 4616 ut
2826 4563 2927 4633 qui
2953 4579 3123 4616 causa
3151 4563 3427 4617 orationis
3456 4565 3524 4618 ad
3557 4564 3762 4620 limina

2059 4653 2358 4707 beatorum
2403 4653 2794 4719 apostolorum
2832 4667 3071 4722 pergere
3117 4652 3377 4721 cupiunt,
3429 4653 3585 4706 domi
3629 4669 3760 4708 con-

2059 4742 2333 4796 ﬁteantur
2375 4745 2603 4811 peccata
2651 4757 2775 4807 sua,
2819 4745 2877 4794 et
2925 4741 3005 4793 sic
3034 4739 3504 4809 proﬁciscantur:
3551 4743 3686 4812 quia
3726 4760 3760 4796 a

2059 4829 2293 4900 proprio
2339 4829 2604 4900 episcopo
2637 4845 2739 4882 suo
2775 4833 2874 4881 aut
2894 4828 3188 4882 sacerdote
3240 4829 3479 4898 ligandi,
3513 4835 3613 4884 aut
3645 4831 3763 4884 sol-

2059 4917 2233 4972 vendi
2262 4924 2418 4984 sunt,
2455 4933 2572 4971 non
2603 4918 2674 4971 ab
2706 4921 2993 4970 extraneo.

2063 5023 2191 5076 CAP.
2254 5022 2467 5075 LXXXI.
2503 5051 2575 5060 —
2603 5025 2678 5075 De
2733 5022 3007 5145 dominii):
3064 5021 3154 5074 die
3203 5023 3441 5089 qualiter
3487 5025 3560 5077 sit
3610 5040 3768 5078 vene-

2813 5107 2917 5145 ran
3000 5131 3014 5145 .

2813 5107 3014 5146 ranaa.

2133 5183 2241 5246 (Ea:
2263 5181 2451 5234 concil.
2485 5179 2638 5249 apud
2666 5180 3084 5250 Compendium,
3129 5195 3248 5250 cap.
3292 5183 3371 5248 2.)
3399 5181 3610 5236 Omnes
3644 5182 3770 5237 dies

2063 5267 2395 5322 Dominicos
2425 5283 2457 5320 a
2487 5282 2724 5336 vespera
2759 5267 2820 5320 in
2851 5283 3146 5338 vesperam
3175 5283 3306 5321 cum
3339 5269 3500 5322 omni
3537 5284 3770 5323 venera-

2061 5356 2221 5409 tione
2252 5356 2553 5409 observare
2591 5355 2966 5421 decrevimus,
3002 5361 3059 5410 et
3089 5357 3159 5409 ab
3196 5356 3397 5410 illicito
3430 5373 3603 5426 opere
3637 5358 3769 5412 abs-

2064 5445 2268 5506 tinere,
2293 5448 2350 5497 et
2379 5448 2444 5496 ut
2474 5449 2757 5497 mercatus
2790 5443 2848 5497 in
2881 5444 2963 5497 eis
3011 5444 3250 5498 minime
3296 5445 3386 5504 sit.
3437 5461 3544 5499 nec
3581 5447 3773 5515 placi-

2064 5536 2188 5587 tum
2220 5532 2314 5586 ubi
2344 5532 2550 5603 aliquis
2581 5533 2651 5586 ad
2698 5536 2942 5586 mortem
2981 5533 3068 5586 vel
3111 5533 3178 5586 ad
3209 5548 3440 5602 poenam
3477 5532 3771 5601 judicetur

2066 5637 2172 5676 nec
2203 5626 2557 5676 sacramenta
2580 5621 2865 5692 jurentur,
2891 5620 3002 5675 nisi
3029 5637 3134 5692 pro
3165 5637 3303 5692 pace
3332 5620 3611 5675 facienda.
