3950 6400
186 380 275 431 641
896 426 903 431 .
1132 375 1603 433 DECRETORUM
1649 378 1840 433 LIBRI
1879 378 1986 433 XX.
2030 407 2099 415 —
2139 376 2355 433 LIBER
2394 377 2769 434 SECUNDUS.

423 501 554 554 CAP.
594 500 838 553 LXXXII.
870 530 939 537 —
971 500 1103 553 Item
1133 499 1199 552 de
1231 502 1512 555 Dominica
1542 500 1647 553 die.

252 590 369 659 (Ea:
391 588 590 643 concil.
625 588 778 657 apud
802 589 859 644 S.
892 588 1237 653 Medardum,
1277 594 1537 658 praesente
1569 590 1756 644 Carolo
1782 590 1892 642 im-

190 684 446 748 peratore,
480 693 605 746 cap.
641 676 717 746 5.)
752 676 1067 731 Statuimus
1097 693 1348 748 quoque,
1386 678 1701 731 secundum
1736 678 1891 747 quod

189 768 243 820 in
270 767 392 836 lege
426 767 712 819 Dominus
754 765 1064 831 mandavit,
1104 770 1169 819 ut
1206 782 1380 836 opera
1419 767 1648 820 servilia
1690 766 1891 819 diebus

196 854 495 909 Dominicis
530 870 648 909 non
688 860 954 924 agantur,
1006 854 1153 907 sicut
1194 854 1421 924 genitor
1460 871 1622 908 meus
1672 855 1731 908 in
1773 854 1891 908 suis

194 942 555 1012 synodalibus
597 942 800 997 edictis
838 943 1155 1009 mandavit,
1190 944 1346 1013 quod
1384 960 1489 997 nec
1528 943 1638 996 viri
1677 943 1892 996 ruralia

194 1036 525 1097 exerceant,
576 1048 685 1085 nec
738 1031 799 1084 in
858 1031 1027 1084 vinea
1073 1032 1332 1097 colenda,
1393 1048 1498 1087 nec
1557 1032 1615 1087 in
1673 1031 1891 1102 campis

194 1121 415 1186 arando,
448 1121 537 1173 vel
576 1120 867 1187 metendo,
912 1120 1001 1173 vel
1034 1119 1234 1173 fenum
1272 1122 1537 1186 secando,
1573 1122 1662 1175 vel
1697 1136 1889 1191 sepem

194 1208 452 1279 ponendo
499 1224 513 1261 :
561 1224 664 1261 nec
703 1208 764 1261 in
812 1207 969 1261 silvis
1013 1208 1313 1277 stirpando
1362 1209 1450 1262 vel
1500 1209 1733 1263 arbores
1781 1226 1888 1264 oze-

195 1298 336 1363 dere,
371 1297 462 1349 vel
507 1296 567 1349 in
602 1296 781 1365 petris
819 1296 1104 1361 laborare,
1138 1312 1244 1350 nec
1274 1298 1475 1351 domos
1504 1302 1745 1366 struere,
1786 1315 1892 1353 nec

194 1384 247 1438 in
284 1384 454 1438 horto
500 1384 799 1449 laborare,
847 1399 952 1438 nec
999 1385 1069 1438 ad
1117 1385 1325 1454 placita
1377 1387 1743 1453 conveniant,
1784 1403 1893 1441 nec

196 1479 471 1527 mercatus
501 1472 583 1539 ﬁt,
613 1489 720 1526 nec
750 1472 1081 1526 venationes
1112 1479 1504 1530 exerceantur.

573 1564 697 1616 CAP.
734 1562 999 1616 LXXXIII.
1028 1592 1098 1602 —
1130 1566 1207 1617 De
1228 1564 1412 1617 eadem
1434 1581 1511 1618 re.

257 1653 371 1720 (E1:
431 1651 616 1722 eodem
664 1653 879 1713 concil.,
924 1667 1044 1719 cap.
1099 1654 1174 1723 6.)
1225 1652 1358 1706 Tria
1408 1652 1660 1707 carraria
1716 1669 1893 1723 opera

194 1740 315 1793 licet
350 1740 481 1793 ﬁeri
526 1740 584 1792 in
636 1740 930 1792 Dominica
976 1739 1091 1804 die,
1134 1740 1191 1793 id
1232 1746 1337 1801 est,
1387 1741 1667 1794 hostilitia
1705 1757 1886 1807 carra,

194 1828 452 1881 victualia
487 1828 575 1881 vel
607 1828 846 1897 auguria
884 1844 896 1881 :
934 1833 1008 1893 et,
1035 1828 1083 1880 si
1121 1828 1269 1882 forte
1300 1845 1531 1883 necesse
1563 1830 1654 1897 sit,
1686 1846 1890 1900 corpus

193 1917 495 1986 cujuslibet
519 1915 651 1969 duci
683 1916 753 1969 ad
785 1916 1138 1985 sepulcrum.

490 2004 616 2059 CAP.
652 2006 903 2058 LXXXIV.
937 2033 1005 2045 -—
1039 2007 1169 2059 Item
1200 2006 1265 2059 de
1302 2007 1487 2060 eadem
1514 2023 1591 2061 re.

259 2097 366 2159 (Eat
414 2093 623 2157 eodem,
681 2109 807 2162 cap.
856 2096 933 2161 7.)
982 2094 1232 2148 Feminae
1280 2111 1455 2163 opera
1501 2096 1718 2149 textilia
1776 2113 1886 2150 non

193 2182 395 2235 faciant
433 2183 496 2235 in
539 2181 631 2235 die
672 2181 992 2248 Dominica,
1024 2199 1141 2236 non
1179 2184 1450 2252 capulent
1490 2184 1745 2253 vestitus,
1776 2202 1891 2239 non

193 2276 488 2337 consuaut,
541 2271 625 2324 vel
671 2272 865 2324 lanam
904 2275 1163 2341 carpant,
1214 2288 1332 2325 non
1363 2273 1495 2326 licet
1545 2274 1729 2328 linum
1759 2275 1890 2328 bat-

195 2365 325 2425 tere,
376 2365 477 2413 aut
528 2359 867 2413 vestimenta
912 2360 1131 2426 lavare,
1178 2376 1282 2413 nec
1318 2377 1577 2416 verveces
1613 2363 1889 2429 tondere,

196 2453 252 2500 ut
280 2448 635 2502 omnimodis
666 2448 853 2502 honor
883 2454 939 2502 et
972 2447 1197 2519 requies
1227 2449 1319 2502 die
1351 2450 1649 2504 Dominica
1679 2453 1893 2522 persol-

195 2542 349 2590 vatur
398 2554 411 2590 :
464 2538 565 2591 sed
607 2539 675 2590 ad
720 2536 1025 2590 missarum
1071 2537 1353 2591 solemnia
1396 2538 1655 2609 undique
1693 2556 1893 2594 conve-

193 2624 375 2691 niant,
428 2632 488 2679 et
545 2625 787 2679 laudent
834 2626 1015 2679 Deum
1067 2642 1170 2695 pro
1218 2626 1487 2681 omnibus
1545 2628 1707 2682 bonis
1761 2645 1891 2700 quae

194 2713 352 2768 nobis
379 2713 444 2767 in
474 2714 576 2767 illa
603 2714 696 2767 die
724 2714 980 2767 conferre
1010 2714 1276 2785 dignatus
1304 2720 1409 2769 est.

518 2802 645 2856 CAP.
679 2803 910 2857 LXXXV.
938 2833 1001 2842 —
1036 2804 1168 2857 Item
1192 2804 1259 2857 de
1282 2804 1467 2858 eadem
1490 2821 1568 2859 re.

259 2892 371 2961 (Ea:
418 2891 625 2957 eodem,
671 2907 792 2961 cap.
837 2891 913 2961 8.)
969 2892 1177 2946 Omnes
1219 2892 1341 2946 dies
1388 2893 1712 2948 Dominicas
1759 2911 1889 2949 cum

195 2980 345 3032 omni
384 2979 753 3033 veneratione
794 2979 1095 3033 observare
1135 2980 1515 3046 decrevimus,
1563 2986 1618 3035 et
1656 2981 1726 3035 ab
1772 2981 1887 3036 illi-

193 3067 297 3121 cito
334 3084 513 3138 opere
558 3066 867 3136 abstinere,
901 3073 958 3121 et
1008 3072 1069 3121 ut
1099 3072 1379 3121 mercatus
1423 3069 1484 3122 in
1534 3069 1614 3123 eis
1653 3070 1892 3125 minime

195 3156 279 3221 sit,
311 3172 415 3209 nec
454 3157 731 3226 placitum
766 3156 863 3210 ubi
901 3156 1107 3227 aliquis
1156 3157 1226 3210 ad
1266 3162 1510 3211 mortem
1543 3159 1632 3212 vel
1663 3160 1734 3213 ad
1766 3176 1893 3230 pm-

195 3259 320 3297 nam
363 3245 694 3314 judicetur,
741 3261 847 3299 nec
894 3250 1253 3298 sacramenta
1292 3246 1593 3316 jurentur,
1651 3247 1763 3301 nisi
1820 3249 1891 3303 ad

193 3348 409 3401 pacem.

571 3404 703 3458 CAP.
740 3405 999 3459 LXXXVI.
1032 3435 1100 3442 —
1131 3407 1204 3458 De
1224 3404 1408 3458 eadem
1436 3421 1512 3459 re.

262 3494 369 3561 (Ea:
409 3492 615 3557 eodem,
648 3508 774 3561 cap.
828 3492 905 3562 9.)
938 3493 1008 3546 Ut
1047 3497 1331 3546 mercatus
1370 3493 1461 3547 die
1507 3494 1802 3549 Dominico
1833 3495 1894 3550 in

198 3581 345 3633 nullo
377 3582 505 3635 loco
539 3580 838 3634 habeatur.

546 3670 675 3723 CAP.
709 3670 993 3723 LXXXVII.
1026 3700 1094 3708 —
1131 3670 1209 3723 De
1246 3669 1431 3724 eadem
1460 3686 1536 3724 re.

263 3758 369 3826 (Ea:
416 3758 622 3823 eodem,
663 3773 787 3827 cap.
841 3758 950 3828 10.)
1008 3759 1076 3812 Ut
1117 3759 1312 3812 nullus
1358 3758 1761 3830 episcoporum
1805 3760 1893 3814 vel

196 3848 680 3917 presbyterorum,
718 3846 805 3900 vel
836 3846 1193 3912 clericorum,
1229 3846 1322 3900 die
1356 3847 1653 3901 Dominico
1685 3864 1892 3919 propo-

199 3934 360 3988 situm
405 3936 690 4005 cujusque
738 3949 923 3987 causae
972 3934 1273 4003 negotium
1312 3934 1521 3988 audeat
1568 3934 1891 4002 vindicare,

199 4024 299 4075 nisi
353 4024 462 4078 hoc
520 4029 787 4089 tantum,
854 4026 916 4075 ut
982 4023 1097 4076 Deo
1158 4026 1370 4076 statuta
1427 4023 1707 4077 solemnia
1759 4039 1892 4093 per-

197 4118 450 4179 agantur.

198 4196 315 4252 CAP.
374 4199 694 4254 LXXXVIII.
759 4229 826 4239 —-
884 4200 951 4253 Ut
1000 4200 1183 4254 nullus
1242 4202 1300 4253 in
1350 4202 1643 4255 Dominicis
1703 4200 1894 4256 diebus

843 4285 1020 4338 genua
1048 4274 1247 4338 ﬂectat.

263 4358 364 4421 (Er
410 4358 607 4411 concil.
652 4358 888 4423 Niceno,
939 4371 1057 4425 cap.
1101 4356 1215 4425 20.)
1261 4356 1546 4420 Quoniam
1595 4360 1729 4411 sunt
1763 4358 1890 4429 qui-

199 4441 316 4497 dam
353 4446 411 4498 in
456 4445 551 4498 die
598 4444 896 4498 Dominico
936 4461 1125 4516 genua
1155 4444 1472 4513 ﬂectentes,
1515 4450 1569 4500 et
1597 4446 1659 4500 in
1691 4448 1893 4501 diebus

200 4530 569 4603 Pentecostes,
618 4537 684 4586 ut
719 4533 917 4587 omnia
960 4533 1021 4586 in
1066 4533 1306 4588 diversis
1343 4534 1482 4588 locis
1511 4542 1894 4589 consonanter

200 4616 568 4672 observentur
598 4660 612 4685 ,
690 4618 907 4688 placuit
981 4623 1175 4672 sancto
1255 4618 1498 4673 concilio
1573 4636 1607 4673 a
1680 4620 1894 4675 Pascha

200 4719 364 4775 usque
420 4706 483 4760 in
533 4710 758 4760 octavas
805 4707 1166 4761 Pentecostes
1213 4712 1430 4761 stantes
1481 4708 1721 4763 Domino
1762 4714 1893 4763 vota

198 4793 526 4859 persolvere.

199 4880 311 4954 CAP.
376 4883 639 4937 LXXXIX.
695 4912 764 4922 —
818 4885 886 4937 Ut
936 4884 1244 4952 presbyteri
1310 4887 1576 4953 privatim
1640 4886 1892 4954 ﬁdelibus

258 4952 695 5007 desiderantibus
754 4954 1103 5020 benedicant,
1157 4961 1207 5008 et
1263 4952 1324 5009 ut
1380 4959 1553 5009 omnis
1605 4952 1891 5025 presbyter

256 5037 347 5089 per
385 5026 664 5090 familias,
698 5040 801 5092 per
835 5040 1021 5091 agros,
1069 5040 1168 5093 per
1187 5029 1443 5093 privatas
1472 5027 1653 5082 domos
1696 5029 1892 5082 habeat

257 5094 574 5157 facultatem
604 5095 995 5149 benedictiones
1026 5100 1255 5165 aperire.

260 5180 359 5249 (Ea:
386 5185 579 5238 concil.
614 5183 800 5237 habito
821 5184 973 5252 apud
999 5186 1244 5253 Regiam,
1277 5200 1398 5255 cap.
1431 5185 1508 5256 4.)
1546 5186 1618 5241 Ut
1652 5186 1889 5257 presby-

198 5270 291 5323 teri
317 5272 587 5341 privatim
621 5271 893 5326 ﬁdelibus
925 5272 1387 5328 desiderantibus
1417 5274 1780 5329 benedicant.
1827 5275 1892 5329 Et

200 5354 334 5412 inter
378 5362 636 5416 minutas
695 5361 799 5414 has
856 5361 1259 5430 discussiones,
1308 5362 1533 5433 jussum
1584 5368 1670 5418 est
1729 5364 1889 5418 omni

200 5443 513 5516 presbytero
542 5487 557 5512 ,
605 5461 712 5515 per
754 5444 1025 5513 familias,
1077 5463 1182 5518 per
1232 5462 1436 5518 agros,
1488 5464 1595 5519 per
1640 5448 1891 5519 privatas

200 5530 380 5587 domos
405 5552 513 5605 pro
547 5534 834 5589 desiderio
884 5534 1145 5590 ﬁdelium
1184 5535 1397 5591 habere
1426 5536 1754 5593 facultatem
1782 5537 1890 5593 be-

205 5621 539 5679 nedictiones
568 5622 816 5694 aperire.

3605 384 3709 437 642

1933 508 1979 560 Α
2010 499 2137 553 CAP.
2184 500 2288 553 XC.
2323 530 2391 539 —
2441 502 2508 554 Ut
2547 500 2856 570 presbyteri
2901 500 3316 556 benedictionem
3353 506 3709 571 episcOpalem

2340 604 2503 657 super
2527 589 2737 657 plebem
2766 591 2949 655 facere
2976 605 3082 642 non
3113 589 3358 643 debeant.

2074 677 2195 746 (Ea:
2238 676 2438 743 eodem,
2485 692 2605 744 cap.
2647 676 2760 745 47.)
2812 677 3273 731 Benedictionem
3322 678 3705 750 episcopalem

2000 781 2173 835 super
2202 765 2427 835 plebem
2462 765 2521 817 in
2556 766 2797 818 Ecclesia
2824 765 3087 831 fundere,
3122 772 3217 819 aut
3248 767 3626 836 paznitentem
3647 769 3707 822 in

2002 853 2245 907 Ecclesia
2293 853 2683 918 reconciliare,
2710 854 3043 923 presbytero
3080 854 3308 924 penitus
3340 872 3455 908 non
3489 856 3698 911 licebit.

2001 960 2131 1015 CAP.
2190 962 2319 1015 XCI.
2382 991 2443 1000 —
2505 963 2570 1015 Ut
2612 962 2795 1014 nullus
2839 963 3120 1029 presbyter
3181 963 3406 1016 alterius
3458 964 3705 1032 plebesa-

2485 1047 2613 1084 num
2638 1047 2694 1084 eo
2724 1033 2933 1085 nolente
2964 1035 3219 1101 recipiat.

2074 1119 2195 1190 (Ea:
2242 1121 2430 1173 concil.
2462 1122 2818 1185 Nannetensi,
2855 1137 2973 1190 cap.
3020 1123 3096 1192 5.)
3135 1124 3203 1176 Ut
3244 1124 3438 1176 nullus
3470 1125 3705 1195 presby-

2000 1211 2089 1259 ter
2120 1207 2355 1259 alterius
2402 1207 2781 1276 plebesanum
2812 1224 2879 1260 eo
2932 1209 3182 1269 nolente,
3234 1210 3345 1263 nisi
3390 1210 3450 1263 in
3499 1213 3706 1265 itinere

1998 1294 2191 1356 fuerit,
2237 1296 2321 1348 vel
2347 1296 2621 1365 placitum
2650 1295 2731 1349 ibi
2757 1296 3041 1364 habuerit,
3072 1298 3143 1350 ad
3172 1298 3408 1352 missam
3436 1300 3700 1370 recipiat.

1999 1400 2127 1455 CAP.
2160 1402 2313 1455 XCII.
2365 1430 2436 1442 —
2482 1404 2551 1454 De
2578 1403 2812 1456 alterius
2836 1402 3143 1471 presbyteri
3174 1404 3485 1473 plebesano,
3534 1406 3706 1473 deque

2169 1473 2281 1526 illis
2308 1475 2406 1540 qui
2426 1473 2571 1525 litem
2594 1474 2992 1541 implacabilem
3024 1477 3163 1527 inter
3192 1490 3246 1527 se
3275 1476 3451 1528 alunt.

2073 1562 2182 1629 (Ea:
2211 1561 2410 1626 eodem,
2444 1577 2565 1629 cap.
2604 1561 2753 1630 419.)
2801 1562 2871 1615 Ut
2911 1561 3224 1615 Dominicis
3264 1564 3352 1617 vel
3383 1564 3542 1617 festis
3581 1564 3707 1618 die-

2000 1648 2108 1702 bus
2152 1649 2471 1719 presbyteri
2514 1655 2827 1719 antequam
2872 1650 3073 1703 missas
3122 1651 3432 1718 celebrent,
3474 1653 3703 1722 plebem

1998 1736 2378 1808 interrogent,
2426 1738 2473 1791 si
2519 1739 2754 1791 alterius
2802 1740 3187 1808 parochianus
3235 1740 3295 1793 in
3339 1741 3576 1794 ecclesia
3606 1742 3699 1807 sit,

2004 1826 2125 1897 qui,
2154 1827 2385 1897 proprio
2430 1833 2760 1897 contempto
2799 1828 3151 1897 presbytero,
3193 1829 3276 1881 ibi
3308 1829 3537 1883 missam
3569 1832 3707 1885 velit

2003 1915 2222 1969 audire.
2256 1914 2438 1978 Quem
2477 1916 2524 1967 si
2574 1915 2918 1984 invenerint,
2959 1918 3148 1970 statim
3196 1918 3266 1970 ab
3315 1918 3553 1972 ecclesia
3600 1919 3705 1989 eji-

2002 2003 2172 2070 ciant,
2224 2008 2279 2055 et
2310 2003 2381 2056 ad
2412 2019 2574 2056 suam
2620 2004 2951 2073 parochiam
2991 2006 3177 2058 redire
3213 2008 3579 2076 compellant.
3613 2008 3703 2061 Si-

2002 2091 2217 2144 militer
2260 2090 2643 2161 interrogent,
2691 2091 2739 2144 si
2772 2092 2952 2162 aliqui
3002 2094 3394 2148 discordantes
3427 2095 3559 2162 sint,
3603 2097 3706 2167 qui

2000 2179 2153 2233 inter
2195 2195 2253 2233 se
2296 2179 2458 2231 litem
2507 2179 2933 2250 implacabilem
2980 2181 3249 2247 habeant,
3299 2188 3355 2236 et
3398 2183 3443 2236 si
3486 2184 3705 2238 inventi

2000 2266 2236 2334 fuerint,
2270 2266 2463 2320 statim
2507 2268 2968 2323 reconcilientur.
3013 2270 3172 2333 Quod
3206 2271 3252 2323 si
3285 2273 3577 2327 noluerint
3606 2290 3705 2343 pa-

2001 2372 2124 2409 cem
2169 2354 2481 2425 suscipere,
2523 2356 2590 2409 ab
2639 2357 2873 2410 ecclesia
2925 2358 3227 2427 ejiciantur
3278 2377 3578 2432 usquequo
3633 2362 3705 2416 ad

2000 2444 2341 2499 charitatem
2374 2447 2633 2500 redeant.
2678 2446 2804 2499 Non
2838 2446 2994 2499 enim
3035 2463 3341 2516 possumus
3371 2465 3582 2502 munus
3617 2452 3706 2504 vel

2002 2534 2349 2588 oblationem
2398 2535 2469 2588 ad
2510 2536 2686 2589 altare
2720 2535 2948 2600 oﬁerre,
2981 2535 3091 2588 nisi
3121 2537 3283 2605 prius
3309 2537 3472 2591 fratri
3504 2555 3704 2593 recon-

2002 2622 2285 2676 cilientur.
2338 2622 2435 2677 His
2484 2622 2681 2693 itaque
2725 2624 2992 2692 peractis,
3028 2625 3347 2679 sacerdotes
3400 2626 3705 2682 missarum

2003 2711 2287 2764 solemnia
2315 2712 2421 2765 rite
2451 2716 2748 2782 peragant.

2004 2818 2131 2872 CAP.
2165 2817 2346 2890 XCIII.
2390 2847 2460 2855 —
2491 2817 2575 2890 De
2598 2817 2869 2870 ordinatis
2912 2822 2963 2871 et
2998 2820 3226 2887 reliquis
3257 2820 3527 2888 ﬁdelibus,
3563 2824 3709 2890 quod

2186 2891 2303 2941 sine
2331 2887 2552 2942 licentia
2580 2891 2669 2941 sui
2697 2890 2935 2957 episcopi
2967 2890 3047 2943 nil
3086 2906 3245 2957 agere
3273 2887 3519 2944 debeant.

2074 2976 2182 3045 (Ea:
2223 2979 2378 3045 epist.
2428 2978 2709 3033 Clementis
2740 2977 2986 3031 omnibus
3032 2978 3287 3043 ﬁdelibus
3338 2982 3528 3046 missa,
3578 2997 3701 3051 cap.

1927 3055 1967 3109 C
2004 3065 2116 3135 22.)
2173 3065 2534 3135 Quapropter
2581 3065 2798 3119 cunctis
2853 3065 3165 3133 ﬁdelibus,
3230 3073 3287 3121 et
3338 3084 3706 3140 summopere

2004 3154 2275 3208 omnibus
2304 3153 2655 3224 presbyteris
2694 3159 2751 3207 et
2788 3154 3140 3223 diaconibus,
3175 3171 3240 3208 ac
3282 3155 3515 3227 reliquis
3540 3159 3707 3212 cleri-

2002 3242 2083 3296 cis
2112 3242 2525 3296 attendendum
2556 3247 2660 3307 est,
2692 3244 2754 3294 ut
2784 3242 2926 3296 nihil
2962 3242 3176 3313 absque
3208 3243 3465 3314 episcopi
3487 3246 3709 3316 pr0prii

2003 3331 2231 3384 licentia
2275 3335 2469 3401 agant.
2530 3331 2655 3383 Non
2701 3329 2903 3401 utique
2952 3331 3153 3384 missas
3203 3332 3324 3385 sine
3369 3336 3492 3403 ejus
3541 3334 3708 3403 jussu

2003 3418 2312 3488 quisquam
2360 3418 2825 3488 presbyterorum
2866 3419 2925 3471 in
2957 3435 3059 3473 sua
3092 3420 3365 3490 parochia
3395 3426 3549 3491 agat,
3589 3438 3707 3476 non

2001 3505 2270 3575 baptizet,
2318 3521 2423 3559 nec
2467 3506 2787 3576 quidquam
2831 3507 2985 3577 quod
3030 3506 3101 3559 ad
3149 3509 3481 3579 episcopum
3528 3511 3706 3580 perti-

2001 3599 2155 3656 neat,
2184 3594 2398 3663 absque
2430 3595 2552 3663 ejus
2581 3594 2871 3663 permissu
2901 3595 3088 3649 faciat.
3118 3596 3395 3650 Similiter
3416 3603 3470 3651 et
3494 3597 3705 3668 reliqui

2002 3680 2226 3752 populi,
2272 3681 2518 3751 majores
2570 3681 2785 3734 scilicet
2816 3687 2871 3735 et
2910 3682 3182 3747 minores,
3217 3698 3324 3752 per
3371 3686 3495 3755 ejus
3524 3686 3706 3739 licen-

2001 3770 2144 3823 tiam
2176 3769 2459 3840 quidquid
2491 3770 2780 3840 agendum
2811 3775 2895 3823 est
2925 3776 3120 3840 agant,
3151 3787 3255 3825 nec
3281 3771 3403 3825 sine
3437 3773 3560 3842 ejus
3583 3790 3712 3843 per-

2000 3858 2181 3912 missu
2212 3875 2243 3912 a
2283 3874 2385 3912 sua
2418 3858 2691 3928 parochia
2720 3858 3045 3926 abscedant,
3078 3860 3165 3913 vel
3206 3861 3265 3913 in
3294 3876 3362 3914 ea
3391 3862 3703 3915 adventan-

2001 3954 2086 4001 tes
2116 3946 2331 4000 morari
2353 3952 2729 4017 prtesumant.
2756 3947 2979 4001 Animm
3011 3964 3144 4001 vero
3167 3966 3369 4003 eorum
3396 3949 3451 4003 ei
3473 3951 3707 4005 creditas

2003 4040 2160 4105 sunt,
2209 4035 2335 4090 ideo
2365 4035 2559 4090 omnia
2588 4036 2712 4105 ejus
2744 4036 2981 4090 consilio
3015 4037 3224 4091 debent
3259 4037 3519 4110 [facere],
3552 4046 3607 4093 et
3641 4056 3707 4094 eo

2003 4124 2328 4178 inconsulto
2378 4124 2542 4178 nihil.
2577 4125 2916 4196 Quicunque
2948 4126 3102 4179 enim
3125 4126 3402 4180 obediunt
3427 4127 3708 4199 episcopis

2003 4213 2141 4281 suis,
2188 4212 2457 4267 videntur
2505 4213 2742 4284 quidem
2790 4214 3024 4269 obedire
3071 4219 3128 4268 et
3185 4216 3321 4269 Deo.
3368 4215 3476 4280 Qui
3514 4222 3709 4271 autem

2004 4303 2086 4356 eis
2133 4318 2252 4356 non
2301 4302 2595 4369 obediunt,
2642 4302 3036 4357 indubitanter
3079 4303 3164 4357 rei
3212 4310 3267 4358 et
3310 4305 3539 4375 reprobi
3588 4307 3707 4359 exi-

2004 4395 2178 4445 stunt.

2424 4479 2551 4532 CAP.
2585 4478 2758 4532 XCIV.
2793 4509 2863 4517 —
2892 4482 2966 4532 De
2998 4480 3184 4533 eadem
3206 4496 3282 4533 re.

2074 4566 2183 4636 (Ea:
2232 4568 2392 4635 epist.
2443 4565 2703 4633 ejusdem,
2748 4581 2867 4635 cap.
2923 4568 3033 4634 36.)
3092 4568 3323 4622 Nullum
3373 4568 3531 4624 enim
3584 4587 3710 4641 pre-

2002 4655 2295 4725 sbyterum
2328 4654 2387 4707 in
2418 4654 2659 4723 alicujus
2689 4654 2939 4725 episcopi
2980 4655 3253 4725 parochia
3284 4657 3503 4728 aliquid
3536 4676 3706 4731 agere

2003 4744 2211 4798 debere
2244 4742 2457 4812 absque
2497 4742 2619 4812 ejus
2648 4742 2936 4812 permissu
2977 4744 3235 4799 docebat.
3272 4746 3517 4802 Cunctos
3542 4765 3709 4819 pres-

2002 4833 2229 4901 byteros
2276 4830 2530 4901 propriis
2577 4831 2863 4901 episcopis
2899 4833 2958 4886 in
2999 4834 3269 4888 omnibus
3300 4836 3517 4907 absque
3546 4854 3710 4892 mora

2001 4919 2335 4975 obedientes
2384 4919 2717 4973 instituente
2763 4921 3008 4975 Domino
3037 4938 3158 4976 esse
3191 4924 3398 4979 debere
3442 4926 3705 4981 docebat.

2001 5008 2238 5061 Nullum
2268 5007 2456 5061 aliena
2502 5008 2904 5078 concupiscere
2943 5016 3039 5065 aut
3085 5028 3437 5084 praesumere
3482 5032 3706 5073 eorum.

2001 5095 2098 5149 sed
2148 5110 2629 5165 unumquemque
2682 5096 2799 5149 suis
2841 5097 3068 5169 sibique
3109 5101 3431 5155 commissis
3471 5108 3707 5157 conten-

2000 5188 2126 5239 tum
2164 5200 2285 5237 esse
2332 5183 2592 5239 docebat.
2660 5185 2964 5241 Neminem
3012 5188 3187 5242 etiam
3248 5190 3427 5261 aliqui
3486 5190 3707 5261 aliquid

1999 5274 2208 5340 facere,
2242 5272 2349 5327 nisi
2381 5274 2535 5344 quod
2571 5273 2679 5328 sibi
2710 5275 2832 5329 vult
2860 5275 2987 5329 ﬁeri
3017 5277 3355 5332 instruebat.

2436 5363 2564 5418 CAP.
2600 5363 2748 5419 XCV.
2783 5395 2850 5404 —
2883 5368 2955 5419 De
2979 5366 3163 5419 eadem
3188 5382 3264 5419 re.

2072 5450 2181 5521 (Ea:
2209 5452 2397 5506 concil.
2444 5452 2780 5517 Arelatensi,
2826 5467 2948 5521 cap.
2991 5451 3069 5521 2.)
3101 5454 3180 5507 De
3222 5453 3579 5525 presbyteris
3610 5462 3710 5511 aut

1999 5537 2333 5593 diaconibus
2381 5538 2482 5609 qui
2529 5537 2721 5593 solent
2761 5537 3051 5593 dimittere
3098 5541 3223 5594 loca
3260 5558 3365 5597 sua
3393 5542 3453 5597 in
3496 5544 3708 5615 quibus

1998 5627 2245 5683 ordinati
2273 5632 2428 5694 sunt,
2472 5631 2531 5682 et
2568 5628 2637 5683 ad
2664 5626 2778 5683 alia
2822 5628 2946 5683 loca
2988 5645 3047 5683 se
3079 5631 3449 5700 transferunt,
3484 5633 3704 5703 placuit
