3950 6436
269 411 371 463 643

1353 413 1758 470 BURCIIARDI
1796 411 2326 471 WORMACIENSIS
2364 412 2698 469 EPISCOPI.

3678 415 3784 468 644

268 542 334 591 ut
361 537 568 591 iisdem
598 536 735 591 locis
783 537 1127 592 ministrent.
1171 538 1332 602 Quod
1383 539 1429 593 si
1475 540 1543 594 de
1591 539 1804 594 relictis
1829 540 1966 594 locis
2004 543 2050 595 A
2080 538 2270 593 ceatis.
2314 539 2420 592 Per
2458 552 2627 590 usum
2675 534 2971 600 orationis,
3019 538 3077 590 et
3122 534 3283 589 vobis
3333 539 3388 590 et
3429 535 3540 602 his,
3571 535 3786 607 quibus

267 626 385 680 suis
419 625 486 680 ad
528 625 706 679 alium
757 642 816 680 se
853 626 1043 680 locum
1088 627 1396 680 transferre
1438 628 1739 695 voluerint,
1790 628 1969 699 depo-

265 718 499 767 nentur.

265 802 392 857 CAP.
444 802 621 857 XCVI.
672 832 740 841 -—
789 802 942 867 Quod
987 817 1093 856 non
1123 803 1281 856 liceat
1322 804 1574 857 clericum
1629 806 1688 857 in
1732 804 1968 858 duarum

580 875 861 926 civitatum
893 875 1056 926 simul
1086 873 1350 927 conscribi
1388 875 1660 928 Ecclesiis.

335 961 450 1029 (Ea:
486 961 674 1015 concil.
709 961 982 1028 Chalced,
1024 976 1145 1030 cap.
1194 962 1298 1028 lO.)
1341 962 1465 1015 Non
1494 962 1664 1016 licere
1695 963 1966 1018 clericum

259 1048 324 1102 in
385 1049 631 1102 duarum
681 1049 973 1102 civitatum
1022 1049 1306 1102 conscribi
1348 1049 1519 1103 simul
1574 1051 1856 1119 Ecclesiis,
1910 1059 1968 1108 et

262 1136 323 1189 in
356 1153 470 1207 qua
499 1138 572 1190 ab
603 1136 769 1190 initio
811 1137 1109 1190 ordinatus
1136 1143 1240 1202 est,
1289 1143 1345 1191 et
1379 1138 1447 1191 ad
1479 1154 1653 1209 quam
1684 1140 1961 1210 confugit,

263 1225 428 1295 quasi
480 1226 550 1278 ad
598 1225 908 1293 potiorem,
963 1225 1035 1278 ob
1089 1225 1278 1278 inanis
1323 1226 1523 1296 glorias
1568 1227 1962 1297 cupiditatem.

264 1315 378 1368 Hoc
429 1319 622 1368 autem
663 1313 935 1368 facientes
981 1315 1237 1368 revocari
1286 1315 1494 1369 debere
1534 1316 1602 1370 ad
1653 1333 1818 1371 suam
1861 1318 1963 1372 Ec-

263 1401 493 1455 clesiam
540 1401 600 1454 in
647 1417 758 1471 qua
789 1401 1060 1471 primitus
1111 1403 1363 1456 ordinati
1412 1407 1565 1471 sunt,
1613 1409 1670 1458 et
1712 1404 1793 1458 ibi
1833 1409 1960 1459 tan-

261 1489 558 1543 tummodo
591 1489 936 1543 ministrare.

261 1577 388 1631 CAP.
437 1578 631 1632 XCVII.
665 1607 736 1616 —
771 1577 849 1630 De
878 1577 1170 1645 ordinatis,
1202 1593 1268 1631 ne
1298 1578 1363 1632 de
1409 1581 1630 1634 civitate
1660 1583 1717 1634 in
1765 1584 1960 1635 civita-

517 1653 621 1702 tem
646 1653 832 1702 contra
856 1649 950 1717 jus
981 1664 1244 1702 canonum
1279 1652 1706 1716 transferantur.

329 1719 448 1789 (Em
501 1720 690 1773 concil.
749 1720 982 1780 Niceno,
1048 1735 1165 1788 cap.
1228 1720 1336 1789 l5.)
1404 1723 1646 1791 Propter
1721 1722 1960 1777 multam

257 1806 751 1876 perturbationem
786 1811 841 1860 et
870 1807 1175 1860 seditiones
1207 1823 1335 1878 qua:
1374 1808 1543 1873 ﬁunt,
1573 1809 1790 1879 placuit
1819 1826 1958 1864 con-
1990 1822 2031 1876 Β

258 1885 623 1948 su'etudinem
662 1895 1012 1949 omnimodis
1064 1897 1370 1966 amputari,
1422 1913 1550 1968 quae
1600 1898 1810 1967 praeter
1868 1914 1958 1953 re-

256 1985 452 2053 gulam
501 1984 558 2036 in
604 1984 948 2054 quibusdam
998 1985 1259 2054 partibus
1306 1986 1530 2040 videtur
1575 1987 1845 2052 admissa,
1882 1986 1960 2040 ita

258 2077 321 2124 ut
364 2072 434 2125 de
478 2071 705 2125 civitate
772 2073 832 2124 in
894 2071 1222 2132 civitatem,
1265 2089 1382 2126 non
1439 2073 1779 2144 episcopus,
1841 2091 1958 2129 non

254 2159 589 2230 presbyter,
643 2175 758 2212 non
802 2159 1077 2213 diaconus
1126 2160 1522 2215 transferatur.
1569 2161 1628 2216 Si
1680 2162 1808 2232 quis
1855 2178 1957 2215 au-

254 2251 373 2300 tem
419 2251 552 2316 post
593 2246 991 2302 definitionem
1037 2248 1217 2301 sancti
1257 2253 1312 2302 et
1352 2249 1547 2318 magni
1590 2249 1814 2303 concilii
1845 2251 1959 2304 tale

254 2335 472 2403 aliquid
521 2351 692 2404 agere
738 2337 1062 2400 tentaverit,
1121 2341 1179 2390 et
1225 2353 1284 2390 se
1334 2337 1666 2407 hujusmodi
1721 2339 1956 2410 negotio

253 2423 615 2492 manciparit,
649 2423 756 2477 hoc
795 2423 1008 2477 factum
1057 2441 1292 2494 prorsus
1331 2425 1392 2479 in
1429 2425 1662 2479 irritum
1691 2426 1956 2495 ducatur,

254 2514 312 2562 et
367 2511 704 2564 restituatur
767 2511 1028 2565 Ecclesiae
1087 2513 1178 2565 cui
1225 2511 1399 2566 fuerit
1454 2513 1800 2583 episcopus,
1860 2518 1958 2569 aut

251 2598 566 2667 presbyter,
610 2603 712 2653 aut
741 2598 1017 2652 diaconus
1047 2599 1366 2654 ordinatus.

645 2687 772 2739 CAP.
802 2686 1030 2740 XCVIII.
1065 2717 1133 2726 —
1166 2690 1238 2740 De
1267 2688 1450 2741 eadem
1478 2703 1558 2742 re.

323 2773 441 2844 (Em
471 2774 670 2840 eodem,
703 2789 824 2844 cap.
870 2773 978 2844 16.)
1025 2774 1362 2846 Quicunque
1394 2780 1610 2831 temere
1642 2793 1706 2831 ac
1730 2778 1953 2848 pericu-

250 2861 389 2928 lose,
430 2878 618 2932 neque
663 2862 929 2916 timorem
984 2863 1215 2916 Domini
1264 2880 1384 2933 pra:
1424 2864 1604 2918 oculis
1653 2865 1948 2934 habentes,

250 2965 356 3003 nec
405 2956 776 3020 agnoscentes
833 2952 1270 3006 ecclesiasticam
1322 2954 1602 3022 regulam,
1653 2954 1953 3010 discedunt

250 3038 321 3091 ab
365 3039 626 3104 Ecclesia,
673 3040 993 3109 presbyteri
1044 3045 1144 3093 aut
1189 3041 1438 3107 diaconi,
1480 3042 1568 3095 vel
1616 3042 1950 3114 quicunque

249 3126 352 3179 sub
403 3127 605 3196 regula
642 3142 875 3196 prorsus
926 3127 1198 3193 existunt,
1243 3129 1302 3182 hi
1334 3144 1702 3198 nequaquam
1743 3131 1952 3186 debent

249 3213 312 3266 in
345 3215 515 3267 aliam
565 3214 871 3268 Ecclesiam
903 3216 1100 3284 recipi,
1151 3216 1248 3268 sed
1281 3232 1514 3269 omnem
1555 3218 1950 3274 necessitatem

248 3303 517 3355 convenit
563 3302 674 3355 illis
721 3303 962 3371 imponi,
1026 3307 1090 3356 ut
1135 3303 1206 3357 ad
1255 3319 1385 3356 suas
1424 3305 1722 3374 parochias
1758 3321 1948 3360 rever-

246 3394 463 3443 tantur.
517 3390 679 3453 Quod
727 3391 775 3444 si
823 3407 938 3444 non
968 3391 1227 3455 fecerint,
1279 3396 1506 3462 oportet
1547 3408 1646 3447 eos
1682 3409 1950 3448 commu-

251 3477 423 3531 nione
451 3477 682 3547 privari.

249 3567 614 3642 CAELXCIX.
678 3598 745 3642 έ
801 3570 880 3624 Ne
929 3569 1237 3642 presbyteri
1294 3584 1460 3624 causa
1517 3571 1804 3638 legationis
1851 3588 1950 3642 per

369 3637 589 3691 diversa
617 3641 910 3692 mittantur
941 3640 1074 3707 loca,
1110 3656 1243 3694 cura
1270 3644 1582 3694 animarum
1607 3643 1818 3698 relicta.

318 3724 435 3794 (Ea:
465 3726 660 3779 concil.
717 3727 1051 3792 Arelatensi,
1100 3742 1220 3796 cap.
1271 3727 1347 3798 3.)
1403 3727 1690 3782 Statutum
1744 3733 1830 3783 est
1885 3735 1950 3784 ut

244 3811 585 3882 presbyteri,
619 3813 766 3866 sicut
807 3815 1084 3868 hactenus
1115 3815 1328 3869 factum
1359 3819 1464 3881 est,
1510 3815 1813 3872 indiscrete
1843 3833 1948 3888 per

245 3899 470 3953 diversa
517 3916 633 3954 non
678 3900 979 3954 mittantur
1026 3903 1166 3967 loca,
1219 3919 1324 3956 nec
1369 3903 1440 3957 ab
1493 3904 1800 3975 episcopis,
1842 3922 1947 3960 nec

243 3987 314 4041 ab
362 3988 488 4041 aliis
537 3989 809 4058 prmlatis,
846 4006 947 4043 nec
998 3989 1170 4044 etiam
1203 4007 1237 4044 a
1282 3990 1463 4054 laicis,
1513 4008 1582 4046 ne
1629 3993 1778 4046 forte
1809 4010 1944 4064 pro-

241 4080 371 4145 pter
417 4092 619 4130 eorum
673 4077 1032 4143 absentiam,
1099 4083 1154 4132 et
1211 4079 1538 4134 animarum
1595 4080 1851 4150 pericula
1888 4085 1946 4137 et

242 4164 620 4218 Ecclesiarum
664 4165 724 4218 in
768 4166 976 4236 quibus
1025 4166 1323 4221 constituti
1370 4173 1522 4234 sunt,
1573 4169 1944 4240 negligantur

242 4252 448 4376 “illis:
477 4323 534 4377 C.
567 4354 634 4365 —-
667 4323 818 4389 Quod
839 4325 1149 4394 presbyteri
1177 4326 1396 4381 assidue
1421 4328 1590 4395 legere
1619 4329 1864 4384 debeant.

313 4412 420 4480 (Ea:
463 4411 625 4466 dictis
665 4413 923 4482 August.)
976 4415 1316 4485 Presbyteri,
1377 4423 1604 4487 oportet
1654 4434 1754 4472 vos
1802 4419 1941 4472 assi-

243 4498 521 4553 duitatem
554 4500 763 4555 habere
792 4502 1045 4572 legendi,
1076 4509 1134 4557 et
1157 4503 1486 4559 instantiam
1521 4506 1724 4560 orandi
1757 4523 1769 4560 :
1804 4506 1940 4576 quia

239 4585 356 4640 vita
401 4587 505 4641 viri
529 4588 670 4658 justi
711 4590 954 4644 lectione
995 4591 1321 4657 instruitur,
1371 4594 1630 4648 oratione
1675 4599 1935 4661 ornatur,

239 4680 297 4727 et
354 4677 684 4732 assiduitate
730 4679 993 4734 lectionis
1046 4683 1308 4737 munitur
1353 4683 1527 4737 homo
1581 4699 1613 4736 a
1671 4686 1936 4752 peccato,

233 4763 401 4832 juxta
430 4765 594 4819 illum
625 4767 727 4838 qui
756 4768 980 4824 dicebat
1015 4787 1028 4824 :
1081 4772 1143 4825 In
1174 4773 1344 4826 corde
1373 4787 1501 4825 meo
1531 4770 1803 4825 abscondi
1827 4770 1941 4823 elo-

237 4852 374 4922 quia
405 4858 522 4920 tua,
559 4859 622 4908 ut
662 4873 778 4910 non
817 4873 1047 4928 peccem
1079 4861 1201 4915 tibi.
1241 4863 1372 4916 Haec
1409 4863 1542 4914 sunt
1571 4862 1726 4913 enim
1757 4873 1934 4922 arma,

238 4938 502 4995 videlicet
531 4943 696 4997 lectio
748 4950 802 4999 et
833 4948 1038 5014 oratio,
1087 4949 1298 5020 quibus
1331 4947 1596 5002 diabolus
1643 4961 1937 5015 expugna-

234 5031 350 5080 tur.
386 5028 514 5082 Haec
545 5037 680 5085 sunt
723 5033 1106 5090 instrumenta
1148 5037 1359 5107 quibus
1389 5039 1604 5088 aeterna
1636 5030 1937 5086 beatitudo

234 5117 567 5186 acquiritur.
625 5120 718 5174 His
767 5123 941 5176 armis
984 5123 1122 5177 vitia
1163 5122 1644 5192 comprimuntur,
1703 5118 1794 5173 his
1841 5119 1941 5171 ali-

236 5205 442 5258 mentis
491 5206 731 5262 virtutes
777 5211 1136 5265 nutriuntnr.
1187 5211 1297 5265 Sed
1330 5214 1388 5262 et
1417 5209 1464 5261 si
1515 5206 1748 5278 quando
1793 5221 1826 5258 a
1855 5205 1937 5259 le-

233 5292 418 5346 ctione
465 5303 737 5364 cessatur,
781 5299 952 5352 debet
999 5314 1279 5354 manuum
1313 5297 1574 5366 operatio
1613 5292 1888 5364 subSequi
1921 5309 1934 5346 :

233 5379 369 5449 quia
399 5382 656 5438 otiositas
705 5385 940 5439 inimica
984 5391 1069 5439 est
1114 5386 1342 5439 animm.
1398 5384 1463 5436 Et
1511 5381 1785 5451 antiquus
1831 5381 1939 5433 ho-

234 5469 356 5533 stis,
389 5485 561 5539 quem
594 5489 623 5525 a
671 5473 916 5527 lectione
966 5473 1082 5528 sive
1124 5475 1196 5528 ab
1235 5471 1496 5526 oratione
1525 5475 1825 5522 vacantem
1854 5469 1940 5521 in-

233 5557 472 5622 venerit,
518 5558 681 5614 facile
712 5561 782 5615 ad
823 5561 960 5614 vitia
1001 5562 1170 5633 rapit.
1207 5561 1316 5614 Per
1365 5573 1534 5612 usum
1565 5572 1816 5626 namque
1849 5556 1938 5609 le-

231 5642 436 5697 ctionis
487 5645 713 5701 discetis
743 5649 992 5718 qualiter
1034 5657 1090 5703 et
1138 5665 1234 5704 vos
1265 5646 1484 5713 vivatis,
1535 5649 1593 5700 et
1643 5644 1788 5698 alios
1837 5644 1936 5697 do-

2077 627 2138 680 in
2179 626 2455 680 charitate
2498 623 2794 695 conjuncti
2842 624 2996 689 estis,
3031 624 3297 694 prodesse
3344 623 3624 677 valebitis.
3675 623 3787 678 Per

2079 730 2357 768 manuum
2402 715 2799 785 operationem
2829 717 2887 767 et
2927 712 3181 784 corporis
3221 712 3691 777 macerationem,
3727 717 3786 765 et

2079 802 2229 856 vitiis
2278 802 2552 856 alimenta
2607 802 2932 872 negabitis,
2987 806 3045 856 et
3089 800 3293 855 vestris
3345 800 3783 855 necessitatibus

2075 891 2442 959 subvenistis,
2489 896 2547 944 et
2584 889 2873 944 habebitis
2919 889 3072 944 unde
3119 888 3516 943 necessitatem
3555 887 3780 959 patien-

2073 978 2227 1033 tibus
2257 978 2581 1050 porrigatis.

2154 1067 2284 1123 CAP.
2318 1069 2403 1124 CI.
2435 1097 2503 1109 -
2539 1069 2606 1122 Ut
2629 1067 2939 1136 presbyteri
2967 1068 3081 1120 sine
3109 1067 3313 1119 orariis
3339 1079 3446 1119 non
3473 1065 3702 1118 vadunt.

2145 1159 2253 1222 (Ea:
2290 1156 2478 1210 concil.
2512 1153 2780 1224 Mogunt.)
2823 1153 3149 1224 Presbyteri
3194 1153 3317 1207 sine
3347 1152 3778 1206 intermissione

2072 1249 2312 1298 utantur
2365 1243 2569 1297 orariis
2597 1285 2611 1310 ,
2658 1246 2895 1314 propter
2960 1241 3343 1297 differentiam
3409 1241 3779 1296 sacerdotalis

2071 1331 2389 1402 dignitatis.

2070 1438 2202 1492 CAP.
2236 1437 2350 1492 CII.
2399 1466 2471 1478 —
2501 1439 2570 1492 Ut
2615 1437 2839 1491 clericus
2871 1437 3111 1505 artiﬁcio
3144 1437 3359 1490 honesto
3403 1438 3606 1491 victum
3635 1451 3779 1506 quae-

2867 1513 2976 1561 rat.

2142 1594 2260 1665 (Ea:
2318 1595 2506 1648 concil.
2571 1595 2800 1663 Afric.,
2864 1610 2982 1664 cap.
3049 1594 3164 1664 51.)
3223 1594 3472 1649 Clericus
3531 1594 3779 1666 quilibet

2068 1681 2242 1736 verbo
2281 1683 2378 1736 Dei
2409 1683 2666 1737 eruditus
2716 1682 2958 1736 artiﬁcio
2990 1683 3234 1738 honesto
3273 1683 3484 1737 victum
3515 1687 3766 1753 quaerat.

2487 1771 2616 1824 CAP.
2651 1771 2792 1826 CIII.
2832 1801 2890 1812 —
2929 1772 3009 1824 De
3046 1771 3231 1826 eadem
3267 1787 3344 1825 re.

2141 1857 2250 1928 (Ea:
2292 1858 2472 1911 eodem
2506 1859 2719 1926 concil.,
2755 1873 2878 1927 cap.
2920 1857 2993 1926 3.)
3025 1858 3273 1912 Clericus
3315 1857 3531 1912 victum
3579 1863 3638 1912 et
3683 1873 3776 1911 ve-

2069 1945 2264 1999 stitum
2315 1946 2422 1999 sibi
2454 1946 2692 1999 artificio
2725 1947 2812 1999 vel
2849 1946 3202 2016 agricultura
3233 1947 3449 2018 absque
3476 1946 3652 2000 ofﬁcii
3681 1946 3772 2000 sui

2069 2033 2344 2087 duntaxat
2373 2035 2722 2088 detrimento
2749 2039 3053 2104 prwparet.

2069 2139 2197 2194 CAP.
2228 2141 2354 2195 CIV.
2387 2170 2454 2181 —
2495 2144 2568 2195 De
2593 2140 2944 2210 presbyteris,
2975 2142 3294 2194 matutinali
3325 2142 3503 2209 ofﬁcio
3533 2141 3770 2209 expleto,

2670 2212 2808 2279 quid
2835 2227 2995 2279 agere
3018 2212 3262 2265 debeant.

2141 2300 2253 2370 (Ere
2308 2301 2496 2353 concil.
2557 2301 2788 2355 Nannet.
2819 2340 2833 2364 ,
2892 2315 3014 2369 cap.
3074 2299 3190 2368 60.)
3245 2299 3546 2368 Presbyter
3596 2315 3772 2352 mane

2066 2388 2393 2442 matutinali
2447 2388 2635 2442 ofﬁcio
2684 2390 2908 2458 expleto
2942 2430 2956 2454 ,
3013 2405 3258 2458 pensum
3309 2387 3596 2442 servitutis
3647 2404 3772 2441 sua:

2066 2477 2324 2531 canendo
2377 2477 2647 2543 Primam,
2680 2478 2951 2545 Tertiam,
2987 2477 3236 2544 Sextam,
3274 2478 3609 2546 Nonamque
3635 2492 3772 2545 per-

2066 2567 2246 2619 solvat
2305 2581 2319 2618 :
2364 2565 2442 2619 ita
2483 2569 2695 2629 tamen,
2745 2569 2808 2619 ut
2856 2571 3058 2635 postea
3103 2564 3264 2618 horis
3309 2565 3772 2634 competentibus

2065 2659 2124 2708 et
2151 2653 2328 2724 signis
2358 2653 2796 2722 designantibns
2817 2653 2980 2723 juxta
3009 2653 3468 2723 possibilitatem,
3499 2657 3598 2705 aut
3625 2669 3657 2704 a
3683 2669 3767 2714 se,

2063 2747 2164 2796 aut
2210 2758 2244 2795 a
2283 2741 2596 2795 scolaribus
2637 2742 2864 2812 publice
2911 2743 3322 2812 compleantur.
3376 2740 3592 2795 Deinde
3638 2756 3772 2810 per-

2063 2830 2200 2884 actis
2245 2829 2421 2895 horis,
2481 2829 2728 2884 inﬁrmis
2781 2829 3044 2894 visitatis,
3095 2829 3143 2883 si
3200 2830 3442 2882 voluerit
3489 2829 3556 2882 ad
3616 2845 3770 2898 opus

2062 2918 2250 2971 rurale
2291 2923 2455 2972 exeat
2493 2918 2752 2988 jejunus,
2795 2923 2858 2972 ut
2883 2918 3096 2972 iterum
3127 2917 3560 2971 necessitatibus
3591 2933 3766 2987 pere.-

2060 3004 2360 3073 grinorum
2409 3012 2464 3058 et
2507 3005 2822 3074 hospitum,
2873 3005 2988 3058 sive
3039 3006 3398 3059 diversorum
3439 3019 3767 3058 commean-

1985 3095 2024 3149 C
2063 3091 2242 3158 tium,
2280 3092 2641 3145 inﬁrmorum
2691 3108 2920 3163 quoque
2963 3097 3134 3163 atque
3182 3092 3582 3147 defunctorum
3632 3107 3764 3145 suc-

2059 3195 2289 3233 currere
2331 3180 2510 3250 possit
2551 3196 2735 3250 usque
2765 3181 2836 3234 ad
2871 3185 3139 3234 statutam
3172 3181 3397 3247 horam,
3445 3196 3546 3250 pro
3573 3181 3762 3250 quali-

2059 3271 2173 3322 tate
2203 3267 2476 3338 temporis
2504 3271 2560 3321 et
2588 3268 3054 3338 opportunitatis.

2504 3375 2631 3428 CAP.
2667 3374 2772 3428 CV.
2806 3405 2874 3413 —
2904 3377 2982 3428 De
3005 3374 3191 3428 eadem
3221 3390 3300 3428 re.

2129 3460 2238 3530 (Ea:
2267 3461 2428 3516 dictis
2477 3461 2798 3531 Benedicti.)
2830 3463 3118 3533 Propheta
3160 3462 3405 3530 dicente,
3439 3462 3660 3533 Septies
3697 3464 3765 3517 in

2057 3548 2150 3602 die
2204 3550 2434 3604 laudem
2483 3550 2602 3603 dixi
2642 3550 2749 3604 tibi
2801 3566 2814 3604 :
2860 3552 2960 3621 qui
3009 3551 3369 3622 septenarius
3407 3567 3681 3605 numerus
3727 3567 3765 3605 a

2056 3637 2220 3692 nobis
2266 3638 2346 3692 sic
2393 3637 2746 3709 implebitur,
2794 3638 2842 3691 si
2882 3639 3197 3705 Matutino,
3242 3639 3470 3704 Primae,
3530 3639 3760 3707 Tertiae,

2055 3725 2256 3790 Sextus,
2319 3727 2514 3795 Nonas,
2566 3727 2867 3796 Vespere,
2928 3726 3415 3798 Completoriique
3469 3732 3760 3798 tempore,

2053 3820 2265 3869 nostra:
2305 3815 2593 3870 servitutis
2636 3814 2820 3868 ofﬁcia
2871 3816 3262 3886 persolvamus
3320 3832 3332 3869 ε
3369 3815 3503 3886 quia
3547 3815 3617 3869 de
3668 3815 3763 3870 his

2053 3903 2195 3957 dixit
2226 3905 2530 3973 Propheta.
2566 3903 2708 3957 Nam
2748 3903 2818 3958 de
2851 3903 3145 3957 nocturnis
3190 3903 3404 3974 vigiliis
3435 3904 3585 3957 idem
3629 3903 3757 3973 ipse

2051 3991 2132 4046 ait
2165 4008 2177 4045 :
2215 3991 2396 4046 Media
2425 3997 2591 4045 nocte
2622 3991 2930 4061 surgebam
2961 3991 3030 4045 ad
3061 3991 3450 4046 confitendum
3484 3991 3609 4057 tibi,
3643 3999 3754 4046 etc.

2052 4081 2198 4151 Ergo
2238 4079 2328 4134 his
2374 4079 2734 4149 temporibus
2773 4079 3089 4133 referamus
3135 4080 3332 4134 laudes
3364 4080 3619 4135 Creatori
3654 4095 3759 4134 no-

2051 4174 2188 4236 stro,
2226 4183 2401 4238 super
2419 4166 2639 4236 judicia
2665 4166 2905 4236 justitiae
2939 4183 3072 4221 suae.

2051 4275 2180 4329 CAP.
2239 4273 2394 4344 CVI.A
2423 4301 2494 4311 —
2529 4271 2682 4342 Quod
2727 4287 2984 4339 magnum
3033 4275 3334 4343 periculum
3387 4276 3460 4329 sit
3514 4276 3753 4344 aliquem

2121 4346 2244 4412 ﬁeri
2287 4342 2528 4412 judicent
2593 4344 2714 4396 vita
2757 4344 2947 4398 alienae
2970 4385 2983 4409 ,
3033 4342 3131 4412 qui
3181 4347 3350 4399 nescit
3403 4360 3559 4400 suam
3601 4342 3750 4400 tem-

2119 4429 2338 4483 perare.

2122 4503 2232 4572 (Ea:
2293 4501 2457 4554 dictis
2501 4499 2767 4571 August.)
2817 4501 3181 4556 Admonendi
3241 4507 3373 4556 sunt
3429 4503 3751 4573 presbyteri

2047 4597 2112 4644 ut
2141 4589 2501 4659 perpendant
2530 4589 2666 4659 quia
2707 4589 2988 4660 quidquid
3032 4607 3067 4643 a
3113 4590 3382 4645 fidelibus
3414 4591 3602 4656 datur,
3649 4607 3752 4645 re-

2047 4677 2303 4747 demptio
2358 4683 2723 4748 peccatorum
2779 4683 2863 4732 est
2915 4693 2928 4731 :
2983 4684 3040 4732 et
3081 4678 3211 4732 ideo
3268 4694 3382 4732 non
3430 4679 3753 4748 glorientur

2045 4765 2258 4818 talibus
2304 4765 2630 4842 sumptibus
2675 4766 2782 4832 uti,
2829 4767 2927 4820 sed
2967 4767 3149 4834 magis
3198 4766 3440 4820 timeant
3482 4767 3634 4838 quod
3687 4768 3752 4822 in

2047 4851 2235 4906 Veteri
2263 4853 2627 4907 Testamento
2648 4853 2718 4908 de
2740 4854 3131 4908 sacerdotibus
3159 4855 3377 4909 dictum
3405 4861 3510 4923 est,
3539 4856 3754 4927 iniquis

2045 4945 2224 4996 tatem
2247 4942 2445 5012 populi
2475 4958 2574 4996 eos
2606 4943 2814 4997 debere
2840 4947 3085 5014 portare.
3122 4945 3189 4998 Et
3217 4944 3344 4999 ideo
3371 4961 3503 4999 cum
3535 4961 3750 5016 magno

2047 5027 2252 5082 timore
2284 5044 2456 5098 super
2481 5045 2580 5083 eos
2609 5029 2836 5083 solliciti
2869 5030 3002 5093 sint,
3035 5046 3284 5101 quorum
3320 5031 3486 5086 donis
3515 5033 3750 5102 partici-

2045 5121 2260 5185 pantur
2305 5131 2329 5188 ε,
2354 5115 2489 5185 quia
2535 5132 2810 5186 magnum
2840 5117 3163 5187 periculum
3213 5123 3297 5172 est
3334 5118 3591 5187 judicem
3621 5118 3750 5175 ﬁeri

2047 5203 2179 5256 vita:
2205 5202 2430 5270 alienae,
2462 5203 2563 5272 qui
2594 5205 2773 5258 nescit
2800 5209 2994 5258 tenere
3025 5206 3414 5260 moderamina
3443 5207 3575 5261 vitae
3604 5223 3744 5263 suae.

2049 5310 2174 5364 CAP.
2225 5309 2382 5363 CVII.
2437 5337 2501 5348 —
2556 5311 2624 5364 Ut
2661 5310 2970 5435 presfytteri
3010 5313 3181 5381 juxta
3230 5314 3505 5368 ecclesiam
3556 5314 3750 5383 hospi-

2817 5398 2880 5434 en
2907 5399 2990 5435 ur.

2817 5398 2903 5435 ent
2907 5399 2990 5436 ur.

2119 5464 2230 5533 (Ea:
2258 5467 2445 5520 concil.
2497 5466 2776 5536 Meldensi,
2829 5485 2949 5540 cap.
3005 5473 3083 5538 5.)
3133 5473 3203 5525 Ut
3253 5471 3573 5542 presbyteri
3613 5473 3747 5527 nul-

2045 5555 2270 5608 latenus
2319 5553 2668 5626 ubicumque
2725 5557 3007 5628 hospitari
3059 5560 3346 5628 sinantur,
3397 5567 3498 5616 aut
3547 5561 3746 5631 aliquo

2046 5641 2219 5695 modo
2295 5640 2407 5712 ipsi
2458 5650 2816 5714 prmsumant
2843 5686 2860 5713 ,
2932 5647 3032 5702 sed
3109 5649 3338 5704 assidue
3409 5649 3559 5719 apud
3613 5667 3748 5705 snas
