4200 6460
305 425 396 476 645

1242 422 1716 477 DECRETORUM
1758 423 1943 478 LIBRI
1980 423 2088 477 XX.
2132 453 2199 462 -—
2238 424 2441 478 LIBER
2480 424 2855 478 SECUNDUS.

3691 429 3792 481 646

304 548 569 602 ecclesias
617 564 738 601 esse
793 547 1059 601 studeant
1096 550 1332 616 propter
1378 562 1537 599 sacra
1589 546 1880 616 mysteria,
1912 546 1997 598 vel
2027 550 2074 602 Α
2112 562 2224 616 quo
2269 553 2327 601 et
2370 546 2523 599 salva
2575 546 2645 599 sit
2689 546 2933 599 charitas
2979 546 3423 613 connubiorum,
3476 550 3533 601 et
3575 551 3797 601 cessent

304 637 653 701 ministeria,
726 635 990 689 ﬁdelibus
1041 634 1394 701 exhibenda,
1455 651 1557 687 nec
1622 634 1796 686 etiam
1861 633 1997 687 alibi

302 725 561 780 habitare
594 723 1028 794 permittantur.
1060 724 1254 791 Neque
1290 720 1560 775 mulieres
1598 736 1997 792 quamcunque

304 812 729 867 habitationem
761 811 1009 864 habeant
1038 809 1099 862 in
1142 809 1279 863 locis
1317 810 1376 862 in
1426 809 1635 879 quibus
1680 808 1997 879 presbyteri

306 901 559 972 aliquem
636 915 933 953 recursum
981 898 1307 952 habuerint.
1376 897 1537 961 Quod
1598 897 1645 950 si
1702 896 1999 950 observare

304 988 800 1061 parvipenderint,
834 987 913 1041 ita
945 992 1005 1040 ut
1052 991 1523 1055 transgressores,
1567 990 1622 1039 et
1665 984 1765 1056 qui
1805 990 2001 1038 contra

307 1078 610 1132 interdicta
641 1076 901 1143 fecerint,
929 1074 1281 1145 judicentur.

306 1168 432 1222 CAP.
479 1166 667 1220 CVIII.
723 1194 789 1203 —
833 1167 904 1217 De
945 1162 1289 1231 presbytero,
1339 1165 1388 1216 si
1434 1177 1654 1215 umorem
1704 1164 1998 1230 acceperit,

1000 1234 1320 1300 deponatur.

373 1308 491 1376 (Ea:
538 1306 725 1360 concii.
785 1306 1225 1371 Niocaesariensi,
1275 1317 1394 1370 cap.
1456 1304 1532 1372 t.)
1599 1302 1901 1372 Presbyter
1956 1302 2004 1354 si

302 1409 551 1448 uxorem
614 1391 917 1461 acceperit,
968 1391 1038 1445 ab
1094 1390 1295 1444 ordine
1354 1390 1691 1460 deponatur.
1756 1390 1815 1443 Si
1871 1406 2003 1443 vero

302 1482 621 1535 fornicatus
652 1479 846 1541 fuerit,
878 1482 977 1531 aut
1026 1477 1370 1531 adulterium
1414 1477 1848 1547 perpetraverit,
1878 1493 2005 1530 am-

300 1570 459 1640 plius
508 1568 647 1639 pelli
686 1567 872 1633 debet,
920 1570 975 1619 et
1018 1566 1087 1619 ad
1136 1565 1534 1635 paenitentiam
1570 1565 1770 1634 redigi.
1821 1565 2006 1619 Simili

301 1657 487 1711 modo
519 1656 693 1709 etiam
728 1655 1022 1718 diaconus,
1053 1652 1098 1705 si
1128 1653 1329 1706 eodem
1362 1658 1589 1721 peccato
1625 1652 2003 1717 succubuerit,

300 1746 372 1798 ab
402 1744 614 1798 ordine
649 1741 954 1796 ministerii
986 1740 1369 1794 subtrahatur.

731 1832 858 1885 CAP.
903 1831 1033 1885 CIX.
1076 1858 1144 1868 -—
1188 1832 1260 1883 De
1300 1829 1482 1882 eadem
1510 1844 1585 1881 re.

375 1922 498 1991 (Ea:
528 1920 715 1973 concil.
761 1920 995 1985 Niceno,
1038 1934 1157 1987 cap.
1204 1918 1281 1986 3.)
1329 1916 1626 1970 Interdixit
1668 1930 1772 1985 per
1814 1914 2007 1967 omnia

297 2025 530 2075 magna
570 2007 821 2077 synodus
864 2022 982 2059 non
1014 2006 1300 2075 episcopo,
1347 2021 1463 2057 non
1501 2004 1852 2074 presbytero,
1891 2019 2009 2055 non

297 2098 581 2159 diacono,
635 2096 719 2147 vel
770 2094 937 2147 alicui
980 2094 1210 2146 omnino
1243 2092 1341 2162 qui
1386 2092 1443 2144 in
1494 2093 1643 2144 clero
1691 2095 1792 2155 est,
1842 2091 2009 2143 licere

295 2182 809 2238 subintroductam
867 2181 1078 2233 habere
1133 2180 1466 2243 mulierem,
1520 2178 1629 2231 nisi
1688 2179 1827 2231 forte
1882 2193 2009 2230 ma-

294 2279 485 2337 trem,
545 2276 646 2323 aut
698 2285 976 2332 sororem,
1022 2275 1121 2321 aut
1180 2268 1435 2331 amitam,
1496 2267 1582 2318 vel
1636 2282 1731 2318 eas
1789 2269 2011 2318 tantum

288 2375 590 2432 personas
617 2374 743 2429 qua).
775 2357 1125 2427 suspiciones
1153 2355 1451 2425 effugiunt.

763 2445 890 2499 CAP.
934 2445 1036 2499 CX.
1076 2473 1149 2484 —
1180 2448 1251 2497 De
1280 2444 1461 2497 eadem
1495 2458 1571 2496 re.

371 2538 494 2605 (Em
526 2536 673 2588 decr.
726 2534 930 2601 Syricii
954 2548 1037 2601 p.,
1086 2547 1206 2599 cap.
1262 2530 1371 2599 12.)
1424 2530 1683 2583 Feminas
1721 2544 1851 2581 vero
1894 2544 2011 2581 non

289 2626 449 2677 alias
503 2639 631 2676 esse
676 2622 930 2691 patimur
968 2622 1024 2673 in
1076 2619 1338 2673 domibus
1379 2618 1737 2685 clericorum,
1778 2616 1889 2669 nisi
1919 2632 2011 2669 eas

290 2718 545 2765 tantum
608 2726 749 2779 quas
822 2712 1057 2779 propter
1125 2708 1275 2760 solas
1331 2705 1765 2759 necessitudinis
1817 2720 2010 2758 causas

280 2802 573 2854 habitare
603 2813 734 2852 cum
764 2797 966 2850 iisdem
998 2795 1246 2865 synodus
1280 2794 1505 2847 Nicaana
1535 2793 1813 2864 permisit.

725 2886 851 2939 CAP.
894 2885 1024 2939 CXI.
1067 2913 1135 2925 —-
1170 2887 1241 2938 De
1270 2883 1454 2937 eadem
1492 2898 1567 2935 re.

366 2980 495 3046 (Ea:
526 2976 728 3038 eodem,
763 2989 883 3042 cap.
928 2972 1008 3041 4.)
1041 2972 1326 3026 Statutum
1358 2976 1443 3024 est
1488 2970 1556 3023 ab
1605 2968 1905 3039 episcopis,
1942 2968 2013 3022 de

277 3063 670 3135 presbyteris
716 3060 816 3131 qui
870 3059 1111 3113 feminas
1157 3074 1344 3112 secum
1402 3058 1703 3111 indiscrete
1756 3056 2011 3108 habitare

275 3151 685 3224 permittunt,
720 3153 777 3201 et
796 3152 1033 3217 propter
1052 3147 1160 3199 hoc
1190 3146 1355 3198 malae
1379 3142 1668 3212 opinionis
1693 3142 2013 3212 suspicione

273 3241 691 3301 denotamur,
735 3240 791 3288 et
820 3235 867 3287 si
898 3234 1168 3302 deinceps
1197 3231 1474 3286 admoniti
1508 3247 1620 3284 non
1652 3247 1710 3283 se
1749 3246 2012 3284 correxe-

275 3330 439 3389 rint,
490 3324 658 3378 velut
703 3327 1126 3391 contemptores
1170 3335 1464 3374 sacrorum
1509 3334 1795 3372 canonum
1841 3334 2013 3371 cano-

268 3418 421 3471 nica
456 3411 798 3467 invectione
830 3410 1129 3464 feriantur.

724 3499 851 3552 CAP.
895 3498 1050 3552 CXII.
1092 3526 1163 3538 —
1200 3495 1282 3548 De
1319 3495 1503 3549 eadem
1543 3510 1620 3548 re.

352 3595 487 3664 (Ea:
524 3589 724 3643 concil.
774 3586 1103 3652 Agathensi,
1146 3600 1266 3652 cap.
1311 3584 1383 3652 3.)
1417 3584 1474 3637 ld
1526 3583 1697 3636 etiam
1730 3581 1800 3635 ad
1832 3586 2016 3635 custo-

263 3680 594 3738 diendam
626 3676 799 3729 vitam
830 3678 885 3727 et
914 3674 1125 3727 famam
1167 3672 1398 3742 speciali
1428 3671 1788 3724 ordinatione
1816 3670 2019 3734 praeci-

258 3771 537 3841 pimus,
596 3768 664 3818 ut
712 3763 900 3816 nullus
946 3761 1286 3815 clericorum
1334 3764 1616 3812 extraneae
1671 3758 1743 3811 sit
1788 3757 2020 3810 mulieri

259 3856 579 3929 qualibet
632 3849 1021 3904 consolatione
1073 3853 1169 3901 aut
1215 3846 1601 3900 familiaritate
1651 3848 2016 3912 conjunctus,

260 3954 327 4000 et
357 3959 504 3998 non
562 3940 749 3993 solum
795 3938 855 3991 in
896 3937 1133 3991 domum
1164 3935 1318 3989 illius
1359 3940 1624 3988 extranea
1667 3933 1875 3986 mulier
1904 3949 2020 3985 non

257 4032 578 4097 accedat,
610 4028 709 4080 sed
752 4042 855 4079 nec
902 4025 1023 4094 ipse
1072 4022 1475 4093 frequentandi
1522 4026 1848 4075 extraneam
1894 4037 2021 4074 mu-

258 4124 508 4177 lierem
574 4116 786 4170 habeat
836 4115 1199 4183 potestatem,
1254 4111 1352 4164 sed
1401 4127 1531 4164 cum
1561 4116 1757 4174 “matre
1799 4114 2021 4162 tantum

261 4218 328 4267 et
369 4221 616 4262 sorore
665 4209 723 4256 et
764 4207 953 4271 nepte,
987 4199 1035 4252 si
1084 4199 1349 4253 habuerit
1382 4203 1479 4251 aut
1506 4196 1771 4261 voluerit,
1801 4196 2022 4249 vivendi

250 4302 561 4355 liberam
615 4291 825 4345 habeat
875 4292 1255 4359 potestatem,
1307 4287 1377 4341 de
1428 4286 1637 4356 quibus
1692 4284 2024 4339 nominibus

246 4389 445 4444 nefas
486 4386 601 4437 est
632 4378 785 4432 aliud
818 4393 990 4447 quam
1022 4380 1226 4429 natura
1254 4374 1553 4428 constituit
1587 4373 1890 4442 suspicari.

245 4480 407 4533 CAP.
465 4468 685 4528 CXIII.
736 4495 806 4505 —
857 4467 923 4519 Ut
986 4465 1196 4518 ancillz
1244 4480 1277 4515 a
1326 4463 1539 4517 cellario
1584 4461 2020 4531 presbyterorum

984 4538 1375 4588 removeantur.

325 4620 466 4685 (Ea:
508 4608 724 4667 concil.
769 4608 1034 4667 Remensi,
1080 4620 1198 4673 cap.
1236 4604 1312 4673 3.)
1362 4602 1609 4655 Ancillas
1656 4600 1743 4654 vel
1791 4600 2023 4654 libertas

240 4726 276 4762 a
336 4698 641 4760 cellario
685 4695 774 4747 vel
841 4710 871 4747 a
930 4696 1147 4746 secreto
1195 4690 1535 4753 ministerio,
1584 4694 1640 4742 et
1692 4687 1762 4741 ab
1821 4688 2023 4741 eadem

236 4792 632 4851 mansione
666 4783 724 4836 in
757 4797 871 4852 qua
897 4779 1135 4833 clericus
1164 4782 1376 4844 manet,
1408 4776 1623 4847 placuit
1651 4775 1950 4829 removeri.

236 4886 395 4940 CAP.
455 4872 676 4933 CXIV.
709 4900 778 4909 ——
824 4869 977 4934 Quod
1023 4866 1260 4940 diaconi,
1298 4869 1442 4940 sicut
1485 4867 1857 4940 episcopusuet
1897 4879 2023 4933 pre-

479 4932 732 5015 sbyter,
764 4932 970 4994 cessare
998 4939 1224 4992 debeant
1253 4938 1319 4990 ab
1346 4932 1827 5005 opere‘conjugalz'.

321 5045 462 5113 (Ea)
521 5034 715 5103 epist.
760 5031 917 5082 Leon.
962 5042 1121 5096 pap.,
1170 5042 1290 5094 cap.
1347 5026 1460 5093 I7.)
1501 5025 1615 5113 Ler
1658 5021 2025 5113 continentiae

230 5109 485 5188 eadem
560 5123 671 5174 est
728 5115 922 5170 altaris
982 5114 1284 5179 ministris,
1340 5128 1469 5183 quas
1528 5109 1803 5181 episcopis
1853 5114 2024 5179 atque

228 5206 699 5294 presbyteris.
760 5204 868 5268 Qui
929 5219 1058 5256 cum
1116 5205 1305 5256 essent
1360 5199 1519 5264 laici,
1580 5198 1698 5251 sive
1754 5198 2022 5262 lectores,

226 5289 415 5368 Iicite
481 5306 558 5356 et
628 5310 842 5347 uxores
895 5292 1123 5355 ducere,
1173 5294 1227 5342 et
1272 5289 1422 5342 filios
1478 5301 1774 5357 procreare
1827 5290 2024 5355 potue-

532 5384 665 5442 sed
738 5397 869 5436 cum
934 5380 1001 5433 ad
1080 5378 1385 5449 praedictos
1461 5374 1827 5445 pervenerint
1895 5388 2022 5441 gra-

477 5470 704 5545 cccpit
756 5468 839 5522 eis
900 5483 1009 5521 non
1067 5466 1238 5519 licere
1301 5464 1451 5535 quod
1486 5462 1664 5516 licuit.
1723 5460 1901 5524 Unde,
1964 5463 2030 5512 ut

228 5402 398 5456 runt
420 5435 439 5461 ,

229 5494 402 5555 dus,
477 5494 704 5545 εωριι
756 5494 839 5522 υιδ
900 5494 1009 5521 lluu
1069 5494 1238 5519 ιιυυιυ
1301 5494 1451 5535 quuu
1486 5494 1664 5516 uuuu.
1725 5494 1901 5524 uuuc,
1968 5494 2028 5512 un

228 5582 312 5636 de
352 5562 639 5629 carnali
699 5558 796 5611 ﬁat
844 5555 1099 5626 spiritale
1139 5552 1493 5622 conjugium,
1528 5554 1754 5621 oportet
1782 5564 1878 5636 eos
1923 5562 2028 5601 nec

226 5635 602 5728 dimittere
645 5660 884 5709 uxores,
915 5648 972 5697 et
1023 5641 1188 5712 quasi
1234 5655 1352 5694 non
1398 5638 1648 5694 habeant
1683 5636 1763 5691 sic
1792 5635 2023 5701 habere,

2039 1827 2078 1879 Β

2046 3099 2086 3153 C

2048 4373 2091 4425 D

2109 651 2281 705 opera
2311 634 2665 704 nuptiarum.

2529 723 2659 776 CAP.
2703 722 2849 777 CXV.
2884 753 2951 761 —
2980 725 3053 776 De
3080 722 3261 775 eadem
3286 738 3362 776 re.

2176 812 2285 877 (Ea:
2340 812 2526 864 concit.
2582 813 2872 877 Turonic.,
2925 826 3046 879 cap.
3101 810 3178 880 6.)
3244 812 3308 864 Et
3361 810 3497 880 quia
3564 810 3794 865 diabolo

2108 898 2331 952 nullum
2389 900 2577 951 locum
2627 897 2760 951 dare
2818 903 3062 967 Oportet,
3118 899 3221 952 hoc
3273 899 3559 969 praecipue
3609 904 3796 952 custo-

2110 986 2381 1040 diendum
2430 985 2805 1053 decrevimus,
2836 991 2899 1039 ut
2928 986 3069 1039 nulli
3101 986 3292 1039 clerici
3338 1003 3467 1040 cum
3509 986 3793 1040 extraneis

2110 1074 2337 1128 feminis
2397 1073 2644 1126 habeant
2709 1073 3189 1140 familiaritatem,
3248 1090 3347 1127 nec
3409 1074 3590 1127 ullum
3648 1076 3795 1127 male

2112 1160 2381 1231 loquendi
2430 1161 2515 1213 vel
2568 1160 2850 1214 sentiendi
2892 1160 3216 1215 hominibus
3262 1161 3478 1216 aditum
3524 1162 3798 1229 tribuant,

2113 1249 2250 1319 quia
2296 1249 2627 1319 frequenter
2679 1265 2780 1317 per
2825 1249 2972 1302 hanc
3026 1249 3387 1302 indecentem
3444 1252 3798 1303 occasionem

2113 1336 2413 1404 contingit,
2440 1341 2502 1389 ut
2530 1336 2791 1390 diabolus
2824 1337 2922 1406 qui
2966 1336 3275 1391 insidiatur
3304 1337 3449 1391 sicut
3478 1338 3563 1391 leo
3609 1337 3669 1390 in
3701 1353 3799 1391 cu-

2114 1424 2215 1479 bili
2266 1439 2389 1487 suo,
2419 1425 2488 1477 de
2536 1423 2716 1477 ruinis
2766 1440 3059 1477 servorum
3110 1424 3209 1478 Dei
3257 1426 3507 1479 insultet.
3563 1424 3623 1478 Si
3673 1426 3801 1495 quis

2114 1528 2246 1566 vero
2309 1512 2546 1565 clericus
2620 1514 2749 1582 post
2810 1511 3174 1566 interdictum
3242 1512 3493 1582 episcopi
3560 1512 3649 1566 sui
3714 1513 3802 1566 bis

2114 1601 2395 1655 inhaerere
2449 1600 2911 1670 praesumpserit,
2974 1616 3006 1653 a
3060 1602 3468 1654 communione
3522 1601 3802 1655 habeatur

2115 1689 2357 1743 alienus.

2524 1776 2649 1829 CAP.
2692 1776 2866 1830 CXVI.
2910 1807 2976 1813 —
3008 1779 3079 1829 De
3108 1776 3289 1829 eadem
3322 1792 3395 1830 re.

2190 1865 2299 1931 (Em
2337 1864 2520 1917 concil.
2572 1865 2933 1927 Nannetensi,
2982 1878 3101 1931 cap.
3158 1866 3269 1931 10.)
3322 1864 3701 1918 lnhibendum
3747 1870 3803 1917 et

2117 1952 2299 2004 modis
2345 1950 2613 2004 omnibus
2644 1951 3132 2004 intermiuandum
3162 1956 3266 2016 est,
3300 1957 3362 2004 ut
3390 1952 3582 2004 nullus
3612 1968 3800 2006 sacer-

2118 2039 2221 2091 dos
2271 2054 2364 2090 eas
2418 2054 2688 2108 personas
2738 2037 3112 2101 feminarum,
3174 2040 3317 2091 sicut
3368 2044 3425 2091 et
3480 2040 3536 2091 in
3586 2055 3803 2092 canone

2119 2126 2403 2179 insertum
2435 2127 2774 2191 continetur,
2808 2125 2878 2179 de
2905 2126 3112 2195 quibus
3144 2127 3385 2195 suspicio
3433 2143 3553 2180 esse
3594 2133 3800 2197 potest,

2118 2213 2177 2266 in
2217 2214 2386 2267 domo
2436 2229 2539 2267 sua
2585 2212 2809 2278 habeat,
2843 2214 2940 2266 sed
2992 2229 3175 2282 neque
3208 2213 3328 2266 illas
3374 2230 3514 2284 quas
3561 2230 3804 2268 canones

2118 2302 2457 2364 concedunt,
2504 2306 2768 2366 matrem,
2804 2301 3061 2364 amitam,
3096 2317 3386 2355 sororem:
3440 2303 3595 2372 quia,
3642 2303 3807 2356 insti-

2119 2393 2289 2459 gante
2329 2388 2577 2453 diabolo,
2610 2388 2780 2441 etiam
2813 2387 2871 2440 in
2919 2388 3033 2441 illis
3083 2389 3265 2440 scelus
3296 2389 3626 2459 frequenter
3674 2406 3805 2459 per-

2118 2482 2406 2547 petratum
2454 2476 2761 2546 reperitur,
2795 2481 2894 2529 aut
2938 2477 3108 2529 etiam
3145 2475 3450 2546 impedisse
3494 2494 3634 2547 quas
3676 2478 3807 2532 illa—

2118 2581 2267 2618 rum.
2303 2564 2411 2619 Sed
2448 2564 2495 2617 si
2525 2565 2653 2634 quis
2683 2564 2751 2617 de
2792 2564 2880 2617 his
2911 2564 3179 2617 habuerit
3206 2566 3373 2617 talem
3415 2566 3807 2620 necessitatem

2119 2653 2455 2722 patientem,
2488 2653 2579 2705 cui
2611 2652 2683 2705 sit
2733 2653 3036 2705 necessitas
3080 2654 3416 2706 sustentatio
3465 2655 3806 2725 presbyteri,

2118 2742 2324 2794 habeat
2352 2741 2409 2793 in
2460 2741 2581 2793 vico
2612 2745 2711 2793 aut
2742 2740 2799 2792 in
2843 2739 2974 2792 villa
3022 2740 3257 2793 domum
3289 2742 3460 2809 longe
3501 2758 3531 2794 a
3582 2744 3810 2812 presby-

2117 2827 2227 2880 teri
2274 2826 2727 2890 conversatione,
2762 2834 2816 2878 et
2863 2826 2942 2878 ibi
2991 2826 3070 2879 eis
3100 2826 3494 2879 subministrat
3536 2843 3663 2896 qua:
3704 2843 3810 2879 ne-

2120 2914 2361 2968 cessaria
2406 2917 2554 2967 sunt.
2608 2914 2714 2968 Sed
2758 2914 2867 2967 hoc
2914 2913 3225 2966 secundum
3279 2914 3669 2968 auctoritatem
3718 2930 3809 2967 ca-

2121 3017 2338 3055 nonum
2388 3001 2567 3055 modis
2609 3000 2874 3054 omnibus
2922 3000 3369 3070 prohibendum,
3414 3006 3476 3054 ut
3523 3002 3681 3055 nulla
3728 3001 3807 3054 fe-

2123 3092 2278 3144 mina
2328 3091 2396 3144 ad
2448 3091 2620 3143 altare
2660 3095 2967 3161 praesumat
3016 3090 3299 3155 accedere,
3346 3096 3443 3144 aut
3478 3092 3809 3161 presbytero

2123 3179 2468 3244 ministrare,
2506 3183 2603 3231 aut
2630 3178 2777 3231 infra
2803 3178 3081 3231 cancellos
3113 3184 3261 3231 stare
3294 3184 3392 3231 aut
3422 3178 3638 3232 sedere.

2415 3266 2543 3320 CAP.
2586 3266 2787 3321 CXVII.
2829 3296 2897 3304 —
2935 3270 3008 3319 De
3038 3267 3511 3320 incontinentibus.

2196 3353 2313 3421 (Er
2341 3346 2889 3421 canon.apostolor.,
2922 3368 3042 3421 cap.
3085 3354 3198 3422 22.)
3243 3355 3321 3407 De
3362 3353 3711 3424 presbyteris
3758 3358 3814 3406 et

2126 3441 2464 3495 diaconibus
2508 3441 2829 3494 divinarum
2878 3442 3071 3509 legum
3111 3448 3195 3494 est
3224 3441 3544 3511 disciplina,
3577 3446 3641 3494 ut
3663 3441 3815 3495 inter

2124 3528 2546 3583 incontinentes
2576 3529 2635 3581 in
2667 3528 2865 3581 ofﬁciis
2913 3528 3120 3581 talibus
3149 3528 3340 3597 positi,
3386 3529 3544 3582 omni
3592 3529 3814 3582 honore

2126 3616 2506 3671 ecclesiastico
2548 3615 2860 3685 priventur,
2895 3631 2995 3669 nec
3036 3616 3414 3669 admittuntur
3455 3617 3523 3670 ad
3564 3617 3671 3669 tale
3705 3617 3811 3670 mi-

2124 3704 2444 3768 nisterium,
2476 3704 2624 3773 quod
2657 3704 2774 3757 sola
2804 3703 3154 3757 continentia
3183 3709 3408 3774 oportet
3438 3703 3686 3773 impleri.

2128 3810 2253 3865 CAP.
2297 3810 2524 3865 CXVIII.
2573 3839 2640 3846 —
2688 3811 2761 3863 De
2805 3808 3096 3872 ordinatis,
3149 3808 3293 3876 quod
3329 3825 3449 3862 cum
3494 3810 3814 3863 mulieribus

2691 3881 2830 3933 coire
2867 3896 2972 3932 non
3004 3879 3246 3933 debeant.

2199 3968 2306 4037 (Ea:
2335 3967 2558 4033 eodem.)
2606 3968 2886 4020 Praeterea
2920 3967 3071 4037 quod
3102 3967 3341 4037 dignum
3371 3971 3426 4019 et
3453 3966 3724 4036 pudicum
3758 3974 3815 4020 et

2129 4056 2433 4109 honestum
2482 4060 2582 4119 est,
2617 4060 2810 4108 tenere
2843 4056 3085 4108 Ecclesia
3126 4056 3361 4109 omnino
3409 4055 3594 4119 debet,
3627 4060 3689 4109 ut
3728 4071 3815 4107 sa-

2130 4144 2385 4196 cerdotes
2451 4149 2508 4196 et
2574 4144 2775 4196 Levitaa
2828 4159 2955 4196 cum
3014 4144 3349 4197 mulieribus
3412 4159 3527 4196 non
3581 4148 3813 4197 coeant:

2132 4233 2266 4302 quia
2317 4232 2623 4286 ministerii
2664 4232 3015 4302 quotidianis
3063 4233 3492 4287 necessitatibus
3535 4248 3817 4302 occupan-

2132 4326 2244 4374 tur.
2294 4320 2579 4390 Scriptum
2625 4325 2743 4373 est:
2785 4320 2973 4374 Sancti
3012 4325 3208 4385 estote,
3245 4321 3516 4391 quoniam
3547 4336 3650 4391 ego
3692 4336 3819 4373 san-

2132 4415 2252 4463 ctus
2280 4425 2404 4462 sum
2442 4408 2714 4461 Dominus
2747 4409 2892 4460 Deus
2922 4412 3126 4460 vester.

2202 4497 2337 4551 CAP.
2381 4498 2551 4551 CXIX.
2592 4526 2658 4533 —
2692 4498 2759 4549 De
2784 4494 3070 4558 ordinatis,
3103 4497 3153 4548 si
3170 4508 3364 4548 usuras
3391 4497 3744 4549 exercuerim.

2202 4585 2315 4653 (Ea:
2367 4584 2585 4651 eodem.)
2641 4583 2977 4652 Episcopus,
3027 4583 3355 4651 presbyter,
3401 4586 3497 4634 aut
3547 4581 3821 4635 diaconus

2132 4687 2331 4725 usuras
2361 4688 2393 4723 a
2436 4670 2787 4724 debitoribus
2836 4668 3091 4739 exigens,
3133 4675 3231 4721 aut
3269 4669 3506 4734 desinat,
3539 4674 3639 4723 aut
3668 4674 3820 4723 certe

2132 4760 2460 4814 damnetur.

2535 4846 2661 4900 CAP.
2704 4845 2853 4900 CXX.
2892 4873 2965 4885 —
3007 4845 3085 4897 De
3112 4845 3295 4898 eadem
3323 4862 3399 4899 re.

2203 4934 2311 5001 (Ea:
2342 4935 2527 4989 concit.
2576 4936 2803 4998 Nicaeae,
2841 4949 2959 5002 cap.
3014 4933 3124 5002 I7.)
3168 4933 3452 4997 Quoniam
3502 4933 3667 4987 multi
3715 4934 3819 4988 sub

2134 5025 2335 5094 regula
2379 5023 2671 5078 constituti
2713 5022 3009 5076 avaritiam
3065 5028 3119 5075 et
3165 5023 3355 5092 turpia
3404 5024 3560 5076 lucra
3610 5028 3824 5077 sectan-

2134 5118 2246 5177 tur,
2275 5112 2553 5181 oblitique
2580 5111 2786 5165 divinae
2819 5110 3123 5180 Scriptura:
3155 5110 3429 5164 dicentis:
3466 5131 3491 5159 α
3528 5111 3632 5174 Qui
3662 5126 3824 5179 pecu-

2135 5200 2289 5254 niam
2333 5217 2492 5253 suam
2531 5216 2643 5253 non
2676 5198 2828 5253 dedit
2860 5199 2929 5253 ad
2962 5214 3217 5257 usuram,
3252 5218 3279 5247 ι)
3327 5204 3591 5251 mutuum
3624 5198 3823 5251 dantes

2133 5289 2463 5344 centesimas
2508 5288 2762 5358 exigunt,
2805 5288 2959 5357 juste
3004 5287 3224 5340 censuit
3273 5290 3465 5338 sancta
3511 5290 3567 5337 et.
3616 5300 3826 5354 magna

2134 5379 2403 5447 synodus,
2440 5382 2499 5430 ut
2533 5377 2577 5428 si
2617 5377 2744 5447 quis
2777 5376 3041 5428 inventus
3082 5374 3255 5427 fuerit
3284 5378 3409 5441 post
3440 5373 3583 5425 hanc
3610 5372 3822 5425 defini-

2134 5466 2351 5518 tionem
2397 5481 2599 5517 usuras
2631 5463 2932 5533 accipiens,
2965 5467 3060 5515 aut
3109 5477 3172 5514 ex
3206 5460 3607 5513 adiuventione
3636 5460 3825 5530 aliqua

2135 5547 2222 5599 vel
2253 5546 2509 5617 quolibet
2538 5545 2707 5599 modo
2735 5543 3027 5614 negotium
3059 5541 3363 5607 transiens,
3397 5548 3495 5595 aut
3526 5541 3821 5608 bemiolia,

2136 5633 2194 5686 id
2225 5639 2330 5702 est,
2365 5632 2621 5702 sescupla
2649 5632 2903 5701 exigens,
2939 5630 3027 5684 vel
3069 5628 3287 5700 aliquid
3314 5629 3426 5684 tale
3460 5644 3693 5700 prorsus
3725 5644 3825 5683 ex-
