3950 6440
311 359 415 413 647

1404 352 1812 409 ΒΠΒΟΗΑΒΙΠ
1853 351 1993 408 WOF

2188 352 2384 407 ENSIS
2423 349 2760 407 EPISCOPI.
3731 354 3828 406 648

304 481 569 552 cogitans
617 476 805 546 turpis
854 476 999 530 lucri
1041 476 1246 545 gratia,
1298 475 1601 546 dejiciatur
1644 492 1677 529 a
1725 477 1905 542 clero,
1957 479 2014 529 et
2051 479 2097 530 A
2127 476 2213 528 vel
2262 475 2497 529 bibendi
2546 490 2716 528 causa
2763 474 3030 528 tabernas
3079 490 3198 528 non
3249 473 3668 545 ingrediantur,
3721 476 3829 530 nisi

307 570 530 624 alienus
555 567 763 620 existat
789 581 818 618 a
852 565 1070 634 regula.

712 655 838 708 CAP.
882 654 1060 709 CXXI.
1102 685 1170 694 —
1207 657 1280 707 De
1304 653 1489 707 eadem
1517 669 1591 706 re.

378 746 500 814 (Ea:
530 746 683 813 epist.
716 745 876 796 Leon.
905 758 1064 812 pap.,
1097 758 1217 809 cap.
1253 742 1330 810 4.)
1365 741 1504 794 Illud
1538 740 1708 794 etiam
1738 738 2004 793 duximus

305 831 804 903 praamonendum,
833 836 898 884 ut
937 832 1082 883 sicut
1119 846 1232 882 non
1263 846 1387 893 suo,
1421 829 1500 882 ita
1541 828 1860 882 nec-alieno
1894 845 2002 881 no-

308 922 464 976 mine
495 919 704 991 aliquis
734 919 1070 972 clericorum
1105 934 1366 971 exercere
1393 917 1578 971 faenus
1609 921 1869 971 attentet.

699 1008 826 1062 CAP.
871 1007 1072 1062 CXXII.
1108 1036 1173 1046 —
1217 1007 1296 1059 De
1320 1005 1504 1058 eadem
1533 1022 1610 1059 re.

380 1098 485 1168 (Ea:
533 1097 719 1150 concil.
770 1093 1176 1157 Tarraconensi,
1235 1106 1354 1161 cap.
1414 1093 1493 1159 3.)
1541 1090 1900 1161 Quicumque
1947 1089 2006 1143 in

305 1186 458 1239 clero
490 1201 611 1238 esse
660 1181 926 1245 voluerit,
959 1179 1188 1234 emendi
1216 1180 1404 1245 vilius,
1432 1179 1523 1233 vel
1552 1178 1839 1234 vendendi
1868 1179 2004 1233 cha-

312 1274 431 1328 rius
458 1271 646 1326 studio
676 1287 790 1324 non
821 1275 1034 1323 utatur.

680 1359 809 1412 CAP.
852 1357 1084 1412 CXXIII.
1126 1387 1195 1396 —
1233 1359 1306 1411 De
1334 1355 1520 1410 eadem
1546 1372 1628 1410 re.

375 1449 486 1516 (Eae
517 1449 674 1515 epist.
709 1447 866 1500 Leon.
890 1461 1046 1514 pap.,
1079 1460 1200 1513 cap.
1237 1447 1313 1511 3.)
1345 1445 1423 1498 Ne
1456 1445 1566 1498 hoc
1595 1459 1825 1515 quoque
1856 1458 2002 1514 prat-

305 1536 647 1589 tereundum
679 1551 798 1587 esse
830 1534 1116 1600 duximus,
1148 1533 1427 1602 quosdam
1460 1532 1645 1602 turpis
1675 1531 1818 1585 lucri
1848 1531 2005 1601 cupi-

306 1625 478 1678 ditate
510 1628 724 1692 captos,
767 1621 1088 1676 usurariam
1139 1636 1400 1674 exercere
1443 1621 1766 1690 pecuniam,
1803 1624 1860 1673 et
1896 1620 2002 1673 fua-

306 1728 443 1765 nore
473 1712 617 1764 velle
657 1710 952 1764 ditescere.
992 1709 1149 1773 Quod
1199 1725 1315 1763 non
1365 1709 1552 1763 dicam
1582 1709 1644 1762 in
1674 1725 1770 1762 eos
1801 1709 1862 1762 in
1890 1708 2002 1761 cle-

304 1800 463 1852 ricali
493 1798 682 1852 ofﬁcio
723 1799 1066 1852 constitutos
1099 1797 1195 1851 sed
1227 1802 1282 1850 et
1325 1797 1387 1849 in
1427 1797 1601 1850 laicos
1646 1797 1869 1862 cadere,
1903 1796 2004 1867 qui

306 1887 661 1943 Christianos
690 1903 749 1940 se
781 1885 892 1940 dici
925 1886 1188 1955 cupiunt,
1221 1885 1610 1939 condolemus.

691 1978 820 2030 CAP.
863 1975 1084 2030 CXXIV.
1126 2004 1195 2012 —
1234 1978 1307 2028 De
1333 1973 1518 2027 eadem
1545 1989 1621 2028 re.

376 2067 495 2136 (Ea:
523 2080 666 2119 conc.
719 2065 1003 2130 Carthag.,
1036 2079 1157 2133 cap.
1200 2066 1310 2129 t6.)
1359 2063 1498 2115 Item
1532 2061 1748 2131 placuit
1790 2066 1856 2115 ut
1885 2060 2006 2115 cle-

303 2154 457 2208 ricus
482 2153 530 2205 si
559 2151 1010 2214 commodaverit
1046 2149 1375 2221 pecuniam,
1410 2150 1713 2220 pecuniam
1743 2149 2001 2220 accipiat,

306 2243 354 2297 si
401 2241 670 2312 speciem,
705 2240 966 2295 eamdem
1014 2239 1263 2309 speciem
1313 2243 1596 2308 quantum
1644 2238 1867 2292 dederit
1911 2253 2004 2291 ac-

308 2331 505 2402 cipiat.

627 2417 755 2470 CAP.
799 2416 993 2471 CXXV.
1035 2446 1104 2455 —
1134 2417 1264 2469 Item
1299 2415 1363 2468 de
1390 2417 1682 2469 usurariis.

379 2507 487 2576 (Ea:
517 2506 704 2560 concil.
747 2505 958 2567 Aurel.,
997 2520 1122 2573 cap.
1177 2503 1255 2573 3.)
1314 2504 1379 2557 Ut
1409 2503 1731 2573 presbyteri
1759 2519 1793 2556 a
1820 2502 2004 2573 turpi-

308 2596 415 2650 bus
466 2593 635 2648 lucris
692 2597 749 2647 et
820 2593 1006 2646 usuris
1073 2609 1190 2646 non
1244 2593 1433 2645 solum
1487 2592 1597 2662 ipsi
1649 2591 2001 2658 abstineant,

307 2699 507 2737 verum
584 2682 754 2736 etiam
815 2681 1013 2752 plebes
1072 2681 1180 2734 sibi
1249 2679 1502 2734 subditas
1573 2680 1862 2734 abstinere
1915 2680 2004 2735 in-

307 2772 550 2823 struant.

652 2855 780 2909 CAP.
824 2855 1044 2910 CXXVI.
1087 2885 1155 2892 —
1188 2854 1336 2920 Quid
1363 2856 1435 2908 sit
1465 2869 1654 2908 usura.

377 2946 481 3014 (Em
511 2945 698 2998 concil.
747 2943 1046 3011 Agat/cem,
1085 2959 1204 3012 cap.
1260 2944 1335 3011 1.)
1391 2943 1570 2996 Usura
1613 2947 1699 2997 est
1735 2942 1835 2996 ubi
1880 2959 2002 2996 am-

305 3033 455 3104 plius
503 3031 816 3102 requiritur
853 3046 1026 3102 quam
1055 3030 1241 3085 datur.
1276 3030 1447 3085 Verbi
1475 3032 1694 3100 gratia:
1743 3030 1802 3084 Si
1832 3030 2002 3085 dede-
2039 3028 2080 3082 C

306 3122 383 3175 ris
429 3121 643 3174 solidos
701 3119 920 3187 decem,
977 3125 1033 3172 et
1089 3119 1337 3189 amplius
1396 3118 1764 3190 requisieris:
1820 3120 1907 3172 vel
1957 3121 2006 3173 si

305 3210 528 3264 dederis
575 3208 850 3262 frumenti
891 3208 1153 3262 modium
1200 3223 1404 3274 unum,
1456 3213 1513 3262 et
1563 3224 1738 3278 super
1785 3207 2006 3278 aliquid

308 3297 584 3368 exegeris.

667 3384 795 3439 CAP.
840 3384 1083 3440 CXXVII.
1121 3412 1193 3424 —
1229 3386 1304 3437 De
1338 3384 1522 3438 eadem
1569 3400 1645 3438 re.

381 3476 491 3543 (Ea:
536 3473 678 3527 decr.
730 3474 868 3528 Julii
909 3488 1089 3542 papae,
1143 3475 1417 3526 usurariis
1446 3475 1648 3540 missis,
1687 3488 1809 3542 cap.
1863 3473 2004 3542 125.)

306 3562 645 3631 Quicunque
693 3560 848 3614 enim
880 3567 1140 3630 tempore
1169 3561 1372 3614 messis
1401 3560 1491 3613 vel
1534 3559 1861 3626 vindemiae,
1891 3577 2006 3614 non

305 3650 660 3716 necessitate,
695 3649 789 3702 sed
837 3653 1073 3719 prOpter
1111 3648 1506 3718 cupiditatem,
1539 3654 1878 3718 comparant
1906 3665 2005 3702 an-

305 3753 521 3792 nonam
582 3738 671 3791 vel
727 3736 956 3803 vinum;
1008 3735 1166 3790 verbi
1214 3735 1435 3806 gratia:
1500 3736 1548 3789 si
1602 3752 1732 3790 cum
1785 3737 2007 3791 duobus

308 3825 559 3880 denariis
605 3830 902 3894 comparat
948 3824 1208 3878 modium
1249 3840 1454 3894 unum,
1487 3828 1544 3879 et
1590 3828 1777 3879 servat
1824 3841 2006 3896 usque

306 3915 445 3968 dum
493 3913 854 3967 venundetur
896 3911 1147 3966 denariis
1177 3918 1448 3982 quatuor,
1481 3918 1581 3967 aut
1609 3929 1725 3980 sex,
1755 3917 1854 3967 aut
1884 3929 2007 3967 am-

306 4003 482 4073 plius,
514 4003 625 4055 hoc
654 4006 820 4071 turpe
845 4002 1068 4054 lucrum
1099 4000 1362 4054 dicimus.

665 4089 794 4144 CAP.
839 4089 1109 4144 CXXVIII.
1155 4120 1217 4130 —-
1261 4091 1334 4144 De
1362 4089 1547 4144 eadem
1571 4105 1646 4144 re.

377 4179 487 4245 (Ea:
524 4180 684 4246 epist.
718 4178 908 4230 Leonis
947 4177 1153 4246 papa.)
1184 4177 1443 4241 Qualiter
1481 4177 1877 4248 negotiantem
1911 4181 2010 4232 aut

309 4270 557 4331 excusat,
609 4269 706 4319 aut
753 4265 960 4334 arguit,
1012 4264 1148 4335 quia
1191 4270 1275 4319 est
1323 4266 1598 4319 honestus
1642 4271 1916 4336 quaestus,
1950 4270 2006 4320 et

308 4354 510 4426 turpis.
563 4354 968 4407 Verumtamen
1014 4354 1318 4422 poenitenti
1348 4353 1546 4408 utilius
1579 4359 1662 4407 est
1705 4354 2007 4425 dispendia

308 4443 430 4514 pati
460 4457 632 4513 quam
663 4440 934 4512 periculis
968 4441 1379 4511 negotiationis
1410 4441 1665 4512 astringi,
1696 4442 1833 4513 quia
1862 4443 2008 4497 difﬁ-

309 4532 415 4586 cile
473 4535 557 4584 est
609 4529 759 4584 inter
814 4529 1057 4583 ementis
1111 4529 1527 4600 vendentisque
1598 4529 2008 4583 commercium

310 4636 426 4674 non
461 4619 811 4672 intervenire
838 4622 1158 4688 peccatum.

311 4726 440 4780 CAP.
511 4726 733 4781 CXXIX.
796 4755 865 4764 —
927 4727 992 4778 Ut
1035 4726 1217 4779 nullus
1279 4741 1347 4778 ex
1413 4726 1769 4780 ecclesiastico
1818 4725 2010 4780 ordine

453 4796 649 4849 edendi
667 4797 750 4848 vel
776 4796 993 4849 bibendi
1021 4812 1187 4850 causa
1217 4797 1469 4850 tabernas
1499 4797 1864 4863 ingrediatur.

384 4885 492 4954 (Ea:
525 4884 688 4938 dictis
717 4884 980 4953 August.)
1013 4885 1313 4939 Canonum
1343 4888 1556 4938 statuta
1595 4885 1904 4954 prohibent
1947 4888 2011 4938 ut

311 4974 506 5026 nullus
538 4988 602 5026 ex
634 4972 1012 5026 ecclesiastico
1044 4972 1246 5026 ordine
1277 4972 1546 5026 sumendi
1572 4972 1684 5026 cibi
1714 4979 1814 5028 aut
1841 4977 2010 5042 potus

314 5078 518 5132 causa,_
560 5060 669 5114 nisi
727 5061 1212 5132 peregrinationis
1267 5061 1604 5114 necessitate
1659 5062 2006 5132 compulsus,

313 5150 577 5204 tabernas
623 5149 850 5219 ingredi
898 5149 1126 5202 audeat.
1179 5148 1289 5202 Sed
1334 5146 1382 5200 si
1431 5147 1638 5217 aliquis
1664 5147 1787 5201 haec
1829 5148 2010 5202 inter-

311 5239 460 5294 dicta
491 5238 805 5305 violaverit,
840 5242 904 5292 ut
943 5240 1273 5290 sanctorum
1323 5250 1606 5289 canonum
1646 5241 2012 5306 contemptor

311 5326 605 5381 acerrimis
637 5326 983 5395 corripiatur
1013 5323 1348 5394 disciplinis.

313 5433 439 5486 CAP.
503 5433 689 5486 CXXX.
751 5461 818 5469 ——
881 5432 946 5483 Ut
994 5429 1176 5482 nullus
1219 5442 1286 5480 ea:
1329 5441 1482 5480 sacro
1529 5428 1720 5482 ordine
1767 5429 1874 5483 cibi
1930 5431 2013 5484 vel

625 5507 794 5570 potus
823 5515 992 5554 causa
1037 5500 1289 5552 tabernas
1315 5497 1679 5562 ingrediatur.

384 5591 502 5656 (Em
579 5587 766 5642 concil.
828 5588 1122 5654 Carthag.,
1203 5583 1317 5651 24.)
1399 5585 1465 5638 Ut
1540 5585 1731 5642 clerici
1805 5586 2012 5640 edendi

2116 563 2604 635 peregrinationis
2634 562 2968 616 necessitate
2997 563 3299 634 compulsi.

2327 650 2330 653 ’
2503 652 2629 706 CAP.
2675 651 2885 705 CXXXI.
2929 683 2996 689 —
3041 651 3120 704 De
3151 651 3336 704 eadem
3362 668 3438 704 re.

2187 741 2301 809 (Em
2345 742 2533 795 concil.
2568 741 2906 807 Laodicensi,
2949 756 3068 808 cap.
3107 741 3221 808 24.)
3268 740 3428 803 Quod
3477 757 3592 794 non
3643 757 3821 812 opor-

2113 834 2194 883 tet
2235 846 2395 882 sacro
2445 827 2716 898 mysterio
2757 827 2982 881 deditos
3036 844 3069 881 a
3118 827 3463 898 presbyteris
3512 845 3694 900 usque
3749 831 3819 883 ad

2114 918 2402 982 diaconos,
2459 922 2516 970 et
2563 916 2852 986 reliquum
2906 916 3352 970 ecclesiasticum
3409 917 3696 984 ordinem,
3758 918 3817 972 id

2113 1010 2198 1061 est
2245 1022 2423 1072 usque
2468 1005 2541 1059 ad
2589 1004 2991 1067 subdiaconos,
3025 1006 3289 1069 lectores,
3326 1011 3608 1075 cantores,
3642 1021 3814 1060 exor-

2112 1095 2276 1149 cistas
2333 1098 2389 1148 et
2441 1092 2719 1153 ostiarios,
2771 1097 2827 1146 et
2875 1109 2939 1147 ex
2984 1109 3225 1148 numero
3276 1094 3699 1149 continentium
3757 1099 3814 1148 et

2113 1183 2528 1236 monachorum
2561 1181 2788 1252 ingredi
2817 1181 3096 1236 tabernas.

2115 1288 2241 1344 CAP.
2287 1288 2521 1344 CXXXII.
2562 1315 2632 1327 —
2682 1289 2748 1342 Ut
2793 1289 2880 1341 illi
2917 1287 3113 1356 quibus
3142 1303 3340 1342 umores
3369 1288 3564 1344 ducere
3601 1290 3813 1343 licitum

2449 1375 2556 1412 non
2585 1363 2682 1424 est,
2711 1359 2944 1412 aliorum
2966 1361 3191 1427 nuptias
3221 1359 3476 1413 devitent.

2187 1449 2297 1519 (Ea:
2321 1450 2480 1516 epist.
2513 1448 2705 1501 Leonis
2751 1463 2928 1516 papae,
2980 1462 3101 1516 cap.
3156 1446 3267 1516 l9.)
3317 1447 3534 1511 Quibus
3583 1448 3815 1502 licentia

2113 1553 2320 1591 uxores
2365 1536 2611 1590 ducendi
2653 1552 2768 1590 non
2814 1541 2920 1595 est,
2955 1535 3274 1589 alienarum
3318 1537 3652 1606 nuptiarum
3694 1537 3816 1590 evi-

2113 1629 2238 1680 tent
2265 1624 2541 1678 convivia.

2115 1714 2244 1768 CAP.
2288 1713 2548 1768 CXXXIII.
2598 1742 2668 1752 —-
2718 1713 2871 1778 Quod
2919 1728 3026 1767 non
3073 1717 3317 1780 oporteat
3363 1715 3421 1767 in
3462 1713 3668 1782 bigami
3710 1730 3815 1767 nu-

2530 1785 2664 1852 ptiis
2693 1783 2963 1852 prandere
2997 1783 3393 1852 presbyterum.

2190 1874 2296 1943 (Em
2349 1873 2534 1926 concil.
2595 1873 2852 1939 Neocms.,
2909 1887 3029 1939 cap.
3089 1870 3170 1939 7.)
3232 1871 3699 1942 Presbyterorum
3759 1873 3820 1927 in

2115 1962 2334 2032 nuptiis
2356 1960 2571 2030 bigami
2588 1959 2869 2030 prandere
2891 1975 3008 2013 non
3028 1960 3314 2024 convenit,
3330 1960 3465 2030 quia
3484 1977 3615 2014 cum
3635 1963 3822 2031 ι)ωηὶ-

2115 2050 2294 2104 tentia
2317 2049 2582 2118 bigamus
2606 2052 2788 2118 egeat,
2817 2049 2945 2118 quis
2973 2047 3082 2101 erit
3102 2049 3400 2118 presbyter
3429 2050 3548 2119 qui,
3578 2058 3822 2120 propter

2114 2135 2460 2198 convivium,
2479 2134 2687 2188 talibus
2708 2134 2927 2203 nuptiis
2947 2134 3128 2204 possit
3151 2135 3407 2204 praebere
3432 2139 3820 2192 consensum?

2470 2223 2597 2276 CAP.
2641 2221 2899 2276 CXXXIV.
2943 2252 3008 2261 —
3042 2221 3126 2275 De
3165 2223 3349 2276 eadem
3378 2240 3455 2278 re.

2187 2313 2295 2382 (Ea:
2346 2311 2506 2365 dictis
2552 2311 2813 2376 August.)
2868 2310 3211 2382 Presbyteri,
3271 2311 3520 2378 diaconi,
3580 2314 3816 2369 subdia-

2114 2401 2263 2468 coni,
2298 2400 2386 2453 vel
2435 2399 2704 2468 deinceps
2749 2397 2960 2468 quibus
3010 2399 3259 2453 ducendi
3314 2417 3519 2455 uxores
3565 2419 3684 2456 non
3728 2410 3820 2458 est

2114 2490 2360 2554 licitum,
2402 2487 2578 2542 etiam
2629 2486 2949 2541 alienarum
3000 2488 3331 2558 nuptiarum
3369 2489 3581 2544 evitent
3618 2493 3818 2545 convi-

2114 2579 2224 2644 via,
2268 2593 2455 2647 neque
2502 2575 2589 2629 bis
2628 2575 2867 2629 cmtibus
2900 2575 3344 2644 admisceantur,
3388 2577 3487 2631 ubi
3533 2581 3822 2635 amatoria

2116 2671 2421 2721 cantantur
2462 2670 2520 2720 et
2566 2665 2779 2734 turpia,
2832 2670 2933 2718 aut
2967 2664 3220 2718 obscceni
3267 2671 3457 2718 motus
3504 2681 3819 2736 corporum

2115 2755 2302 2809 choris
2329 2759 2385 2808 et
2432 2753 2832 2807 saltationibus
2881 2752 3219 2818 efferuntur,
3251 2769 3322 2806 ne
3364 2753 3592 2808 auditus
3623 2759 3678 2808 et
3711 2756 3820 2810 ob-

2114 2848 2274 2897 tutus
2320 2841 2492 2896 sacris
2533 2840 2818 2912 mysteriis
2857 2841 3179 2911 deputatus,
3221 2841 3479 2910 turpium
3519 2849 3820 2912 spectacu-

2115 2931 2306 2984 lorum
2339 2935 2514 3001 atque
2547 2928 2849 2982 verborum
2879 2927 3222 2998 contagione
3252 2929 3561 2998 polluatur.

2493 3018 2623 3073 CAP.
2667 3016 2896 3072 CXXXV.
2936 3045 3009 3057 —
3037 3019 3110 3070 De
3138 3017 3323 3070 eadem
3351 3033 3428 3071 re.

2187 3108 2295 3172 (Ea:
2335 3105 2530 3160 decret.
2578 3107 2810 3160 Martini
2845 3121 3027 3174 papae,
3060 3121 3179 3174 cap.
3238 3104 3311 3172 1.)
3357 3107 3482 3159 Non
3523 3106 3691 3161 liceat
3725 3125 3820 3163 sa-

2115 3194 2440 3249 cerdotibus
2469 3194 2558 3247 vel
2607 3193 2823 3247 clericis
2866 3194 3059 3264 aliqua
3104 3195 3426 3264 spectacula
3474 3194 3537 3248 in
3595 3197 3820 3267 nuptiis

2113 3283 2203 3336 vel
2249 3281 2523 3335 conviviis
2560 3285 2833 3351 spectare,
2869 3281 2966 3335 sed
3007 3286 3232 3352 oportet
3269 3287 3582 3353 antequam
3622 3284 3816 3355 ingre—

2117 3371 2349 3424 diantur
2376 3369 2500 3440 ipsa
2524 3371 2844 3440 spectacula
2878 3385 3110 3438 surgere
3141 3373 3198 3423 et
3225 3369 3414 3423 redire
3444 3371 3595 3425 inde.

2115 3460 2241 3514 CAP.
2283 3459 2542 3512 CXXXVI.
2585 3489 2653 3496 —
2701 3460 2767 3513 Ut
2808 3459 2989 3511 nullus
3025 3459 3248 3512 clericus
3279 3461 3339 3511 in
3387 3460 3568 3513 aliena
3596 3463 3822 3517 civitate

2335 3531 2674 3598 suscipiatur
2702 3531 2818 3582 sine
2839 3529 3289 3583 commendatitiis
3317 3532 3577 3598 epistolis.

2186 3617 2304 3687 (Ea:
2333 3633 2532 3672 canone
2578 3615 2892 3687 apostolor.)
2943 3617 3012 3671 Ut
3042 3615 3091 3670 si
3133 3617 3260 3687 quis
3299 3617 3536 3672 clericus
3581 3625 3679 3674 aut
3719 3622 3824 3676 lai-

2113 3723 2213 3761 cus
2269 3707 2339 3761 ad
2395 3707 2638 3762 alteram
2685 3709 2960 3776 properat
3015 3705 3332 3772 civitatem,
3393 3712 3450 3761 et
3507 3708 3826 3778 suscipitur

2115 3799 2323 3866 praeter
2362 3793 2860 3848 commendatitias
2903 3793 3192 3863 epistolas,
3242 3799 3298 3847 et
3337 3795 3437 3865 qui
3475 3799 3819 3867 susceperit,

2114 3889 2172 3938 et
2195 3883 2296 3954 qui
2325 3887 2621 3952 susceptus
2648 3886 2753 3949 est,
2779 3881 3190 3937 communione
3216 3882 3490 3952 privetur.

2463 3972 2592 4025 CAP.
2635 3971 2922 4025 CXXXVII.
2964 4001 3032 4010 —
3058 3973 3138 4026 De
3174 3971 3359 4025 eadem
3389 3988 3464 4026 re.

2188 4061 2299 4131 (Ea:
2344 4060 2533 4114 concil.
2583 4059 2888 4125 Antioch.,
2924 4074 3043 4128 cap.
3095 4060 3205 4129 27.)
3269 4060 3418 4113 Nulli
3476 4062 3822 4133 peregrino-

2114 4164 2246 4203 rum
2291 4148 2413 4201 sine
2456 4147 2725 4217 paciticis,
2761 4146 2820 4202 id
2864 4152 2949 4201 est
2980 4149 3467 4203 commendatitiis
3500 4150 3823 4221 suscipian-

2114 4241 2210 4290 tur
2232 4235 2508 4306 epistolis.

2032 4315 2076 4369 D
2118 4324 2246 4378 CAP.
2289 4324 2596 4378 CXXXVIII.
2639 4353 2707 4363 —
2750 4325 2822 4376 De
2875 4323 3081 4377 clericis
3123 4325 3402 4393 fugitivis,
3441 4341 3506 4379 ne
3569 4325 3637 4380 ab
3685 4327 3826 4383 aliis

2783 4395 3140 4462 recipiantur.

2187 4483 2308 4552 (Em
2349 4483 2536 4537 concil.
2575 4483 2885 4547 Aurelian,
2919 4498 3040 4552 cap.
3092 4483 3173 4552 2.)
3214 4484 3284 4548 In
3327 4483 3567 4538 concilio
3610 4487 3825 4540 Antio-

2117 4572 2296 4626 cheno
2328 4571 2498 4625 simul
2527 4575 2586 4625 et
2631 4570 2692 4624 in
2731 4571 3178 4625 Cbalcedonensi
3207 4572 3543 4642 praecipitur
3573 4577 3636 4626 ut
3663 4574 3826 4644 fugi-

2115 4660 2217 4714 tivi
2243 4659 2433 4714 clerici
2465 4662 2522 4713 et
2548 4659 2840 4729 peregrini
2865 4675 2898 4712 a
2929 4661 3084 4714 nullo
3119 4660 3489 4730 recipiantur,
3524 4677 3629 4715 nec
3657 4663 3826 4718 ordi-

2116 4754 2349 4815 nentur,
2379 4747 2490 4801 nisi
2531 4763 2662 4801 cum
2703 4748 3185 4803 commendatitiis
3228 4748 3452 4817 litteris,
3485 4754 3541 4802 et
3573 4749 3658 4803 sui
3697 4753 3825 4822 epi-

2119 4835 2275 4906 scopi
2305 4835 2392 4888 vel
2419 4834 2640 4888 abbatis
2670 4835 2920 4890 licentia.

2120 4922 2248 4977 CAP.
2291 4922 2543 4977 CXXXIX.
2588 4951 2652 4961 —
2731 4924 2796 4976 Ut
2858 4925 3135 4990 peregrini
3196 4923 3379 4976 clerici
3452 4926 3567 4978 sine
3620 4926 3831 4980 litteris

2518 4995 2607 5045 sui
2634 4994 2872 5061 episcopi
2910 5010 3016 5048 non
3053 4996 3412 5063 recipiantur.

2193 5081 2304 5148 (Ea:
2333 5079 2522 5134 concil.
2574 5081 2848 5148 Chalced,
2881 5096 3003 5149 cap.
3061 5081 3165 5151 13.)
3215 5080 3556 5152 Peregrinos
3586 5081 3832 5138 clericos

2122 5173 2180 5221 et
2257 5169 2522 5235 lectores,
2576 5166 2637 5220 in
2690 5167 2803 5221 alia
2870 5168 3118 5234 civitate,
3173 5174 3381 5238 praeter
3449 5171 3830 5226 commenda-

2123 5255 2276 5309 titias
2322 5253 2539 5308 litteras
2583 5255 2672 5309 sui
2715 5255 2991 5326 episcopi,
3043 5273 3328 5328 nusquam
3368 5257 3599 5328 penitus
3648 5260 3831 5315 mini-

2123 5349 2301 5397 strare
2329 5343 2557 5398 debere.

2123 5431 2251 5484 CAP.
2295 5430 2438 5504 CXL.
2473 5461 2539 5469 —
2575 5433 2641 5485 Ut
2669 5433 2852 5504 clerici
2872 5435 2929 5486 in
2956 5434 3136 5487 aliena
3167 5435 3386 5488 civitate
3407 5450 3512 5488 non
3543 5443 3831 5504 maneant,

2316 5503 2429 5555 nisi
2456 5504 2735 5572 episcopus
2765 5503 2868 5557 loci
2892 5520 3064 5558 mores
3094 5519 3275 5560 eorum
3299 5505 3622 5574 pravideat.

2197 5589 2314 5655 (Ea:
2344 5592 2532 5646 concil.
2567 5590 2853 5661 Carthag.,
2878 5608 3000 5662 cap.
3043 5595 3155 5660 35.)
3189 5594 3259 5647 Ut
3302 5594 3494 5650 clerici
3537 5593 3599 5649 in
3635 5594 3836 5653 aliena
