3950 6402
70 346 163 397 ait)
1016 347 1497 404 DECRETORUM
1538 351 1722 407 LIBRI
1764 351 1870 407 XX.
1912 381 1981 390 —
2022 351 2236 406 LIBER
2275 349 2667 406 SECUNDUS.

3491 355 3595 408 650

72 470 283 522 civitate
334 486 459 523 non
507 470 917 537 immorentur,
955 471 1065 523 nisi
1113 487 1310 525 causas
1346 488 1547 526 eorum
1591 474 1774 543 justas
1806 476 1851 528 A
1890 473 2313 544 ingrediuntur,
2362 472 2551 542 turpia
2611 472 2769 526 lucra
2816 476 3128 540 sectantur,
3176 479 3233 529 et
3282 474 3598 529 diversissi-

72 560 365 629 episcopus
416 560 526 612 Loci
580 561 663 612 vel
718 559 1033 629 presbyteri
1092 560 1346 613 locorum
1404 562 1780 631 perviderint.

74 649 188 701 Ελρ.
243 648 427 702 CXLI.
507 678 577 686 -—
627 651 699 701 De
772 649 981 701 clericis
1033 652 1083 701 et
1138 650 1436 715 monachis,
1516 653 1613 718 qui
1668 652 1783 704 sine

464 720 662 772 litteris
697 723 937 788 episcopi
969 722 1059 772 sui
1092 725 1387 787 vagantur.

140 808 241 875 (Er
271 807 461 860 eodem
508 809 722 875 concil,
769 823 891 875 cap.
927 808 1041 877 36.)
1096 807 1327 861 Clericis
1356 808 1443 860 vel
1488 808 1783 861 monachis

81 896 190 948 sine
244 895 741 949 commendatitiis
792 895 1050 965 epistolis
1109 896 1364 966 episcopi
1414 896 1501 948 sui
1552 896 1783 950 licentia

82 1001 183 1038 non
210 990 411 1055 pateat
436 985 737 1054 evagandi.

469 1074 600 1128 CAP.
634 1074 841 1128 CXLII.
876 1103 947 1111 —
980 1074 1061 1126 De
1092 1072 1277 1126 eadem
1307 1089 1383 1127 re.

144 1165 249 1225 (Ea:
306 1164 494 1216 eodem
546 1163 732 1216 concil.
794 1178 915 1230 cap.
988 1162 1095 1229 37.)
1155 1162 1386 1216 Clericis
1438 1162 1558 1215 sine
1625 1178 1782 1215 com-

84 1252 427 1305 mendatitiis
481 1251 739 1321 epistolis
783 1250 1037 1320 episcopi
1064 1250 1152 1303 sui
1184 1250 1414 1304 licentia
1444 1267 1561 1304 non
1594 1254 1784 1320 pateat

82 1340 369 1409 evagandi,
422 1339 485 1392 in
532 1338 830 1393 monachis
877 1354 1107 1409 quoque
1149 1338 1451 1408 praesentis
1482 1339 1780 1393 sententiae

84 1432 251 1482 forma
278 1432 564 1481 servetur.

83 1519 195 1571 CAP.
248 1516 481 1569 CXLIII.
537 1546 606 1554 —
641 1518 706 1569 Ut
750 1517 1088 1584 pauperibus
1128 1520 1177 1567 et
1207 1515 1576 1581 indigentibus
1622 1520 1782 1570 auxi-

142 1590 225 1647 lio,
279 1603 453 1709 qzcilum
506 1590 950 1655 proﬁcisountur,
996 1586 1248 1656 paciﬁcis
1298 1589 1496 1639 litteris
1542 1590 1615 1640 sit
1659 1588 1784 1640 sub-

140 1674 320 1710 renien
374 1674 484 1710 um.

142 1748 241 1807 (EI,
271 1747 469 1799 concil.
507 1746 783 1814 Chalced.,
835 1762 955 1814 cap.
995 1745 1103 1813 ll.)

80 1834 397 1903 indigentes
442 1834 676 1899 auxilio,
728 1850 856 1887 cum
901 1834 1369 1903 proﬁciscuntur,
1418 1834 1523 1887 sub
1571 1835 1781 1903 proba-

80 1924 242 1990 tione,
298 1922 563 1991 epistolis
622 1922 708 1974 vel
766 1922 1161 1975 ecclesiasticis
1219 1922 1470 1991 pacificis
1521 1928 1782 1975 tantum-

80 2011 235 2063 modo
269 2010 673 2064 commendari
714 2010 1090 2075 decrevimus,
1124 2016 1176 2063 et
1212 2027 1327 2063 non
1368 2011 1780 2064 commendati-

82 2099 161 2150 tiis
192 2099 424 2167 litteris,
476 2104 779 2168 prOpterea
830 2100 980 2169 quod
1025 2099 1517 2153 commendatitias
1567 2100 1782 2153 litteras

83 2187 547 2241 honoratioribus
595 2188 997 2242 tantummodo
1037 2186 1299 2257 praestari
1340 2184 1599 2257 personis
1641 2204 1782 2241 con-

83 2278 277 2329 veniat.

82 2366 192 2417 CAP.
252 2363 481 2417 CXLIV.
516 2394 582 2401 —
640 2365 705 2416 Ut
760 2364 845 2415 illi
889 2363 1073 2416 clerici
1119 2366 1215 2431 qui
1274 2367 1330 2416 in
1375 2366 1520 2417 alias
1562 2367 1781 2431 provin-

140 2438 245 2487 cias
271 2450 400 2487 suos
430 2439 735 2501 sequuntur
754 2436 1008 2499 seniores,
1052 2437 1164 2486 sine
1183 2437 1428 2500 formata
1463 2436 1782 2488 ministrare

138 2522 235 2558 non
263 2507 633 2573 permittitur.

139 2594 242 2657 (Ea:
276 2594 499 2657 concil.,
533 2591 816 2657 Meldcnsi,
864 2606 986 2660 cap.
1021 2591 1097 2660 ‘2.)
1143 2590 1249 2655 Qui
1284 2607 1414 2645 cum
1460 2592 1781 2646 senioribus

84 2681 183 2733 suis
213 2682 283 2736 de
316 2682 449 2733 aliis
495 2679 809 2750 provinciis
840 2680 898 2732 in
928 2679 1098 2733 aliam
1134 2680 1485 2750 provinciam
1519 2681 1779 2751 veniunt,

83 2770 187 2823 sine
239 2771 497 2824 formata
553 2768 883 2821 ministrare
940 2784 1055 2821 non
1106 2770 1553 2838 permittantur;
1606 2786 1777 2839 quam

84 2858 169 2909 etsi
215 2858 525 2910 attulerint
574 2863 631 2910 et
677 2857 1002 2910 ministrare
1051 2857 1246 2909 idonei
1288 2856 1503 2910 inventi
1542 2858 1778 2926 fuerint,

82 2946 429 2997 instruantur
483 2961 659 3015 quam
710 2944 978 3013 religiose
1030 2949 1202 3015 atque
1252 2945 1505 2999 studiose
1554 2962 1776 2999 sacrum

82 3033 456 3086 ministerium
510 3036 825 3101 peragant,
892 3037 949 3085 et
1000 3032 1062 3084 in
1118 3032 1326 3102 quibus
1400 3033 1538 3086 locis
1606 3050 1775 3103 agere
1812 3032 1850 3085 C

80 3120 327 3174 debeant.

79 3210 191 3261 Car.
226 3208 423 3263 CXLV.
479 3236 553 3247 —
589 3207 744 3272 Quod
792 3209 982 3261 clerico
1032 3222 1137 3261 non
1187 3209 1344 3260 liceat
1391 3209 1598 3262 alienas
1648 3225 1774 3277 pos-

136 3282 395 3361 sessiones
471 3278 785 3343 conducere,
843 3284 940 3331 aut
1017 3280 1367 3333 szecularibus
1423 3294 1477 3333 se
1544 3284 1775 3348 negotiis

138 3365 457 3403 immiscere.

139 3438 253 3505 (Ea:
280 3438 479 3492 concil.
529 3436 801 3498 Chalced.,
852 3453 972 3505 cap.
1012 3437 1087 3506 3.)
1125 3437 1389 3490 Pervenit
1420 3438 1487 3491 ad
1522 3444 1775 3493 sanctam

81 3527 346 3593 synodum
379 3524 538 3595 quod
573 3524 829 3594 quidam,
861 3525 962 3595 qui
1004 3526 1061 3578 in
1105 3526 1257 3578 clero
1291 3526 1559 3579 videntur
1588 3527 1772 3593 electi,

82 3619 301 3683 propter
351 3614 514 3667 lucra
545 3612 739 3683 turpia
784 3613 1153 3666 conductores
1192 3613 1510 3667 alienarum
1561 3631 1779 3684 posses-

85 3702 291 3755 sionum
351 3702 521 3762 ﬁant.
582 3706 639 3753 et
691 3702 984 3754 saecularia
1040 3701 1274 3770 negotia
1322 3703 1427 3755 sub
1485 3720 1622 3757 cura
1676 3719 1777 3756 sua

86 3791 374 3860 suscipiant
408 3809 425 3843 :
469 3789 564 3843 Dei
592 3789 826 3859 quidem
857 3789 1241 3843 ministerium
1274 3790 1776 3861 parvipendeutes,

89 3880 413 3931 secularium
450 3893 583 3929 vero
632 3877 1016 3931 discurrentes
1048 3894 1153 3947 per
1201 3878 1419 3944 domos,
1451 3884 1505 3931 et
1545 3885 1778 3948 propter

90 3962 362 4015 avaritiam
416 3961 907 4031 patrimoniorum
962 3961 1411 4015 sollicitudinem
1464 3970 1774 4017 sumentes.

92 4051 327 4105 Decrevit
360 4051 557 4121 itaque
591 4055 849 4103 sanctum
878 4050 1206 4117 concilium,
1241 4051 1464 4104 nullum
1487 4052 1774 4122 deinceps,

90 4152 189 4190 non
234 4140 597 4209 episcopum,
634 4153 753 4191 non
790 4137 1084 4197 clericum,
1117 4154 1233 4191 non
1278 4140 1645 4205 monachum,
1682 4147 1779 4193 aut

90 4228 461 4295 possessiones
520 4225 881 4292 conducere,
940 4236 1039 4279 aut
1097 4226 1345 4295 negotiis
1406 4228 1776 4281 saecularibus

91 4326 139 4363 se
169 4315 421 4379 miscere,
470 4318 682 4384 printer
712 4313 1225 4368 ecclesiasticarum
1273 4331 1466 4369 rerum
1499 4316 1774 4369 sollicitu-
1807 4310 1848 4362 Ι)

94 4402 285 4457 dinem.

94 4489 202 4544 CAP.
234 4493 453 4547 CXLVI.
491 4521 561 4530 —
595 4493 662 4546 Ut
690 4492 873 4546 nullus
896 4492 1068 4546 laicus
1090 4491 1468 4562 presbyterum
1492 4508 1649 4547 suum
1677 4494 1777 4547 vil-

472 4564 723 4616 licationi
746 4564 1030 4631 implicare
1057 4568 1373 4631 praesumat.

153 4650 251 4717 {Et
293 4653 487 4705 concil.
541 4650 824 4715 Meldensi,
873 4666 995 4720 cap.
1041 4650 1121 4719 6.)
1154 4651 1288 4704 Item
1332 4651 1653 4721 jubendum
1695 4657 1779 4706 est

94 4742 144 4789 ut
169 4755 329 4792 nemo
381 4740 660 4793 laicorum
711 4739 1075 4809 presbyteros
1117 4740 1490 4794 Ecclesiarum
1543 4757 1777 4795 suarum

94 4829 227 4896 turpi
252 4826 613 4893 villicationi,
647 4831 703 4878 et
728 4828 1046 4880 secundum
1078 4827 1402 4897 apostolum
1436 4829 1693 4882 saeculari
1723 4834 1780 4883 et

94 4914 381 4971 inhonesta:
415 4914 793 4985 negotiationi
824 4916 1143 4986 implicare,
1178 4931 1281 4969 nec
1306 4932 1497 4970 secum
1532 4918 1777 4972 aliorum

94 5012 265 5058 contra
292 5006 698 5059 auctoritatem
737 5008 1053 5071 praesumat
1096 5004 1324 5071 ducere,
1373 5021 1486 5075 quo
1520 5006 1777 5061 ministe-

94 5091 223 5145 rium
250 5094 353 5147 sibi
405 5092 781 5147 commissum
834 5097 1112 5162 cogantur
1158 5093 1468 5163 negligere.
1521 5094 1684 5158 Quod
1733 5096 1780 5148 si

96 5177 197 5232 haec
226 5182 528 5235 interdicta
560 5179 1018 5250 praesumpserit,
1052 5180 1597 5234 excommunicetur.

100 5266 205 5321 CAP.
235 5271 483 5325 CXLVII.
538 5272 614 5323 De
644 5269 754 5321 illis
800 5268 1133 5336 presbyteris
1186 5272 1282 5336 qui
1335 5274 1523 5322 contra
1569 5274 1780 5322 statuta

159 5356 402 5394 canonum
460 5341 636 5393 villici
692 5343 852 5407 ﬁunt,
909 5344 959 5391 et
1012 5340 1143 5392 aliis
1199 5339 1309 5392 sibi
1358 5354 1465 5392 non
1521 5343 1779 5394 concessis

159 5413 497 5479 implicantur
534 5412 795 5477 negociis,
826 5411 1092 5477 viciisque
1119 5425 1227 5463 non
1258 5409 1634 5463 admittendis.

162 5499 254 5565 (Ea:
280 5500 488 5568 eodem,
530 5514 655 5567 cap.
707 5497 783 5567 5.)
830 5496 1109 5551 Similiter
1154 5498 1222 5551 de
1274 5496 1385 5550 illis
1431 5498 1781 5568 presbyteris

106 5586 188 5653 qui
229 5592 421 5643 contra
471 5590 689 5641 statuta
740 5600 1028 5641 canonum
1072 5584 1249 5642 villici
1291 5584 1459 5655 ﬁunt,
1514 5585 1782 5642 tabernas

428 5695 711 5761 PATROL.
762 5693 936 5759 CXL.

1892 564 2000 616 mis
2061 563 2244 616 modis
2305 562 2494 615 usuris
2564 561 2908 627 inserviunt,
2970 566 3026 615 et
3094 563 3339 617 aliorum
3397 564 3598 618 domos

1894 651 2192 706 inhoneste
2243 658 2299 704 et
2347 650 2636 720 impudice
2690 652 3080 721 frequentant,
3130 658 3183 706 et
3226 654 3599 707 comessatio—

1894 740 2061 793 nibus
2106 746 2162 792 et
2209 739 2582 793 ebrietatibus
2630 740 2916 793 deservire
2963 757 3080 794 non
3127 741 3493 809 erubescunt,
3541 746 3599 795 et

1894 845 1997 899 per
2027 828 2276 882 diversos
2326 832 2610 881 mercatus
2657 828 2963 882 indiscrete
2998 829 3346 897 discurrunt,
3396 831 3597 885 obser-

1894 918 2146 971 vandum
2195 917 2582 987 judicavimus
2644 922 2709 970 ut
2760 918 2830 971 ab
2884 918 3017 971 hinc
3077 918 3331 972 districte
3390 919 3597 973 severi-

1894 1010 2095 1074 terque
2126 1010 2477 1072 corceantur,
2503 1021 2575 1058 ne
2597 1021 2703 1076 per
2731 1021 2930 1059 eorum
2964 1006 3224 1060 illicitam
3251 1014 3308 1060 et
3331 1007 3599 1061 indecen-

1892 1099 2011 1147 tem
2062 1094 2371 1158 actionem,
2405 1099 2460 1147 et
2489 1094 2872 1149 ministerium
2905 1096 3253 1149 sacerdotale
3302 1097 3598 1167 vitupere-

1892 1187 2005 1248 tur,
2040 1190 2095 1235 et
2145 1182 2353 1253 quibus
2406 1183 2723 1236 debuerant
2772 1200 2892 1236 esse
2941 1184 3002 1237 in
3051 1186 3379 1255 exemplum
3419 1186 3592 1239 deve-

1894 1269 2056 1323 niant
2085 1270 2145 1323 in
2176 1271 2531 1325 scandalum.

2113 1359 2388 1413 CXLVIII.
2470 1357 2622 1414 Nulli
2704 1360 3047 1420 clericorum,
3125 1375 3188 1412 ne
3265 1358 3593 1412 subdiacono

2151 1430 2367 1497 quidem
2395 1430 2716 1483 connubium
2748 1432 2967 1484 carnale
3004 1430 3331 1483 conceditur.

1966 1516 2075 1585 (Ea:
2105 1518 2263 1584 epist.
2322 1518 2505 1569 Leonis
2535 1533 2715 1585 papae,
2763 1533 2883 1585 cap.
2935 1518 3014 1581 4.)
3046 1517 3182 1569 Nam
3225 1532 3405 1585 quum
3436 1510 3595 1569 extra

1892 1602 2231 1655 clericorum
2263 1604 2524 1656 ordinem
2566 1604 2910 1668 constitutis,
2942 1603 3278 1672 nuptiarum
3310 1602 3590 1666 societati,

1891 1696 1946 1744 et
1993 1692 2382 1761 procreationi
2441 1692 2693 1744 tiliorum
2745 1692 2970 1745 studere
3019 1690 3091 1743 sit
3136 1691 3382 1743 liberum
3434 1691 3593 1743 arbi-

1894 1358 2022 1412 CAP.

1154 1746 1366 1849 Omlnes
1409 1762 1696 1849 paf’peres‘
1725 1752 1780 1800 et
1812 1760 1852 1813 Β
1890 1746 2087 1845 triu‘m,
2130 1780 2197 1832 ad
2250 1779 2629 1833 exhibendam
2678 1784 2873 1833 tamen
2917 1780 3183 1849 perfecta:
3225 1779 3592 1833 continentiae

1890 1868 2221 1937 puritatem,
2308 1884 2412 1921 nec
2483 1869 2849 1922 subdiaconis
2920 1868 3153 1938 quidem
3236 1868 3592 1922 connubium

1892 1958 2116 2011 carnale
2164 1957 2514 2023 conceditur,
2565 1961 2627 2009 ut
2655 1962 2711 2009 et
2760 1956 2860 2027 qui
2907 1957 3139 2022 habent,
3172 1956 3287 2009 sint
3314 1962 3590 2026 tauquam

1890 2061 2008 2098 non
2044 2045 2339 2111 habentes,
2391 2050 2445 2097 et
2475 2044 2576 2114 qui
2625 2061 2737 2097 non
2769 2044 3001 2109 habent,
3051 2050 3428 2114 permaneant
3472 2044 3590 2098 sin-

1890 2135 2144 2202 gulares.
2202 2132 2367 2196 Quod
2401 2134 2447 2185 si
2480 2134 2541 2185 in
2590 2133 2698 2186 hoc
2742 2132 2964 2197 ordine,
3015 2132 3114 2202 qui
3165 2139 3402 2202 quartus
3449 2139 3592 2186 esta

1890 2222 2096 2290 capite,
2132 2220 2372 2289 dignum
2406 2227 2487 2273 est
2518 2221 2815 2288 custodiri,
2848 2228 3065 2290 quanto
3102 2221 3283 2289 magis
3314 2222 3370 2272 in
3401 2220 3591 2290 primo

1889 2314 1988 2362 aut
2043 2310 2291 2362 secundo
2346 2309 2581 2362 tertiove
2636 2309 2981 2363 servandum
3029 2314 3133 2373 est,
3185 2324 3256 2361 ne
3305 2315 3404 2361 aut
3453 2306 3596 2362 levi-

1891 2398 2002 2450 tico
2053 2404 2153 2450 aut
2200 2398 2578 2467 presbyterali
2627 2397 2869 2464 honore,
2916 2402 3017 2450 aut
3064 2396 3374 2467 episcopali
3410 2398 3592 2450 excel-

1890 2487 2067 2539 lentia
2122 2487 2429 2556 quisquam
2487 2486 2730 2539 idoneus
2787 2487 3106 2539 aestimetur
3155 2485 3253 2555 qui
3312 2502 3451 2547 sea
3497 2502 3591 2539 vo-

1891 2575 2104 2642 luptate
2138 2575 2341 2627 uxoria
2372 2575 2613 2628 necdum
2648 2576 2899 2627 frenasse
2929 2574 3216 2643 detegitur
3236 2574 3263 2627 ‘l

1891 2666 2018 2715 CAP.
2048 2663 2264 2716 CXLIX.
2302 2692 2368 2699 —
2402 2665 2474 2715 De
2502 2663 2845 2730 principibus
2876 2665 2973 2729 qui
3002 2663 3169 2714 solent
3200 2677 3323 2715 suos
3348 2662 3593 2715 sacerdo-

2210 2739 2285 2786 tes
2322 2735 2639 2786 ministeriis
2662 2733 2961 2800 judicandi
2986 2732 3265 2801 deputare.

1958 2822 2073 2889 (Ea:
2129 2822 2319 2874 concil.
2382 2822 2655 2888 Toletano,
2710 2836 2832 2889 cap.
2892 2820 3004 2889 3i.)
3058 2820 3216 2889 Saepe
3274 2819 3588 2889 principes,

1890 2914 2090 2962 contra
2145 2908 2434 2978 quoslibet
2486 2909 2798 2977 majestatis
2858 2907 3152 2974 obnoxios,
3204 2908 3591 2961 sacerdotibus

1889 2998 2120 3067 negotia
2164 3011 2265 3049 sua
2310 2997 2699 3050 committunt.
2734 2998 2803 3050 Et
2832 2996 2968 3066 quia
3017 2996 3338 3049 sacerdotes
3362 3012 3395 3047 a
3427 2996 3589 3048 Chri-

1888 3092 1972 3140 sto
2022 3086 2091 3139 ad
2124 3084 2508 3139 ministerium
2558 3085 2760 3139 salutis
2805 3085 2968 3138 electi
3020 3088 3171 3149 sunt,
3222 3083 3302 3136 ibi
3341 3100 3589 3138 consen-

1884 3175 2031 3228 tiant
2080 3174 2310 3243 regibus
2340 3174 2467 3227 fieri
2506 3174 2724 3243 judices
2766 3173 2865 3227 ubi
2891 3172 3271 3242 jurejurando
3320 3173 3590 3241 supplicii

1886 3262 2250 3331 indulgentia
2281 3262 2658 3331 promittitur,
2694 3278 2807 3314 non
2840 3262 2937 3314 ubi
2970 3260 3316 3313 discriminis
3361 3265 3585 3313 senten-

1884 3350 1962 3403 tia
1992 3356 2368 3420 praeparatur.
2405 3350 2459 3403 Si
2492 3350 2619 3419 quis
2650 3350 2823 3403 etiam
2856 3350 3217 3402 sacerdotum
3252 3354 3453 3401 contra
3482 3348 3590 3401 hoc

1884 3455 2193 3491 commune
2240 3439 2571 3490 consultum
2626 3439 2912 3491 discussor
2960 3437 3018 3489 in
3066 3438 3269 3489 alienis
3318 3436 3588 3505 periculis

1884 3527 2182 3593 exstiterit,
2218 3526 2289 3578 sit
2331 3542 2462 3579 reus
2507 3526 2672 3579 effusi
2722 3525 3020 3595 sanguinis
3070 3525 3222 3594 apud
3274 3526 3585 3591 Christum,

1884 3619 1939 3667 et
1970 3615 2122 3683 apud
2155 3614 2457 3667 Ecclesiam
2485 3614 2690 3683 perdat
2715 3614 3014 3682 proprium
3049 3612 3312 3680 gradum.

1885 3722 2013 3773 CAP.
2048 3720 2148 3774 CL.
2185 3749 2249 3757 —
2281 3721 2354 3771 De
2383 3719 2494 3771 illis
2538 3721 2635 3784 qui
2666 3719 2777 3770 Deo
2817 3720 3017 3770 servire
3052 3717 3365 3784 disponunt,
3400 3722 3460 3769 ut
3489 3717 3588 3769 ad-

2131 3792 2587 3842 ministrationem
2612 3788 2891 3841 domorum
2921 3803 3025 3840 non
3057 3788 3334 3840 accedant.

1957 3878 2061 3945 (Ea:
2093 3877 2279 3930 concil.
2319 3876 2636 3941 Carthagi.,
2678 3891 2795 3943 cap.
2831 3874 2909 3943 7.)
2949 3874 3199 3926 Nicasius
3230 3873 3590 3926 Evastitanus

1890 3968 2197 4035 Episcopus
2231 3964 2375 4018 dixit
2411 3980 2424 4017 :
2461 3965 2639 4019 Credo
2670 3965 2894 4033 placere
2939 3962 3366 4031 suggestionem
3402 3978 3591 4015 meam

1885 4053 2170 4108 sanctitati
2201 4059 2422 4117 vestrae,
2464 4058 2520 4105 et
2564 4052 2866 4121 displicere
2914 4051 3071 4103 Vobis
3105 4056 3164 4103 ut
3197 4051 3297 4121 qui
3336 4051 3593 4104 serviunt

1890 4145 2029 4207 Deo,
2063 4149 2119 4196 et
2148 4141 2352 4195 annexi
2385 4147 2513 4195 sunt
2563 4143 2737 4203 clero,
2769 4141 3047 4193 accedant
3086 4140 3153 4192 ad
3188 4145 3365 4208 actus,
3400 4146 3456 4193 et
3488 4140 3594 4194 ad-

1886 4231 2369 4285 ministrationem
2403 4232 2488 4283 vel
2524 4230 2988 4300 procurationem
3021 4228 3347 4282 domorum.

1890 4324 2018 4375 CAP.
2053 4321 2179 4374 CLI.
2225 4348 2297 4360 —
2346 4321 2481 4372 Item
2520 4322 2569 4372 si
2600 4320 2758 4371 liccat
2811 4320 3051 4384 aliquem
3102 4334 3169 4371 ea:
3218 4319 3359 4372 clero
3388 4317 3590 4371 condu-

2372 4395 2567 4443 ctorem
2597 4392 2942 4457 privatorum
2970 4390 3090 4455 ﬁeri

1960 4478 2068 4547 (Ea:
2127 4479 2328 4545 eodem,
2388 4492 2507 4545 cap.
2572 4478 2681 4541 14.)
2742 4476 2881 4528 Item
2940 4474 3148 4544 placuit
3196 4479 3260 4527 ut
3309 4474 3586 4545 episcopi,

1889 4566 2206 4637 presbyteri
2256 4571 2311 4619 et
2340 4566 2564 4619 diaconi
2611 4565 2696 4617 vel
2729 4563 2919 4617 clerici
2964 4578 3079 4615 non
3127 4563 3239 4615 sint
3281 4563 3590 4618 conducto-

1890 4671 1979 4707 res
2018 4660 2117 4707 aut
2160 4658 2555 4724 procuratores
2604 4655 2981 4721 privatorum,
3034 4666 3220 4720 neque
3268 4652 3385 4705 ullo
3433 4652 3590 4722 turpi

1888 4744 1976 4796 vel
2011 4741 2317 4795 inhonesto
2348 4741 2578 4810 negotio
2614 4740 2822 4792 victum
2857 4743 3138 4808 quaerant,
3173 4738 3310 4809 quia
3338 4740 3591 4809 respice-

1889 4847 1951 4885 re
1982 4830 2191 4885 debent
2220 4830 2494 4900 scriptum
2523 4846 2643 4881 esse
2679 4845 2691 4881 :
2728 4828 2906 4881 Nemo
2942 4826 3193 4881 militans
3222 4829 3358 4897 Deo,
3392 4828 3591 4900 impli-

1891 4924 1982 4972 cat
2010 4934 2067 4971 se
2095 4917 2340 4987 negotiis
2371 4917 2761 4971 saecularibus.

1891 5006 2018 5061 CAP.
2053 5005 2209 5059 CLII.
2242 5035 2310 5043 ——
2347 5007 2413 5058 Ut
2455 5007 2504 5058 si
2535 5005 2762 5073 quilibet
2792 5006 3079 5060 ordinatus
3123 5007 3279 5071 infra
3303 5022 3484 5061 muros
3516 5008 3592 5061 ci-

1961 5078 2148 5130 vitatis
2206 5091 2448 5140 manens,
2525 5076 2598 5128 ad
2654 5080 2979 5144 sacriﬁcium
3048 5077 3429 5145 quotidianum
3487 5093 3595 5132 non

1960 5150 2186 5214 venerit,
2217 5146 2443 5200 clericus
2475 5163 2577 5201 non
2607 5147 2898 5202 habeatur.

1960 5238 2069 5303 (Ea:
2101 5237 2290 5290 concil.
2347 5237 2617 5301 Toletano,
2670 5252 2791 5304 cap.
2847 5237 2922 5306 Ei.)
2972 5237 3293 5307 Presbyter,
3340 5235 3429 5289 vel
3470 5234 3592 5289 dia-

1891 5339 2093 5393 conus,
2128 5324 2213 5377 vel
2261 5324 2668 5390 subdiaconus,
2703 5325 2787 5378 vel
2835 5326 3079 5396 quilibet
3110 5325 3369 5378 Ecclesiae
3413 5323 3591 5393 depu-

1892 5417 2041 5465 tatus
2086 5412 2343 5479 clericus,
2379 5412 2428 5466 si
2470 5414 2620 5466 intra
2667 5412 2957 5467 civitatem
3009 5412 3202 5478 fuerit,
3248 5413 3335 5465 vel
3382 5411 3597 5466 inloco

1891 5500 1952 5555 in
1980 5516 2096 5571 quo
2144 5502 2383 5555 ecclesia
2411 5505 2517 5564 est,
2569 5506 2668 5555 aut
2697 5500 2757 5553 in
2788 5500 3035 5566 castello,
3090 5505 3189 5554 aut
3234 5499 3293 5553 in
3322 5499 3469 5567 vico,
3499 5505 3598 5555 aut

1894 5587 1955 5643 in
1986 5588 2143 5657 villa,
2176 5588 2219 5644 si
2267 5588 2339 5644 ad
2371 5588 2670 5645 ecclesiam
2700 5588 2770 5643 ad
2802 5585 3145 5643 sacriﬁcium
3191 5588 3619 5660 quotidianum,

3198 5702 3283 5765 21
