3950 6430
311 342 407 395 651

1401 334 1809 391 BURCHARDI
1849 334 2005 389 WOR
2018 332 2383 390 MACIENSIS
2423 328 2740 389 EPISCOPI

3721 338 3842 390 652

313 479 433 519 non
491 461 731 526 venerit,
791 460 1032 514 clericus
1083 476 1202 514 non
1258 459 1556 528 habeatur,
1612 461 1658 513 si
1711 460 2019 530 castigatus
2054 461 2100 516 A
2129 460 2451 533 specialiter
2479 464 2791 515 statuentes
2836 465 2921 528 ut,
2953 466 3163 531 praeter
3194 461 3295 516 Dei
3326 463 3663 531 sacerdotes,
3696 463 3846 518 nul-

320 568 437 608 non
469 549 573 623 [se]
610 548 1020 604 emendaverit.

750 638 880 693 CAP.
914 637 1272 692 CLIII.—De
1299 637 1482 691 eadem
1508 652 1585 691 re.

388 727 495 798 (Ea:
545 728 735 782 concil.
789 728 1055 791 Venetico,
1108 741 1229 795 cap.
1285 724 1360 795 1.)
1414 725 1663 780 Clericus
1715 724 1815 796 qui
1867 724 2018 779 intra

317 832 517 871 muros
564 814 804 869 civitatis
849 818 1064 882 manet,
1108 820 1166 868 et
1215 830 1282 869 ea
1314 814 1404 868 die
1455 813 1750 868 matutinis
1789 813 2018 884 hymnis

320 905 441 959 sine
487 903 829 974 mgritudine
879 902 1143 970 defuerit,
1186 906 1405 972 septem
1444 902 1564 957 dies
1593 918 1628 955 a
1656 902 2017 956 communio-

320 1010 392 1049 ne
419 993 701 1047 habeatur
734 996 1057 1046 extraneus.

322 1100 450 1155 CAP.
487 1098 662 1153 CLIV.
715 1128 784 1137 —
817 1097 969 1164 Quod
1010 1111 1187 1151 omnes
1214 1097 1518 1152 sacerdotes
1561 1098 1777 1152 Domini
1814 1100 2020 1165 oportet

465 1170 666 1237 doceri,
696 1174 755 1223 ut
777 1174 989 1223 caeteros
1017 1170 1315 1235 instruant,
1349 1175 1402 1222 et
1432 1170 1538 1222 sibi
1562 1170 1874 1237 proﬁciant.

394 1257 505 1327 (Ea:
560 1259 716 1327 epist.
782 1257 1035 1311 Anacleti
1083 1272 1243 1325 papa:
1293 1256 1538 1310 omnibus
1598 1257 1768 1325 ﬁdeli.
1828 1257 2017 1323 missa,

321 1361 442 1415 cap.
498 1346 610 1413 I0.)
659 1345 861 1399 Doceri
915 1360 1053 1414 ergo
1109 1360 1309 1398 omnes
1360 1348 1590 1415 oportet
1642 1343 1743 1416 qui
1790 1343 2021 1398 Domini

323 1433 639 1488 sacerdotio
696 1433 1040 1503 funguntur,
1102 1436 1166 1486 ut
1223 1437 1279 1487 et
1336 1437 1572 1487 caeteros
1628 1432 1918 1486 instruant
1967 1438 2025 1486 et

322 1520 434 1577 sibi
482 1522 804 1593 proﬁciant.
855 1522 1144 1591 Scriptum
1192 1525 1276 1574 est
1323 1520 1476 1575 enim
1509 1536 1523 1575 :
1551 1520 1658 1585 Qui
1707 1520 1859 1575 docti
1897 1520 2020 1574 fue-

322 1612 459 1677 rint,
491 1611 796 1681 fulgebunt
824 1610 990 1681 quasi
1019 1610 1662 1679 splendor-firmamenti
1695 1625 1709 1663 :
1734 1613 1790 1664 et
1822 1609 1921 1679 qui
1951 1609 2021 1663 ad

317 1700 603 1771 justitiam
649 1698 921 1753 erudiunt
950 1699 1181 1764 multos,
1221 1698 1385 1768 quasi
1416 1700 1594 1752 stellas
1622 1698 1684 1751 in
1716 1701 2023 1769 perpetuas

325 1787 695 1842 teternitates.
746 1788 813 1841 Et
860 1787 1043 1841 alibi:
1079 1788 1329 1857 Populus
1375 1790 1568 1841 autem
1613 1786 1795 1840 sciens
1844 1788 2024 1841 Deum

324 1892 494 1930 suum
546 1875 826 1929 obtinebit
872 1880 931 1929 et
975 1874 1163 1941 faciet,
1214 1880 1270 1928 et
1296 1874 1449 1928 docti
1496 1875 1558 1928 in
1602 1876 1819 1945 populo
1858 1875 2026 1929 doce-

324 1965 470 2019 bunt
520 1963 752 2018 multos.
791 1964 917 2033 Ipsa
956 1962 1111 2016 enim
1142 1962 1348 2016 veritas
1389 1979 1496 2033 per
1526 1979 1584 2017 se
1632 1963 1824 2028 infert,
1856 1967 1913 2017 et
1939 1963 2025 2017 di-

325 2053 443 2107 cit:
478 2053 684 2106 Beatus
717 2056 805 2105 est
853 2051 955 2120 qui
1006 2066 1119 2103 non
1152 2050 1323 2103 fuerit
1352 2050 1767 2105 scandalizatus
1816 2051 1875 2105 in
1911 2068 2022 2105 me.

324 2142 425 2195 Ille
456 2140 657 2212 procul
688 2139 864 2193 dubio
884 2143 969 2191 est
998 2138 1409 2192 scandalizatus
1435 2139 1494 2192 in
1529 2140 1727 2206 Deum,
1751 2139 1850 2210 qui
1876 2144 2025 2194 recte

326 2245 443 2284 non
488 2229 672 2295 docet,
725 2232 783 2282 et
835 2226 933 2298 qui
986 2226 1108 2297 ejus
1154 2226 1501 2280 scandalizat
1545 2227 1877 2298 episcopum
1938 2227 2027 2281 vel

328 2317 699 2371 sacerdotem.

330 2424 460 2477 CAP.
493 2422 644 2476 CLV.
681 2450 743 2460 —
781 2422 849 2476 Ut
895 2420 1101 2485 singuli
1125 2420 1431 2489 presbyteri
1459 2420 1689 2488 singulis
1741 2423 1902 2475 annis
1928 2435 2027 2474 suo

494 2495 740 2561 episcopo
761 2491 826 2544 de
853 2493 1160 2545 ministerio
1186 2506 1282 2545 suo
1310 2493 1577 2544 rationem
1602 2491 1857 2545 reddant.

404 2583 507 2647 (Ea:
538 2582 726 2634 concil.
776 2582 994 2647 Mogun.
1031 2594 1067 2632 a
1108 2580 1317 2645 Ricol/‘o
1350 2579 1591 2648 ejusdem
1638 2580 1782 2634 sedis
1814 2581 2026 2635 archie-

324 2673 549 2740 piscopo
579 2668 781 2735 habito,
816 2684 936 2736 cap.
975 2667 1049 2738 3.)
1080 2668 1146 2721 Ut
1174 2667 1570 2738 unusquisque
1598 2669 1898 2739 presbyter
1924 2683 2030 2739 per

332 2758 589 2827 singulos
617 2772 797 2809 annos
839 2756 1107 2826 episcopo
1138 2771 1241 2809 suo
1274 2756 1557 2809 rationem
1604 2756 1906 2810 ministerii
1939 2755 2030 2810 sui

293 2845 552 2909 'reddat,
602 2850 717 2898 tam
771 2845 841 2898 de
882 2843 997 2898 ﬁde
1046 2844 1342 2911 catholica,
1394 2860 1565 2915 quam
1607 2845 1677 2898 de
1718 2844 2027 2916 baptismo,

328 2939 501 3004 atque
530 2933 599 2986 de
632 2934 792 2985 omni
827 2932 1029 2986 ordine
1063 2932 1365 2986 ministerii
1400 2932 1509 2986 sui.

2126 551 2217 605 lus
2247 550 2457 605 audeat
2484 549 2800 620 praedicare
2848 566 2945 603 seu
2977 551 3315 619 monachus,
3352 552 3469 606 sive
3501 552 3596 607 ille
3628 553 3842 616 laicus,

2127 637 2229 709 qui
2260 637 2571 708 cujuslibet
2602 638 2855 692 scientiae
2887 638 3123 692 nomine
3153 639 3451 709 glorietur.

2128 744 2256 799 CAP.
2294 743 2466 799 CLIX.
2497 774 2565 784 —
2616 746 2682 798 Ut
2708 743 3052 813 parochiarii
3087 745 3271 798 clerici
3310 746 3378 799 ab
3404 748 3667 815 episcopis
3715 747 3847 801 suis

2732 829 2955 868 canones
2988 815 3225 869 discant.

2198 905 2307 968 (Ea:
2336 903 2526 957 concil.
2556 904 2813 957 Aurelia.
2857 919 3003 972 cap.,
3035 903 3108 971 6.)
3157 904 3225 958 Ut
3255 904 3601 974 parochiarii
3638 903 3846 961 clerici

2127 1006 2161 1044 a
2200 990 2570 1061 pontiﬁcibus
2623 991 2741 1045 suis
2772 991 3092 1045 necessaria
3138 992 3249 1046 sibi
3287 998 3500 1047 statuta
3541 1009 3842 1049 canonum

2128 1079 2371 1150 legenda
2413 1079 2756 1149 percipiant,
2787 1095 2861 1133 ne
2906 1079 2990 1133 rei
3022 1079 3135 1149 ipsi
3177 1081 3261 1134 vel
3296 1081 3501 1151 populi
3549 1098 3678 1153 qua:
3726 1098 3849 1152 per

2128 1167 2371 1221 salutem
2402 1182 2604 1221 eorum
2635 1166 2863 1221 decreta
2891 1172 3043 1234 sunt,
3077 1172 3350 1222 excusent.
3378 1184 3438 1223 se
3464 1172 3847 1239 postmodum

2128 1255 2446 1326 ignorasse.

2131 1360 2260 1415 CAP.
2308 1360 2452 1415 CLX.
2506 1390 2574 1400 —
2621 1360 2773 1428 Quod
2817 1361 2959 1444 nulli
3004 1361 3342 1416 sacerdotum
3399 1377 3624 1417 canones
3671 1363 3849 1418 liceat

2841 1447 3114 1500 ignorare.

2205 1518 2317 1587 (Em
2355 1520 2512 1588 epist.
2566 1520 2753 1575 Celest.
2799 1535 2977 1588 papae,
3010 1537 3130 1590 cap.
3182 1521 3297 1589 20.)
3347 1521 3665 1576 Celestinus
3696 1521 3845 1575 uni-

2132 1608 2310 1660 versis
2353 1607 2637 1677 episcopis
2683 1623 2789 1676 per
2831 1608 3097 1677 Apuliam
3147 1614 3204 1662 et
3253 1609 3571 1663 Calabriam
3620 1608 3850 1663 consti-

2134 1696 2293 1750 tutis.
2346 1697 2498 1750 Nulli
2545 1696 2829 1749 sacerdoti
2877 1713 3010 1750 suos
3055 1698 3224 1751 liceat
3265 1713 3509 1751 canones
3543 1698 3847 1767 ignorare,

2138 1800 2241 1839 nec
2295 1784 2610 1855 quidquam
2663 1784 2847 1838 facere
2913 1785 3068 1855 quod
3119 1787 3350 1839 Patrum
3397 1787 3577 1857 possit
3624 1787 3852 1857 regulis

2138 1872 2389 1927 obviare.
2424 1872 2562 1936 Quae
2608 1873 2763 1925 enim
2792 1888 2824 1925 a
2856 1872 3020 1926 nobis
3068 1889 3159 1926 res
3192 1873 3370 1943 digna
3415 1875 3755 1943 servabitur,
3791 1875 3848 1927 si

2137 1959 2507 2015 decretalium
2541 1975 2747 2013 norma
2793 1961 3229 2015 constitutorum
3276 1979 3379 2030 pro
3419 1964 3745 2033 aliquorum
3780 1964 3854 2017 li-

2135 2049 2280 2116 bitu,
2316 2047 2542 2101 licentia
2570 2048 2800 2119 populis
2830 2049 3129 2119 permissa,
3162 2050 3460 2121 frangatur
3480 2051 3507 2105 τ

2139 2154 2266 2209 CAP.
2329 2154 2500 2209 CLXI.
2571 2185 2640 2192 ——
2698 2155 2780 2208 De
2843 2156 3175 2224 presbyteris
3242 2158 3650 2226 parochialibus
3716 2175 3852 2214 cum

2368 2227 2709 2278 convenerint
2737 2230 2796 2279 ut
2825 2241 2880 2279 se
2907 2227 3178 2280 inebriare
3212 2244 3317 2281 non
3346 2229 3601 2282 audeant.

2210 2312 2318 2383 (Ea:
2352 2314 2547 2367 concil.
2598 2315 2848 2369 Namnet.
2886 2329 3007 2382 cap.
3060 2316 3165 2377 I0.)
3201 2316 3269 2369 Ut
3298 2316 3492 2369 nullus
3539 2318 3849 2389 presbyte-

2137 2417 2356 2468 rorum,
2415 2401 2649 2471 quando
2700 2401 2767 2455 ad
2820 2403 3278 2457 anniversarium
3336 2404 3510 2471 diem,
3556 2407 3683 2461 XXX
3738 2411 3855 2460 aut

2139 2490 2236 2543 VII
2265 2491 2351 2543 vel
2384 2490 2484 2557 III,
2538 2489 2777 2560 alicujus
2827 2490 3099 2558 defuncti,
3147 2497 3246 2546 aut
3288 2509 3627 2564 quacunque
3671 2511 3853 2548 voca-

2139 2578 2298 2632 tione
2346 2577 2413 2631 ad
2450 2577 2747 2631 collectam
2799 2578 3117 2649 presbyteri
3165 2581 3557 2645 convenerint,
3603 2596 3673 2635 se'
3713 2583 3847 2635 ine-

2138 2666 2329 2721 briare
2358 2667 2687 2720 nullatenus
2734 2673 3065 2736 praesumat,
3108 2684 3213 2721 nec
3260 2675 3572 2739 praesumat
3619 2671 3855 2740 precari

2139 2754 2202 2807 in
2244 2769 2441 2807 amore
2493 2761 2816 2808 sanctorum
2864 2755 2953 2808 vel
3001 2755 3181 2825 ipsius
3225 2756 3432 2809 animas
3471 2756 3690 2826 bibere,
3742 2764 3854 2811 aut

2140 2844 2284 2897 alios
2330 2843 2398 2897 ad
2436 2843 2748 2897 bibendum
2797 2860 3019 2914 cogere,
3068 2846 3150 2898 vel
3186 2861 3242 2897 se
3273 2845 3461 2899 aliena
3509 2848 3852 2915 precatione

2139 2930 2517 3002 ingurgitare,
2569 2946 2676 2984 nec
2717 2932 2954 3001 plausus
3002 2943 3057 2984 et
3087 2931 3235 2985 risus
3282 2932 3619 3001 inconditos,
3672 2944 3727 2986 et
3758 2934 3851 2988 fa-

329 3040 457 3095 CAP.
494 3039 671 3095 CLVI.
715 3069 782 3079 —
816 3041 882 3094 Ut
921 3041 1092 3093 omnis
1122 3041 1403 3108 presbyter
1446 3039 1555 3094 sibi
1578 3038 1822 3094 subditos
1869 3040 2029 3109 ﬁdem
2061 3019 2102 3075 Ο
2142 3020 2305 3109 ωδε
2369 3019 2570 3109 mane?
2634 3018 2715 3072 ibi
2781 3020 3016 3109 rf’ferre:
3075 3025 3193 3109 aut
3221 3026 3451 3073 “mare
3494 3028 3848 3109 Ριωδυῐῐιθῐ,

886 3110 1090 3164 discere
1114 3113 1470 3177 constringat.

401 3199 523 3269 (Ea:
554 3200 741 3254 concil.
780 3201 1078 3265 Gangren.,
1108 3215 1227 3268 cap.
1262 3201 1340 3269 5.)
1375 3198 1731 3269 Symbolum,
1765 3199 1915 3269 quod
1946 3203 2032 3254 est

333 3289 688 3357 signaculum
737 3287 894 3351 fidei,
943 3292 998 3340 et
1043 3288 1364 3340 orationem
1415 3286 1773 3341 Dominicam
1814 3286 2029 3343 discere

332 3390 556 3445 semper
585 3374 931 3427 admoneant
962 3373 1276 3426 sacerdotes
1308 3372 1586 3443 populum
1619 3373 2025 3429 Christianum.

332 3463 719 3532 Volumusque
750 3466 814 3514 ut
858 3460 1217 3531 disciplinam
1265 3460 1613 3530 condignam
1654 3460 1903 3516 habeant
1930 3462 2026 3533 qui

330 3551 453 3605 haec
504 3550 718 3603 discere
765 3548 1087 3618 negligunt,
1123 3548 1238 3600 sive
1286 3547 1346 3601 in
1384 3548 1629 3617 jejunio,
1682 3548 1798 3601 sive
1828 3549 1889 3602 in
1920 3550 2029 3603 alia

331 3637 734 3706 castigatione.
806 3637 1115 3705 Propterea
1159 3635 1402 3705 dignum
1452 3640 1536 3689 est
1588 3640 1652 3690 ut
1698 3636 1849 3689 tilios
1896 3653 2031 3691 suos

330 3727 552 3780 donent
602 3726 671 3778 ad
708 3724 980 3791 scholam,
1033 3724 1151 3777 sive
1197 3724 1266 3777 ad
1299 3723 1665 3786 monasteria,
1719 3724 1836 3778 sive
1881 3724 2031 3777 foras

329 3814 700 3885 presbyteris,
748 3818 813 3865 ut
868 3812 1037 3866 fidem
1085 3811 1424 3865 catholicam
1481 3815 1633 3867 recte
1682 3811 1923 3879 discant,
1974 3816 2032 3867 et

330 3903 662 3958 Orationem
716 3900 1089 3965 dominicam,
1144 3903 1205 3952 ut
1247 3898 1403 3953 domi
1452 3898 1592 3953 alios
1641 3900 1879 3954 edocere
1927 3916 2032 3953 va-

330 3992 503 4045 leant.
546 3990 653 4053 Qui
684 4005 817 4042 vero
847 3989 1014 4042 aliter
1045 4003 1158 4042 non
1190 3986 1461 4058 potuerit,
1494 3988 1581 4042 vel
1610 3987 1673 4041 in
1702 4004 1804 4041 sua
1831 3987 2033 4058 lingua

331 4080 437 4133 hoc
470 4079 665 4132 discat.

331 4185 460 4239 CAP.
513 4183 715 4238 CLVII.
758 4213 826 4221 ——
866 4182 1087 4251 Qualem
1133 4182 1518 4250 professionem
1557 4179 1893 4249 presbyteros
1935 4186 2032 4235 aut

403 4256 655 4309 diaconos
702 4269 797 4306 suo
841 4256 1084 4320 episcopo
1128 4257 1371 4320 oporteat
1415 4254 1616 4318 facere,
1668 4253 1886 4322 quando
1929 4268 2031 4321 per

397 4327 690 4395 parochias
717 4327 1141 4377 constituuntur.

401 4433 510 4502 (Ea:
538 4431 726 4485 concil.
765 4431 964 4484 Toleto.
1012 4431 1064 4495 5,
1097 4445 1216 4498 cap.
1271 4428 1388 4496 27.)
1419 4428 1659 4493 Quando
1710 4428 2028 4500 presbyteri

329 4525 427 4573 aut
458 4518 679 4572 diaconi
710 4533 814 4588 per
856 4516 1154 4588 parochias
1199 4516 1647 4583 constituuntur,
1679 4521 1906 4586 oportet
1932 4533 2030 4569 eos

327 4607 744 4677 professionem
791 4605 1062 4675 episcopo
1102 4621 1204 4658 suo
1250 4605 1457 4671 facere,
1491 4610 1557 4659 ut
1603 4609 1755 4658 caste
1786 4608 1841 4657 et
1888 4620 2029 4675 pure

325 4696 518 4749 vivant
542 4695 647 4748 sub
682 4694 781 4748 Dei
813 4694 1042 4761 timore,
1077 4698 1160 4760 ut,
1192 4694 1330 4747 dum
1358 4709 1455 4746 eos
1482 4692 1611 4747 tolis
1638 4692 1918 4763 professio
1946 4693 2029 4746 al-

327 4783 489 4854 ligat,
523 4783 653 4836 vitaa
685 4785 892 4835 sanctas
923 4781 1283 4853 disciplinam
1319 4786 1619 4835 retineant.

330 4889 458 4943 CAP.
490 4888 719 4943 CLVIII.
749 4917 814 4927 —
847 4887 1012 4941 Nulli
1040 4887 1297 4941 monacho
1320 4903 1426 4941 non
1446 4885 1733 4951 sacerdoti,
1769 4886 1849 4940 vel
1869 4886 2026 4954 laico,

544 4958 938 5027 quantumlibet
960 4960 1070 5011 sint
1099 4957 1322 5023 eruditi,
1349 4959 1470 5011 licet
1490 4957 1810 5026 praedicare.

403 5048 520 5114 (Ex
549 5049 707 5116 epist.
758 5048 943 5100 Leonis
976 5045 1175 5115 pupa.)
1209 5046 1286 5098 De
1315 5045 1406 5099 his
1436 5061 1567 5099 vero
1611 5061 1742 5116 quae
1771 5045 1832 5098 in
1875 5061 2029 5115 saepe

329 5137 480 5191 dicto
513 5134 754 5190 concilio
785 5133 986 5187 illicita
1014 5140 1217 5187 contra
1245 5134 1599 5188 venerandos
1640 5134 1902 5188 Nicaenos
1930 5150 2029 5187 ca-

328 5242 513 5280 nones
541 5222 995 5294 praasumptione
1039 5225 1257 5275 tentata
1287 5225 1438 5286 sunt,
1475 5222 1545 5276 ad
1586 5222 1823 5276 fratrem
1851 5227 1907 5277 et
1934 5238 2027 5276 co-

329 5314 663 5385 episc0pum
736 5316 1000 5365 nostrum
1069 5310 1440 5364 Antiocheam
1511 5309 1661 5363 sedis
1721 5310 2027 5380 praesulem

329 5402 665 5474 scripsimus
696 5416 711 5454 :
740 5399 1071 5471 adjicientes
1121 5403 1179 5453 et
1206 5398 1345 5452 illud
1378 5398 1536 5469 quod
1584 5397 1751 5451 nobis
1794 5403 2029 5469 propter

326 5490 758 5562 improbitatem
805 5487 1217 5543 monachorum
1286 5486 1668 5557 quorumdam
1730 5487 2028 5556 religionis

328 5586 529 5636 vestrae
559 5579 734 5634 verbo
768 5576 1087 5633 mandastis
1113 5592 1217 5648 per
1240 5574 1483 5630 vicarios
1528 5579 1779 5643 nostros,
1813 5579 1871 5629 et
1918 5574 2028 5630 hoc

2139 3108 2228 3161 vel
2275 3107 2468 3177 turpia
2526 3107 2678 3176 joca,
2743 3107 2829 3160 vel
2896 3123 3052 3172 urso,
3115 3108 3201 3160 vel
3261 3108 3668 3163 tornatricibus
3706 3117 3850 3164 ante

2139 3212 2197 3249 se
2231 3194 2417 3249 facere
2443 3194 2758 3265 permittat,
2785 3210 2888 3248 nec
2917 3195 3099 3249 larvas
3131 3197 3475 3261 dmmonum,
3504 3214 3646 3268 quas
3670 3199 3850 3267 vulgo

2137 3282 2492 3337 Talamascas
2558 3281 2776 3347 dicunt,
2845 3281 2925 3335 ibi
2986 3287 3117 3335 ante
3173 3300 3231 3335 se
3284 3284 3423 3338 ferri
3476 3287 3845 3340 consentiat:

2139 3371 2271 3442 quia
2311 3371 2421 3424 hoc
2466 3371 2813 3424 diabolicum
2845 3376 2949 3437 est,
2983 3376 3041 3425 et
3070 3387 3103 3424 a
3136 3372 3311 3426 sacris
3358 3373 3671 3428 canonibus
3700 3391 3848 3445 pro—

2138 3459 2408 3513 hibitum.

2549 3547 2677 3602 CAP.
2713 3547 2909 3601 CLXII.
2944 3578 3014 3587 —
3042 3550 3115 3601 De
3146 3548 3330 3603 eadem
3357 3565 3433 3604 re.

2211 3634 2319 3705 (Ea:
2350 3635 2548 3699 eodem,
2595 3650 2714 3704 cap.
2771 3635 2880 3705 II.)
2931 3636 3171 3699 Quando
3222 3642 3416 3691 autem
3466 3639 3851 3695 convenerint

2137 3723 2456 3795 presbyteri
2483 3724 2551 3777 ad
2585 3724 2815 3794 aliquod
2847 3725 3193 3792 convivium,
3228 3726 3475 3780 decauus
3504 3733 3602 3782 aut
3632 3728 3850 3800 aliquis

2141 3813 2297 3884 prior
2338 3813 2590 3878 illorum,
2641 3829 2868 3867 versum
2904 3819 3035 3867 ante
3086 3830 3342 3869 mensam
3394 3815 3649 3887 incipiat,
3684 3822 3742 3872 et
3771 3818 3852 3871 ci-

2142 3902 2281 3955 bum
2325 3901 2642 3969 benedicat,
2677 3905 2733 3955 et
2776 3906 2914 3956 tunc
2944 3904 3260 3957 secundum
3288 3904 3549 3958 ordinem
3582 3906 3849 3975 sedeant,

2140 3990 2284 4043 alter
2323 3989 2488 4043 alteri
2530 3990 2809 4043 honorem
2856 3991 3195 4061 praebentes,
3243 3995 3298 4045 et
3334 4008 3440 4062 per
3468 3993 3617 4047 vices
3648 3994 3849 4048 cibum

2141 4082 2198 4131 et
2228 4081 2429 4148 potum
2480 4077 2845 4147 henedicant,
2897 4083 2953 4132 et
2983 4080 3191 4151 aliquis
3236 4081 3305 4134 de
3347 4081 3575 4136 illorum
3623 4083 3849 4138 clericis

2141 4166 2359 4237 aliquid
2408 4166 2476 4219 de
2509 4170 2704 4219 sancta
2750 4165 3044 4236 Scriptura
3094 4168 3265 4239 legat.
3298 4169 3367 4223 Et
3396 4174 3524 4240 post
3572 4172 3848 4226 refectio-

2142 4270 2275 4308 nem
2329 4253 2596 4308 similiter
2643 4258 2901 4308 sanctum
2958 4255 3237 4326 hymnum
3291 4258 3483 4312 dicant
3524 4258 3596 4313 ad
3644 4275 3849 4314 exem-

2142 4344 2305 4414 plum
2348 4342 2596 4409 Domini,
2646 4342 2792 4397 sicut
2818 4342 2879 4397 in
2909 4359 3072 4398 casna
3100 4344 3296 4399 fecisse
3327 4346 3558 4417 legitur,
3591 4352 3647 4403 et
3676 4349 3758 4403 sic
3783 4367 3846 4403 se

2144 4432 2473 4485 contineant
2520 4447 2720 4484 omnes
2752 4432 3089 4503 presbyteri,
3140 4434 3385 4488 maxime
3415 4436 3477 4489 in
3515 4437 3727 4493 talibus
3757 4439 3843 4492 lo-

2142 4519 2241 4586 cis,
2274 4524 2336 4574 ut
2370 4536 2483 4573 non
2509 4520 2870 4591 vituperetur
2900 4520 3282 4576 ministerium
3318 4523 3570 4582 illorum.

2523 4609 2651 4663 CAP.
2686 4608 2916 4665 CLXIII.
2956 4639 3025 4649 —
3053 4610 3138 4664 De
3166 4612 3350 4666 eadem
3376 4628 3454 4669 re.

2212 4694 2321 4766 (Em
2368 4696 2567 4764 eodem,
2616 4711 2736 4765 cap.
2795 4695 2905 4767 t2.)
2944 4697 3323 4768 Summopere
3373 4700 3548 4755 etiam
3596 4702 3843 4774 quisque

2138 4786 2438 4855 presbyter
2486 4789 2699 4850 caveat,
2754 4783 2903 4838 sicut
2932 4786 3002 4839 de
3052 4792 3199 4840 statu
3245 4804 3345 4841 suo
3395 4790 3517 4843 vult
3563 4791 3842 4861 gaudere,

2141 4878 2205 4927 ut.
2232 4889 2345 4927 non
2379 4888 2721 4944 quacunque
2753 4873 3047 4927 occasione
3076 4878 3298 4945 patrem
3331 4892 3500 4932 suum
3530 4884 3631 4933 aut
3659 4880 3841 4935 alium

2139 4961 2455 5033 quemlibet
2504 4962 2573 5015 ad
2621 4962 2763 5015 iram
2817 4965 2874 5017 et
2918 4962 2990 5017 ad
3035 4963 3235 5030 rixam,
3278 4970 3494 5036 quanto
3546 4966 3736 5022 minus
3769 4970 3841 5025 ad

2141 5064 2397 5119 pugnam
2427 5048 2516 5101 vel
2545 5047 2614 5102 ad
2640 5050 2854 5103 cedem
2888 5049 3082 5121 aliquo
3105 5051 3275 5106 verbo
3298 5052 3483 5108 irritet
3509 5071 3605 5109 seu
3638 5072 3843 5126 provo-

2139 5141 2243 5201 cet,
2297 5152 2400 5189 nec
2438 5143 2779 5206 provocatus
2828 5138 2899 5192 ad
2933 5138 3040 5193 hoc
3072 5139 3318 5211 quisque
3361 5143 3623 5213 prosiliat
3654 5161 3667 5199 :
3701 5146 3841 5217 quia

2137 5223 2199 5277 in
2228 5223 2441 5277 talibus
2483 5224 2999 5281 comessationibus
3042 5232 3099 5281 et
3143 5229 3556 5299 potationibus,
3608 5248 3840 5304 semper

2138 5329 2197 5366 se
2228 5311 2514 5367 immiscet
2544 5312 2825 5367 diabolus.

2533 5399 2660 5453 CAP.
2697 5401 2919 5455 CLXIV.
2955 5431 3025 5442 —
3059 5405 3125 5457 De
3153 5404 3337 5459 eadem
3363 5422 3440 5461 re.

2209 5487 2317 5559 (Ea:
2347 5487 2545 5555 eodem,
2578 5504 2698 5557 cap.
2733 5489 2811 5559 4.)
2859 5489 3098 5554 Quando
3132 5494 3453 5565 presbyteri
3498 5512 3603 5567 per
3633 5499 3836 5555 Kalen-

2136 5575 2238 5630 das
2279 5575 2451 5632 simul
2497 5577 2866 5648 conveniunt,
2899 5584 3031 5650 post
3074 5586 3375 5652 peractum
3411 5583 3673 5641 divinum
3704 5603 3835 5659 my-
