3950 6430
335 351 438 404 655

1423 346 1829 400 BURCHARDI
1869 342 2400 401 WORMACIENSIS
2439 340 2772 396 EPISCOPI.

3744 343 3865 395 656

335 467 792 540 praesumpserit,
823 471 882 520 et
910 470 1128 536 postea,
1172 465 1243 519 ab
1273 466 1541 536 episcopo
1582 483 1683 520 suo
1715 472 2033 536 correptus,
2066 466 2114 518 Α
2151 479 2292 533 pum
2343 463 2642 534 proprium
2699 467 2754 516 et
2799 461 2869 515 ad
2916 461 3210 515 saecularia
3257 468 3555 532 percurrat
3579 463 3811 532 judicia
3848 478 3862 514 :

336 560 397 612 in
423 565 577 612 certa
603 555 1061 626 praesumptione
1109 553 1523 625 perduraverit,
1563 554 1654 607 hic
1684 554 2035 608 omnimodis

339 643 888 711 excommunicetur,
933 649 988 696 et
1013 643 1082 696 ab
1131 643 1366 696 ecclesia
1411 643 1747 712 expellatur.
1802 644 1866 696 Et
1909 643 2036 712 qui-

339 750 564 804 cunque
605 747 736 784 cum
785 747 853 784 eo
902 729 1434 795 communicaverit,
1479 730 1745 783 similiter
1791 747 1849 784 se
1901 731 2041 783 sciat

340 839 460 876 esse
510 820 1088 874 excommunicatum.
1137 818 1410 871 Similiter
1459 817 1529 870 de
1569 818 1811 884 clericis,
1857 818 2036 879 laicis,

339 912 426 964 vel
477 909 705 963 feminis
736 905 1243 961 excommunicatis
1276 906 1699 960 observandum
1731 911 1833 959 est.
1879 907 2041 970 Quod

340 999 386 1052 si
417 997 625 1067 aliquis
655 996 762 1048 ista
791 995 984 1048 omnia
1005 994 1428 1063 contempserit,
1455 998 1510 1046 et
1532 994 1835 1064 episcopus
1852 1011 2042 1048 emen-

341 1088 477 1142 dare
529 1084 777 1154 potuerit
825 1082 1084 1145 minime,
1141 1081 1293 1149 regis
1348 1082 1570 1150 judicio
1629 1083 1828 1137 exsilio
1876 1084 2040 1138 dam-

343 1180 530 1227 netur.

341 1282 468 1336 CAP.
524 1276 760 1331 CLXXX.
819 1304 887 1312 —
937 1276 1009 1326 De
1036 1273 1352 1343 presbytero
1399 1275 1482 1327 vel
1512 1275 1738 1328 diacono
1783 1275 2042 1329 damnato

539 1349 636 1414 qui
664 1349 1009 1413 imperatoris
1041 1345 1266 1398 auribus
1297 1346 1549 1398 molestus
1577 1349 1838 1400 emtiterit.

414 1436 521 1506 (Ea:
571 1434 758 1487 concil.
788 1433 1074 1497 Antioch.,
1107 1448 1228 1500 cap.
1289 1434 1399 1502 l2.)
1434 1433 1491 1486 Si
1547 1434 1676 1503 quis
1723 1451 1756 1487 a
1808 1424 2042 1504 proprio

344 1525 610 1594 episc0po
643 1521 941 1590 presbyter
985 1526 1082 1573 aut
1111 1520 1408 1586 diaconus,
1463 1527 1562 1574 aut
1592 1540 1624 1574 a
1654 1523 1874 1592 synodo
1925 1523 2044 1575 fne-

343 1616 418 1666 rit
447 1611 747 1681 episcopus
777 1609 925 1662 forte
964 1609 1288 1672 damnatus,
1321 1615 1378 1661 et
1408 1611 1774 1680 imperatoris
1807 1611 2043 1664 auribus

344 1701 617 1753 molestus
667 1696 966 1762 exstiterit,
1018 1702 1244 1766 oportet
1271 1697 1341 1749 ad
1388 1711 1592 1749 manus
1641 1698 2039 1768 episcoporum

342 1787 595 1842 converti
639 1785 967 1852 concilium,
1020 1791 1076 1838 et
1106 1801 1234 1855 quae
1266 1786 1593 1854 putaverint
1623 1786 1834 1839 habere
1868 1787 2041 1856 justa,

343 1875 612 1948 plurimis
642 1872 928 1944 episcopis
957 1877 1288 1943 suggerant,
1321 1889 1636 1942 eorumque
1669 1874 2047 1928 discussiones

347 1981 410 2018 ac
440 1963 649 2036 judicia
691 1962 1116 2031 praestolentur.
1151 1959 1206 2014 Si
1238 1977 1370 2014 vero
1400 1961 1522 2014 hinc
1569 1961 2048 2031 parvipendentes

349 2051 576 2106 molesti
621 2047 837 2102 fuerint
882 2047 1239 2116 imperatori,
1287 2048 1395 2100 hoc
1441 2048 1602 2100 nulla
1648 2049 1814 2102 venia
1843 2048 2048 2118 dignos

349 2155 492 2203 esse,
531 2154 633 2190 nec
663 2137 853 2189 locum
901 2135 1304 2188 satisfactionis
1343 2135 1576 2202 habere,
1611 2151 1714 2188 nec
1762 2151 1922 2204 spem
1953 2135 2048 2188 fu-

347 2232 492 2281 turae
518 2224 899 2279 restitutionis
926 2224 1156 2294 penitus
1185 2223 1417 2292 operiri.

351 2333 480 2386 CAP.
517 2331 781 2386 CLXXXI.
834 2359 902 2369 —
949 2331 1019 2382 De
1058 2328 1372 2397 presbytero
1403 2330 1500 2397 qui
1542 2331 1735 2396 pravis
1784 2327 2049 2397 exemplis

707 2401 853 2453 mala
890 2399 954 2452 de
978 2416 1032 2452 se
1061 2402 1335 2466 suspicari
1359 2398 1690 2467 permiserit.

423 2490 534 2557 (Ea:
562 2489 750 2542 ozoncil.
785 2489 1084 2553 Agat/tem,
1109 2503 1229 2555 cap.
1263 2487 1339 2556 4.)
1365 2487 1422 2540 Si
1453 2487 1582 2556 quis
1607 2486 1896 2556 presbyter
1919 2487 2050 2539 vitae

351 2594 466 2630 sua:
497 2576 797 2645 negligens
844 2577 1032 2644 pravis
1063 2574 1337 2643 exemplis
1379 2575 1532 2626 mala
1568 2575 1638 2627 de
1687 2591 1745 2627 se
1773 2575 2050 2644 suspicari

349 2664 698 2735 permiserit,
750 2669 805 2715 et
854 2663 1125 2732 populus,
1169 2663 1239 2714 ab
1283 2663 1550 2731 episcopo
1594 2663 1926 2731 juramento
1951 2678 2051 2714 seu

352 2754 544 2806 hanno
576 2750 1023 2805 Christianitatis
1071 2749 1428 2810 constrictus,
1460 2749 1758 2802 infamiam
1799 2750 1922 2819 ejus
1951 2766 2050 2819 pa-

350 2840 628 2906 tefecerit,
678 2844 735 2892 et
783 2837 922 2891 certi
977 2843 1334 2890 accusatores
1386 2837 1644 2890 criminis
1687 2837 1808 2906 ejus
1852 2838 2049 2891 defue-

354 2929 486 2993 rint,
521 2928 898 2980 admoneatur
931 2925 1119 2994 primo
1151 2941 1405 2977 seorsum
1438 2925 1510 2978 ab
1540 2924 1824 2994 episcopo,
1849 2925 2053 2979 deinde

2145 552 2244 606 sed
2274 553 2435 621 prius
2467 551 2612 604 actio
2643 551 2950 603 ventilatur
2974 550 3130 618 apud
3160 551 3491 620 episcopum
3525 551 3868 622 proprium,

2146 641 2232 694 vel
2260 646 2410 694 certe
2437 639 2673 693 consilio
2715 639 2970 709 ejusdem
3003 639 3276 708 episcopi,
3311 640 3458 708 apud
3494 655 3638 709 quos
3670 646 3872 693 utrae-

2147 745 2259 799 que
2288 734 2479 798 partes
2519 725 2691 798 [cum]
2730 727 3019 780 voluerint
3045 727 3326 795 judicium
3357 728 3760 782 continebant.
3803 727 3872 781 Si

2149 818 2277 888 quis
2326 821 2518 871 autem
2549 823 2760 886 praeter
2801 818 2924 870 haec
2954 816 3171 883 fecerit,
3207 815 3493 870 canonicis
3537 816 3877 888 correptio-

2147 906 2318 959 nibus
2345 904 2676 975 subjacebit.

2149 1012 2276 1066 CAP.
2324 1012 2630 1066 CLXXXIV.
2661 1038 2728 1050 —
2770 1011 2850 1063 De
2895 1010 3224 1078 presbyteris
3268 1013 3365 1078 qui
3405 1027 3439 1063 a
3485 1011 3726 1078 plebibus
3779 1014 3876 1064 in-

2387 1083 2766 1148 famabuntur,
2809 1081 3071 1148 quomodo
3096 1083 3332 1149 purgari
3360 1081 3606 1135 debeant.

2222 1173 2332 1237 (Ea:
2378 1171 2564 1224 concil.
2621 1169 2954 1232 llilerdensi,
3001 1184 3122 1237 cap.
3170 1168 3280 1238 10.)
3331 1169 3387 1222 Si
3433 1169 3559 1238 quis
3607 1171 3874 1239 presby-

2149 1263 2238 1312 ter
2267 1275 2299 1312 a
2337 1259 2502 1328 plebe
2548 1257 2656 1311 sibi
2689 1257 2992 1310 commissa
3023 1259 3173 1310 mala
3221 1257 3494 1326 opinione
3538 1258 3874 1312 infamatus

2149 1346 2342 1411 fuerit,
2376 1351 2432 1400 et
2462 1346 2762 1416 cpiscopus
2804 1345 3076 1415 legitimis
3109 1346 3352 1398 testibus
3383 1345 3699 1416 approbare
3730 1363 3871 1399 non

2150 1434 2421 1504 potuerit,
2473 1434 2857 1502 suspendatur
2903 1434 2973 1486 ab
3005 1432 3193 1485 officio
3225 1433 3522 1502 presbyter
3564 1449 3748 1504 usque
3787 1434 3871 1487 ad

2150 1523 2386 1591 dignam
2436 1521 2899 1584 satisfactionem,
2955 1537 3025 1574 ne
3080 1523 3327 1590 populus
3374 1521 3632 1574 ﬁdelium
3682 1521 3742 1573 in
3791 1535 3869 1571 eo

2151 1609 2484 1664 scandalum
2537 1611 2807 1679 patiatur.
2859 1608 3044 1676 Digna
3094 1609 3246 1661 enim
3297 1609 3604 1661 satisfactio
3651 1615 3758 1674 est,
3818 1608 3873 1659 si

2084 1735 2126 1789 Β
2154 1696 2235 1748 eis
2261 1712 2289 1748 a
2324 1695 2532 1764 quibus
2578 1710 2708 1746 reus
2751 1694 3021 1758 creditur,
3070 1701 3196 1764 post
3227 1702 3439 1748 rectam
3487 1696 3874 1748 securitatem

2157 1783 2225 1836 de
2278 1782 2549 1850 imposito
2605 1781 2864 1846 crimine,
2925 1782 3200 1836 innocens
3251 1800 3374 1837 esse
3433 1783 3870 1838 manifestatur.

2155 1869 2317 1933 Quod
2347 1869 2426 1922 ita
2456 1869 2621 1922 nobis
2645 1886 2675 1921 a
2706 1871 3018 1938 majoribus
3041 1872 3413 1925 constitutum
3447 1889 3569 1926 esse
3597 1874 3870 1926 docetur.

2157 1957 2268 2010 Sed
2328 1957 2444 2009 sive
2511 1958 2825 2010 secundum
2895 1975 3157 2024 canones,
3235 1959 3350 2012 sive
3415 1959 3487 2013 ad
3553 1961 3872 2014 arbitrium

2157 2045 2413 2116 episcopi
2443 2044 2550 2098 sibi
2580 2046 2826 2115 collegas
2855 2047 2946 2098 VII
2975 2047 3308 2116 conjungat,
3343 2055 3399 2100 et
3422 2049 3582 2117 juret
3611 2049 3669 2102 id
3697 2065 3875 2102 sacro

2157 2149 2349 2186 coram
2398 2133 2585 2201 posito
2627 2133 2932 2202 Evangelio
2968 2149 2981 2186 :
3019 2134 3172 2203 quod
3216 2150 3348 2187 eum
3395 2142 3587 2188 sancta
3611 2137 3874 2189 Trinitas

2159 2226 2214 2274 et
2244 2221 2496 2276 Christus
2544 2221 2696 2273 ﬁlius
2743 2221 2864 2286 Dei,
2899 2221 2999 2291 qui
3050 2223 3187 2275 illud
3219 2223 3352 2276 fecit
3397 2230 3454 2276 et
3483 2224 3675 2278 docuit
3703 2227 3873 2294 quod

2159 2309 2530 2378 Evangelium
2579 2309 2854 2376 continet,
2888 2315 2944 2362 et
2975 2309 3152 2362 sancti
3198 2315 3448 2380 quatuor
3487 2312 3872 2381 Evangelistm

2159 2397 2259 2466 qui
2305 2396 2446 2449 illud
2479 2397 2828 2465 scripserunt
2871 2397 2949 2448 sic
2980 2397 3273 2466 adjuvent,
3309 2399 3460 2468 quod
3494 2399 3586 2452 ille
3633 2415 3874 2469 pramo-

2159 2485 2434 2538 minatam
2483 2485 2763 2537 actionem
2798 2484 2878 2538 ita
2929 2501 3040 2538 non
3091 2487 3456 2555 perpetrarit,
3505 2489 3653 2540 sicut
3704 2488 3760 2541 ei
3795 2489 3872 2542 de

2159 2571 2272 2624 illis
2319 2571 2574 2625 oblatum
2611 2577 2713 2624 est.
2747 2573 2829 2637 Et,
2881 2573 2940 2625 in
2988 2574 3094 2626 hac
3124 2574 3506 2627 satisfactione
3553 2582 3868 2646 purgatus,

2159 2675 2356 2712 secure
2389 2659 2656 2726 deinceps
2701 2675 2869 2712 suum
2919 2666 3176 2714 exerceat
3223 2661 3626 2716 ministerium.
3675 2664 3870 2726 Quam

2160 2746 2608 2800 satisfactionem
2659 2747 2925 2800 nonnulli
2975 2749 3425 2816 praecedentium
3470 2757 3699 2819 patrum
3734 2769 3872 2805 san-

2159 2840 2316 2888 ctum
2363 2835 2607 2888 Leonem
2654 2850 2886 2904 papam,
2932 2835 2991 2887 in
3020 2835 3252 2888 basilica
3305 2837 3480 2889 sancti
3523 2838 3674 2891 Petri
3719 2855 3869 2908 apo-

2163 2923 2316 2988 stoli,
2347 2938 2537 2976 coram
2584 2923 3065 2976 reverendissimo
3105 2940 3315 2978 caesare
3351 2927 3571 2992 Carolo,
3615 2943 3677 2980 ac
3708 2928 3871 2980 clero

353 3017 459 3071 sub
508 3016 730 3069 duobus
767 3014 853 3067 vel
883 3013 1064 3066 tribus
1110 3013 1369 3066 testibus.
1406 3012 1463 3066 Si
1496 3029 1609 3065 non
1650 3011 1744 3080 [se]
1781 3013 2044 3066 emenda-
2086 3011 2127 3064 C
2166 3016 2223 3064 et
2272 3010 2438 3079 plebe
2479 3009 2559 3062 ita
2612 3010 2807 3062 fecisse
2853 3018 3354 3064 commemorant:
3388 3019 3559 3082 atque
3607 3015 3687 3066 ita
3730 3031 3871 3068 mox

353 3103 520 3168 verit,
553 3103 613 3155 in
639 3107 922 3154 conventu
952 3101 1420 3170 presbyterorum
1453 3100 1756 3170 episcopus
1785 3117 1915 3154 cum
1948 3117 2054 3170 pn-

355 3192 503 3246 blica
549 3189 937 3259 increpatione
973 3189 1299 3241 admoneat.
1351 3188 1408 3242 Si
1459 3205 1590 3241 vero
1634 3204 1820 3258 neque
1871 3189 1949 3241 sic
1997 3205 2054 3241 se

357 3279 682 3343 correxerit,
716 3277 787 3330 ab
823 3275 1013 3329 officio
1062 3277 1446 3345 suspendatur
1495 3293 1674 3346 usque
1701 3277 1768 3330 ad
1819 3277 2054 3346 dignam

357 3365 824 3428 satisfactionem,
858 3381 928 3416 ne
960 3364 1206 3433 populus
1241 3364 1498 3416 fidelium
1527 3365 1586 3416 in
1623 3380 1690 3417 eo
1721 3366 2054 3418 scandalum

359 3455 623 3524 patiatur.
672 3453 728 3505 Si
761 3455 952 3504 autem
999 3457 1356 3505 accusatores
1405 3452 1650 3521 legitimi
1684 3469 1799 3506 non
1841 3453 2057 3507 fuerint

359 3543 459 3612 qui
490 3543 611 3609 ejus
640 3540 881 3594 crimina
925 3540 1242 3594 manifestis
1270 3541 1499 3594 indiciis
1544 3541 1789 3611 probare
1822 3548 2054 3596 conten-

360 3631 566 3694 derint,
600 3634 656 3682 et
688 3629 807 3698 ipse
855 3629 1168 3699 negaverit,
1214 3635 1336 3682 tum
1368 3629 1489 3698 ipse
1524 3645 1651 3682 cum
1698 3635 1914 3698 septem
1957 3648 2056 3684 so-

357 3718 458 3771 ciis
485 3717 602 3770 suis
631 3717 889 3785 ejusdem
933 3716 1170 3782 ordinis,
1203 3716 1248 3767 si
1281 3717 1450 3781 valet,
1501 3733 1534 3768 a
1567 3716 1809 3771 crimine
1853 3723 2054 3771 semet-

358 3806 548 3875 ipsum
580 3809 875 3874 expurget.
929 3805 1211 3857 Diaconos
1263 3821 1417 3868 vero,
1464 3805 1512 3858 si
1567 3805 1771 3858 eodem
1817 3807 2055 3859 crimine

358 3899 652 3948 accusatus
680 3894 872 3958 fuerit,
905 3893 1278 3962 semetipsum
1309 3909 1438 3946 cum
1475 3893 1656 3946 tribus
1689 3901 1935 3948 excuset.

740 3998 868 4049 CAP.
912 3997 1159 4051 CLXXII.
1188 4025 1256 4035 —
1287 4000 1357 4050 De
1388 3998 1572 4050 eadem
1601 4013 1678 4050 re.

430 4082 538 4150 (Ea:
568 4083 754 4134 concil.
792 4082 1147 4146 Triburiensi,
1198 4097 1318 4149 cap.
1351 4081 1466 4148 21.)
1500 4082 1555 4135 Si
1603 4082 1732 4151 quis
1763 4085 2058 4153 presbyter

359 4175 557 4224 contra
585 4170 817 4235 laicum,
851 4170 937 4221 vel
961 4170 1136 4222 laicus
1158 4177 1356 4222 contra
1384 4170 1780 4238 presbyterum
1804 4172 2055 4241 aliquam

2163 3099 2556 3151 venerandum
2596 3099 2915 3168 principem
2948 3105 3144 3152 contra
3191 3101 3446 3168 ejusdem
3477 3103 3655 3155 sancti
3696 3119 3872 3174 papa:

2165 3186 2538 3249 adversarios,
2572 3186 2760 3256 dignae
2789 3188 3023 3241 ultionis
3051 3188 3358 3242 vindictam
3390 3206 3666 3244 exercere.

2167 3294 2302 3347 CAP.
2339 3293 2613 3366 CLXXXV.
2663 3323 2730 3331 —
2764 3295 2825 3349 Si
2863 3296 3064 3361 aliquis
3109 3311 3176 3348 ea:
3203 3297 3472 3350 ordinatis
3503 3297 3570 3349 ab
3617 3300 3873 3366 episcopo

2237 3379 2332 3416 suo
2376 3365 2668 3417 damnatus
2719 3367 2910 3431 fuerit,
2943 3371 3003 3418 ut
3048 3382 3156 3420 non
3186 3368 3374 3420 debeat
3414 3368 3482 3420 ab
3529 3365 3714 3436 aliquo
3768 3365 3872 3422 de-

2234 3437 2464 3500 fensari.

2237 3539 2345 3607 (Em
2387 3541 2571 3594 concil.
2629 3541 2835 3607 Afric.,
2889 3557 3010 3608 cap.
3070 3544 3184 3607 29.)
3241 3543 3304 3595 Et
3357 3543 3498 3597 illud
3550 3545 3876 3612 petendum

2165 3632 2230 3682 ut
2259 3633 2507 3681 statuere
2554 3628 2864 3697 dignentur
2909 3635 2992 3695 ut,
3025 3629 3072 3682 si
3120 3630 3246 3701 quis
3277 3632 3581 3700 cujuslibet
3629 3633 3876 3688 honoris

2165 3716 2423 3782 clericus,
2462 3716 2679 3786 judicio
2733 3719 3154 3787 episcoporum,
3205 3735 3572 3790 quocumque
3621 3722 3876 3777 crimine

2165 3805 2337 3858 fuerit
2385 3805 2711 3871 damnatus,
2759 3822 2875 3858 non
2926 3807 3094 3860 liceat
3144 3823 3276 3860 eum
3324 3809 3440 3862 sive
3484 3810 3553 3862 ab
3608 3811 3876 3864 Ecclesiis

2167 3893 2375 3963 quibus
2427 3894 2675 3962 praefuit,
2736 3894 2850 3947 sive
2890 3911 2924 3946 a
2972 3896 3228 3965 quolibet
3275 3897 3508 3951 homine
3559 3899 3874 3965 defensari,

2167 3981 2502 4051 interposita
2535 3997 2702 4050 poena
2743 3981 2940 4035 damni
2973 3984 3228 4051 pecuniae
3255 3991 3428 4054 atque
3459 3986 3714 4049 honoris,
3753 4004 3875 4058 quo

2169 4084 2273 4121 nec
2332 4074 2558 4122 aetatem
2610 4085 2714 4121 nec
2781 4085 2980 4123 sexum
3035 4073 3426 4126 excusandum
3496 4090 3616 4128 esse
3675 4077 3877 4144 praeci-

2167 4156 2349 4225 piant.
2412 4206 2425 4216 ,

359 4257 534 4311 habet
576 4256 953 4326 querimoniae
1003 4257 1474 4322 controversiam,
1527 4258 1793 4327 episcopo
1845 4261 2052 4328 przeci-
2087 4283 2130 4336 ι)
2170 4262 2296 4315 CAP.
2332 4262 2631 4314 CLXXXVI.
2676 4291 2744 4301 —
2797 4265 2864 4315 De
2902 4264 3224 4333 presbytero
3266 4281 3300 4316 a
3346 4267 3544 4332 populo
3591 4276 3869 4324 accusata.

357 4346 576 4415 piente,
608 4346 730 4397 sine
773 4360 1148 4413 personarum
1191 4344 1523 4413 acceptione
1553 4345 1808 4400 finiatur.
1863 4347 2060 4401 Laicus

358 4450 462 4504 per
493 4434 908 4504 juramentum,
961 4433 1007 4486 si
1039 4449 1266 4486 necesse
1317 4433 1408 4499 sit,
1459 4449 1517 4486 se
1553 4439 1827 4503 expurget
1859 4450 1872 4488 :
1907 4451 2059 4505 pres-

357 4523 522 4591 byter
573 4537 706 4574 vero
760 4521 879 4574 vice
929 4520 1246 4590 juramenti
1300 4537 1404 4590 per
1461 4528 1714 4575 sanctam
1767 4538 2057 4576 consecra-

356 4610 572 4662 tionem
623 4609 1014 4678 interrogetur
1047 4625 1060 4661 :
1096 4608 1232 4677 quia
1277 4609 1601 4662 sacerdotes
1649 4625 1719 4663 ex
1748 4610 1856 4663 levi
1886 4626 2057 4664 causa

350 4699 545 4767 jurare
571 4714 684 4750 non
709 4697 938 4750 debent.
969 4698 1165 4751 Manus
1184 4713 1285 4766 per
1306 4713 1480 4766 quam
1507 4714 1714 4767 corpus
1741 4703 1798 4751 et
1821 4699 2055 4769 sanguis

355 4783 564 4838 Christi
609 4789 1034 4848 consecrantur,
1085 4786 1414 4851 juramento
1466 4785 1800 4854 polluatur!
1850 4787 2046 4841 Absit!

356 4888 484 4924 cum
529 4872 808 4924 Dominus
850 4871 911 4924 in
957 4872 1258 4941 Evangelio
1303 4872 1600 4940 discipulis
1634 4873 1774 4940 suis,
1806 4890 2054 4944 quorum

354 4958 533 5011 vicem
565 4975 678 5011 non
723 4959 948 5028 indigni
977 4959 1038 5011 in
1069 4963 1263 5012 sancta
1293 4960 1546 5028 gerimus
1576 4960 1822 5015 Ecclesia
1850 4962 2003 5017 dicat
2035 4980 2048 5017 :

355 5048 543 5100 Nolite
591 5046 825 5098 omnino
867 5047 1082 5114 jurare.
1125 5046 1209 5100 Sit
1239 5051 1431 5100 autem
1482 5063 1670 5102 sermo
1705 5054 1911 5112 vester,
1943 5055 2048 5118 est,

353 5140 455 5201 est,
489 5150 625 5197 non,
676 5149 810 5186 non.
858 5133 1020 5196 Quod
1051 5139 1244 5187 autem
1292 5133 1381 5188 his
1413 5135 1800 5189 abundantius
1846 5142 1951 5205 est,
1984 5153 2051 5191 ex

351 5225 501 5276 malo
533 5228 637 5275 est.

350 5311 478 5364 CAP.
524 5309 849 5365 CLXXXIII.
885 5339 952 5348 —
989 5311 1046 5364 Si
1077 5311 1300 5365 clericus
1345 5312 1606 5365 adversus
1651 5313 1901 5366 clericum
1946 5314 2050 5367 ha-

454 5382 539 5436 bet
567 5383 860 5447 negotium,
893 5381 967 5434 ad
991 5383 1276 5434 sacularia
1302 5398 1406 5434 non
1432 5388 1684 5436 recurrat
1697 5385 1938 5451 judicia.

419 5469 544 5535 (Ea:
570 5470 756 5523 concil.
794 5469 1079 5534 Chalced.,
1115 5486 1236 5536 cap.
1270 5473 1346 5535 9.)
1379 5471 1435 5523 Si
1481 5471 1608 5540 quis
1657 5472 1894 5525 clericus
1943 5473 2046 5526 ad-

343 5573 540 5611 versus
568 5557 842 5612 clericum
871 5557 1044 5613 habet
1067 5557 1386 5628 negotium,
1419 5574 1539 5613 non
1571 5559 1796 5615 deserat
1826 5560 2045 5632 episco-

2241 4351 2351 4416 (Ear:
2417 4352 2576 4416 epist.
2650 4351 2946 4418 Gregorii.)
3016 4352 3093 4404 De
3167 4354 3499 4423 presbytero
3572 4371 3703 4411 vero
3781 4359 3872 4411 vel

2166 4437 2423 4508 quolibet
2468 4438 2757 4491 sacerdote
2806 4455 2837 4492 a
2869 4441 3086 4508 populo
3138 4447 3417 4505 accusato,
3465 4443 3508 4495 si
3561 4446 3701 4498 certi
3747 4463 3872 4501 non

2165 4525 2379 4578 fuerint
2435 4531 2606 4578 testes
2665 4526 2765 4595 qui
2824 4527 3051 4580 crimini
3103 4529 3259 4582 illato
3310 4531 3601 4585 veritatem
3651 4533 3867 4602 dicant,

2159 4612 2566 4692 jusjurandum
2599 4614 2708 4667 erit
2750 4615 2809 4667 in
2842 4615 3049 4681 medio,
3091 4622 3146 4670 et
3177 4618 3338 4671 illum
3373 4624 3576 4674 testem
3605 4622 3870 4689 proferat

2163 4699 2231 4752 de
2262 4701 2606 4755 innocentiae
2641 4718 2754 4756 suae
2800 4705 3067 4772 puritate,
3097 4706 3187 4758 cui
3235 4707 3390 4760 nuda
3417 4712 3472 4761 et
3499 4715 3696 4779 aperta
3729 4716 3865 4766 sunt

2161 4789 2375 4854 omnia,
2409 4791 2602 4860 sicque
2637 4797 2865 4845 maneat
2889 4792 2949 4845 in
2982 4794 3215 4863 proprio
3245 4795 3448 4864 gradu.

2162 4895 2288 4972 CAP.
2322 4896 2660 4972 CLXXXVII.
2709 4928 2778 4936 —
2808 4898 2890 4951 De
2936 4900 3142 4953 clericis
3184 4903 3439 4955 convictis
3483 4907 3535 4956 et
3576 4906 3859 4972 confessis,

2231 4969 2281 5018 si
2309 4969 2459 5043 intra
2491 4983 2693 5020 annum
2725 4983 2946 5022 causam
2971 4985 3125 5043 suam
3153 4987 3391 5039 purgare
3421 4969 3858 5043 contempserint,

2229 5037 2382 5090 nulla
2409 5053 2515 5090 v0.1:
2543 5054 2725 5091 eorum
2753 5046 2873 5106 post
2903 5037 3184 5094 audiatur.

2231 5124 2337 5193 (Ea:
2382 5127 2570 5179 conczl.
2623 5128 2806 5192 Afric.
2855 5143 2975 5195 cap.
3032 5128 3147 5197 46.)
3184 5131 3431 5185 Rursum
3485 5133 3858 5187 constitutum

2159 5216 2245 5264 est
2294 5217 2356 5264 ut
2409 5213 2716 5282 aliquoties
2770 5213 2990 5268 clericis
3045 5217 3318 5270 convictis
3375 5224 3430 5271 et
3477 5219 3750 5272 confessis
3797 5221 3856 5273 in

2158 5299 2352 5368 aliquo
2384 5299 2642 5366 crimine,
2680 5303 2763 5354 vel
2791 5308 3026 5373 propter
3070 5321 3270 5359 eorum
3301 5323 3546 5376 quorum
3580 5323 3856 5362 verecun-

2159 5386 2268 5441 diae
2302 5388 2572 5456 parcitur,
2619 5390 2704 5442 vel
2754 5396 2990 5460 propter
3021 5393 3279 5447 Ecclesiae
3327 5395 3727 5463 opprobrium,
3759 5405 3857 5450 aut

2156 5475 2503 5530 insolentem
2551 5477 2983 5534 insultationem
3039 5482 3444 5536 haereticorum
3490 5489 3661 5555 atque
3713 5501 3855 5554 gen-

2154 5564 2366 5634 tilium,
2401 5564 2451 5620 si
2489 5565 2638 5623 forte
2671 5583 2858 5624 causa:
2889 5585 3004 5624 suae
3033 5569 3230 5626 adesse
3268 5571 3576 5642 voluerint,
3603 5577 3661 5627 et
3688 5573 3852 5629 inno-
