3950 6408
43 419 129 467 o5?
994 412 1471 468 DECRETORUM
1514 414 1700 469 LIBRI
1737 415 1842 471 XX.
1882 446 1951 456 —
1992 416 2199 471 LIBER
2240 414 2616 470 SECUNDUS.

3460 419 3562 469 658

43 535 275 589 centiam
320 549 490 589 suam
523 549 799 601 asserere,
836 533 990 588 intra
1028 550 1244 587 annum
1279 536 1748 590 excommunica-
1776 538 1822 590 Α
1863 554 1993 592 rum
2026 539 2377 604 convocanti,
2411 538 2503 591 hic
2534 538 2840 591 damnetur
2867 537 3224 602 omnimodo,
3259 553 3365 592 nec
3409 539 3563 592 ultra

44 624 201 676 tionis
253 623 372 676 hoc
420 622 653 676 faciant.
719 622 779 675 Si
836 638 970 675 vero
1032 623 1182 675 intra
1237 640 1456 677 annum
1512 640 1741 678 causam

44 728 183 765 suam
254 727 515 782 purgare
584 711 1058 781 contempserint,
1132 712 1293 765 nulla
1363 729 1470 766 vox
1541 728 1742 766 eorum

48 806 227 869 postea
266 800 507 870 penitus
536 800 823 853 audiatur.

48 906 157 957 CAP.
195 904 564 958 CLXXXVIII.
614 934 683 943 -——
733 907 797 957 Ut
840 905 1023 958 nullus
1054 920 1121 958 ea:
1166 906 1436 959 ordinatis
1486 906 1623 959 laico
1646 907 1742 974 ju-

656 991 783 1028 rare
806 982 1123 1044 praesumat.

112 1066 209 1129 (Ea:
245 1066 440 1117 concil.
493 1066 761 1129 Remensi,
820 1080 948 1133 cap.
998 1064 1073 1133 ὅ.)
1123 1065 1191 1118 Ut
1224 1066 1417 1119 nullus
1458 1082 1521 1119 ex
1564 1068 1740 1119 eccle-

50 1152 253 1205 siastico
289 1152 501 1205 ordine
530 1153 803 1222 cuiquam
834 1152 977 1205 laico
1004 1153 1323 1223 quidquam
1354 1171 1529 1223 supra
1560 1171 1740 1221 sacra,

52 1242 119 1292 vel
174 1258 345 1311 super
399 1249 602 1295 sancta
660 1242 967 1311 Evangelia
1007 1242 1183 1311 juret,
1246 1242 1341 1295 sed
1403 1242 1741 1312 simpliciter

50 1346 161 1383 cum
206 1330 468 1400 puritate
500 1336 559 1383 et
584 1330 825 1383 veritate
876 1328 1059 1383 dicat:
1096 1332 1209 1397 Est,
1245 1335 1347 1397 est,
1390 1332 1536 1397 Non,
1588 1348 1735 1397 non;

52 1418 133 1470 sed
175 1418 217 1470 si
262 1424 350 1471 est
401 1418 623 1488 aliquid
670 1418 825 1488 quod
874 1418 955 1471 eis
1004 1435 1037 1471 a
1087 1419 1246 1472 laicis
1291 1420 1618 1489 objiciatur,
1670 1421 1738 1474 ad

53 1508 391 1576 episcopum,
464 1507 525 1560 in
582 1508 745 1575 cujus
786 1506 1078 1560 territorio
1147 1517 1252 1575 est,
1303 1507 1634 1561 deferatur:
1684 1514 1740 1561 et

45 1595 186 1659 juxta
226 1595 283 1648 id
331 1595 490 1664 quod
540 1594 625 1647 illi
667 1594 768 1664 qui
801 1594 1059 1663 ejusdem
1091 1599 1223 1647 sunt
1254 1596 1475 1649 ordinis
1517 1597 1738 1665 dijudi-

48 1684 296 1748 caverint,
326 1688 433 1736 aut
463 1682 786 1752 corrigatur
815 1689 915 1735 aut
938 1689 1306 1752 expurgetur.

50 1774 158 1824 CAP.
193 1771 500 1825 CLXXXIX.
553 1801 619 1809 —
652 1772 719 1823 Si
744 1774 1024 1838 presbyter
1076 1778 1171 1825 aut
1211 1773 1471 1825 diaconus
1514 1776 1571 1825 in
1615 1775 1732 1837 for-

106 1846 390 1905 nicatione,
427 1846 525 1894 aut
552 1843 817 1908 periurio,
850 1848 945 1894 aut
984 1845 1157 1911 furto,
1185 1844 1493 1909 homicidio,
1543 1852 1733 1912 captus

99 1915 279 1977 fuerit,
308 1914 381 1966 ab
405 1912 594 1982 ofﬁcio
614 1912 1005 1979 suspendatur.

104 2004 206 2067 (Ea:
263 2017 390 2055 can.
445 2003 729 2070 apostolo.)
772 2002 1075 2070 Presbyter
1137 2007 1237 2055 aut
1302 2002 1578 2055 diaconus
1631 2002 1731 2073 qui

48 2090 92 2142 in
133 2089 538 2150 fornicatione,
577 2094 676 2141 aut
716 2089 990 2159 perjurio,
1028 2094 1126 2142 aut
1166 2089 1337 2157 furto,
1369 2095 1468 2142 aut
1497 2090 1732 2143 homici-

46 2180 119 2231 dio
144 2185 341 2249 captus
386 2183 492 2245 est,
529 2178 890 2247 deponatur:
936 2194 1051 2230 non
1083 2183 1277 2231 tamen
1323 2179 1729 2231 communione

46 2267 293 2335 privetur.
329 2267 485 2321 Dicit
514 2266 670 2320 enim
704 2266 1029 2337 Scriptura:
1055 2267 1178 2319 Non
1203 2266 1427 2336 judicat
1454 2266 1730 2320 Dominus

46 2356 113 2407 bis
140 2357 191 2409 in
219 2356 504 2425 idipsum.

47 2443 152 2496 CAP.
182 2444 327 2499 CXC.
363 2473 435 2484 —
470 2445 555 2496 De
585 2443 877 2509 ordinatis,
924 2445 974 2495 si
1018 2444 1219 2511 aliquis
1248 2444 1468 2497 illorum
1505 2459 1727 2513 percus-

466 2574 491 2593 Ι
677 2528 767 2567 sor
796 2516 1084 2567 emstiterit.

105 2604 209 2668 (Ea:
243 2618 391 2657 conc.
459 2602 823 2668 Agathensi.,
874 2617 973 2670 cap
1025 2601 1107 2670 3.)
1156 2600 1213 2655 Si
1262 2601 1389 2672 quis
1436 2602 1497 2655 in
1536 2603 1728 2671 aliquo

50 2692 405 2745 ecclesiastico
496 2691 679 2759 gradu
754 2694 1008 2743 sacratus
1090 2706 1393 2759 percussor
1457 2691 1724 2756 extiterit,

49 2781 364 2849 corripiatur
432 2779 735 2833 acerrime.
800 2778 857 2833 Si
903 2794 1019 2831 non
1078 2778 1488 2845 emendaverit,
1551 2780 1726 2848 depo-

50 2874 212 2921 natur.

52 2957 152 3009 CAP.
206 2957 382 3011 CXCI.
448 2985 518 2995 —
588 2958 663 3009 De
734 2955 1070 3024 presbyteris
1116 2957 1213 3024 qui
1274 2960 1498 3024 propter
1573 2972 1728 3009 suam

463 3027 853 3092 negligentiam
888 3026 1283 3092 degradantur.

101 3114 209 3173 (E1:
243 3114 437 3166 concil.
496 3114 763 3179 Mogunt,
806 3129 927 3181 cap.
984 3114 1100 3181 40.)
1154 3114 1376 3166 Dictum
1424 3120 1511 3165 est
1561 3114 1726 3166 nobis

43 3202 385 3270 presbyteros
460 3206 701 3271 propter
756 3217 918 3254 suam
985 3202 1399 3271 negligentiam
1454 3202 1726 3255 canonice

51 3290 380 3357 degradatos,
436 3294 496 3341 et
544 3288 895 3342 saeculariter
937 3290 1117 3358 gradu
1164 3290 1372 3342 amisso
1417 3290 1624 3355 vivere,
1671 3296 1728 3343 et

52 3378 375 3443 paenitentiae
432 3377 675 3446 agendae
726 3376 939 3429 bonum
982 3377 1295 3446 negligere.
1333 3378 1490 3430 Unde
1524 3377 1727 3430 statui-

51 3481 155 3518 mus
194 3471 273 3528 ut,
308 3466 498 3535 gradu
541 3465 773 3528 amisso,
806 3466 1041 3533 agendas
1071 3466 1423 3534 poenitentiae
1453 3466 1634 3534 gratia
1668 3466 1727 3519 in

53 3556 367 3608 monasterio
442 3560 546 3607 aut
592 3555 865 3607 canonico
930 3560 1029 3606 aut
1082 3554 1335 3622 regulari
1404 3555 1723 3608 mittantur.

54 3640 96 3691 Si
124 3658 245 3695 vero
294 3644 407 3695 hoc
450 3642 579 3695 ﬁeri
628 3658 799 3695 causa
833 3641 1108 3712 quaslibet
1157 3641 1542 3710 prohibuerit,
1595 3643 1725 3695 ubi-

55 3744 268 3799 cumque
316 3732 458 3797 sint,
510 3730 907 3800 paenitentiam
943 3746 1113 3799 agere
1158 3746 1272 3783 non
1325 3730 1617 3786 desistant.
1669 3732 1728 3785 Si

57 3822 216 3872 autem
248 3820 463 3872 amisso
521 3818 704 3888 gradu
735 3819 1080 3871 saeculariter
1109 3818 1293 3871 vivere
1328 3818 1628 3886 voluerint,
1673 3823 1731 3872 et

56 3906 425 3971 paenitentiam
496 3923 666 3977 agere
713 3906 1090 3977 neglexerint,
1143 3907 1213 3960 ab
1274 3906 1533 3960 Ecclesiae
1578 3922 1729 3960 com-

57 3995 295 4049 munione
328 4014 387 4050 se
395 4012 467 4067 pa
477 4000 693 4049 rentur.

59 4099 163 4153 CAP.
215 4102 411 4156 CXCII.
474 4131 544 4140 —
598 4104 670 4155 De
719 4101 1014 4165 ordinatis,
1073 4104 1125 4154 si
1180 4101 1384 4168 injuste
1438 4100 1731 4166 degradati

764 4174 989 4237 fuerint.

112 4260 205 4321 (Er
260 4262 461 4325 eodem,
520 4276 639 4329 cap.
702 4263 817 4325 28.)
881 4260 1208 4329 Episcopus,
1270 4260 1571 4329 presbyter
1629 4264 1728 4312 aut

58 4345 314 4413 diaconus,
349 4350 416 4415 si,
452 4367 485 4400 a
515 4349 699 4417 gradu
722 4366 821 4401 suo
848 4349 1056 4419 injuste
1088 4349 1360 4418 dejectus,
1395 4349 1453 4401 in
1478 4348 1728 4402 secunda

60 4438 246 4500 synodo
292 4438 575 4491 innocens
609 4439 950 4507 reperiatur,
1005 4454 1115 4489 non
1168 4442 1351 4507 potest
1404 4454 1522 4489 esse
1573 4438 1724 4506 quod
1759 4445 1801 4498 D

62 4520 233 4590 fuerat,
281 4526 388 4579 nisi
423 4527 636 4597 gradus
684 4526 923 4579 amissos
956 4526 1193 4595 recipiat
1234 4541 1428 4578 coram
1464 4526 1625 4578 alteri
1659 4526 1729 4579 de

62 4624 210 4666 manu
258 4615 686 4683 episcoporum.
723 4614 781 4669 Si
811 4615 1114 4684 episcopus
1154 4617 1258 4680 est,
1294 4614 1571 4677 orarium,
1620 4629 1727 4666 an-

60 4700 233 4755 nulum
277 4711 333 4757 et
363 4704 659 4757 baculum.
691 4704 748 4755 Si
781 4704 1098 4773 presbyter,
1134 4703 1389 4755 orarium
1435 4707 1489 4754 et
1523 4704 1730 4771 plane-

62 4792 175 4840 tam.
204 4790 257 4843 Si
290 4792 585 4857 diaconus,
617 4791 872 4844 orarium
903 4796 958 4844 et
989 4792 1196 4843 albam.
1236 4790 1292 4843 Si
1322 4790 1729 4857 subdiaconus,

64 4882 297 4943 patenam
327 4885 383 4934 et
412 4882 670 4935 calicem.
706 4881 795 4934 Sic
838 4886 897 4933 et
921 4879 1129 4949 reliqui
1162 4880 1374 4949 gradus
1407 4880 1463 4932 in
1500 4896 1731 4948 repara-

64 4966 251 5021 tionem
280 4970 365 5022 sui
401 4970 688 5039 recipiant
713 4985 863 5039 quae,
896 4985 1027 5023 cum
1056 4968 1482 5034 ordinarentur,
1536 4984 1731 5036 perce-

64 5068 116 5120 pe
125 5061 258 5111 rant.

67 5141 169 5194 CAP.
221 5145 438 5201 CXCIII.
504 5176 576 5185 ——
630 5147 710 5198 De
753 5146 1023 5199 ordinatis
1077 5148 1175 5214 qui
1237 5147 1547 5213 episcopum
1600 5160 1729 5213 pro-

596 5219 781 5284 prium
808 5222 1169 5271 contemnunt.

122 5300 212 5367 (Er
258 5307 439 5360 concil.
506 5306 789 5374 Antioch.,
839 5322 960 5373 cap.
1016 5305 1093 5375 5.)
1144 5305 1197 5359 Si
1248 5304 1378 5375 quis
1434 5304 1732 5374 presbyter

69 5392 145 5438 aut
170 5390 447 5458 diaconus,
473 5394 812 5465 episcopum
835 5394 1135 5465 proprium
1162 5398 1553 5459 contemnens,
1579 5410 1637 5445 se
1660 5392 1731 5445 ab

73 5473 277 5533 Ecclesia
320 5483 791 5553 sequestraverit,
826 5488 882 5536 et
927 5499 1186 5535 seorsum
1234 5482 1509 5549 colligens
1554 5483 1731 5533 altare

72 5568 404 5635 constituerit,
438 5577 495 5625 et
535 5570 934 5624 commonenti
970 5571 1239 5640 episcopo
1271 5586 1384 5622 non
1424 5570 1731 5639 acquieve—

73 5650 147 5717 rit,
173 5671 263 5710 nec
287 5660 614 5715 consentire
643 5660 729 5713 vel
763 5659 996 5714 obedire
1027 5659 1275 5713 voluerit
1310 5659 1487 5711 semel
1519 5663 1575 5712 et
1619 5656 1731 5709 ite-

1858 626 2180 679 remedium
2211 631 2613 696 consequatur.

1858 716 1986 768 CAP.
2025 715 2242 768 CXCIV.
2281 746 2348 752 —
2388 715 2455 767 Si
2484 715 2769 782 presbyter
2816 719 3007 768 contra
3052 728 3210 767 suum
3253 717 3561 783 episcopum

2022 788 2247 853 inﬂatus
2273 788 2508 839 schisma
2539 788 2747 850 fecerit,
2779 790 2840 839 ut
2870 786 3382 838 anathematizetur.

1925 872 2032 940 (Ea:
2063 890 2205 927 conc.
2241 875 2526 940 Carthag.,
2574 889 2694 941 cap.
2737 876 2845 938 Η.)
2886 873 2970 926 Ab
3003 873 3285 926 universis
3332 872 3556 943 episco-

1853 961 1943 1031 pis
1984 961 2203 1015 dictum
2248 966 2371 1015 est:
2416 961 2471 1015 Si
2516 960 2646 1031 quis
2691 961 2989 1030 presbyter
3028 961 3099 1014 ab
3136 961 3407 1030 episcopo
3452 976 3555 1013 suo

1851 1055 2151 1120 correptus
2195 1051 2386 1115 fuerit,
2437 1050 2607 1104 debet
2653 1049 2850 1120 utique
2893 1049 3047 1119 apud
3085 1050 3302 1103 vicinos
3336 1049 3551 1119 episco-

1850 1155 1952 1208 pos
1983 1140 2283 1209 conqueri,
2316 1144 2383 1193 ut
2411 1140 2482 1192 ab
2507 1139 2646 1207 ipsis
2677 1139 2800 1207 ejus
2826 1154 2994 1191 causa
3028 1138 3205 1207 possit
3234 1138 3445 1201 audiri,
3486 1154 3549 1191 ac

1851 1242 1953 1295 per
1981 1226 2131 1295 ipsos
2183 1243 2285 1279 suo
2331 1227 2599 1295 episcopo
2646 1225 3020 1278 reconciliari.
3055 1226 3217 1287 Quod
3250 1226 3360 1279 nisi
3402 1226 3550 1279 fece-

1848 1314 1943 1381 rit,
1977 1315 2073 1367 sed
2123 1316 2411 1385 superbia,
2445 1316 2597 1385 quod
2642 1315 2815 1367 absit!
2864 1313 3099 1367 inﬂatus
3130 1315 3550 1368 secernendum

1848 1420 1904 1456 se
1949 1404 2020 1457 ab
2050 1404 2307 1474 episcopi
2358 1405 2442 1456 sui
2476 1403 2884 1457 communione
2917 1402 3163 1465 duxerit,
3214 1418 3277 1455 ac
3318 1418 3546 1473 separa-

1846 1492 1951 1545 tim
1982 1508 2113 1546 cum
2163 1493 2455 1563 aliquibus
2504 1492 2750 1544 scliisma
2794 1490 3006 1543 faciens
3039 1490 3383 1544 sacriﬁcium
3432 1491 3546 1545 Deo

1846 1580 2138 1646 obtulerit,
2191 1581 2498 1634 anathema
2542 1581 2838 1643 habeatur,
2875 1585 2931 1632 et
2976 1581 3162 1632 locum
3193 1579 3437 1631 amittat.
3485 1579 3544 1632 Si

1844 1670 2267 1738 querimoniam
2318 1671 2533 1739 justam
2592 1669 2865 1722 adversus
2907 1668 3244 1738 episcopum
3291 1684 3404 1720 non
3439 1668 3543 1721 ha-

1843 1756 2053 1823 buerit,
2098 1758 2509 1828 inquirendum
2543 1758 2670 1811 erit.

1844 1846 1969 1899 CAP.
2002 1847 2192 1900 CXCV.
2228 1877 2299 1887 —
2327 1851 2401 1901 De
2438 1849 2548 1899 illis
2594 1848 2691 1915 qui
2732 1847 2967 1914 aliquem
2996 1861 3063 1898 ea:
3094 1845 3365 1899 ordinatis
3400 1846 3543 1911 falso

2394 1920 2618 1971 crimine
2644 1919 2991 1985 appetierint.

1912 2005 2024 2071 (Ea:
2075 2006 2275 2071 eodem,
2307 2022 2431 2073 cap.
2479 2007 2551 2071 5.)
2601 2005 2657 2058 Si
2689 2004 2817 2074 quis
2859 2004 3190 2074 episcopum
3238 2008 3333 2057 aut
3380 2020 3541 2074 pres-

1844 2093 2107 2161 byterum
2148 2095 2233 2146 vel
2282 2094 2590 2147 diaconum
2644 2092 2799 2145 falsis
2831 2091 3171 2144 criminibus
3212 2093 3537 2161 appetierit,

1843 2186 1897 2233 et
1931 2181 2173 2249 probare
2206 2197 2320 2234 non
2351 2180 2627 2249 potuerit,
2674 2180 2783 2233 nisi
2810 2180 2869 2233 in
2903 2180 3018 2235 ﬁne
3062 2180 3305 2234 dandam
3338 2180 3391 2233 ei
3420 2196 3538 2234 non

1842 2284 1964 2321 esse
1995 2270 2482 2322 communionem.

1842 2357 1968 2410 CAP.
2023 2356 2243 2410 CXCVI.
2293 2385 2363 2396 —
2412 2359 2477 2411 Ut
2524 2359 2845 2410 criminator
2883 2359 3082 2409 crimen
3118 2357 3416 2422 criminati,
3456 2356 3540 2409 lit-

1912 2427 2042 2480 teris
2116 2428 2572 2496 comprehensum,
2646 2434 2771 2482 ante
2843 2430 3237 2482 accusationem
3295 2430 3540 2495 episcopo

1912 2512 2007 2551 suo
2036 2502 2381 2566 representet.

1911 2586 2028 2654 (Ea:
2058 2588 2244 2640 concil.
2281 2588 2517 2652 Aureli,
2562 2602 2682 2654 cap.
2738 2587 2840 2651 IO.)
2876 2587 3021 2640 Illud
3064 2590 3344 2655 praeterea
3382 2585 3541 2639 omni

1841 2675 2220 2728 ecclesiastico
2252 2675 2442 2729 ordini
2477 2675 2828 2728 omnimodis
2875 2675 3295 2729 observandum
3344 2680 3447 2741 est,
3477 2679 3541 2727 ut

1839 2763 2169 2816 nullatenus
2195 2764 2406 2833 aliquis
2434 2769 2746 2833 praesumat
2782 2762 2840 2816 in
2881 2764 3124 2816 concilio
3157 2764 3243 2816 vel
3280 2762 3539 2832 synodali

1839 2860 2123 2904 conventu
2173 2853 2427 2922 aliquem
2474 2852 2828 2905 confratrum
2876 2851 3233 2905 accusatione
3284 2852 3534 2919 pulsare,

1837 2939 1948 2991 nisi
1992 2939 2152 3008 prius
2182 2940 2373 3007 ipsum
2415 2939 2789 2992 accusationis
2834 2938 3053 2991 crimen
3097 2944 3152 2992 et
3198 2937 3537 3006 litigationis

1838 3043 2055 3095 causas,
2093 3027 2297 3080 litteris
2345 3044 2448 3098 per
2496 3028 2757 3080 ordinem
2807 3028 3308 3097 comprehensum,
3362 3042 3533 3078 manu

1838 3117 2072 3186 propria
2116 3116 2535 3186 subscripserit,
2571 3121 2626 3169 et
2658 3116 2925 3185 episc0po
2976 3116 3063 3168 vel
3094 3131 3267 3168 sacra:
3314 3114 3534 3183 synodo

1838 3204 2174 3275 porrexerit,
2223 3210 2285 3258 ut
2316 3205 2471 3275 juste
2511 3210 2566 3258 et
2597 3205 2865 3257 canonice
2916 3203 3270 3273 litigantium
3310 3207 3537 3256 contro-

1838 3294 2035 3347 versia:
2070 3294 2365 3347 finiantur.
2419 3295 2541 3347 Non
2574 3293 2726 3346 enim
2778 3293 2929 3359 licet,
2972 3299 3033 3346 ut
3068 3292 3374 3346 auctoritas
3421 3292 3532 3344 R0-

1836 3398 2008 3435 mana
2066 3387 2326 3449 testatur,
2404 3383 2514 3435 nisi
2581 3382 2955 3451 inscriptione
3015 3381 3298 3435 celebrata
3370 3395 3533 3433 reum

1836 3486 2190 3540 quemquam
2248 3470 2395 3531 fieri,
2449 3487 2552 3524 nec
2609 3471 2677 3524 ad
2732 3470 3015 3539 judicium
3067 3469 3346 3537 exhiberi,
3399 3470 3536 3538 quia

1838 3559 1983 3611 sicut
2032 3560 2351 3612 convictam
2408 3559 2477 3611 de
2532 3559 2775 3611 crimine
2826 3575 2997 3627 poena
3040 3558 3406 3627 constringit,
3457 3556 3537 3609 ita

1838 3652 2249 3712 accusatorem,
2278 3648 2325 3700 si
2350 3662 2466 3699 non
2495 3646 2819 3714 probaverit
2848 3646 2998 3715 quod
3025 3646 3249 3714 objecit.

1838 3734 1967 3788 CAP.
2003 3734 2252 3788 CXCVII.
2288 3762 2361 3773 —
2407 3736 2472 3786 Ut
2516 3732 2702 3787 nullus
2745 3749 2811 3784 ea:
2850 3732 3119 3785 ordinatis
3149 3747 3203 3785 se
3243 3730 3535 3801 proclamet

2326 3806 2381 3857 in
2411 3804 2634 3870 synodo,
2666 3802 2777 3856 nisi
2803 3805 3039 3870 scriptis.

1911 3894 2021 3960 (Ea:
2055 3894 2243 3946 concil.
2295 3892 2369 3945 ad
2414 3896 2586 3945 sancl.
2637 3891 2909 3955 Medard.,
2944 3906 3064 3959 cap.
3131 3889 3207 3957 9)
3261 3890 3533 3942 Hiucma-

1838 3996 1957 4038 rus,
2037 3980 2500 4049 archiepisc0pus
2550 3981 2880 4045 Remorum,
2932 3979 3049 4032 suis
3111 3977 3535 4031 accusatoribus

1839 4069 2015 4123 dixit:
2052 4070 2190 4129 Quae
2230 4074 2314 4123 est
2343 4068 2547 4138 petitio
2598 4074 2804 4132 vestra,
2841 4068 3081 4121 fratres?
3112 4099 3179 4106 —
3228 4066 3537 4120 Misericor-

1841 4158 2018 4222 diam,
2050 4157 2342 4228 inquiunt,
2395 4157 2643 4228 petimus
2674 4157 2835 4210 nobis
2882 4173 2915 4209 a
2961 4161 3146 4210 vestra
3194 4155 3535 4226 paternitate

1841 4245 2117 4316 impendi,
2178 4246 2247 4299 de
2319 4245 2744 4299 ministratione
2800 4245 3061 4297 ordinem
3126 4242 3536 4297 ecclesiastico-

1842 4351 1990 4399 rum,
2032 4335 2101 4388 ad
2140 4351 2280 4404 quos
2311 4351 2343 4387 a
2377 4335 2615 4387 domino
2648 4334 2841 4387 Ebone
2874 4333 3168 4403 quondam
3198 4332 3469 4401 provecti,
3506 4350 3537 4384 a

1842 4428 2028 4475 vestra
2075 4422 2413 4476 auctoritate
2458 4422 2717 4491 suspensi
2765 4437 2983 4474 sumus.
3030 4422 3366 4474 Hincmarus
3413 4420 3535 4489 epi-

1842 4527 2046 4580 scopus
2102 4511 2277 4563 dixit:
2355 4510 2587 4565 Habetis
2642 4509 2899 4561 libellum
2954 4507 3376 4561 reclamationis
3436 4513 3537 4560 aut

1842 4598 2268 4667 postulationis,
2322 4596 2467 4650 sicut
2511 4596 2890 4649 ecclesiastica
2942 4612 2999 4648 se
3046 4595 3219 4648 habet
3264 4594 3537 4647 traditio?

1842 4686 1928 4739 Illi
1962 4691 2156 4739 autem
2191 4685 2614 4753 responderunt
2646 4700 2703 4736 se
2728 4699 2845 4752 pra:
2879 4682 3143 4735 manibus
3176 4683 3400 4735 nullum
3433 4682 3537 4735 ha—

1844 4775 1974 4827 bere
2032 4774 2308 4827 libellum.
2358 4773 2697 4825 Hincmarus
2737 4771 3038 4842 episcopus
3088 4770 3268 4824 dixit:
3323 4771 3537 4840 Legum

1840 4862 2351 4915 ecclesiasticarum
2403 4860 2711 4914 auctoritas
2786 4860 2915 4913 talis
2971 4864 3056 4912 est
3113 4864 3173 4912 ut
3230 4859 3289 4911 in
3353 4858 3539 4911 causis

1841 4956 2132 5021 gestorum
2164 4966 2393 5019 semper
2436 4950 2777 5018 scripturam
2812 4948 3106 5019 requirat:
3143 4948 3285 5001 adeo
3326 4952 3393 5000 ut
3440 4947 3538 5017 qui

1844 5040 1909 5093 ad
1945 5055 2167 5092 sacrum
2208 5039 2425 5092 fontem
2465 5038 2703 5106 accedit,
2752 5054 2917 5091 suum
2964 5038 3099 5091 dare
3140 5052 3354 5091 nomen
3384 5052 3541 5105 prae-

1842 5128 2121 5195 cipiatur;
2175 5127 2273 5196 qui
2313 5127 2383 5179 ad
2418 5142 2710 5179 summum
2751 5126 3135 5179 sacerdotium
3184 5125 3537 5195 provehitur,

1842 5216 2069 5269 decreto
2094 5215 2360 5269 manibus
2378 5215 2638 5268 omnium
2665 5215 2931 5268 roborato
2952 5214 3213 5284 eligitur;
3244 5212 3541 5265 ordinatus

1844 5308 2033 5357 autem
2068 5319 2097 5355 a
2129 5304 2246 5356 suis
2280 5303 2708 5356 ordinatoribus
2738 5303 2957 5356 litteras
2988 5301 3246 5369 accipere
3271 5298 3537 5367 jubetur;

1845 5392 1943 5461 qui
2000 5391 2173 5444 etiam
2238 5393 2309 5445 ab
2366 5391 2745 5445 ecclesiastica
2810 5390 3076 5443 societate
3140 5387 3395 5457 quolibet
3452 5400 3543 5437 ex-

1844 5495 2006 5532 cessu
2061 5479 2426 5544 discinditur,
2480 5479 2727 5533 libellari
2767 5478 3074 5547 scriptione
3120 5479 3216 5528 aut
3264 5472 3544 5542 recipitur

1847 5572 1945 5620 aut
1983 5567 2277 5637 dejicitur;
2322 5569 2415 5621 sed
2458 5568 2558 5637 qui
2593 5572 2909 5632 accusatur,
2960 5566 3047 5617 vel
3090 5561 3546 5617 excommunica-

1847 5660 1943 5710 tur
1990 5672 2091 5709 seu
2138 5656 2559 5719 reconciliatur,
2612 5672 2716 5727 per
2764 5656 3105 5725 scripturam
3156 5650 3410 5706 accusari
3456 5650 3543 5703 vel
