3950 6408
300 418 316 428 ⁶
363 414 468 467 659

1433 412 1833 469 BURCHARDI
1870 408 2409 469 WORMACIENSIS
2448 410 2783 467 EPISCOPI.

3777 412 3900 464 660

360 529 720 587 reconciliari
750 529 1005 602 jubetur.
1046 531 1115 586 Et
1144 530 1223 585 sic
1276 531 1337 586 in
1367 532 1589 586 caeteris
1632 530 1967 601 hujusmodi
1993 530 2056 585 in
2084 531 2131 586 Α
2167 529 2339 585 faciat
2360 529 2422 584 in
2441 528 2708 585 exsilium
2733 528 3047 600 deportari,
3077 533 3143 585 ut
3170 528 3344 584 unius
3363 544 3535 601 poena
3554 530 3901 586 multon

361 625 590 676 tantum
636 619 921 691 scriptura
976 620 1325 691 deposcitur,
1358 624 1441 684 ut,
1498 620 1645 674 sicut
1671 619 1871 674 beatus
1924 620 2062 675 Gre-

364 709 560 780 gorius
598 709 659 763 in
689 708 1144 765 Commonitorio
1175 709 1246 762 ad
1274 709 1556 763 Joannem
1587 708 1947 762 defensorem
1994 724 2062 763 ex

364 790 640 853 Romanis
693 798 917 869 legibus
971 813 1205 852 sumens
1261 796 1501 851 scribit:
1571 796 1869 851 Sententia
1929 813 2061 869 quae

364 886 486 940 sine
529 886 811 957 scriptura
859 886 1167 956 profertur,
1206 901 1307 937 nec
1352 901 1565 939 nomen
1602 885 1904 940 sententiae
1951 887 2060 940 ba-

363 974 500 1029 bere
525 978 833 1029 mereatur.
859 974 1236 1044 Quapropter,
1260 974 1460 1026 fratres
1476 980 1533 1028 et
1549 973 1674 1039 ﬁlii,
1696 979 1924 1044 oportet
1943 991 2060 1040 vos,

363 1063 680 1118 secundum
729 1062 1164 1117 ecclesiasticam
1222 1061 1640 1129 auctoritatem,
1698 1064 2060 1117 reclamatio-

366 1168 498 1205 nem
535 1157 779 1205 vestram
812 1149 989 1204 libelli
1027 1150 1174 1203 serie
1206 1150 1477 1220 allegare,
1509 1168 1753 1222 eamque
1792 1152 2062 1206 manibus

364 1240 566 1294 vestris
619 1239 941 1292 roboratam
977 1238 1192 1308 synodo
1240 1255 1415 1291 sacrae
1464 1239 1781 1308 porrigere,
1834 1244 1898 1293 ut
1926 1257 2060 1293 con-

365 1327 661 1381 venienter
716 1333 772 1379 et
822 1326 1094 1380 canonice
1125 1326 1307 1380 vobis
1354 1327 1540 1381 valeat
1589 1327 1943 1397 responderi.
1998 1329 2065 1382 Et

364 1420 499 1469 tunc
538 1414 649 1485 ipsi
701 1416 905 1468 fratres
954 1413 1213 1468 libellum
1252 1415 1699 1480 conscribentes,
1748 1415 1917 1485 eique
1960 1431 2064 1469 sua

362 1502 598 1556 nomina
643 1502 1084 1569 subscribentes,
1147 1508 1533 1571 porrexerunt
1588 1504 1891 1557 Hincmaro
1941 1503 2061 1573 epi-

362 1608 552 1662 scopo,
587 1592 685 1662 qui
713 1596 850 1645 tunc
874 1606 990 1643 una
1020 1606 1149 1644 cum
1185 1592 1491 1658 Wevilone,
1524 1591 1840 1645 Senonensi
1877 1591 2061 1645 archi-

364 1680 651 1750 episcopo,
683 1684 739 1732 et
779 1694 909 1732 cum
954 1678 1263 1746 Amalrico,
1296 1680 1615 1733 Turonensi
1670 1695 1835 1749 aeque
1868 1679 2060 1733 archi-

2172 620 2352 691 possit
2390 635 2510 674 esse
2540 618 2839 673 correctio.

2172 708 2302 764 CAP.
2338 707 2491 762 CCII.
2522 736 2589 751 —-
2626 709 2694 762 Ut
2737 710 2787 762 si
2818 708 2942 776 quis
2973 707 3226 761 clericum
3254 709 3609 774 accusaverit,
3643 714 3694 763 et
3723 708 3905 762 testi-

2241 780 2437 833 moniis
2502 778 2736 848 probare
2809 793 2916 833 non
2984 781 3244 847 potuerit,
3314 783 3600 834 accusator
3655 794 3903 850 pennam

2243 851 2489 903 accusati
2515 852 2769 917 accipiat.

2242 937 2351 1008 (Ea:
2381 938 2569 991 concil.
2599 936 3001 1001 Erum/ardea”
3045 950 3165 1005 cap.
3202 935 3274 1004 8.)
3300 936 3521 991 Placuit
3551 940 3634 1007 ut,
3668 937 3715 990 si
3754 934 3904 1006 quis

2169 1025 2416 1097 aliquem
2465 1023 2800 1079 clericorum
2834 1026 2891 1078 in
2925 1025 3281 1078 accusatione
3319 1024 3720 1080 fornicationis
3777 1025 3904 1077 im-

2168 1115 2330 1186 petit,
2381 1113 2696 1167 secundum
2743 1117 3093 1185 praeceptum
3124 1113 3285 1167 Pauli
3319 1114 3583 1184 apostoli,
3634 1114 3759 1168 duo
3800 1112 3902 1164 vel

2168 1198 2280 1253 tria
2330 1196 2660 1252 testimonia
2714 1196 3085 1266 requirantur
3144 1196 3213 1250 ab
3260 1197 3380 1251 illo.
3442 1197 3601 1262 Quod
3652 1197 3699 1250 si
3764 1212 3898 1249 non

2168 1286 2421 1358 potuerit
2496 1285 2643 1341 datis
2699 1284 3045 1340 testimoniis
3103 1285 3421 1356 approbare
3483 1286 3639 1357 quod
3708 1285 3901 1351 dixit,

2171 1376 2828 1430 excommunicationem
2860 1374 3109 1429 accusati
3131 1379 3424 1428 accusator
3449 1376 3707 1446 accipiat.

2171 1464 2303 1518 CAP.
2353 1462 2530 1517 CCIII.
2573 1494 2642 1501 —
2698 1465 2763 1517 Ut
2809 1465 2949 1517 sicut
2997 1463 3126 1517 laici
3170 1464 3387 1518 clericos
3431 1466 3491 1517 in
3536 1464 3901 1517 secularibus

2244 1537 2302 1587 in
2351 1549 2452 1587 sua
2499 1536 2839 1588 accusatione
2884 1550 2991 1587 non
3043 1537 3335 1603 recipiunt,
3374 1536 3456 1588 ita
3510 1550 3604 1588 nec
3653 1537 3778 1604 ipsi
3834 1536 3902 1587 in

2241 1606 2581 1659 sacerdotum
2610 1607 2971 1673 recipiantur.

2245 1690 2352 1760 (Ea:
2408 1692 2598 1745 concil.
2651 1693 3057 1755 Aurelianensi,
3090 1708 3210 1760 cap.
3262 1692 3334 1760 5.)
3375 1692 3587 1747 Omnes
3621 1691 3903 1763 episcopi

361 1769 649 1839 episcopo,
727 1768 833 1821 sub
916 1767 1220 1837 praesentia
1298 1767 1533 1838 gloriosi
1613 1768 1765 1837 regis
1850 1767 2055 1833 Caroli,

2226 1799 2234 1833 ι
2277 1779 2447 1833 tertia
2492 1780 2745 1833 sessione
2790 1782 3292 1835 acclamaverunt:
3339 1781 3485 1835 Sane
3515 1781 3767 1851 dignum
3808 1786 3904 1834 est

363 1857 577 1928 synodo
608 1856 967 1926 praesidebat.

366 1958 493 2019 CAP.
556 1964 825 2018 CXCVIII.
878 1992 947 2002 —-
997 1965 1072 2016 De
1135 1963 1451 2017 clericorum
1506 1961 1954 2016 accusatoribus:
2015 1964 2065 2016 si

432 2050 601 2087 unum
635 2049 703 2086 ea:
733 2034 955 2101 objectis
998 2033 1234 2102 probare
1281 2049 1389 2087 non
1423 2035 1723 2102 potuerint,
1761 2033 1835 2086 ad
1871 2036 2064 2087 caetera

432 2121 540 2159 non
570 2105 959 2158 admittuntur.

437 2211 553 2281 (Ea:
581 2210 769 2264 concil.
813 2209 1105 2277 Africano,
1134 2223 1253 2277 cap.
1288 2210 1404 2273 75.)
1450 2209 1590 2260 Item
1637 2207 1874 2276 placuit,
1928 2224 2066 2279 quo-

369 2298 728 2368 tiescumque
759 2295 980 2350 clericis
1010 2296 1080 2350 ab
1119 2295 1548 2349 accusatoribus
1594 2297 1777 2351 multa
1824 2296 2067 2351 crimina

369 2386 735 2455 objiciuntur,
770 2390 826 2438 et
860 2400 1040 2439 unum
1073 2401 1141 2438 ex
1181 2383 1321 2454 ipsis
1353 2385 1423 2438 de
1458 2401 1573 2455 quo
1619 2384 1779 2455 prius
1819 2386 2064 2455 egerint,

369 2473 616 2543 probare
666 2489 781 2526 non
811 2472 1114 2539 valuerint,
1170 2473 1241 2527 ad
1288 2476 1493 2526 caetera
1534 2473 1656 2545 jam
1690 2489 1809 2527 non
1857 2474 2067 2528 admit-

369 2565 583 2615 tantur.

371 2671 503 2725 CAP.
537 2668 751 2722 CXCIX.
798 2697 868 2708 —
907 2668 987 2721 De
1033 2670 1277 2737 episcopo
1315 2673 1412 2723 aut
1435 2668 1773 2738 presbytero,
1808 2672 1859 2724 si
1903 2685 2071 2725 causa

440 2740 746 2793 criminalis
789 2742 865 2792 eis
914 2744 1172 2808 reputata
1216 2741 1409 2807 fuerit,
1456 2740 1717 2809 quomodo
1772 2756 1827 2794 se
1865 2756 2068 2810 ρεφυγ-

441 2826 572 2877 gare
602 2810 848 2864 debeant.

442 2917 551 2981 (Ezc
590 2915 773 2969 concil.
841 2916 1225 2981 Wormacien.,
1273 2931 1394 2986 cap.
1455 2918 1527 2984 8.)
1569 2915 1625 2970 Si
1665 2915 1933 2987 episcopo
1973 2922 2073 2970 aut

370 3004 700 3075 presbytero
750 3020 920 3058 causa
974 3004 1309 3070 criminalis,
1371 3004 1770 3070 homicidium,
1845 3004 2072 3058 adulte-

2173 1872 2259 1933 ut,
2299 1866 2443 1921 sicut
2491 1868 2814 1922 sacerdotes
2861 1868 2949 1921 vel
2990 1869 3225 1922 clericos
3268 1869 3329 1922 in
3361 1886 3462 1923 sua
3512 1870 3907 1924 accusatione

2170 1956 2259 2008 vel
2294 1956 2664 2028 saecularibus
2706 1956 2938 2026 judiciis
2973 1956 3100 2010 laici
3148 1972 3266 2010 non
3305 1957 3609 2027 recipiunt,
3643 1957 3727 2012 ita
3780 1958 3903 2028 ipsi

2171 2043 2232 2097 in
2282 2027 2642 2098 sacerdotum
2693 2044 2779 2097 vel
2837 2044 3175 2098 clericorum
3234 2045 3713 2110 accusationibus,
3789 2062 3904 2099 seu

2173 2131 2564 2185 ecclesiasticis
2594 2131 2859 2202 negotiis,
2899 2131 3010 2185 nisi
3058 2142 3261 2202 sponte
3293 2133 3709 2202 collaudentur,
3764 2150 3901 2188 non

2174 2220 2559 2291 recipiantur:
2610 2221 2882 2291 quoniam
2941 2220 3348 2276 inconveniens
3406 2227 3491 2277 est
3542 2227 3604 2277 ut
3661 2223 3726 2277 hi
3787 2224 3900 2294 qui

2175 2307 2281 2361 hos
2303 2313 2603 2378 respuunt,
2636 2307 2706 2361 ab
2738 2308 2827 2361 his
2846 2307 3218 2379 recipiantur.

2177 2396 2307 2451 CAP.
2357 2396 2525 2451 CCIV.
2575 2426 2637 2435 —
2692 2398 2758 2451 Ut
2807 2399 3168 2451 testimonium
3211 2398 3341 2452 laici
3386 2402 3576 2452 contra
3622 2399 3896 2454 clericum

2792 2483 2943 2521 nemo
2964 2470 3249 2536 suscipiat.

2247 2557 2356 2620 (Ea:
2418 2556 2604 2610 concil.
2685 2556 3042 2621 Triburiensi,
3116 2571 3237 2625 cap.
3316 2556 3393 2627 4.)
3459 2556 3898 2613 Testimonium

2178 2643 2309 2697 laici
2334 2643 2604 2698 adversus
2632 2643 2902 2698 clericum
2936 2660 3104 2699 nemo
3137 2644 3426 2715 suscipiat.

2179 2751 2310 2807 CAP.
2362 2749 2510 2804 CCV.
2545 2779 2612 2791 —
2641 2753 2717 2805 De
2755 2751 3044 2816 ordinatis,
3091 2754 3143 2806 si
3184 2754 3427 2806 accusati
3469 2754 3700 2822 fuerint,
3752 2760 3896 2823 quot
3942 2793 3950 2811 .

2570 2840 2794 2893 testibus
2824 2854 2879 2893 se
2900 2854 3160 2893 excusare
3180 2839 3481 2895 debuerint.

2253 2929 2363 2997 (Ea:
2405 2928 2594 2983 concil.
2627 2928 3039 2995 Carthaginem,
3074 2942 3194 2996 cap.
3237 2928 3354 2997 20.)
3383 2927 3442 2982 Si
3488 2933 3679 2983 autem
3712 2945 3893 3000 pres-

2179 3015 2368 3087 byteri
2399 3018 2486 3070 vel
2517 3015 2742 3070 diaconi
2786 3015 3003 3069 fuerint
3035 3015 3304 3081 accusati,
3338 3016 3609 3085 adjuncto
3649 3018 3765 3072 sibi
3819 3034 3891 3072 ex

368 3092 521 3145 rium
569 3097 626 3145 et
678 3092 1024 3147 maleﬁcium
1073 3096 1405 3162 reputatum
1459 3091 1654 3158 fuerit,
1713 3092 1774 3145 in
1823 3092 2067 3162 singulis
2102 3097 2142 3150 C
2181 3104 2381 3157 vicinis
2438 3104 2573 3158 locis
2637 3103 2908 3174 proprius
2959 3104 3262 3175 episcopus
3318 3105 3582 3175 legitimo
3633 3122 3891 3161 numero

372 3180 597 3235 Missam
646 3185 890 3235 tractare
938 3179 1126 3246 debet,
1158 3184 1215 3234 et
1256 3180 1547 3234 Secretam
1577 3180 1807 3250 publice
1852 3180 2063 3247 dicere,

372 3274 427 3321 et
457 3268 901 3332 communicare,
934 3268 1099 3321 et'de
1147 3267 1390 3337 singulis
1423 3268 1528 3321 sibi
1572 3269 1850 3339 reputatis
1897 3268 2066 3323 inno-

372 3359 596 3408 centem
645 3371 703 3408 se
761 3354 1079 3408 ostendere.
1140 3355 1300 3419 Quod
1357 3354 1405 3407 si
1454 3371 1569 3409 non
1621 3356 1840 3426 fecerit,
1898 3357 2066 3428 quin-

373 3442 627 3513 quennio
661 3459 690 3495 a
721 3442 1019 3496 liminibus
1046 3442 1296 3497 ecclesiae
1327 3446 1633 3497 extranens
1662 3444 1960 3498 habeatur.

516 3547 645 3602 CAP.
681 3546 784 3603 CC.
808 3577 876 3589 ——
903 3550 969 3602 Ut
992 3548 1174 3600 clerici
1202 3547 1268 3601 ab
1292 3549 1486 3602 alienis
1509 3548 1793 3616 judicibus
1821 3564 1929 3603 non

984 3619 1450 3686 constringantur.

442 3710 553 3776 (Em
607 3707 751 3762 decr.
812 3707 1054 3761 Adriani
1080 3722 1260 3775 papae,
1307 3722 1426 3776 cap.
1472 3707 1586 3776 38.)
1618 3707 1681 3761 In
1728 3708 2068 3762 clericorum

371 3812 541 3850 causa
570 3795 902 3866 hujusmodi
933 3795 1115 3849 forma
1149 3800 1423 3860 servetur,
1456 3800 1521 3849 ut
1566 3811 1938 3867 nequaquam
1975 3813 2071 3852 eos

374 3885 660 3939 sententia
690 3901 805 3938 non
825 3901 858 3938 a
884 3900 985 3938 suo
1010 3884 1202 3954 judice
1234 3884 1384 3938 dicta
1414 3885 1783 3956 constringat.

375 3990 504 4043 CAP.
541 3989 669 4043 CCI.
706 4020 774 4030 —
825 3990 1215 4045 Criminantem
1243 3990 1467 4058 injuste,
1504 3994 1690 4044 etnon
1731 3991 2069 4057 probantem,

442 4061 752 4114 verberibus
804 4061 1014 4128 publice
1063 4061 1461 4127 castigandum,
1508 4066 1558 4113 et
1607 4064 1662 4115 in
1712 4062 1939 4115 exilium
1984 4063 2072 4116 de-

439 4131 794 4200 portandum.

446 4235 555 4305 (Em
611 4251 762 4303 regn.
821 4236 895 4289 ad
955 4237 1272 4290 Antemium
1327 4235 1719 4290 subdiaconum
1781 4237 2071 4305 Campam,

374 4339 494 4393 cap.
545 4324 697 4393 201.)
742 4323 887 4377 Cum
929 4323 1131 4377 fortius
1175 4323 1470 4392 punienda
1518 4324 1631 4377 sint
1661 4323 1904 4378 crimina
1943 4340 2073 4394 quae

374 4411 698 4465 insontibus
729 4417 786 4465 et
828 4412 1078 4466 maxime
1113 4411 1347 4466 sacratis
1378 4410 1674 4465 ordinibus
1704 4411 2070 4482 ingeruntur,

376 4516 551 4570 quam
584 4500 706 4553 sitis
752 4500 1083 4571 culpabiles,
1117 4516 1319 4554 omnes
1372 4500 1472 4570 qui
1522 4499 1581 4552 in
1621 4515 1792 4553 causa
1840 4500 2076 4553 Joannis

378 4588 605 4643 diaconi
662 4588 975 4655 resedistis,
1028 4590 1322 4655 attendite,
1373 4593 1436 4642 ut
1494 4588 1755 4643 Hilarum
1809 4587 2077 4641 crimina-

376 4670 562 4730 tofem
596 4676 796 4745 ipsius,
853 4677 1009 4730 nulla
1043 4692 1111 4729 ex
1142 4675 1480 4730 deﬁnitione
1522 4681 1708 4730 vestra
1752 4692 1922 4745 pmna
1969 4692 2077 4729 ve-

375 4764 539 4817 niens
587 4764 909 4834 castigaret.
947 4765 1060 4818 Nec
1089 4764 1232 4818 illud
1272 4765 1344 4819 ad
1375 4764 1801 4820 excusationem
1828 4769 2072 4818 vestram

375 4869 499 4906 esse
552 4853 792 4907 credatis
844 4853 1141 4920 idoneum,
1193 4854 1348 4924 quod
1387 4854 1547 4908 vobis
1603 4852 1768 4924 quasi
1811 4853 2073 4923 judicare

375 4940 701 4994 volentibus
750 4941 906 4995 solus
956 4941 1135 4995 frater
1178 4947 1233 4996 et
1275 4941 1645 5012 coepisc0pus
1684 4946 1887 4995 noster
1934 4943 2073 4995 Pas-

374 5028 599 5082 chasius
631 5028 839 5083 dicitur
868 5030 1158 5084 detulisse.
1185 5031 1325 5084 Nam
1357 5030 1405 5083 si
1434 5031 1589 5084 zelus
1612 5030 1676 5084 in
1706 5029 1869 5083 vobis
1901 5028 2074 5083 recti-

372 5116 590 5171 tudinis
628 5117 921 5188 viguisset,
970 5118 1193 5173 facilius
1224 5119 1324 5173 uni
1359 5136 1391 5172 a
1426 5118 1622 5172 multis
1652 5116 2073 5172 rationabiliter

374 5205 623 5272 suaderi,
676 5221 852 5277 quam
905 5207 1071 5261 multi
1127 5208 1199 5262 ab
1242 5224 1360 5261 uno
1413 5211 1684 5278 poterant
1723 5206 1848 5260 sine
1902 5221 2074 5259 causa

372 5293 611 5350 differri.
647 5294 793 5359 Quia
822 5311 958 5366 ergo
986 5300 1163 5351 tantae
1189 5297 1466 5367 nequitia:
1495 5296 1715 5349 malum
1741 5294 1865 5347 sine
1897 5292 2073 5363 digna

374 5399 489 5438 non
534 5383 705 5439 debet
760 5384 982 5439 ultione
1010 5385 1277 5451 transire,
1321 5382 1782 5453 suprascriptum
1835 5380 2071 5435 fratrem

372 5476 629 5527 nostrum
662 5473 1028 5527 Paschasium
1067 5473 1337 5527 volumus
1362 5468 1660 5524 admoneri
1690 5472 1755 5521 ut
1800 5469 2073 5523 eumdem

374 5560 631 5615 Hilarum
660 5562 823 5632 prius
842 5561 1305 5624 subdiaconatus,
1342 5574 1456 5628 quo
1484 5555 1760 5626 indignus
1785 5554 2067 5625 fungitur,

373 5647 561 5718 privet
606 5649 814 5716 officio,
857 5654 1029 5718 atque
1074 5646 1411 5701 verberibus
1452 5644 1682 5714 publice
1725 5642 2068 5714 castigatum

2178 3192 2529 3263 collegarum
2557 3208 2702 3263 quos
2734 3191 3039 3267 ab-eodem
3070 3192 3318 3246 accusati
3354 3193 3644 3263 petierint,
3682 3193 3740 3247 id
3776 3202 3886 3259 est,

2179 3296 2295 3335 una
2346 3296 2538 3334 secum
2592 3280 2652 3334 in
2720 3280 3060 3351 presbyterii
3108 3282 3344 3335 nomine
3390 3283 3457 3336 Vl
3509 3281 3572 3336 in
3626 3282 3890 3336 diaconii

2179 3369 2382 3436 tribus,
2416 3369 2672 3439 ipsorum
2726 3385 2925 3423 causas
2964 3370 3252 3433 discutiat,
3301 3371 3501 3423 eadem
3548 3370 3780 3425 dierum
3829 3375 3892 3425 et

2180 3458 2549 3526 dilationum,
2581 3463 2637 3511 et
2680 3474 2715 3511 a
2749 3458 3158 3512 communione
3204 3459 3614 3525 remotionum,
3664 3470 3723 3513 et
3763 3459 3887 3513 dis—

2178 3546 2441 3601 cussione
2489 3562 2867 3617 personarum
2921 3546 3073 3600 inter
3106 3552 3483 3614 accusatores,
3534 3553 3590 3602 et
3636 3564 3736 3601 eos
3782 3548 3891 3619 qui

2180 3639 2522 3689 accusantur
2551 3635 2737 3689 forma
2765 3640 3005 3691 servata.
3051 3635 3430 3706 Reliquorum
3477 3640 3672 3690 autem
3718 3637 3893 3691 cleri-

2180 3737 2379 3777 corum
2405 3738 2623 3791 causas,
2662 3724 2834 3777 etiam
2865 3724 3020 3778 solus
3054 3724 3354 3794 episcopus
3384 3724 3495 3778 loci
3521 3730 3799 3794 agnoscat
3831 3730 3892 3779 et

2181 3811 2366 3865 finiat.

2182 3900 2311 3954 CAP.
2342 3900 2518 3954 CCVI.
2558 3931 2627 3938 —
2659 3902 2733 3953 De
2770 3901 3080 3954 substantia
3125 3901 3374 3965 defuncti
3406 3903 3734 3970 presbyteri,
3790 3920 3891 3957 cu-

2782 3972 2880 4038 jus
2919 3987 3029 4025 esse
3056 3972 3262 4026 debeat.

2255 4059 2362 4128 (Ea:
2389 4074 2531 4113 conc.
2584 4059 2938 4124 Triburiensi,
2974 4062 3062 4114 cui
3106 4062 3361 4127 interfuit
3392 4061 3709 4130 Arnolphus
3763 4078 3890 4125 rese,

2182 4161 2284 4213 cap
2330 4145 2444 4215 23.)
2505 4146 2712 4200 Sancto
2762 4148 3005 4201 concilio
3052 4148 3291 4201 allatum
3338 4154 3422 4201 est
3461 4149 3616 4218 quod
3646 4150 3893 4219 quidam

2184 4234 2314 4287 laici
2362 4235 2623 4304 improbe
2653 4242 2826 4304 agant
2871 4242 3067 4289 contra
3113 4237 3473 4307 presbyteros
3504 4254 3656 4304 suos,
3701 4238 3785 4292 ita
3829 4245 3891 4291 ut

2187 4323 2258 4375 de
2304 4324 2671 4377 morientium
2689 4324 3154 4395 presbyterorum
3193 4326 3510 4379 substantia
3544 4330 3733 4395 partes
3778 4326 3894 4380 sibi

2186 4410 2473 4465 vindicent
2502 4412 2673 4466 sicuti
2722 4414 2791 4467 de
2823 4413 3073 4483 propriis
3112 4414 3307 4468 servis.
3341 4413 3744 4468 Interdicimus
3773 4415 3894 4468 ita-

2186 4515 2297 4570 que
2329 4499 2601 4553 canonica
2648 4501 2984 4555 auctoritate
3033 4518 3105 4555 ne
3148 4502 3258 4556 hoc
3310 4502 3546 4555 ulterius
3587 4501 3724 4556 ﬁat‘.
3788 4504 3888 4557 sed

2184 4588 2350 4643 sicuti
2382 4589 2547 4642 liberi
2594 4589 2728 4643 facti
2773 4596 2909 4643 sunt
2948 4590 3021 4644 ad
3074 4592 3498 4660 suscipiendum
3535 4591 3779 4660 gradum
3833 4598 3890 4645 et

2185 4678 2472 4747 agendum
2502 4677 2760 4732 divinum
2806 4678 3081 4744 officium,
3116 4680 3193 4732 ita
3227 4679 3369 4732 nihil
3411 4679 3482 4733 ab
3512 4678 3594 4732 eis
3624 4679 3892 4749 exigatur

2184 4772 2395 4836 praeter
2426 4766 2684 4820 divinum
2713 4767 2987 4821 officium.
3028 4769 3104 4820 De
3137 4767 3416 4836 peculiari
3448 4783 3578 4821 vero
3612 4771 3889 4823 sacerdo—

2183 4860 2307 4909 tum
2356 4854 2496 4908 nihil
2531 4853 2640 4907 sibi
2686 4858 2985 4923 usurpent,
3013 4855 3109 4907 sed
3144 4859 3327 4907 totum
3367 4854 3428 4907 in
3459 4860 3709 4924 quatuor
3739 4857 3888 4910 divi-

2182 4942 2352 4996 datur
2402 4946 2616 5012 partes,
2669 4957 2782 4994 una
2823 4942 3110 5011 episcopo,
3158 4941 3269 4994 alia
3311 4942 3501 5010 altari,
3534 4944 3703 4997 tertia
3743 4961 3886 5013 pau-

2183 5031 2438 5099 peribus,
2487 5034 2695 5098 quarta
2742 5028 3114 5097 parentibus:
3165 5035 3221 5083 et
3260 5029 3306 5082 si
3352 5046 3465 5083 non
3510 5036 3647 5085 sunt
3688 5032 3887 5086 idonei

2183 5122 2469 5188 parentes,
2503 5110 2811 5186 episcopus
2852 5132 2977 5170 eam
3012 5118 3270 5188 recipiat,
3301 5118 3447 5172 etin
3489 5135 3656 5173 usum
3690 5122 3887 5175 Eccle—

2184 5204 2281 5257 siae
2315 5203 2621 5273 diligenter
2664 5202 2990 5257 distribuat.
3043 5205 3107 5257 Et
3145 5204 3192 5256 si
3240 5203 3367 5274 quis
3409 5209 3604 5258 contra
3634 5205 3758 5259 haec
3795 5207 3881 5260 fa-

2183 5307 2310 5345 cere
2340 5290 2793 5361 praesumpserit,
2825 5291 3361 5346 anathematizetur.

2185 5396 2315 5450 CAP.
2367 5394 2576 5451 CCVII.
2629 5424 2698 5437 —
2742 5399 2818 5450 De
2879 5396 3212 5463 presbyteris
3258 5398 3356 5466 qui
3403 5399 3519 5452 sine
3571 5401 3885 5452 testamento

2846 5467 3217 5522 discesserint.

2254 5556 2364 5618 (Ea:
2391 5553 2591 5621 eodem,
2623 5570 2743 5623 cap.
2799 5555 2908 5625 14.)
2960 5554 3020 5609 Si
3050 5556 3408 5626 quiscunque
3446 5571 3512 5609 ex
3558 5555 3743 5625 gradu
3792 5572 3879 5611 ec-

2186 5642 2498 5697 clesiastico
2554 5642 2678 5699 sine
2739 5647 3083 5699 testamento
3138 5650 3196 5698 et
3242 5643 3364 5699 sine
3407 5644 3749 5715 cognatione
3796 5644 3881 5698 di-
