3950 6406
91 394 170 446 δδι

1029 392 1511 452 DECRETORUM
1555 395 1743 452 LIBRI
1782 397 1888 452 XX.
1931 426 2001 436 —
2041 398 2257 454 LIBER
2295 398 2664 454 SECUNDUS.

3489 408 3593 461 662

89 514 349 568 scesserit.
391 514 700 569 haereditas
748 514 872 586 ejus
912 514 984 568 ad
1029 516 1348 583 ecclesiam,
1381 517 1480 572 ubi
1529 517 1776 588 servivit,
1810 521 1854 574 A
1895 525 2156 574 mutuam
2201 521 2417 575 credam
2467 522 2857 593 proruperint,
2891 527 3064 594 prout
3093 524 3340 595 dignitas
3372 527 3594 581 ofticio-

93 604 431 658 devolvatur.
465 603 743 658 Similiter
773 604 842 659 de
872 604 1420 661 sanctimonialibus.

91 712 200 764 CAP.
235 710 468 766 CCVIII.
513 741 583 751 —
616 713 690 764 De
737 713 946 766 clericis
988 714 1086 780 qui
1116 713 1402 767 laicalibus
1449 717 1779 770 vestimentis

804 787 1054 836 utuntur.

150 874 252 938 (Ea:
279 871 491 937 eodem,
540 886 658 940 cap.
689 871 802 942 27.)
849 872 916 926 Ut
946 871 1242 926 laicalibus
1274 874 1624 929 vestimentis
1664 876 1777 929 cle-

95 960 181 1013 rici
229 975 342 1013 non
401 963 666 1026 utantur,
721 959 779 1014 id
830 964 935 1024 est,
985 962 1260 1016 mantello
1307 963 1394 1015 vel
1444 968 1610 1027 cotto,
1661 963 1777 1017 sive

87 1064 259 1118 cappa,
326 1063 436 1102 nec
466 1048 731 1118 pretiosis
763 1054 820 1102 et
864 1049 1072 1120 ineptis
1104 1051 1523 1118 calceamentis,
1566 1056 1621 1105 et
1651 1053 1777 1105 aliis

95 1135 384 1189 novitatum
437 1135 812 1202 vanitatibus,
860 1138 960 1192 sed
993 1137 1264 1209 religioso
1311 1143 1366 1192 et
1409 1139 1633 1194 decenti
1681 1141 1777 1193 ha-

94 1223 198 1277 bitu
224 1224 416 1278 induti
447 1225 740 1278 incedant.

494 1313 624 1368 CAP.
669 1313 838 1368 CCIX.
869 1345 937 1354 —-
967 1318 1042 1369 De
1069 1315 1254 1370 eadem
1280 1332 1356 1370 re.
1811 1376 1815 1378 ,

152 1400 246 1469 (Ea:
288 1402 486 1456 concil.
519 1403 932 1471 Carthaginem,
966 1419 1085 1472 cap.
1120 1405 1233 1475 45.)
1276 1405 1524 1460 Clericus
1554 1407 1772 1476 profes-

91 1487 286 1542 sionem
340 1505 510 1542 snam
572 1491 744 1544 etiam
801 1491 1000 1545 habitu
1052 1496 1107 1544 et
1152 1492 1376 1547 incessu
1435 1493 1656 1562 probet,
1719 1495 1775 1544 et

89 1577 275 1630 idoneo
353 1594 461 1632 nec
539 1579 789 1633 vestibus
864 1595 968 1633 nec
1032 1580 1432 1635 calceamentis
1506 1581 1795 1634 decorem'

88 1671 301 1734 quaerat.

87 1754 194 1808 CAP.
230 1755 371 1810 CCX.
409 1786 480 1795 -—
514 1758 585 1810 De
630 1757 840 1881 clerici:
883 1759 1000 1882 quit
1032 1759 1202 1812 ociose
1230 1759 1289 1812 in
1333 1758 1598 1812 nundinis
1645 1773 1770 1812 am-

843 1843 876 1881 ιι
901 1844 974 1881 an
1009 1869 1020 1880 .

843 1843 876 1881 ιι
883 1843 1000 1881 tant
1009 1869 1020 1880 .

144 1913 242 1978 (Ea:
270 1913 456 1967 eodem
493 1915 707 1980 concil.,
740 1929 858 1982 cap.
896 1915 1012 1982 48.)
1047 1913 1296 1968 Clericus
1334 1914 1454 1985 qui,
1501 1891 1615 1968 non
1665 1931 1768 1985 pro

85 2002 305 2055 emendo
335 2001 584 2073 aliquid,
618 2003 679 2055 in
708 2002 982 2056 nundinis
1012 2003 1100 2056 vel
1151 2003 1209 2056 in
1241 2003 1366 2057 foro
1414 2003 1764 2071 deambulat,

87 2090 142 2144 ab
165 2090 346 2144 officio
376 2106 483 2144 suo
513 2090 880 2162 degradetur.

87 2194 192 2249 CAP.
245 2196 418 2252 CCXI.
473 2227 541 2237 —
612 2199 680 2251 Ut
742 2196 928 2252 nullus
985 2213 1053 2251 ea:
1113 2199 1251 2253 clero
1303 2213 1461 2252 arma
1497 2200 1769 2254 militaria

819 2273 1016 2337 portet.

141 2357 238 2419 (Em
278 2355 463 2410 eodem
506 2357 695 2410 concil.
741 2373 863 2425 cap.
935 2357 1052 2425 48.)
1104 2356 1444 2427 Quicunque
1495 2373 1566 2410 ex
1614 2357 1766 2411 clero

85 2458 184 2495 esse
211 2443 503 2511 videntur,
537 2460 695 2498 arma
716 2443 989 2499 militaria
1020 2461 1137 2498 non
1160 2450 1409 2512 sumant,
1437 2461 1539 2499 nec
1558 2448 1765 2501 armati

85 2531 340 2598 incedant,
389 2533 495 2587 sed
529 2533 901 2604 professionis
946 2550 1064 2588 suae
1103 2535 1447 2588 vocabulum
1481 2535 1764 2606 religiosis

85 2621 314 2675 moribus
343 2627 402 2676 et
432 2622 710 2692 religioso
743 2622 943 2676 habitu
990 2624 1304 2692 prazbeant.
1341 2624 1503 2688 Quod
1545 2624 1592 2677 si
1630 2641 1762 2678 con-

84 2709 413 2779 tempserint,
445 2713 725 2779 tanquam
756 2726 1050 2764 sacrorum
1083 2727 1368 2764 canonum
1401 2717 1762 2782 contempto-

82 2812 155 2848 res
197 2802 248 2851 et
289 2798 690 2852 ecclesiasticas
719 2799 1035 2852 sanctitatis
1082 2800 1494 2870 profanatores,
1541 2802 1761 2872 proprii

85 2887 268 2950 gradus
324 2886 640 2940 amissione
695 2889 1089 2943 mulctentur:
1150 2889 1285 2960 quia
1342 2906 1459 2943 non
1522 2897 1762 2960 possunt

81 2973 224 3028 simul
257 2977 371 3028 Deo
400 2979 461 3028 et
489 2976 701 3029 saecqu
731 2976 1001 3031 militare.

80 3080 186 3135 CAP.
233 3082 428 3136 CCXII.
483 3112 553 3122 ~—
607 3085 674 3137 Ut
720 3099 896 3136 omnes
926 3085 1110 3138 clerici
1153 3087 1330 3150 magis
1377 3086 1650 3153 conﬁdant
1702 3089 1758 3141 in
1792 3085 1831 3138 C

435 3153 747 3220 defensione
777 3157 872 3208 Dei
901 3171 1065 3223 quam
1095 3158 1152 3208 in
1182 3159 1370 3210 armis.

136 3243 234 3302 (Em
284 3243 475 3296 concil.
540 3243 918 3308 Aurelianen.,
969 3259 1088 3311 cap.
1137 3243 1211 3311 9.)
1269 3245 1626 3299 Omnimodis
1671 3247 1754 3298 di-

80 3329 292 3382 cendum
336 3336 424 3383 est
470 3330 820 3401 presbyteris
867 3336 924 3384 et
962 3332 1294 3385 diaconibus
1341 3338 1404 3386 ut
1439 3350 1600 3387 arma
1641 3351 1756 3388 non

79 3421 299 3481 portent,
332 3419 431 3472 sed
458 3419 643 3488 magis
673 3419 966 3473 confidant
996 3419 1054 3472 in
1086 3420 1416 3474 defensione
1452 3423 1551 3475 Dei
1582 3439 1755 3492 quam

80 3517 124 3554 III
151 3520 332 3559 HI'IIIIS.

81 3590 188 3646 CAP.
223 3594 445 3649 CCXIII.
499 3624 572 3635 —
603 3595 686 3649 De
714 3597 825 3650 illis
870 3599 984 3665 qui,
1027 3614 1095 3651 em
1141 3601 1496 3653 ecclesiastico
1543 3601 1750 3669 ordine,

212 3671 304 3718 aut
331 3671 625 3732 venantur,
661 3672 757 3721 aut
787 3684 904 3722 cum
930 3671 1289 3737 accipitribus
1312 3675 1591 3738 Jocantur.

137 3752 229 3815 (Ea:
261 3755 451 3808 concil.
505 3755 785 3820 Meldensi,
821 3773 941 3824 cap.
987 3757 1064 3826 8.)
1110 3757 1472 3828 Episcopum,
1521 3760 1756 3828 presby-

80 3839 237 3893 terum
263 3846 360 3895 aut
389 3841 695 3895 diaconem
724 3859 892 3897 canes
922 3844 992 3896 ad
1027 3847 1377 3913 venandum,
1411 3851 1510 3899 aut
1541 3847 1751 3918 accipi-

79 3929 187 3990 tres,
237 3935 332 3983 aut
385 3930 723 4001 hujusmodi
756 3948 846 3986 res
893 3933 1106 3986 habere
1135 3950 1252 3987 non
1303 3934 1453 3988 licet.
1498 3936 1660 3999 Quod
1704 3937 1752 3991 si

82 4015 186 4081 quis
214 4018 410 4072 talium
442 4035 819 4090 personarum
857 4020 918 4074 in
947 4021 1051 4074 hac
1088 4023 1379 4076 voluntate
1410 4024 1620 4094 saepius
1647 4025 1751 4080 de-

79 4103 233 4158 tectus
282 4106 475 4173 fuerit,
521 4106 570 4160 si
625 4107 928 4178 episcopus
977 4115 1081 4175 est,
1118 4110 1297 4164 tribus
1348 4112 1644 4166 mensibus
1692 4130 1752 4168 se

79 4205 106 4240 a
143 4197 532 4249 communione
574 4197 908 4265 suspendat,
954 4198 1251 4268 presbyter
1281 4198 1522 4266 duobus,
1557 4200 1748 4254 diaco-

79 4292 165 4330 nus
187 4297 288 4335 uno
311 4285 378 4338 ab
400 4285 562 4338 omni
582 4285 770 4338 ofticio
795 4291 851 4338 et
874 4287 1280 4341 communione
1303 4288 1745 4358 suspendantur.

81 4384 183 4440 CAP.
233 4390 444 4446 CCXIV.
493 4423 564 4432 ——
621 4396 698 4448 De
761 4396 931 4448 servis
997 4397 1114 4459 Dei,
1156 4400 1218 4448 ut
1256 4411 1432 4449 omnes
1471 4398 1749 4464 sylvaticaz
1780 4363 1822 4416 Β

133 4465 428 4584 υαυῗίὶοηεε
496 4479 620 4519 cum
685 4465 912 4520 canibus
985 4470 1035 4519 et
1095 4467 1448 4536 accipitribus
1517 4470 1749 4523 interdi-

137 4545 224 4583 can
249 4547 328 4584 ur.

137 4545 328 4586 cantur.

135 4617 233 4686 (Ea:
280 4625 464 4678 concil.
526 4625 906 4692 Aurelianen.,
966 4641 1087 4694 cap.
1129 4627 1201 4695 3.)
1254 4627 1534 4682 Omnibus
1573 4629 1748 4682 servis

84 4702 166 4757 Dei
189 4711 510 4766 venationes
543 4717 600 4766 et
629 4713 929 4784 sylvaticas
960 4714 1293 4785 vagationes
1323 4732 1455 4771 cum
1485 4717 1745 4780 canibus,

82 4794 127 4883 et
174 4800 232 4849 ut
275 4800 572 4871 accipitres
626 4807 681 4855 et
722 4802 976 4857 falcones
1023 4819 1140 4857 non
1180 4804 1452 4866 habeant.
1503 4805 1771 4883 interdi:

81 4894 251 4940 eimus.

83 4968 184 5024 CAP.
233 4973 413 5030 CCXV.
483 5008 553 5017 —
627 4979 696 5034 Ut
762 4979 980 5035 clericos
1037 4981 1410 5038 discordantes
1465 4984 1746 5054 episcopus

524 5063 628 5103 sua
656 5055 920 5117 potestate
939 5055 1262 5107 reconciliet.

139 5129 232 5196 (Ea:-
255 5138 433 5191 concil.
469 5138 760 5203 Africano,
791 5155 911 5207 cap.
947 5142 1058 5205 59.)
1096 5141 1488 5196 Discordantes
1510 5142 1744 5213 clericos

84 5217 340 5292 episcopus
383 5226 471 5280 vel
528 5225 753 5280 ratione
798 5229 882 5280 vel
932 5233 1217 5298 potestate
1265 5230 1336 5284 ad
1378 5231 1742 5284 concordiam

86 5305 257 5375 trahat,
308 5312 699 5369 inobedientes
750 5317 1002 5385 synodus
1035 5334 1139 5389 per
1177 5319 1531 5373 audientiam
1582 5320 1741 5375 dam-

87 5397 177 5444 net.

90 5478 190 5535 CAP.
221 5484 421 5542 CCXVI.
458 5521 523 5530 —-
559 5491 628 5543 De
665 5492 896 5617 clericisd
911 5496 1008 5562 qui
1039 5499 1394 5565 proruperint
1419 5499 1476 5550 in
1498 5501 1742 5550 mutuam

783 5578 856 5617 cae
897 5580 998 5617 em.

783 5578 975 5618 6840171
986 5605 998 5617 .

144 5643 245 5701 (E1:
296 5651 475 5704 concil.
540 5651 837 5715 Hilerden.,
892 5670 1012 5723 cap.
1070 5654 1146 5724 6.)
1190 5655 1246 5710 Si
1293 5655 1393 5726 qui
1446 5656 1636 5710 clerici
1681 5657 1740 5710 in

1892 625 2020 662 rum
2076 609 2135 663 in
2164 609 2262 663 tali
2288 626 2520 664 excessu
2551 611 2964 666 contumeliam
3009 615 3334 682 pertulerit,
3367 632 3401 669 a
3443 633 3591 686 pon-

1891 697 2040 752 tiﬁce
2071 697 2383 752 districtius
2410 699 2752 756 vindicetur.

2273 785 2401 840 CAP.
2434 788 2676 842 CCXVII.
2710 819 2778 827 —-
2809 791 2883 843 De
2911 790 3095 844 eadem
3127 806 3203 844 re.

1962 874 2070 945 (Ea:
2100 874 2300 942 eodem,
2326 891 2452 944 cap.
2483 874 2561 947 '7.)
2596 877 2790 930 Frater
2820 877 2882 930 in
2915 878 3151 932 fratrem
3183 878 3228 932 si
3259 895 3430 933 ausus
3459 880 3590 935 fue»

1889 963 1963 1017 rit
2027 980 2264 1018 manum
2332 963 2583 1030 mittere,
2639 964 2959 1035 legitimam
3017 967 3382 1038 disciplinam
3451 969 3591 1023 acci-

1888 1052 2025 1124 piat.

1888 1141 2014 1196 CAP.
2051 1142 2315 1197 CCXVIII.
2351 1173 2418 1181 —
2449 1144 2530 1196 De
2558 1145 2754 1211 ofﬁciis
2785 1149 2835 1198 et
2875 1145 3196 1199 ministeriis
3235 1151 3434 1214 septem
3463 1147 3586 1200 dia-

1958 1229 2208 1266 conorum
2256 1230 2377 1268 cum
2441 1214 2860 1268 subdiaconibus
2918 1221 2968 1269 et
3031 1219 3367 1284 sequentium
3428 1218 3587 1273 ordi-

1955 1299 2082 1337 num
2117 1287 2387 1338 ministris
2417 1286 2789 1340 observandis.

1957 1372 2067 1441 (Ea:
2095 1388 2177 1441 ep.
2204 1373 2433 1426 Fabiani
2462 1389 2640 1442 papa",
2669 1390 2789 1442 cap.
2822 1373 2899 1445 2.)
2931 1375 3158 1445 Septem
3190 1391 3326 1446 ergo
3358 1376 3586 1431 diaconi

1883 1459 1997 1514 sint
2028 1461 2086 1514 in
2119 1461 2260 1515 urbe
2300 1462 2482 1516 Roma
2512 1478 2615 1532 per
2645 1469 2864 1532 septem
2904 1463 3168 1534 regiones
3207 1464 3476 1532 civitatis,
3507 1466 3584 1519 si-

1883 1553 1979 1602 cut
2008 1565 2040 1601 a
2071 1548 2333 1618 patribus
2381 1550 2728 1620 accepimus,
2774 1551 2874 1620 qui
2918 1567 3021 1621 per
3051 1551 3307 1621 singulas
3360 1553 3585 1607 hebdo-

1883 1638 2081 1691 madas
2113 1641 2168 1691 et
2183 1637 2498 1691 dominicos
2525 1638 2665 1703 dies,
2688 1643 2858 1709 atque
2879 1639 3254 1693 festivitatum
3279 1641 3581 1710 solemnia,

1882 1740 2013 1777 cum
2044 1725 2492 1779 subdiaconibus
2523 1730 2580 1779 et
2607 1726 2905 1796 acolythis,
2937 1742 2999 1779 ac
3029 1728 3393 1798 sequentium
3426 1729 3580 1782 ordi-

1803 1802 1842 1854 Β
1883 1829 2020 1867 num
2060 1813 2358 1880 ministris,
2393 1813 2651 1884 injuncta
2679 1815 2787 1868 sibi
2818 1815 3124 1869 observent
3152 1816 3491 1883 ministeria,
3524 1822 3581 1871 et

1880 1902 2064 1972 parati
2086 1903 2244 1956 omni
2267 1903 2408 1957 hora
2429 1902 2542 1956 sint
2565 1903 2635 1957 ad
2652 1903 2907 1957 divinum
2931 1904 3206 1970 officium,
3226 1910 3281 1958 et
3301 1906 3579 1976 quidquid

1880 1991 1958 2044 eis
1989 1991 2314 2061 injungitur
2361 1993 2777 2062 peragendum.
2812 1992 3088 2047 Similiter
3118 1998 3173 2047 et
3219 1993 3378 2048 vobis
3410 2000 3580 2065 prout

1879 2085 2270 2150 opportunum
2318 2080 2506 2148 fuerit,
2539 2097 2643 2150 per
2673 2081 2926 2151 singulas
2968 2081 3222 2136 civitates
3252 2089 3337 2137 est
3364 2084 3576 2138 facien-

1881 2168 2016 2222 dum
2047 2173 2112 2224 ut
2142 2168 2424 2234 divinum,
2473 2169 2689 2239 absque
2733 2171 2848 2222 ulla
2877 2186 3037 2223 mora
3067 2175 3166 2224 aut
3203 2172 3574 2242 negligentia,

1878 2256 2133 2312 studiose
2158 2273 2224 2310 ac
2253 2257 2588 2312 solemniter
2613 2263 2818 2327 agatur
2850 2258 3125 2312 ofﬁcium.

2020 2346 2146 2400 CAP.
2191 2346 2402 2400 CCXIX.
2440 2376 2506 2385 —
2537 2349 2609 2400 De
2639 2363 2859 2402 numero
2889 2353 3029 2402 certo
3060 2348 3429 2403 diaconorum.

1948 2435 2057 2504 (Ea:
2114 2435 2303 2490 concil.
2363 2436 2682 2500 Neocaesar.,
2742 2452 2862 2504 cap.
2926 2435 3031 2504 14.)
3080 2437 3316 2490 Diaconi
3357 2442 3576 2507 septem

1877 2522 2089 2576 debent
2120 2539 2239 2576 esse
2282 2522 2444 2592 juxta
2475 2524 2758 2593 regulam,
2799 2524 2932 2578 licet
2975 2531 3031 2578 et
3063 2526 3224 2580 valde
3253 2543 3463 2597 magna
3507 2528 3578 2582 sit

1876 2610 2092 2664 civitas.
2126 2610 2379 2682 Idipsum
2411 2617 2603 2665 autem
2632 2617 2685 2666 et
2715 2614 2958 2667 Actuum
3006 2615 3400 2684 apostolorum
3431 2615 3577 2669 liber

1874 2698 2150 2753 insinuat.

2291 2788 2419 2843 CAP.
2453 2788 2638 2844 CCXX.
2669 2819 2735 2828 —
2764 2792 2838 2843 De
2864 2789 3049 2844 eadem
3079 2806 3155 2845 re.

1945 2879 2050 2943 (Ea:
2093 2878 2282 2932 concil.
2329 2879 2718 2946 episcoporum,
2765 2881 2864 2946 qui
2900 2881 2960 2932 in
3000 2881 3215 2933 Ancira
3245 2884 3296 2933 et
3334 2881 3574 2935 Caesaria

1872 2970 2249 3034 convenerunt,
2301 2981 2420 3034 cap.
2483 2969 2562 3033 9.)
2623 2966 2858 3020 Diaconi
2915 2971 3132 3036 septem
3182 2983 3304 3022 esse
3362 2968 3573 3023 debent

1871 3055 2187 3108 secundum
2237 3055 2518 3124 regulam,
2553 3054 2815 3124 quamvis
2860 3070 3071 3124 magna
3101 3055 3171 3108 sit
3215 3055 3429 3109 civitas.
3468 3055 3573 3110 Cui

1871 3143 2087 3211 regulae
2120 3142 2428 3195 auctoritas
2462 3143 2570 3195 erit
2601 3142 2745 3196 liber
2773 3146 3015 3197 Actuum
3049 3144 3460 3212 apostolorum.

1871 3232 2000 3285 CAP.
2061 3231 2275 3286 CCXXI.
2337 3261 2403 3271 --
2455 3233 2521 3285 Ut
2566 3231 3024 3356 diagonitcoram
3075 3233 3407 3301 presbyteris
3465 3249 3569 3287 non

2596 3317 2651 3356 se
2693 3318 2791 3356 ean
2825 3343 2838 3356 .

2596 3317 2838 3356 εεαεαητ.

1940 3391 2048 3460 (Ea:
2086 3392 2275 3446 concil.
2328 3391 2668 3456 Laodicensi,
2713 3407 2835 3460 cap.
2880 3391 2993 3463 20.)
3028 3392 3188 3456 Quod
3221 3408 3334 3446 non
3391 3408 3570 3461 opor-

1865 3483 1983 3533 teat
2033 3479 2338 3533 diaconum
2395 3495 2590 3533 coram
2643 3479 2976 3550 presbytero
3026 3481 3243 3546 sedere,
3305 3481 3401 3534 sed
3443 3481 3567 3550 jus-

1865 3568 2022 3622 sione
2084 3567 2400 3638 presbyteri
2473 3567 2684 3621 sedeat.
2748 3568 3025 3622 Similiter
3078 3574 3269 3622 autem
3325 3573 3380 3622 et
3445 3568 3566 3622 dia-

1863 3655 2020 3709 conis
2067 3655 2256 3709 honor
2301 3655 2586 3709 habeatur
2632 3655 2703 3710 ab
2753 3655 3224 3726 obsequentibus,
3277 3656 3334 3710 id
3381 3661 3484 3725 est,
3535 3674 3567 3711 a

1863 3741 2226 3795 subdiaconis
2256 3745 2312 3794 et
2341 3740 2609 3794 omnibus
2635 3741 2874 3795 clericis.

1903 3822 1907 3826 ’
1954 3832 2084 3886 CAP.
2117 3830 2359 3884 CCXXII.
2391 3860 2460 3869 —
2491 3833 2563 3884 De
2589 3831 2907 3885 diaconibus
2943 3833 3041 3899 qui
3068 3847 3122 3884 se
3149 3831 3474 3901 presbyteris

2541 3907 2895 3970 anteponunt.

1936 3991 2051 4059 (Ea:
2081 3991 2268 4044 concil.
2322 3990 2588 4057 Toletan.,
2637 4007 2758 4059 cap.
2808 3991 2922 4059 39.)
2977 3989 3249 4044 Nonnulli
3296 3990 3563 4044 diacones

1860 4077 1922 4132 in
1969 4083 2186 4132 tantam
2224 4083 2538 4149 erumpunt
2584 4078 2913 4149 superbiam
2950 4083 3010 4131 ut
3054 4095 3175 4132 sese
3220 4079 3564 4150 presbyteris

1861 4172 2238 4238 anteponant,
2289 4173 2460 4239 atque
2490 4167 2550 4221 in
2583 4167 2773 4238 primo
2805 4169 2978 4222 choro
3011 4167 3120 4237 ipsi
3162 4168 3386 4239 priores
3416 4173 3562 4221 stare

1858 4261 2213 4325 praesumant
2259 4256 2605 4327 presbyteris
2635 4255 2694 4309 in
2727 4256 2978 4310 secundo
3010 4257 3182 4310 choro
3215 4255 3556 4310 constitutis.

1866 4345 1982 4415 Ego
2014 4349 2078 4398 ut
2119 4345 2484 4399 sublimiores
2532 4345 2637 4398 sibi
2673 4345 3034 4415 presbyteros
3078 4349 3411 4414 agnoscant,
3443 4349 3561 4398 tam

1860 4432 1919 4487 hi
1947 4450 2120 4503 quam
2152 4433 2234 4486 illi
2261 4433 2320 4487 in
2354 4438 2597 4503 utroque
2625 4434 2802 4487 choro
2827 4433 3162 4487 consistant.

1859 4521 1992 4576 CAP.
2050 4522 2319 4576 CCXXIII.
2375 4552 2440 4560 ——-
2495 4523 2883 4644 Ut_e:rorcis:z
2943 4523 3313 4588 energumenis
3365 4535 3559 4575 manus

2558 4607 2812 4644 imponan
2844 4631 2856 4644 .

2558 4607 2856 4660 imponant.

1931 4679 2041 4748 (Ea:
2091 4679 2278 4732 concil.
2342 4678 2626 4744 Carthag.,
2675 4693 2794 4746 cap.
2858 4677 2971 4748 90.)
3025 4677 3193 4732 Omni
3256 4676 3347 4731 die
3399 4694 3559 4732 exor-

1856 4768 2008 4822 cistas
2041 4767 2447 4837 energumenis
2479 4783 2681 4820 manus
2709 4767 3030 4836 imponant.

1990 4873 2118 4928 CAP.
2153 4873 2412 4928 CCXXIV.
2443 4903 2510 4912 —
2531 4874 2604 4926 De
2631 4873 2826 4925 honore
2853 4874 3121 4926 universis
3141 4872 3424 4930 ordinibus

2540 4948 2876 5012 competente.

1928 5032 2036 5102 (Em
2064 5032 2209 5086 decr.
2238 5033 2485 5087 Silvestr.
2526 5048 2706 5101 papae,
2758 5049 2877 5102 cap.
2911 5033 2991 5102 4.)
3025 5033 3106 5087 Ita
3149 5032 3350 5088 fratres
3392 5035 3558 5105 jubet

1855 5120 2162 5175 auctoritas
2197 5120 2410 5185 divina,
2439 5123 2496 5174 et
2529 5122 2795 5189 affirmat,
2830 5127 2911 5186 ut,
2937 5141 2967 5176 a
2990 5123 3339 5178 subdiacono
3376 5142 3554 5194 usque

1854 5211 1924 5264 ad
1977 5213 2262 5274 lectorem,
2316 5227 2517 5265 omnes
2574 5212 2786 5265 subditi
2831 5212 2944 5265 sint
2985 5212 3226 5266 diacono
3280 5213 3554 5267 cardinali

1855 5300 2010 5354 urbis
2062 5302 2280 5369 Romae,
2330 5301 2389 5354 in
2444 5301 2687 5355 Ecclesia
2745 5301 3024 5355 honorem
3081 5306 3551 5372 reprmsentantes

1852 5392 2098 5442 tantum.
2151 5389 2413 5443 Pontifici
2448 5406 2602 5457 vero,
2635 5391 2950 5461 presbyter,
2991 5390 3282 5451 diaconus,
3320 5389 3551 5443 subdia-

1851 5493 2046 5545 conus,
2082 5479 2394 5550 acolythus,
2427 5479 2725 5542 exorcista,
2760 5479 2955 5546 lector,
2987 5477 3179 5542 abbas,
3212 5479 3546 5547 monachus,

1851 5567 1909 5621 in
1941 5567 2096 5621 omni
2125 5569 2247 5622 loco
2275 5573 2647 5638 repraesentet
2671 5568 3033 5638 obsequium,
3062 5567 3178 5620 sive
3209 5566 3267 5620 in
3296 5567 3549 5638 publico,

1852 5656 1972 5711 sive
2001 5657 2063 5710 in
2093 5657 2316 5727 gremio
2347 5656 2618 5711 ecclesiaa.
