3950 6390
339 355 443 406 663

341 476 469 532 CAP.
540 474 777 530 CCXXV.

409 560 570 605 suum
598 548 966 600 ministerium
995 547 1261 612 nesciunt,
1292 561 1386 600 nec
1415 543 1622 599 discere
1655 546 1874 598 volunt:
1899 543 2045 614 quod

412 623 479 676 ab
511 618 694 688 ofﬁcio
722 619 834 670 sint
859 616 1232 670 submovendi.

415 728 526 798 (Ea:
569 724 760 781 concil.
813 723 1222 787 Aurelianensi,
1261 735 1381 789 cap.
1431 721 1508 789 6.)
1559 720 1896 774 Sacerdotes
1943 719 2044 791 qui

342 817 450 870 rite
480 831 597 870 non
649 811 880 883 sapiunt
923 809 1234 878 adimplere
1280 807 1660 861 ministerium
1706 823 1896 874 suum,
1941 825 2044 862 nec

341 905 556 960 discere
595 903 760 974 juxta
806 902 1154 969 praeceptum
1201 911 1435 948 suorum
1485 895 1888 965 episcoporum
1937 913 2042 966 pro

341 991 560 1044 viribus
621 991 910 1057 satagunt,
970 986 1058 1037 vel
1115 987 1538 1052 contemptores
1587 999 1874 1037 canonum
1925 985 2043 1038 exi-

343 1084 515 1141 stunt,
554 1077 623 1131 ab
655 1075 842 1130 ofﬁcio
871 1072 1105 1143 proprio
1138 1075 1270 1123 sunt
1308 1071 1707 1138 submovendi,
1742 1088 2042 1144 quousque

340 1168 465 1221 haec
493 1166 742 1236 pleniter
773 1161 1074 1216 emendata
1105 1159 1372 1212 habeant.

343 1274 472 1328 CAP.
523 1271 780 1326 CCXXVI.
825 1298 894 1306 —
940 1269 1005 1322 Ut
1052 1268 1193 1318 inter
1245 1267 1464 1319 clericos
1516 1281 1624 1319 non
1671 1273 2046 1335 computentur

473 1345 571 1411 qui
594 1341 692 1395 sub
721 1340 928 1392 nullius
955 1339 1195 1405 episcopi
1218 1337 1516 1404 disciplina
1541 1340 1909 1392 inveniuntur.

415 1433 519 1499 (Ea:
546 1429 734 1484 concil.
781 1427 1103 1486 Parisiensi,
1149 1441 1269 1494 cap.
1307 1426 1415 1491 IO.)
1452 1426 1616 1478 Nulla
1661 1426 1882 1479 ratione
1931 1427 2043 1480 cle-

342 1536 447 1591 rici
506 1540 606 1590 aut
661 1533 981 1587 sacerdotes
1033 1530 1282 1584 habendi
1331 1535 1465 1584 sunt
1515 1531 1614 1601 qui
1667 1532 1770 1585 sub
1833 1532 2041 1586 nullius

344 1623 594 1696 episcopi
625 1621 926 1691 disciplina
957 1625 1013 1674 et
1042 1619 1397 1690 providentia
1437 1618 1852 1688 gubernantur.
1883 1621 2044 1674 Tales

344 1714 498 1767 enim
541 1711 864 1781 acephalos,
898 1709 954 1762 id
986 1713 1090 1774 est,
1132 1709 1254 1761 sine
1304 1708 1510 1778 capite,
1549 1707 1752 1778 priscae
1784 1709 2043 1763 Ecclesiae

342 1801 700 1856 consuetudo
733 1797 1101 1867 nuncupavit.

345 1909 473 1963 Cap.
516 1905 804 1960 CCXXVII.
857 1933 926 1942 —
973 1902 1272 1970 Exemplar
1315 1903 1567 1968 formata:
1613 1904 1870 1970 epistolae,
1928 1919 2048 1971 qum

414 1981 473 2030 in
517 1979 733 2031 Nicaeua
764 1973 969 2043 synodo
1009 1989 1044 2026 a
1073 1975 1275 2027 sanctis
1309 1974 1567 2041 patribus
1615 1978 1693 2026 est
1729 1976 1968 2039 formata
1997 1979 2048 2028 et

415 2047 744 2102 collaudata.
1894 2107 1896 2110 ι

413 2155 529 2223 (Em
559 2154 702 2206 decr.
754 2152 958 2206 Nicami
986 2148 1238 2219 concilii.)
1290 2150 1353 2201 In
1399 2149 1634 2202 nomine
1684 2149 1862 2220 patris
1891 2169 1948 2217 π,
1992 2155 2050 2203 et

346 2242 450 2296 filii
483 2262 537 2312 γ,
579 2245 634 2293 et
684 2238 916 2310 spiritus
967 2237 1148 2290 sancti
1195 2256 1246 2290 α.
1295 2237 1566 2290 Walterio
1619 2237 1872 2308 Spirensi
1927 2238 2046 2309 epi-

249 2318 262 2333 ’
347 2347 542 2399 secpo,
606 2345 713 2398 ego
774 2325 1132 2381 Burchardus
1188 2330 1395 2378 sanctae
1444 2327 1882 2380 Wormaciensis
1939 2329 2050 2380 Ec-

348 2418 534 2474 clesiae
580 2418 818 2471 devotus
851 2414 1040 2484 gregis
1091 2414 1299 2467 Christi
1346 2413 1619 2479 famulus,
1664 2415 1722 2467 in
1759 2417 1871 2469 Deo
1912 2432 2047 2470 vero

349 2522 592 2562 summae
637 2502 922 2557 felicitatis
953 2501 1388 2555 beatitudinem.
1425 2501 1566 2555 Cum
1616 2507 1812 2556 sancta
1854 2505 2046 2557 catho-

347 2597 457 2649 lica
483 2592 729 2645 Ecclesia
748 2595 1016 2661 prompta
1039 2589 1109 2641 sit
1139 2590 1300 2659 sequi
1323 2590 1668 2643 documenta
1690 2592 2047 2661 Evangelica,

349 2701 477 2754 qua:
500 2682 698 2735 dicunt
719 2695 731 2732 :
754 2678 860 2742 Qui
881 2677 1086 2746 recipit
1105 2679 1447 2747 prophetam
1472 2678 1529 2730 in
1551 2679 1782 2732 nomine
1803 2681 2049 2752 prophe-

345 2777 440 2837 tae,
473 2769 714 2839 accipiet
754 2766 1097 2829 mercedem,
1132 2767 1458 2835 prophetae;
1507 2771 1562 2818 et
1593 2767 1692 2837 qui
1723 2768 1926 2838 recipit
1949 2769 2045 2839 ju-

347 2862 500 2911 stum
561 2857 619 2909 in
685 2855 919 2909 nomine
980 2854 1141 2923 justi,
1207 2859 1258 2908 et
1326 2859 1530 2908 cmtera
1573 2861 1674 2909 :et
1739 2859 2046 2925 Apostolus

342 2946 543 3017 jubeat
572 2943 1023 3012 hospitalitatem
1053 2941 1274 3009 sectari,
1300 2947 1357 2995 et
1374 2943 1806 2996 necessitatibus
1828 2955 2046 2998 sancto-

1425 353 1826 408 BURCHARDI
1865 348 2398 408 WORMACIENSIS
2436 350 2768 407 EPISCOPI.

866 505 934 513 —
1003 477 1078 529 De
1149 475 1518 547 sacerdotibus
1588 477 1686 544 qui
1729 474 2019 547 iadimpler

2194 489 2299 528 aen
2336 477 2649 530 conservet.
2680 493 2738 527 π.
2772 495 2823 546 γ.
2857 495 2909 528 α,
2949 494 3007 528 π.
3043 474 3099 547 β.
3135 494 3172 527 ε.
3213 479 3261 538 ζ.
3295 476 3341 539 ξ.
3377 497 3430 530 α.
3465 498 3514 532 κ.
3549 498 3602 536 η.
3638 481 3684 530 θ.
3722 480 3875 533 Data

3762 357 3875 409 664

2153 562 2511 629 Wormaciaa,
2565 563 2760 617 Idibus
2793 564 2990 631 Dartii,
3043 579 3195 618 anno
3247 565 3559 621 Dominicaa
3595 567 3874 622 incarna-

2153 650 2329 704 tionis
2355 651 2662 705 millesimo
2693 652 3053 718 duodecimo,
3081 651 3390 707 indictione
3425 655 3484 708 X.

2155 757 2280 811 CAP.
2339 757 2656 812 CCXXVII].
2704 789 2773 798 —
2813 759 2898 812 De
2942 758 3064 882 illot
3086 761 3185 827 qui
3225 761 3421 826 fugam
3466 762 3668 827 fratris
3717 762 3871 816 cela-

2921 844 3036 882 verz
3070 869 3082 881 .

2921 844 3082 882 verit.

2223 917 2334 982 (Ea:
2359 915 2522 968 dictis
2553 917 2787 977 Bas-liii.)
2820 915 2875 966 Si
2905 916 3035 985 quis
3059 932 3192 970 eum
3213 933 3408 987 quem,
3439 919 3872 973 districtioncm

2152 1001 2591 1055 ecclesiasticam
2621 1018 2733 1055 non
2764 1006 3064 1070 terentem,
3097 1004 3293 1074 fugam
3321 1006 3584 1060 meditari
3617 1023 3874 1076 agnove-

2152 1087 2246 1155 rit,
2287 1105 2401 1142 non
2463 1091 2656 1143 statim
2695 1091 3026 1160 prodiderit,
3082 1093 3420 1162 perditionis
3477 1095 3632 1148 illius
3671 1096 3873 1165 parti—

2151 1177 2336 1246 cipem
2370 1193 2429 1230 se
2481 1193 2606 1231 esse
2635 1194 2750 1231 non
2807 1178 3030 1232 dubitet
3065 1196 3077 1233 :
3113 1187 3169 1233 et
3198 1184 3315 1234 tam
3373 1182 3470 1236 diu
3517 1188 3601 1236 est
3655 1200 3688 1236 a
3720 1201 3871 1237 con-

2152 1270 2325 1318 ventu
2369 1264 2613 1319 fratrum
2662 1267 3124 1336 sequestrandus,
3178 1284 3352 1339 quam
3385 1270 3480 1324 diu
3526 1271 3622 1324 ille
3673 1273 3874 1326 valeat

2155 1367 2428 1406 revocari.

2153 1457 2281 1510 CAP.
2319 1457 2576 1512 CCXXIX.
2629 1489 2696 1498 —
2743 1461 2818 1513 De
2863 1462 2973 1514 illis
3027 1462 3128 1529 qui
3166 1464 3505 1532 presbyteros
3553 1479 3675 1519 suos
3715 1467 3868 1519 male

2817 1536 3192 1587 tractaverint.

2226 1615 2338 1681 (Ea:
2381 1618 2567 1670 concil.
2621 1619 2948 1687 Arverne-12.,
2991 1637 3110 1688 cap.
3149 1623 3224 1686 7.)
3273 1621 3330 1674 Si
3375 1621 3503 1692 quis
3553 1624 3867 1694 presbyte—

2155 1718 2281 1755 rum
2318 1703 2616 1772 proprium
2661 1707 2992 1772 inhonorat,
3044 1713 3141 1760 aut
3186 1709 3358 1762 verbo
3391 1716 3488 1762 aut
3532 1710 3679 1764 facto
3719 1727 3868 1764 con-

2159 1792 2457 1846 tumeliam
2490 1793 2644 1859 facit,
2678 1799 2793 1848 tam
2844 1796 2940 1849 diu
2973 1812 3005 1848 a
3043 1796 3342 1850 liminibus
3374 1799 3632 1853 Ecclesiae
3665 1817 3869 1854 arcea-

2157 1883 2270 1946 tur,
2331 1873 2629 1950 q'uousque
2683 1897 2788 1950 per
2839 1882 3181 1952 condignam
3241 1885 3635 1953 penitentiam
3695 1887 3871 1940 satis-

2158 1967 2347 2020 faciat.
2407 1968 2499 2022 Ait
2556 1969 2712 2022 enim
2769 1973 3074 2040 Apostolus
3127 1972 3504 2042 :Presbyteri
3559 1973 3660 2042 qui
3711 1974 3871 2027 bene

2157 2062 2433 2125 praesunt,
2514 2057 2728 2126 duplici
2799 2060 3018 2114 honore
3071 2060 3233 2130 digni
3310 2061 3651 2115 habeantur.
3715 2064 3871 2116 Item

2160 2144 2295 2197 alibi
2323 2145 2460 2198 dicit
2494 2163 2506 2199 :
2543 2146 2782 2201 Obedite
2826 2148 3156 2218 prmpositis
3211 2149 3433 2215 vestris,
3487 2149 3732 2220 subjecti
3783 2151 3870 2204 eis

2159 2238 2359 2298 estote,
2395 2239 2501 2288 etc.

2159 2337 2288 2391 Car.
2336 2338 2565 2394 CCXXX.
2612 2369 2681 2381 —
2739 2343 2805 2396 Ut
2829 2356 3019 2395 nomen
3067 2357 3227 2411 papa
3271 2342 3334 2397 in
3363 2344 3618 2408 Ecclesiis
3656 2346 3872 2398 sanctis

2869 2415 3140 2466 recitetur.

2230 2496 2337 2566 (Ea:
2366 2499 2554 2552 concil.
2597 2500 2843 2563 Vasensi,
2897 2516 3019 2568 cap.
3057 2503 3132 2566 3.)
3167 2501 3232 2554 Et
3279 2501 3389 2555 hoc
3423 2501 3642 2570 justum
3673 2502 3865 2556 visum

2158 2589 2240 2637 est
2284 2586 2452 2639 nobis
2499 2591 2562 2640 ut
2616 2603 2830 2642 nomen
2855 2588 3074 2642 domini
3126 2605 3307 2658 papae,
3363 2589 3693 2660 quicunque
3740 2591 3868 2643 sedi

2157 2673 2485 2742 apostolicae
2513 2675 2828 2742 prmfuerit,
2866 2675 2924 2729 in
2953 2677 3164 2730 nostris
3207 2678 3464 2731 Ecclesiis
3494 2679 3789 2732 recitetur.

2157 2761 2285 2816 ΟΑΡ.
2330 2763 2584 2816 CCXXXI.
2635 2795 2704 2803 —
2746 2766 2812 2818 Ut
2835 2766 3118 2833 presbyter
3159 2771 3255 2819 aut
3302 2767 3568 2822 diaconus
3619 2772 3714 2836 qui
3764 2784 3868 2822 ca-

2225 2852 2447 2904 nonicus
2503 2867 2610 2905 non
2666 2856 2769 2917 est,
2827 2852 2924 2906 sed
2975 2855 3034 2905 in
3089 2854 3236 2906 villis
3307 2854 3539 2919 habitat,
3588 2869 3868 2922 nusquam

2225 2953 2463 2993 summas
2491 2942 2819 3006 festivitates
2849 2942 3069 2994 celebret
3096 2944 3210 2996 nisi
3233 2945 3292 2996 in
3316 2945 3652 2998 civitatibus.

348 3051 479 3089 rum
508 3033 764 3086 virorum
804 3031 1260 3096 communicare;
1293 3035 1486 3083 tamen
1534 3035 1770 3100 propter
1801 3049 1898 3084 eos
1942 3033 2044 3102 qui
2082 3036 2124 3091 Ο
2226 3029 2333 3092 (Em
2363 3029 2551 3082 concil.
2585 3029 2911 3095 Arvernen.,
2940 3045 3059 3098 cap.
3091 3029 3162 3096 6.)
3193 3029 3250 3083 Si
3279 3030 3406 3100 quis
3439 3032 3738 3103 presbyter
3767 3038 3871 3087 aut

348 3122 723 3176 cauteriatam
765 3120 978 3173 habent
1027 3135 1188 3171 suam
1221 3117 1649 3181 conscientiam,
1693 3118 1944 3172 dicentes
1993 3136 2050 3171 se

349 3225 470 3261 esse
519 3207 825 3276 simplices,
861 3221 991 3258 cum
1023 3205 1139 3257 sint
1182 3205 1392 3257 astutia
1422 3205 1706 3257 diabolica
1736 3206 1962 3276 repleti,
1996 3211 2051 3260 et

351 3313 455 3367 pro
485 3311 656 3365 opere
680 3293 910 3364 pietatis
939 3293 1136 3346 dicunt
1163 3309 1220 3344 se
1247 3292 1315 3345 de
1339 3293 1459 3345 loco
1482 3293 1548 3346 ad
1575 3293 1761 3346 locum
1782 3295 2049 3362 transire,

350 3400 481 3437 cum
512 3385 626 3435 sint
650 3399 748 3435 sua
770 3380 988 3434 malitia
1013 3381 1256 3433 faciente
1279 3380 1526 3450 fugitivi,
1552 3387 1608 3434 et
1631 3381 1828 3435 dicunt
1850 3399 1908 3434 se
1929 3399 2050 3436 esse

350 3471 671 3526 ministerio
721 3486 881 3523 sacro
916 3470 1182 3534 insertos,
1233 3485 1362 3522 cum
1413 3485 1526 3521 non
1578 3469 1692 3522 sint
1724 3487 1736 3523 :
1774 3475 2049 3525 statutum

353 3567 437 3616 est
469 3578 500 3614 a
529 3559 736 3613 sanctis
766 3558 1027 3612 Patribus
1060 3557 1351 3612 neminem
1383 3558 1653 3612 clericum
1707 3560 1962 3613 alienum
1994 3566 2050 3615 et

352 3648 615 3719 ignotum
634 3647 809 3716 recipi
829 3646 897 3700 ab
915 3647 1109 3716 aliquo
1131 3646 1401 3716 episcopo
1415 3651 1471 3700 et
1493 3647 1936 3702 inthronizariin
1948 3665 2051 3702 sua

349 3736 606 3802 ecclesia,
660 3736 768 3789 nisi
826 3736 1034 3789 habeat
1074 3752 1103 3788 a
1150 3735 1386 3805 proprio
1441 3735 1706 3806 episcopo
1750 3737 2047 3806 epistolam

347 3841 476 3895 qua:
520 3825 580 3878 in
613 3824 927 3878 canonibus
973 3823 1302 3877 nominatur
1350 3824 1614 3878 formata.
1662 3825 1794 3878 Ideo
1845 3830 2046 3879 notum

343 3912 583 3966 facimus
630 3912 962 3981 paternitati
994 3919 1197 3965 vestrm
1231 3912 1382 3981 quod
1416 3928 1667 3982 praesens
1709 3912 1886 3966 frater
1913 3930 2044 3967 nos-

342 4007 431 4054 ter
447 4001 651 4053 harum
676 3999 995 4052 litterarum
1026 4000 1270 4068 portitor
1297 3998 1528 4052 nomine
1560 4001 1896 4067 Ecmannus,
1926 4017 2044 4054 non

342 4104 446 4158 pro
486 4103 590 4140 sua
637 4086 894 4157 nequitia
942 4087 1212 4154 expulsus
1263 4092 1350 4140 est
1378 4103 1410 4139 a
1441 4087 1606 4140 nobis
1639 4103 1651 4141 :
1685 4088 1805 4156 sed,
1840 4094 2040 4158 postu-

339 4176 593 4230 lantibus
638 4175 912 4228 fratribus
942 4175 1172 4240 nostris,
1228 4191 1294 4228 eo
1326 4176 1478 4246 quod
1509 4192 1572 4229 ex
1603 4176 1819 4229 familia
1851 4183 2040 4231 nostra

337 4264 446 4318 fuit
493 4269 548 4317 et
592 4269 785 4317 noster
814 4263 1157 4333 baptizatus,
1211 4263 1450 4316 fecimus
1485 4264 1538 4316 ei
1584 4264 1907 4318 libertatem
1944 4281 2038 4319 re-

337 4356 559 4422 ceptam
611 4369 644 4404 a
697 4366 878 4404 cornu
935 4351 1130 4404 altaris
1191 4351 1480 4417 canonice,
1536 4355 1592 4404 et
1647 4351 2036 4407 ordinavimus

336 4457 470 4495 eum
501 4441 571 4495 ad
613 4442 856 4511 gradum
889 4441 1253 4511 presbyterii.
1290 4441 1392 4495 Cui
1435 4442 1606 4494 etiam
1637 4442 1738 4495 has
1768 4442 2037 4497 dimisso-

333 4529 446 4584 rias
472 4530 587 4584 sive
635 4529 1133 4583 commendatitias
1162 4530 1376 4583 litteras
1411 4529 1670 4595 fecimus,
1713 4534 1771 4584 et
1801 4547 1932 4584 eum
1965 4533 2037 4586 ad

332 4623 579 4671 vestram
641 4617 911 4671 dilectam
976 4617 1397 4671 fraternitatem
1457 4617 1789 4686 dirigimus,
1857 4624 1920 4672 ut
1975 4619 2036 4674 in

331 4711 522 4760 vestra
552 4706 823 4776 parochia
869 4705 974 4760 sub
1004 4711 1190 4759 vestro
1223 4721 1381 4759 sacro
1419 4706 1724 4776 regimine,
1761 4712 1816 4760 et
1845 4707 2036 4762 defen~

332 4793 492 4846 sione
541 4792 850 4847 consistere
894 4793 1094 4846 valeat.
1156 4794 1294 4862 Ego,
1355 4793 1612 4864 inquam,
1674 4796 2033 4850 Burchardus

329 4881 568 4934 humilis
599 4880 922 4951 episcopus,
955 4880 1014 4934 in
1042 4881 1276 4935 nomine
1308 4881 1512 4948 Patris,
1544 4886 1602 4936 et
1641 4882 1789 4948 Filii,
1825 4888 1881 4938 et
1909 4885 2034 4955 Spi-

329 4967 472 5022 ritus
520 4968 720 5032 sancti,
754 4972 811 5021 et
855 4968 913 5021 in
957 4967 1174 5021 unitate
1224 4973 1434 5021 sanctae
1481 4968 1761 5036 Ecclesia},
1823 4969 1884 5023 in
1918 4987 2032 5041 qua

329 5059 496 5111 Petro
525 5057 722 5110 datum
771 5060 856 5110 est
877 5056 973 5126 jus
1015 5055 1230 5126 ligandi
1261 5061 1431 5127 atque
1481 5057 1760 5124 solvendi,
1796 5059 2027 5114 absolvo

329 5145 681 5198 Ecmannum
733 5144 1128 5214 presbyterum
1187 5145 1256 5198 de
1311 5145 1540 5200 civitate
1593 5147 2027 5218 Wormaciensi,

325 5232 636 5288 indictione
659 5234 730 5300 X;
755 5237 810 5287 et
836 5233 1127 5287 licentiam
1155 5233 1226 5287 do
1255 5234 1415 5288 vobis
1443 5234 1869 5290 inthronizandi
1892 5252 2026 5290 eum

323 5322 385 5376 in
426 5338 768 5393 quacunque
799 5322 1036 5375 ecclesia
1087 5322 1256 5376 vultis
1285 5330 1486 5376 vestras
1517 5323 1824 5392 parochias.
1871 5325 2027 5378 Hanc

324 5427 460 5481 ergo
490 5411 791 5482 epistolam
841 5411 1048 5465 Graecis
1082 5410 1285 5464 litteris
1315 5411 1450 5465 hinc
1496 5412 1631 5465 inde
1663 5412 1892 5466 munire
1923 5413 2023 5466 de-

323 5499 625 5565 crevimus,
659 5502 715 5553 et
741 5500 954 5553 annulo
999 5499 1256 5553 Ecclesia!
1286 5505 1494 5554 nostra;
1542 5500 1774 5554 ﬁrmare
1805 5500 2026 5554 censui-

322 5601 469 5640 mus.
523 5587 955 5643 Fraternitatem
999 5592 1242 5644 vestram
1283 5589 1542 5644 Christus
1593 5589 1755 5643 nobis
1793 5588 2018 5643 incolu-

2162 3113 2454 3180 diaconus,
2490 3115 2589 3185 qui
2608 3131 2724 3168 non
2749 3115 2812 3168 in
2841 3115 3068 3168 civitate
3090 3117 3400 3171 canonicus
3429 3135 3550 3172 esse
3583 3120 3870 3190 dignosci-

2163 3208 2274 3267 tur,
2308 3203 2405 3257 sed
2430 3204 2490 3256 in
2520 3204 2729 3257 villulis
2756 3204 3037 3270 habitans,
3071 3205 3127 3258 in
3159 3206 3423 3260 oratoriis
3453 3208 3642 3262 ofﬁcio
3665 3216 3867 3263 sancto

2161 3290 2485 3344 deserviens
2566 3291 2816 3345 celebrat
2894 3291 3090 3345 divina
3159 3294 3447 3363 mysteria,
3525 3295 3866 3350 festivitates

2159 3368 2503 3449 principuas,
2548 3379 2775 3433 Domini
2829 3380 3107 3440 Natalem,
3170 3382 3403 3450 Pascha,
3459 3385 3860 3453 Pentecosten,

2160 3471 2217 3520 et
2273 3467 2319 3520 si
2379 3483 2507 3538 qua!
2568 3467 2916 3536 principales
2982 3473 3117 3522 sunt
3188 3469 3523 3524 festivitates
3581 3473 3864 3543 reliquas,

2159 3554 2364 3609 dehinc
2401 3571 2475 3609 ne
2531 3555 2702 3609 faciat
2754 3571 3184 3610 commonemus
3221 3573 3233 3611 :
3269 3562 3325 3610 et
3375 3574 3661 3629 nusquam
3717 3562 3863 3615 alibi

2159 3643 2270 3698 nisi
2317 3660 2446 3698 cum
2491 3644 2760 3714 episcopo
2791 3659 2894 3698 suo
2923 3644 2984 3698 in
3019 3645 3245 3699 civitate
3284 3646 3611 3700 festivitates
3653 3665 3856 3719 supra-

2159 3732 2336 3786 dictas
2393 3732 2659 3786 celebret.
2718 3733 3054 3802 Quicunque
3112 3739 3246 3787 sunt
3295 3734 3444 3787 cives
3501 3735 3650 3800 laici,
3714 3744 3861 3790 natu

2157 3821 2425 3890 majores,
2455 3821 2584 3890 pari
2634 3822 2803 3874 modo
2833 3821 2893 3874 in
2926 3821 3164 3875 urbibus
3195 3823 3263 3875 ad
3296 3823 3599 3891 pontiﬁces
3630 3841 3766 3876 suos
3797 3825 3858 3878 in

2153 3910 2445 3978 praedictis
2487 3910 2888 3964 festivitatibus
2918 3910 3168 3973 veniant,
3218 3917 3276 3964 et
3305 3911 3382 3965 ibi
3409 3911 3604 3965 divina
3633 3919 3857 3982 myste-

2153 3997 2236 4051 ria
2268 3999 2567 4052 celebriter
2611 3999 2864 4052 audiant.
2895 3999 3057 4063 Quod
3091 3999 3136 4051 si
3166 3999 3266 4069 qui
3309 4000 3570 4069 improba
3617 4001 3858 4054 temeri-

2152 4091 2265 4140 tate
2298 4087 2418 4140 haac
2449 4086 2920 4156 contempserint,
2955 4104 2986 4141 a
3019 4087 3425 4140 communione
3455 4088 3765 4158 pellantur.

2151 4194 2279 4247 CAP.
2329 4193 2612 4247 CCXXXII.
2649 4225 2713 4231 —
2757 4196 2822 4248 Ut
2863 4194 3194 4264 presbyteris
3236 4198 3473 4262 potestas
3502 4195 3851 4263 praedicandi

2574 4266 2633 4317 in
2669 4268 2783 4318 suis
2807 4265 3057 4332 plebibus
3085 4265 3427 4318 concedatur.

2224 4353 2330 4421 (Ea:
2361 4353 2545 4406 concil.
2607 4354 2852 4417 Vasensi,
2901 4369 3002 4422 cap
3070 4354 3147 4422 6.)
3183 4355 3297 4407 Hoc
3340 4353 3511 4407 etiam
3559 4369 3663 4423 pro
3714 4356 3856 4409 aedi-

2148 4439 2414 4494 ﬁcatione
2447 4442 2707 4496 omnium
2745 4441 3136 4510 ecclesiarum,
3169 4447 3226 4495 et
3268 4458 3369 4512 pro
3398 4442 3642 4495 utilitate
3672 4444 3850 4497 totius

2146 4530 2343 4599 populi
2392 4531 2557 4584 nobis
2603 4531 2835 4601 placuit,
2889 4535 2947 4583 ut
2993 4547 3110 4584 non
3156 4531 3338 4584 solum
3391 4530 3450 4583 in
3494 4531 3845 4599 civitatibus,

2145 4618 2238 4672 sed
2291 4617 2464 4672 etiam
2515 4619 2574 4672 in
2622 4619 2894 4672 omnibus
2943 4618 3247 4689 parochiis,
3300 4619 3538 4673 verbum
3595 4620 3847 4675 faciendi

2144 4705 2410 4759 daremus
2429 4707 2777 4777 presbyteris
2806 4711 3164 4777 potestatem,
3199 4707 3277 4760 ita
3302 4711 3366 4760 ut
3397 4707 3442 4760 si
3464 4707 3760 4778 presbyter
3780 4725 3843 4762 a-

2142 4793 2298 4864 liqua
2324 4795 2658 4849 inﬁrmitate
2687 4795 3028 4865 prohibente
3051 4811 3154 4863 per
3174 4795 3426 4864 seipsum
3453 4811 3565 4849 non
3589 4797 3844 4865 potuerit

2139 4883 2475 4951 praedicare,
2514 4888 2840 4937 sanctorum
2873 4887 3100 4953 patrum
3133 4882 3408 4937 Homeliaa
3441 4901 3471 4937 a
3502 4884 3842 4940 diaconibus

2138 4971 2391 5040 probatis
2421 4972 2749 5024 recitantur.

2139 5077 2266 5132 CAP.
2326 5077 2636 5133 CCXXXIII.
2700 5107 2765 5116 —
2818 5078 3161 5199 De_clfricis
3193 5081 3290 5147 qui
3338 5081 3397 5132 in
3435 5081 3564 5133 rima
3623 5082 3837 5152 interﬁ-

2869 5163 3104 5199 ciunur.

2869 5163 2990 5201 czun
2999 5163 3104 5201 tur.

2209 5236 2316 5304 (Ea:
2343 5236 2532 5290 concil.
2572 5235 2812 5302 Tribur.,
2865 5238 2954 5290 cui
2980 5238 3246 5302 Arnolqu
3275 5253 3374 5291 res:
3403 5240 3680 5307 interfuit,
3713 5256 3834 5310 cap.

2137 5325 2249 5394 50.)
2303 5324 2640 5394 Quicunque
2688 5323 2926 5378 clericus
2983 5330 3083 5378 aut
3133 5326 3190 5379 in
3224 5326 3397 5393 bello,
3433 5332 3533 5380 aut
3579 5327 3636 5380 in
3687 5328 3832 5394 rixa,

2134 5417 2233 5465 aut
2261 5410 2566 5481 gentilium
2597 5410 2746 5464 ludis
2784 5418 3045 5465 mortuus
3091 5413 3285 5478 fuerit,
3319 5431 3508 5485 neque
3540 5415 3833 5470 oblatione

2134 5516 2321 5570 neque
2352 5498 2608 5553 oratione
2643 5515 2749 5568 pro
2799 5516 2866 5554 eo
2899 5502 3243 5570 postuletur,
3276 5503 3372 5556 sed
3420 5505 3478 5556 in
3511 5520 3717 5558 manus
3746 5505 3833 5559 in-

2130 5587 2280 5642 cidat
2302 5587 2513 5657 judicis
2541 5603 2553 5640 :
2589 5588 2880 5659 sepultura
2905 5593 3130 5643 tantum
3159 5606 3276 5643 non
3308 5591 3583 5660 privetur.
