3950 6408
113 414 198 463 uti?»
1076 403 1554 460 DECRETORUM
1598 405 1789 459 LIBRI
1825 404 1935 458 ΧΧ.
1977 432 2050 444 -
2088 406 2293 460 LIBER
2332 404 2654 460 TERTIUS.

3513 405 3616 457 666

114 535 223 587 CAP.
284 532 596 588 CCXXXIV.
659 562 731 570 —
787 531 869 584 De
923 531 1129 584 clericis
1179 531 1274 598 qui
1317 545 1351 582 a
1403 529 1637 583 dominis
1683 529 1798 582 suis
1827 530 1872 581 A
1912 543 2045 580 vero
2095 527 2404 580 fornicatus
2437 525 2630 591 fuerit,
2663 529 2761 578 aut
2790 525 3139 579 adulterium
3178 523 3614 594 perpetraverit,

710 603 868 657 liberi
892 604 1034 667 facti
1054 605 1198 654 sunt.

176 695 281 759 (Ea:
310 693 502 747 concil.
556 691 711 760 apud
770 692 920 744 Alth.
973 689 1178 754 habito,
1229 691 1318 742 cui
1365 689 1619 752 interfuit
1671 688 1806 742 Con-

121 783 266 836 rarlus
296 798 420 845 rem,
457 797 580 849 cap.
616 782 724 848 38.)
760 780 960 832 Nullus
1003 778 1241 830 clericus
1284 776 1355 830 ad
1384 777 1622 846 gradum
1657 792 1810 845 pres-

121 871 304 940 byterii
349 875 790 939 promoveatur,
834 867 1038 920 nisiut
1085 866 1359 935 scriptum
1405 865 1463 917 in
1494 865 1808 918 cauonibus

122 961 361 1013 habetur.
412 958 473 1010 Si
530 957 686 1009 enim
718 963 960 1026 propter
1015 954 1113 1008 Dei
1161 953 1528 1007 dilectionem
1561 954 1689 1023 quis
1738 955 1808 1006 de

124 1048 276 1100 servis
324 1047 446 1099 suis
475 1061 830 1117 quemquam
882 1043 1139 1113 elegerit,
1173 1048 1228 1094 et
1279 1042 1536 1096 docuerit
1566 1043 1805 1106 litteras,

123 1145 169 1190 et
195 1135 442 1189 libertati
476 1134 912 1197 condonaverit,
955 1139 1012 1185 et
1039 1148 1144 1202 per
1173 1131 1643 1184 intercessionem
1673 1146 1811 1200 erga

124 1225 434 1294 episcopum
470 1223 877 1293 presbyterum
909 1221 1178 1284 effecerit,
1208 1226 1265 1273 et
1286 1219 1601 1274 secundum
1641 1235 1809 1288 apos-

123 1315 251 1366 tolos
302 1313 524 1365 victum
555 1317 612 1364 et
665 1310 937 1363 vestitum
993 1309 1044 1362 ei
1095 1307 1393 1362 donaverit
1428 1323 1441 1360 :
1475 1307 1568 1360 ille
1617 1313 1809 1360 autem

127 1407 298 1471 postea
325 1401 386 1453 in
441 1399 778 1470 superbiam
813 1399 996 1451 elatus
1041 1396 1273 1450 missam
1308 1395 1560 1450 dominis
1605 1395 1721 1448 suis
1755 1401 1812 1449 et

125 1490 402 1542 canonicas
454 1490 630 1542 horas
678 1487 1006 1554 observare,
1053 1490 1110 1539 et
1156 1485 1399 1554 psallere
1446 1484 1716 1546 renuerit,
1754 1488 1812 1537 et

127 1577 168 1628 ei
206 1577 352 1646 juste
398 1576 655 1642 obedire,
710 1576 904 1630 dicens
950 1593 1010 1628 se
1041 1574 1288 1628 liberum
1344 1589 1488 1641 esse,
1535 1573 1805 1635 noluerit,

125 1670 169 1715 et
197 1665 350 1733 quasi
400 1664 586 1718 libere
635 1664 797 1734 cujus
824 1665 945 1717 vult
989 1663 1164 1717 homo
1211 1663 1330 1730 fiat,
1363 1663 1473 1716 hoc
1501 1667 1696 1715 sancta
1725 1678 1810 1732 sy-

126 1753 286 1806 nodus
316 1753 794 1819 anathematiZat,
823 1757 877 1806 et
921 1752 1086 1804 illum
1119 1769 1150 1804 a
1179 1756 1372 1805 sancta
1401 1753 1808 1804 communione

123 1840 282 1894 arceri
305 1841 556 1910 judicat,
606 1842 789 1895 donec
827 1840 1124 1911 resipiscat
1173 1845 1228 1893 et
1255 1839 1489 1893 domino
1531 1856 1633 1892 suo
1667 1838 1806 1894 obe-

123 1930 224 1983 diat
254 1931 578 1984 secundum
623 1929 899 1983 canonica
922 1934 1230 2000 praecepta.
1260 1928 1360 1982 Sin
1389 1932 1583 1982 autem
1631 1928 1810 1981 obsti-

121 2024 237 2070 nato
283 2019 482 2071 animo
549 2024 606 2071 et
664 2019 771 2071 hoc
820 2018 1252 2088 contempserit,
1312 2023 1610 2070 accusetur
1657 2017 1809 2086 apud

121 2107 431 2178 episcopum
467 2107 571 2178 qui
602 2122 736 2161 eum
765 2105 1074 2173 ordinavit,
1113 2111 1170 2160 et
1201 2107 1550 2177 degradetur
1577 2122 1592 2159 :
1624 2111 1680 2160 et
1709 2106 1810 2159 tiat

120 2212 293 2249 servus
340 2195 498 2250 illius
549 2195 707 2250 idem
758 2195 983 2249 domini
1033 2195 1143 2260 sui,
1190 2195 1340 2248 sicut
1383 2201 1551 2248 natus
1599 2195 1804 2250 fuerat.

120 2284 362 2355 Quisquis
405 2301 548 2338 vero
605 2286 776 2338 talem
812 2301 1004 2338 secum
1053 2284 1338 2346 habuerit,
1391 2288 1590 2353 postea
1635 2300 1810 2354 quam

124 2388 223 2424 rem
265 2373 420 2426 illius
453 2373 798 2443 praedictam
849 2372 1118 2435 audierit,
1173 2377 1230 2425 et
1260 2372 1499 2426 domino
1549 2389 1652 2425 suo
1691 2388 1811 2426 non

126 2460 431 2527 reddiderit,
486 2463 576 2515 vel
611 2479 642 2514 a
691 2477 750 2514 se
781 2461 1109 2532 projecerit,
1155 2461 1272 2514 sive
1321 2461 1646 2532 episcopus,
1692 2460 1810 2515 sive

124 2564 308 2616 comes,
353 2549 475 2603 sive
523 2550 784 2616 clericus,
837 2550 954 2603 sive
985 2549 1184 2615 laicus,
1231 2550 1612 2604 anathematis
1655 2550 1811 2602 illius

127 2637 364 2690 societate
419 2637 696 2706 nodatus,
747 2653 978 2708 poenam
1010 2637 1618 2692 excommunicationis
1667 2637 1806 2692 luet.

127 2725 232 2779 ΟΜ».
282 2727 567 2782 CCXXXV.
618 2755 688 2766 —
729 2729 800 2780 De
845 2727 1175 2795 presbyteris
1225 2728 1322 2793 qui
1373 2727 1662 2794 parochias
1710 2728 1809 2792 fu~

517 2800 700 2865 gerint
737 2798 796 2850 in
825 2797 1020 2865 quibus
1055 2798 1218 2850 locati
1252 2801 1398 2851 sunt.

184 2883 281 2953 (Ea:
306 2885 503 2941 concil.
555 2885 844 2951 Cabillon.,
895 2900 1015 2953 cap.
1065 2884 1180 2954 41.)
1231 2884 1532 2955 Presbyter
1577 2885 1813 2954 proprio

125 2972 226 3026 loco
254 2974 489 3026 dimisso
525 2973 599 3026 ad
631 2973 811 3026 alium
846 2973 1104 3044 migrans
1150 2989 1518 3043 nequaquam
1569 2974 1809 3044 recipia-

125 3066 216 3126 tur,
245 3062 349 3114 nisi
393 3079 513 3116 suae
549 3061 912 3132 migrationis
942 3077 1173 3115 causam
1219 3061 1444 3126 dixerit,
1473 3067 1529 3114 et
1558 3078 1617 3115 se
1647 3062 1811 3116 inuo-
1843 3093 1882 3146 ρ

123 3155 292 3202 center
337 3149 549 3203 vixisse
599 3150 662 3202 in
695 3149 962 3220 parochia
993 3149 1052 3203 in
1097 3166 1210 3219 qua
1242 3149 1542 3202 ordinatus
1575 3155 1659 3203 est
1700 3152 1806 3205 sub

123 3238 338 3291 testibus
369 3239 708 3308 probaverit
735 3255 748 3292 :
779 3239 1001 3292 litteras
1042 3238 1214 3291 etiam
1249 3238 1479 3292 habebit
1508 3238 1564 3290 in
1599 3239 1808 3309 quibus

126 3325 226 3378 sint
261 3328 495 3380 nomina
522 3327 780 3397 episcopi
824 3334 882 3380 et
928 3327 1170 3380 civitatis
1219 3326 1460 3396 plumbo
1506 3326 1806 3397 impressa,

127 3413 310 3483 quibus
337 3415 611 3486 cognitis,
646 3421 702 3468 et
728 3415 936 3469 talibus
967 3415 1215 3469 inventis
1241 3415 1450 3485 quibus
1476 3415 1618 3469 fides
1642 3415 1808 3470 adhi-

124 3501 226 3556 beri
255 3505 449 3574 possit,
484 3505 814 3576 recipiatur.

129 3589 236 3643 CAP.
283 3592 591 3646 CCXXXVI.
644 3623 713 3630 —
748 3593 826 3646 De
873 3592 1206 3660 presbyteris
1258 3594 1357 3660 qui
1403 3594 1628 3645 crimine
1657 3595 1806 3660 capi-

187 3662 281 3715 tali
307 3668 660 3725 accusantur,
703 3667 752 3717 et
783 3663 1012 3730 collegas
1060 3664 1257 3732 quibus
1284 3678 1342 3716 se
1374 3678 1636 3717 emcusare
1682 3678 1808 3732 pos-

187 3735 286 3786 sint
313 3750 416 3788 non
447 3735 669 3788 habent.

191 3824 286 3885 (Em
333 3826 524 3878 concil.
565 3823 810 3892 Tribur.,
864 3825 954 3878 cui
998 3825 1255 3889 interfuit
1311 3823 1632 3891 Arnolphus
1685 3838 1803 3890 rex,

130 3923 230 3977 cap.
276 3915 349 3979 6.)
401 3914 481 3967 De
530 3911 882 3982 presbyteris
931 3912 1032 3982 qui
1091 3910 1332 3964 crimine
1390 3909 1804 3978 fornicationis,

130 3997 226 4052 sive
252 4000 439 4071 aliquo
489 4001 724 4071 capitali
771 4000 990 4071 ﬂagitio
1035 4005 1395 4067 accusantur,
1445 4007 1502 4054 et
1551 4016 1664 4053 non
1703 3999 1808 4052 ha-

129 4081 245 4138 bent
271 4089 513 4158 collegas
541 4103 678 4142 cum
709 4087 916 4158 quibus
963 4103 1022 4141 se
1053 4103 1324 4141 excusare
1359 4087 1600 4156 possint,
1629 4092 1729 4141 aut
1761 4088 1809 4140 si

130 4171 252 4228 forte
279 4176 416 4246 lapsi
457 4176 698 4242 fuerint,
735 4176 1025 4246 quomodo
1058 4176 1426 4230 satisfaciant.
1463 4176 1528 4230 In
1561 4192 1807 4246 quorum

125 4259 312 4327 judicio
357 4281 545 4335 neque
586 4265 657 4318 ad
691 4264 1006 4331 dexteram,
1038 4280 1228 4336 neque
1274 4265 1344 4318 ad
1375 4263 1663 4318 sinistram
1709 4265 1808 4318 de-

1916 612 2166 681 amplius
2199 612 2335 680 pelli
2362 611 2530 664 debet
2559 615 2616 664 et
2641 610 2712 664 ad
2745 609 3140 679 paenitentiam
3175 609 3378 680 redigi.

1979 718 2108 772 CAP.
2144 718 2476 774 CCXXXVII.
2512 748 2579 756 —
2610 721 2682 772 De
2705 717 3078 786 predicatione
3099 717 3555 785 presbyterorum.

1989 823 2106 890 (Ea:
2135 825 2322 877 concil.
2369 823 2724 886 Triburiensi,
2773 825 2861 876 cui
2911 824 3161 885 interfuit
3198 838 3295 874 rem
3327 823 3620 890 Arnolph.)

1991 912 2361 981 Praecipimus
2412 911 2568 964 vobis
2617 915 2679 963 ut
2707 911 3105 980 unusquisque
3153 916 3404 962 vestrum
3449 923 3622 978 super

1918 1001 2060 1054 duas
2120 1016 2216 1052 seu
2268 1005 2383 1052 tres
2441 998 2850 1062 hebdomadas,
2905 999 3107 1051 diebus
3165 997 3467 1050 dominicis
3520 1014 3619 1051 seu

1917 1090 2318 1143 festivitatibus
2364 1095 2714 1155 sanctorum,
2764 1089 3046 1157 populum
3096 1087 3203 1140 sibi
3250 1087 3619 1140 commissum

1921 1167 2201 1232 doctrinis,
2247 1177 2555 1230 salutiferis
2603 1192 2669 1228 ex
2725 1191 2884 1228 sacra
2932 1175 3227 1245 Scriptura
3258 1174 3506 1244 sumptis
3558 1174 3621 1227 in

1922 1267 2164 1321 Ecclesia
2213 1266 2320 1318 sibi
2368 1265 2673 1318 commissa
2712 1269 2844 1334 post
2884 1264 3250 1333 Evangelium
3305 1263 3619 1333 perlectum

1919 1355 2202 1408 instruere
2247 1354 2492 1419 studeat,
2526 1360 2583 1406 et
2619 1352 2822 1421 jubeat
2869 1352 2979 1403 illis
3012 1357 3074 1404 ut
3102 1353 3295 1403 nullus
3338 1351 3406 1403 de
3437 1351 3618 1404 eccle-

1919 1444 2002 1495 sia
2043 1447 2221 1505 exeat,
2273 1449 2578 1510 antequam
2617 1457 2648 1492 a
2679 1440 3012 1509 presbytero
3063 1439 3178 1492 sive
3210 1439 3450 1492 diacono
3484 1437 3619 1491 ulti-

1919 1547 2012 1583 ma
2052 1532 2195 1595 laus,
2231 1529 2290 1583 id
2339 1534 2423 1582 est
2454 1527 2865 1582 Benedicamus
2901 1527 3164 1592 Domino,
3214 1531 3304 1580 aut
3338 1528 3416 1580 Ite
3445 1526 3620 1580 missa

1918 1627 2020 1682 est,
2055 1618 2475 1688 pronuntietur.

1919 1726 2048 1779 CAP.
2119 1723 2477 1778 CCXXXVIII.
2543 1752 2611 1761 —
2653 1726 2724 1776 De
2777 1723 3168 1786 ecclesiasticis,
3221 1722 3272 1775 si
3336 1721 3617 1774 saeculares

2325 1799 2617 1863 potestates
2649 1794 2843 1846 habere
2875 1793 3206 1845 desiderant.

1991 1884 2097 1952 (Ea:
2127 1885 2284 1952 epist.
2340 1885 2460 1939 Gre.
2508 1898 2665 1950 papa:
2716 1881 3022 1935 Secundino
3072 1896 3222 1934 servo
3271 1881 3368 1933 Dei
3412 1880 3617 1932 recluso

1917 1972 2165 2040 directa.)
2220 1973 2452 2026 Certum
2507 1987 2758 2040 namque
2816 1976 2900 2022 est
2946 1985 3062 2022 non
3123 1985 3217 2021 vos
3264 1974 3396 2021 ante
3450 1983 3616 2020 exer-

1918 2061 2054 2115 citui
2076 2061 2278 2114 ducem
2302 2075 2660 2130 praeponere,
2691 2058 2799 2112 nisi
2833 2058 2988 2111 vobis
3019 2057 3180 2110 labor
3210 2059 3332 2126 ejus
3360 2056 3620 2126 ﬁdesque

1918 2148 2319 2217 complaceret,
2352 2153 2405 2201 et
2436 2147 2546 2200 nisi
2574 2162 2706 2200 eum
2748 2150 3022 2199 anteactae
3051 2145 3183 2198 vitm
3213 2131 3390 2198 virtus
3421 2143 3618 2198 etsol-

1917 2236 2154 2289 licitudo
2205 2241 2405 2305 aptum
2447 2251 2566 2288 esse
2609 2233 3030 2287 monstraverit.
3070 2233 3124 2287 Si
3170 2249 3300 2286 vero
3343 2249 3461 2285 non
3492 2231 3621 2286 aliis

1920 2324 2031 2376 nisi
2066 2324 2397 2394 hujusmodi
2430 2323 2564 2376 viris
2609 2322 2990 2376 committitur
3022 2321 3429 2392 gubernandus
3459 2335 3618 2374 exer-

1918 2414 2085 2480 citus,
2133 2412 2316 2482 qualis
2373 2412 2485 2465 dux
2536 2427 2657 2464 esse
2715 2411 2922 2464 debeat
2970 2410 3296 2462 animarum
3345 2425 3410 2462 ex
3456 2408 3622 2462 istius

1917 2501 2088 2556 bonae
2119 2500 2203 2554 rei
2247 2500 2674 2570 comparatione
2721 2498 3030 2568 colligitur.
3075 2498 3186 2552 Sed
3234 2497 3622 2551 verecundum

1918 2589 2083 2642 nobis
2115 2593 2218 2654 est,
2255 2593 2311 2641 et
2341 2589 2530 2640 dicere
2561 2587 2756 2656 pudet,
2793 2587 2928 2655 quia
2958 2586 3280 2639 sacerdotes
3308 2585 3416 2638 sibi
3448 2585 3620 2638 duca-

1919 2684 2046 2730 tum
2094 2677 2401 2745 arripiunt,
2453 2676 2551 2746 qui
2583 2675 2882 2730 exordium
2923 2675 3208 2744 religiosa:
3242 2674 3463 2728 militiae
3507 2690 3619 2727 non

1918 2765 2206 2817 viderunt.

1920 2867 2046 2921 Car.
2089 2867 2388 2922 CCXXXIX.
2440 2895 2508 2906 —
2544 2869 2608 2920 Ut
2654 2867 2765 2919 viri
2801 2882 3014 2919 veraces
3059 2871 3108 2919 et
3140 2869 3304 2920 Deum
3355 2868 3619 2931 timentes,

1988 2941 2046 2991 in
2088 2939 2401 2992 Civitatibus
2432 2944 2482 2992 et
2513 2940 2571 2990 in
2595 2938 2834 3006 publicis
2868 2939 3001 2990 vicis
3042 2937 3234 2990 decani
3278 2939 3622 2991 constituan-

1993 3013 2099 3063 tur.

1989 3115 2107 3185 (Em
2135 3115 2325 3168 concil.
2358 3115 2664 3176 Rothoma.,
2695 3129 2815 3182 cap.
2844 3116 2922 3180 9.)
2957 3115 3024 3168 Ut
3046 3114 3291 3184 pOpulus
3316 3113 3622 3167 admonea-

1918 3207 2014 3257 tur
2044 3209 2105 3257 ut
2135 3203 2195 3256 in
2243 3202 2547 3256 dominicis
2577 3207 2634 3256 et
2657 3201 2818 3255 festis
2847 3202 3050 3256 diebus
3083 3218 3282 3255 omnes
3313 3203 3382 3256 ad
3419 3218 3620 3272 vespe-

1918 3306 2030 3358 ras,
2064 3298 2122 3345 et
2174 3296 2477 3345 nocturnas
2507 3291 2755 3360 vigilias,
2803 3296 2860 3345 et
2889 3292 2957 3344 ad
3007 3291 3240 3344 missam
3274 3290 3622 3344 omnimodis

1919 3386 2243 3445 occurrant,
2275 3385 2330 3434 et
2371 3383 2430 3432 ut
2459 3378 2659 3432 decani
2707 3381 2767 3432 in
2799 3379 3122 3432 civitatibus
3153 3385 3210 3433 et
3239 3379 3299 3432 in
3345 3379 3480 3431 vicis
3511 3395 3618 3449 pu-

1918 3468 2083 3521 blicis
2123 3468 2230 3521 viri
2276 3483 2502 3521 veraces
2535 3471 2591 3521 et
2641 3468 2820 3521 Deum
2864 3467 3131 3521 timentes
3178 3468 3618 3532 constituantur,

1919 3556 2020 3625 qui
2066 3555 2290 3609 desides
2337 3561 2392 3609 et
2439 3555 2796 3626 negligentes
2845 3559 3250 3608 commoneant
3299 3560 3360 3608 ut
3405 3555 3472 3609 ad
3520 3555 3620 3608 Dei

1920 3644 2218 3698 servitium
2250 3644 2464 3713 absque
2505 3645 2803 3696 occasione
2833 3646 3167 3712 prOperent,
3200 3646 3255 3696 et
3283 3648 3346 3695 ut
3375 3643 3485 3711 ipsi
3515 3643 3620 3695 de—

1919 3732 2044 3787 cani
2101 3739 2458 3787 sacramento
2517 3731 2948 3800 adstringantur
3015 3735 3092 3795 ut,
3158 3730 3318 3784 nulla
3372 3731 3620 3783 interve-

1918 3822 2113 3875 niente
2163 3836 2350 3884 causa,
2405 3819 2638 3886 scilicet,
2690 3824 2790 3873 aut
2821 3820 3054 3880 amoris,
3102 3823 3200 3872 aut
3229 3818 3470 3884 timoris,
3523 3824 3623 3871 aut

1919 3909 2388 3982 propinquitatis,
2437 3908 2713 3974 muneris,
2747 3909 3107 3979 negligentes
3150 3915 3206 3962 et
3230 3912 3619 3977 transgresso-

1918 4018 2011 4055 res
2053 3999 2349 4065 reticeant,
2382 3998 2522 4068 quin
2553 3997 2944 4052 sacerdotibus
2977 3997 3241 4067 proprias
3271 4013 3470 4051 eorum
3503 3997 3620 4050 cul-

1918 4106 2021 4159 pas
2051 4087 2438 4142 manifestent.
2492 4087 2867 4141 Sacerdotum
2911 4092 3103 4140 autem
3153 4087 3262 4140 erit
3308 4086 3389 4139 ita
3417 4101 3618 4139 eorum

1919 4178 2073 4237 vitia,
2124 4179 2245 4230 zelo
2291 4181 2348 4230 et
2396 4192 2589 4230 amore
2637 4175 2855 4243 divino,
2898 4191 3029 4229 cum
3082 4175 3274 4229 debita
3319 4174 3622 4245 disciplina

1921 4267 2228 4335 corrigere,
2278 4264 2422 4319 sicut
2475 4263 2584 4335 ipsi
2632 4265 2840 4318 nolunt
2894 4280 2999 4334 pro
3052 4264 3296 4318 aliorum
3337 4263 3619 4317 erratibus

131 4347 428 4406 clinandum
481 4360 584 4418 est,
623 4353 723 4406 sed
765 4358 919 4407 recta
965 4353 1057 4406 via
1086 4353 1490 4424 gradiendum.
1525 4353 1584 4406 In
1619 4352 1804 4406 conci-
1840 4372 1883 4424 ι)
1925 4355 2269 4408 sententiam
2297 4355 2467 4423 justae
2493 4352 2881 4406 damnationis
2926 4351 3231 4423 suscipere.
3284 4353 3346 4405 Et
3396 4357 3457 4405 ut
3500 4351 3620 4404 dies

131 4436 194 4489 lio
234 4456 472 4512 namque
518 4441 966 4496 Neocaesariensi
995 4458 1120 4512 cap.
1168 4442 1445 4512 scriptum
1477 4446 1561 4494 est
1595 4457 1607 4494 :
1643 4443 1809 4495 Pres-

132 4524 270 4595 byter
311 4531 355 4584 si
394 4547 632 4586 uxorem
667 4530 967 4601 acceperit,
1005 4531 1078 4585 ab
1129 4530 1331 4585 ordine
1363 4530 1703 4600 deponatur.
1754 4531 1810 4585 Si

1919 4443 2046 4496 festi
2078 4459 2111 4494 a
2140 4457 2375 4510 vespera
2411 4455 2596 4510 usque
2627 4441 2697 4492 ad
2728 4455 3024 4508 vesperam
3057 4440 3269 4510 absque
3299 4455 3469 4510 opere
3499 4455 3617 4492 ser-

1921 4530 2020 4584 vili
2051 4546 2180 4584 cum
2211 4529 2403 4583 debito
2435 4528 2653 4581 honore
2685 4527 3066 4581 celebrentur.

1489 4643 1665 4682 FINIS
1710 4644 1888 4684 LIBRI
1929 4643 2228 4683 SECUNDI.

978 4868 1276 4941 INDEX
1332 4867 2022 4942 CAPITULOBUM
2080 4865 2335 4938 LIBRI
2397 4862 2738 4935 TERTII.

133 5015 240 5070 Cap.
266 5017 304 5072 Ι.
334 5019 474 5084 Quid
500 5018 578 5072 sit
607 5018 876 5072 Ecclesia.

135 5101 188 5156 ll.
222 5107 290 5160 De
318 5108 608 5178 primitiva
640 5107 900 5162 Ecclesia.

133 5189 210 5247 Ill.
236 5195 386 5258 Quod
418 5196 745 5252 sacerdotes
770 5211 939 5266 agros
965 5212 1108 5267 quos
1137 5196 1385 5251 vendere
1415 5195 1696 5263 solebant,
1729 5195 1802 5250 ad

191 5296 533 5338 communem
564 5284 872 5338 utilitatem
902 5284 1156 5338 ecclesiis
1186 5285 1512 5339 tradebant.

136 5366 206 5420 IV.
236 5369 345 5434 Quo
390 5379 653 5444 tempore
691 5373 800 5427 viri
847 5373 1100 5444 religiosi
1149 5374 1364 5443 seipsos
1397 5373 1634 5426 domino
1663 5389 1800 5427 con-

191 5468 478 5527 secrarunt,
511 5462 863 5517 aedificantes
894 5462 1156 5517 basilicas
1187 5463 1245 5516 in
1273 5463 1391 5516 suis
1419 5462 1630 5516 fundis.

137 5542 183 5594 Vo
227 5547 373 5610 Quod
421 5551 829 5605 Constantinus
876 5552 1100 5622 primus
1158 5551 1574 5622 imperatorum
1621 5550 1797 5606 fabri-

191 5638 333 5691 candi
363 5641 624 5696 ecclesias
660 5640 951 5695 licentiam
980 5640 1206 5696 tribuit.

1913 5019 2003 5072 VI.
2047 5018 2116 5072 Ut
2145 5016 2337 5070 nullus
2385 5013 2680 5068 ecclesiam
2731 5012 2996 5080 aediﬁcet,
3049 5013 3161 5069 nisi
3210 5014 3307 5069 ille
3354 5016 3446 5071 cui
3492 5019 3614 5088 epi-

1981 5121 2188 5174 scopus
2221 5103 2327 5157 loci
2361 5104 2552 5157 locum
2583 5102 2990 5173 designaverit.

1910 5193 2022 5246 VII.
2079 5194 2154 5246 De
2189 5193 2288 5246 illo
2334 5191 2434 5263 qui
2488 5191 2547 5244 in
2580 5207 2682 5244 suo
2721 5191 2941 5261 praedio
2990 5193 3284 5246 ecclesiam
3334 5192 3618 5248 aediﬁcare

1981 5283 2290 5336 desiderat.

1911 5371 2051 5426 VIII.
2093 5372 2161 5426 Ut
2202 5387 2401 5425 omnes
2445 5368 2696 5424 ecclesiae
2726 5368 2787 5422 in
2837 5368 2992 5422 illius
3042 5367 3298 5438 episcopi
3335 5371 3617 5438 potestate

1982 5461 2094 5514 sint
2129 5460 2186 5513 in
2219 5460 2381 5529 cujus
2411 5457 2706 5512 territorio
2741 5457 2942 5528 positae
2968 5461 3120 5510 sunt.

1910 5551 1995 5604 IX.
2034 5551 2102 5604 Ut
2134 5549 2384 5618 antiquae
2426 5547 2679 5601 ecclesiae
2721 5544 3180 5616 possessionibus
3231 5550 3470 5616 propter
3510 5563 3615 5601 no-

1979 5655 2076 5693 vas
2107 5654 2223 5692 non
2255 5637 2596 5708 spolientur.
