3950 6398
279 385 381 437 667

1361 391 1766 447 BURCHABDI
1809 391 2338 448 WORMACIENSIS
2380 393 2712 450 EPISCOI’I.

3695 405 3809 457 668

283 507 342 562 X.
375 508 454 562 De
500 508 754 563 ecclesiis
782 516 838 563 et
877 510 1174 576 altaribus,
1214 510 1315 567 ubi
1343 512 1537 584 aliqua
1584 514 1865 569 dubitatio
1897 519 1980 568 est
2009 516 2056 569 Α
2092 516 2263 570 XLVI.
2318 517 2387 571 Ut
2433 517 2831 589 unusquisque
2881 519 3179 592 presbyter
3222 537 3338 576 una
3377 523 3618 580 ecclesia
3661 542 3813 580 con-

354 595 423 649 de
456 596 909 657 consecratione.
944 603 1011 652 ut
1038 606 1467 655 consecrentur.

282 683 371 737 XI.
422 683 481 738 Si
519 684 701 739 altare
751 690 975 740 motum
1026 686 1218 754 fuerit,
1270 688 1459 742 denuo
1502 688 1739 743 ecclesia
1785 704 1983 745 conse-

355 776 562 826 cretur.

283 860 397 913 XII.
430 860 487 914 Si
512 862 747 916 ecclesia
780 862 985 917 violata
1011 864 1201 931 fuerit,
1234 865 1443 919 iterum
1474 872 1857 922 consecretur.

283 948 427 1002 XIII.
479 950 546 1004 Ut
604 951 902 1005 ecclesiam
955 952 1051 1006 ubi
1097 968 1358 1024 paganus
1407 955 1662 1024 sepultus
1711 959 1814 1023 est,
1867 972 1985 1011 nou

358 1037 524 1091 liceat
549 1038 819 1093 dedicari.

285 1125 419 1179 XlV.
469 1127 537 1180 Ut
581 1127 642 1181 in
694 1127 931 1181 ecclesia
979 1128 1037 1181 in
1072 1144 1185 1198 qua
1232 1128 1507 1184 cadavera
1556 1132 1782 1202 sepulta
1828 1137 1982 1200 sunt,

357 1213 533 1267 altare
563 1231 889 1270 consecrare
922 1232 1036 1270 non
1069 1217 1253 1271 liceat.

284 1301 391 1355 XV.
456 1302 524 1356 Ut
572 1303 695 1357 loca
750 1305 925 1357 semel
998 1304 1203 1371 dicata,
1267 1311 1549 1378 perpetuo
1607 1309 1688 1363 sic
1754 1325 1983 1380 perma-

356 1396 549 1443 neant.
1383 1452 1391 1465 ι

284 1478 416 1532 XVI.
453 1479 531 1533 De
562 1479 699 1533 locis
737 1480 958 1534 dudum
1005 1482 1261 1549 sacratis,
1307 1488 1364 1538 et
1393 1500 1547 1539 nunc
1589 1486 1889 1557 neglectis,
1923 1492 1986 1543 ut

352 1566 560 1621 iterum
588 1568 992 1623 reformentur.

283 1654 443 1708 XVII.
482 1656 552 1709 Ut
580 1656 772 1709 nullus
819 1657 975 1712 aliud
1021 1659 1199 1713 altare
1247 1660 1467 1728 erigere
1505 1667 1837 1732 prazsumat,
1871 1663 1983 1717 nisi

356 1744 507 1812 quod
545 1744 615 1798 ab
648 1746 916 1817 episcopo
948 1753 1341 1804 consecratum
1376 1755 1481 1805 est.

281 1832 467 1887 XVIII.
520 1833 589 1888 Ut
632 1836 1008 1906 energumeni
1054 1838 1422 1894 ecclesiarum
1478 1841 1805 1911 pavimenta
1853 1859 1982 1897 ver-

351 1925 501 1975 rant.

279 2009 406 2063 XIX.
443 2010 519 2064 De
549 2012 912 2066 monasteriis
941 2014 1117 2069 semel
1150 2016 1513 2072 consecratis.

279 2097 381 2152 XX.
418 2099 496 2152 De
529 2098 643 2153 illis
688 2100 786 2171 qui
820 2102 1014 2157 dotem
1045 2103 1300 2159 ecclesiae
1348 2104 1461 2160 sibi
1488 2104 1778 2160 vindicare
1823 2123 1970 2179 prae-

351 2187 721 2256 sumpserint.

278 2273 406 2327 XXI.
440 2275 519 2328 De
557 2276 809 2331 ecclesiis
842 2277 1164 2350 destructis,
1213 2281 1506 2352 quomodo
1539 2282 1847 2337 restaurari
1879 2283 1979 2338 de-

350 2363 541 2420 beant.

277 2453 433 2506 XXII.
464 2452 624 2517 Quod
664 2453 728 2508 in
758 2471 873 2510 una
921 2456 1328 2512 terminatione
1377 2459 1573 2530 plures
1611 2458 1976 2531 baptismales

350 2541 599 2596 ecclesiae
629 2560 749 2597 esse
781 2560 899 2598 non
924 2545 1165 2616 possint.

275 2630 461 2685 XXIII.
497 2632 566 2685 Ut
606 2634 891 2702 regularia
938 2635 1287 2689 monasteria
1329 2651 1435 2690 nec
1476 2637 1643 2691 vendi
1690 2653 1795 2692 nec
1823 2655 1978 2693 com-

350 2719 559 2772 mutari
584 2721 806 2789 possint
835 2721 947 2775 nisi
974 2739 1105 2776 cum
1135 2724 1245 2778 alio
1277 2726 1649 2780 monasterio.

275 2807 453 2861 XXIV.
491 2808 559 2861 Ut
613 2824 731 2862 non
787 2809 956 2863 liceat
997 2810 1165 2865 alicui
1219 2811 1389 2865 unius
1447 2813 1709 2868 Ecclesiae
1738 2817 1970 2880 terram,

348 2895 458 2948 nisi
488 2897 827 2964 cambiatur,
858 2903 1076 2954 vertere
1107 2900 1177 2953 ad
1207 2900 1399 2956 aliam.

275 2984 432 3037 XXV.
483 2987 553 3040 Ut
596 2986 816 3055 altaria,
868 2986 982 3041 nisi
1046 2987 1162 3042 sint
1200 2989 1447 3060 lapidea,
1508 2989 1813 3044 chrismate
1855 3006 1973 3045 non

348 3080 770 3129 consecrentur.

273 3161 454 3216 XXVI.
507 3162 578 3217 Ut
632 3163 1043 3219 monasterium
1096 3165 1167 3220 ad
1214 3165 1639 3221 meliorandum
1684 3166 1747 3220 in
1795 3166 1973 3221 alium

348 3249 515 3303 liceat
545 3266 759 3320 ponere
789 3251 1001 3306 locum.

273 3337 477 3391 XXVII.
513 3339 584 3393 Ut
607 3337 729 3391 sine
761 3340 934 3393 missa
964 3340 1201 3394 ecclesia
1226 3356 1342 3394 non
1372 3340 1579 3395 debeat
1605 3342 1874 3397 dedicari.

274 3426 498 3480 XXVIII.
536 3427 607 3480 Ut
638 3426 943 3497 episcopus
990 3429 1281 3483 neminem
1328 3430 1630 3501 prohibeat
1676 3431 1972 3485 ecclesiam

346 3512 593 3583 ingredi,
622 3520 678 3568 et
706 3516 906 3570 audire
936 3517 1175 3572 verbum
1207 3518 1329 3573 Dei.

273 3603 448 3657 XXIX.
499 3604 565 3657 Ut
594 3604 844 3674 populus
893 3605 993 3675 qui
1021 3606 1349 3661 convenerit
1398 3607 1470 3662 ad
1514 3607 1764 3678 Missam,
1813 3618 1972 3663 ante-

345 3707 517 3761 quam
552 3691 791 3746 iiniatur
819 3709 936 3747 non
969 3694 1236 3749 discedat.

272 3780 419 3835 XXX.
459 3781 535 3834 De
564 3780 676 3834 illis
709 3781 809 3852 qui
843 3783 1222 3838 ecclesiastica
1252 3784 1467 3839 habent
1493 3786 1790 3841 beneﬁcia.

271 3869 443 3923 XXXI.
479 3869 558 3923 De
589 3870 841 3925 ecclesiis
869 3872 1022 3941 apud
1051 3872 1327 3927 barbaros
1353 3875 1702 3931 constitutis.

272 3957 465 4010 XXXII.
507 3958 584 4011 De
611 3958 862 4013 ecclesiis
889 3960 1258 4016 Arianorum.

270 4046 496 4099 XXXIII.
533 4047 610 4100 De
642 4047 979 4101 dimee’sanis
1009 4049 1262 4103 ecclesiis
1290 4049 1599 4105 destitutis.

270 4135 489 4188 XXXIV.
551 4134 806 4199 Qualiter
873 4136 1205 4191 destitutam
1259 4138 1557 4192 ecclesiam
1634 4139 1803 4194 alteri
1877 4156 1967 4195 ec-

345 4223 533 4276 clesiae
565 4228 715 4277 recte
745 4224 1095 4295 conjungere
1125 4226 1307 4279 valeat
1330 4227 1648 4297 episcopus.

271 4311 461 4365 XXXV.
494 4313 563 4365 Ut
592 4312 831 4381 picturae
860 4313 921 4367 in
954 4314 1191 4368 ecclesia
1220 4314 1347 4369 ﬁeri
1373 4330 1490 4369 non
1521 4315 1789 4371 debeant.
1899 4350 1909 4360 .

271 4400 485 4453 XXXVI.
523 4400 663 4453 Item
695 4401 763 4454 de
792 4400 1034 4472 pictura.

271 4488 513 4542 XXXVII.
562 4490 630 4543 Ut
659 4505 774 4543 non
804 4506 909 4560 pro
936 4490 1127 4544 debito
1158 4490 1459 4562 episcopus
1487 4491 1557 4547 de
1587 4491 1971 4547 consecranda

342 4576 580 4631 ecclesia
608 4593 822 4632 munus
852 4578 1085 4649 aliquod
1116 4580 1390 4650 requirat.

272 4665 539 4720 XXXVIII.
599 4667 669 4720 Ut
705 4667 1003 4721 ecclesiam
1049 4667 1112 4722 in
1159 4684 1275 4739 qua
1331 4669 1607 4724 cadavera
1645 4669 1969 4725 inﬁdelium

341 4756 563 4823 sepulta
593 4760 726 4809 sunt
754 4756 1106 4811 sanctiﬁcare
1138 4773 1254 4811 non
1280 4756 1469 4814 liceat.

270 4844 484 4897 XXXIX.
533 4844 612 4897 De
652 4844 823 4914 lignis
869 4846 1143 4900 dedicatae
1189 4846 1459 4915 ecclesiae,
1513 4846 1585 4901 ad
1622 4846 1777 4918 quod
1831 4862 1971 4902 usus

342 4931 487 4984 verti
515 4930 774 4986 debeant.

270 5020 373 5075 XL.
416 5020 565 5085 Quid
612 5020 880 5092 episcopo
930 5023 1213 5091 agendum
1258 5023 1353 5094 sit,
1401 5022 1448 5077 si
1481 5024 1675 5095 plures
1714 5023 1971 5079 haeredes

342 5109 411 5163 de
442 5124 559 5162 una
588 5110 991 5165 contenderint
1020 5111 1275 5166 ecclesia.

269 5196 402 5250 XLI.
439 5198 517 5251 De
548 5197 745 5252 eadem
774 5214 852 5254 re.

269 5286 423 5340 XLII.
463 5288 538 5341 De
567 5287 815 5341 ecclesiis
845 5288 996 5341 inter
1024 5287 1283 5342 haeredes
1316 5286 1528 5341 divisis.

269 5375 453 5429 XLIII.
488 5376 559 5430 Ut
598 5376 813 5446 singuli
856 5375 1176 5446 presbyteri
1208 5373 1464 5443 singulas
1511 5372 1763 5429 habeant
1800 5373 1972 5427 eccle-

342 5478 470 5515 5135.

270 5550 445 5604 XLIV.
483 5550 559 5603 De
587 5550 788 5604 eadem
819 5565 899 5603 re.

271 5637 420 5691 XLV.
453 5638 532 5691 De
560 5638 759 5691 eadem
791 5652 871 5690 re.

2167 608 2358 659 tentus
2390 605 2481 659 sit.

2093 693 2295 748 XLVII.
2334 695 2410 748 De
2437 694 2636 748 eadem
2667 710 2748 749 re.

2094 782 2325 837 XLVIII.
2359 783 2433 836 De
2463 783 2666 837 eadem
2698 798 2779 837 re.

2092 870 2266 924 XLIX.
2307 871 2383 924 De
2416 870 2616 925 eadem
2643 887 2725 925 re.

2094 958 2152 1012 L.
2190 960 2268 1012 De
2297 958 2597 1013 ordinibus
2629 960 2822 1014 sacris.

2094 1046 2181 1099 LI.
2217 1047 2293 1100 De
2326 1046 2577 1100 ecclesiis
2608 1063 2704 1100 seu
2738 1047 2944 1102 sanctis
2971 1049 3196 1103 noviter
3224 1051 3493 1107 inventis.

2096 1135 2204 1189 LII.
2240 1135 2310 1189 Ut
2341 1150 2704 1207 unaquaque
2755 1136 2992 1190 ecclesia
3033 1153 3299 1194 mansum
3354 1140 3648 1214 integrum
3697 1144 3813 1199 ha-
3884 1141 3892 1148 ’

2164 1222 2295 1276 beat
2326 1223 2447 1277 sine
2482 1224 2735 1278 servitio.

2095 1311 2230 1366 LIII.
2276 1312 2343 1366 Ut
2370 1312 2563 1366 nullus
2610 1313 2678 1367 de
2726 1312 2856 1367 dote
2886 1313 3160 1380 ecclesiae,
3194 1316 3278 1369 vel
3324 1315 3394 1372 de
3430 1334 3630 1374 manso
3664 1337 3808 1392 pre-

2163 1400 2525 1470 sbyterorum
2554 1415 2789 1453 censum
2825 1402 3149 1471 persolvere
3176 1410 3363 1473 cogat.

2094 1487 2225 1541 LIV.
2264 1489 2338 1542 De
2368 1488 2643 1542 altaribus
2674 1505 2803 1559 quae
2833 1490 3045 1560 passim
3076 1491 3226 1546 ﬁunt
3255 1510 3356 1563 per
3386 1511 3574 1564 agros.

2093 1576 2197 1630 LV.
2251 1578 2320 1632 Ut
2369 1580 2686 1647 martyrum
2736 1578 3075 1648 dignitatem
3132 1580 3324 1634 nullus
3373 1584 3652 1653 profanus
3716 1586 3809 1640 in-

2163 1665 2357 1719 famet.

2094 1755 2227 1810 LVI.
2261 1756 2329 1809 Ut
2360 1753 2667 1809 missarum
2718 1754 3001 1810 solemnia
3049 1772 3165 1811 non
3194 1755 3433 1830 ubique,
3486 1760 3587 1815 sed
3617 1761 3680 1816 in
3712 1762 3805 1817 lo-

2163 1842 2242 1897 cis
2268 1842 2337 1897 ab
2364 1842 2632 1913 episcopo
2660 1843 3000 1898 consecratis
3024 1844 3184 1899 ﬁant.

2091 1927 2250 1984 LVII.
2318 1928 2396 1982 De
2455 1928 2631 1982 missa
2685 1943 2805 1982 non
2859 1928 3227 1998 celebranda,
3282 1931 3396 1987 nisi
3452 1933 3513 1988 in
3572 1940 3804 1990 sacrato

2160 2017 2301 2070 loco.

2092 2105 2270 2159 LVIII.
2309 2106 2387 2158 De
2418 2104 2620 2158 eadem
2649 2120 2733 2159 re.

2091 2194 2216 2248 LIX.
2247 2193 2412 2257 Quod
2464 2208 2585 2247 non
2621 2193 2791 2247 liceat
2834 2193 3035 2248 missas
3083 2195 3394 2267 celebrare,
3445 2198 3559 2253 nisi
3605 2200 3670 2255 in
3700 2201 3802 2255 lo-

2157 2282 2237 2335 cis
2270 2282 2340 2336 ab
2370 2282 2639 2352 episcopo
2666 2281 2909 2337 civitatis
2937 2285 3301 2341 consecratis.

2087 2370 2189 2425 LX.
2222 2372 2302 2425 De
2328 2370 2529 2424 eadem
2563 2386 2642 2424 re.

2090 2457 2214 2511 LXI.
2245 2459 2322 2512 De
2351 2458 2554 2511 eadem
2584 2473 2669 2511 re.

2087 2545 2242 2598 LXII.
2278 2546 2356 2599 De
2386 2545 2751 2615 reparatione
2782 2546 3062 2602 Ecclesiae.

2088 2634 2267 2687 LXIII.
2305 2634 2372 2687 Ut
2400 2639 2534 2688 ante
2574 2634 2776 2688 horam
2839 2636 2954 2689 diei
3016 2637 3244 2691 tertiam
3307 2654 3424 2693 non
3472 2639 3588 2695 sint
3648 2643 3799 2696 cele-

2157 2721 2389 2774 branda:
2416 2722 2625 2775 missae.

2089 2809 2260 2863 LXIV.
2316 2811 2386 2863 Ut
2439 2826 2543 2880 pro
2609 2810 2875 2865 ﬁdelibus
2940 2812 3223 2867 defunctis
3288 2814 3529 2886 singulis
3583 2817 3798 2873 diebus

2156 2897 2356 2951 missas
2386 2898 2674 2952 celebrare
2707 2899 2893 2955 liceat.

2082 2986 2228 3040 LXV.
2264 2987 2335 3039 Ut
2364 2986 2537 3041 missa
2582 2991 2945 3043 mortuorum
2974 3005 3079 3061 pro
3129 2990 3397 3045 omnibus
3445 2992 3795 3050 Christianis

2007 3066 2047 3120 C
2156 3074 2230 3127 sit
2252 3076 2553 3129 cantanda.

2084 3162 2261 3217 LXVI.
2297 3163 2367 3217 Ut
2412 3163 2801 3218 institutiones
2843 3165 3147 3221 missarum
3180 3167 3325 3221 sicut
3371 3168 3432 3223 in
3478 3171 3794 3241 metropoli

2153 3250 2316 3315 ﬁunt,
2348 3251 2426 3305 sic
2456 3256 2512 3305 et
2541 3252 2774 3323 reliquis
2804 3256 3377 3326 comprovincialibus
3409 3259 3691 3315 Ecclesiis.

2085 3340 2285 3395 LXVII.
2342 3341 2411 3394 Ut
2456 3357 2653 3411 preces
2702 3346 2760 3395 et
2813 3342 3201 3412 prmfatiories,
3252 3362 3381 3416 qum
3434 3347 3492 3400 in
3542 3348 3792 3404 concilio

2156 3428 2408 3499 probata:
2438 3446 2557 3483 non
2588 3430 2823 3497 fuerint,
2855 3448 2969 3485 non
3004 3433 3384 3489 celebrentur.

2086 3519 2310 3571 LXVIII.
2350 3519 2418 3572 Ut
2460 3518 2653 3574 nullus
2715 3520 3013 3591 presbyter
3073 3523 3227 3575 solus
3274 3522 3507 3577 missam
3549 3530 3788 3580 cantare

2154 3622 2339 3675 prazsu
2350 3611 2483 3661 mat.

2081 3694 2250 3749 LXIX.
2306 3697 2382 3749 De
2427 3694 2866 3751 Praefationibus
2914 3713 3042 3768 quas
3083 3703 3280 3752 sancta
3321 3701 3580 3755 Romana
3624 3706 3790 3757 tenet

2155 3784 2415 3837 Ecclesia.

2084 3872 2224 3926 LXX.
2272 3873 2349 3925 De
2397 3872 2809 3941 sacerdotibus,
2858 3873 3163 3928 missarum
3213 3880 3474 3946 tempore
3520 3877 3568 3931 si
3610 3880 3787 3947 aegri-

2152 3960 2372 4014 tudinis
2398 3961 2605 4030 aliquis
2627 3966 2832 4015 eventu
2865 3963 2949 4015 eis
2976 3963 3290 4016 accesserit.

2082 4048 2246 4102 LXXI.
2283 4050 2361 4102 De
2388 4049 2590 4103 eadem
2622 4065 2701 4102 re.

2083 4137 2278 4191 LXXII.
2315 4139 2391 4191 De
2419 4137 2766 4209 presbyteris
2794 4136 2895 4208 qui
2944 4138 3304 4192 daemonibus
3334 4142 3621 4212 variisque
3652 4159 3786 4213 pas-

2152 4225 2407 4279 sionibus
2453 4230 2750 4293 vexantur,
2814 4227 2969 4297 quod
3012 4226 3125 4280 illis
3175 4243 3331 4281 sacra
3380 4232 3624 4284 tractare
3664 4247 3786 4286 non

2152 4314 2342 4367 liceat.

2084 4401 2302 4457 LXXIlI.
2336 4403 2413 4457 De
2444 4402 2645 4457 eadem
2676 4418 2758 4456 re.
2963 4459 2970 4466 _

2081 4489 2296 4544 LXXIV.
2352 4492 2430 4544 De
2481 4490 2828 4562 presbyteris
2858 4490 2959 4562 qui
3006 4492 3115 4546 soli
3155 4491 3355 4545 missas
3397 4492 3583 4547 solent
3634 4495 3784 4548 cele-

2151 4578 2340 4632 brare.

2081 4665 2271 4720 LXXV.
2319 4666 2397 4719 De
2432 4665 2544 4720 illis
2576 4665 2677 4737 qui
2736 4666 3031 4739 conjugati
3073 4667 3394 4739 presbyteri
3460 4668 3784 4726 oblationes

2150 4754 2488 4824 spreverint.

2082 4842 2294 4898 LXXVI.
2357 4845 2429 4898 Ut
2479 4842 2797 4915 presbyteri
2851 4845 3276 4900 communicent
3324 4844 3785 4919 quotiescunque

2151 4932 2353 4985 missas
2380 4932 2816 4985 celebraverint.

2082 5020 2316 5074 LXXVII.
2355 5021 2432 5073 De
2465 5018 2664 5072 eadem
2688 5034 2768 5072 re.

2080 5108 2346 5161 LXXVIII.
2386 5108 2463 5159 De
2495 5106 2696 5160 eadem
2730 5121 2810 5161 re.

2080 5195 2295 5250 LXXIX.
2334 5196 2408 5247 De
2440 5195 2636 5247 eadem
2667 5210 2749 5248 re.

2082 5283 2268 5338 LXXX.
2315 5283 2385 5337 Ut
2443 5281 2505 5336 in
2566 5281 2805 5336 ecclesia
2844 5283 2989 5338 nihil
3050 5286 3207 5342 aliud
3254 5292 3477 5360 agatur,
3547 5288 3659 5342 nisi
3724 5290 3785 5345 id

2151 5371 2222 5425 ad
2253 5371 2408 5441 quod
2440 5370 2587 5425 facta
2616 5376 2715 5425 est.

2081 5460 2291 5514 LXXXI.
2327 5460 2403 5512 De
2438 5459 2638 5513 eadem
2672 5476 2752 5514 re.

2082 5548 2320 5603 LXXXII.
2357 5549 2435 5602 De
2470 5549 2666 5603 eadem
2701 5566 2780 5605 re.

2082 5637 2340 5691 LXXXIII.
2373 5638 2440 5691 L't
2468 5638 2660 5692 nullus
2685 5639 2746 5693 in
2773 5640 3008 5695 ecclesia
3038 5643 3385 5697 convivetur.
