3950 6418
151 419 244 472 669
1126 412 1604 469 DECRETORUM
1645 415 1832 470 LIBRI
1868 415 1976 469 XX.
2006 443 2076 453 —-
2119 415 2329 469 LIBER
2367 414 2681 470 TERTIUS.

3563 416 3666 468 670

152 539 405 594 LXXXIV.
458 538 532 592 Ut
576 537 776 592 nullus
818 537 880 592 in
933 535 1169 591 ecclesia
1214 535 1483 590 tabernas
1527 537 1851 592 constituat.
1885 540 1931 592 A
1971 539 2140 593 CXIX.
2175 539 2254 591 De
2278 537 2478 592 eadem
2508 553 2587 592 re.

153 630 375 684 LXXXV.
411 629 490 681 De
521 627 726 681 eadem
758 642 840 680 re.

156 727 403 780 LXXXVI.
445 726 514 779 Ut
545 725 859 794 unicuique
889 723 950 776 in
986 722 1162 776 domo
1195 739 1297 776 sna
1327 738 1491 776 orare
1523 721 1706 775 liceat.

157 815 437 869 LXXXVII.
489 815 558 868 Ut
587 813 872 866 canticum
905 817 1074 880 turpe
1104 812 1254 864 circa
1293 810 1558 864 ecclesias
1591 825 1703 863 non
1731 808 1848 862 ﬁat.

158 903 462 957 LXXXVIII.
503 903 572 956 Ut
600 905 930 954 sanctorum
975 899 1237 971 reliquia
1268 899 1328 953 in
1377 899 1642 953 oratoriis
1691 897 1853 950 villa-

220 993 370 1045 ribus
403 1007 525 1044 non
555 995 871 1060 ponantur.

161 1081 404 1134 LXXXIX.
443 1079 517 1132 Ut
565 1078 728 1131 sedes
776 1075 1138 1146 episcopalis,
1189 1075 1237 1129 si
1272 1090 1504 1130 necesse
1550 1074 1742 1143 fuerit,
1791 1073 1852 1127 in

221 1168 394 1222 alium
425 1168 621 1220 locum
652 1167 1048 1219 transferatur.

158 1255 250 1309 XC.
283 1256 358 1308 De
394 1255 690 1308 mutandis
717 1253 928 1307 sanctis
960 1251 1124 1307 locis.

161 1343 276 1396 XCI.
328 1343 514 1409 Quod,
562 1342 850 1394 translatis
897 1339 1266 1409 martyribus,
1317 1339 1504 1393 honor
1557 1339 1850 1394 interdum

221 1447 344 1484 cum
377 1431 496 1484 illis
524 1429 758 1499 migret,
791 1428 1080 1481 interdum
1105 1427 1165 1481 in
1197 1429 1318 1481 loco
1350 1435 1705 1498 permaneat.

162 1519 302 1574 XCII.
340 1518 502 1582 Quod
551 1517 783 1587 sanguis
813 1522 1135 1587 martyrum
1167 1521 1460 1571 consecret
1488 1517 1699 1584 locum,
1732 1533 1851 1571 non

221 1609 372 1660 locus
407 1607 777 1676 sanguinem.

156 1697 328 1750 XCIII.
362 1696 515 1759 Quid
547 1696 618 1750 sit
649 1694 903 1748 basilica.

155 1785 316 1839 XCIV.
392 1785 472 1838 De
535 1784 651 1837 illis
711 1783 812 1854 qui
884 1784 1122 1838 domum
1187 1781 1290 1836 Dei
1357 1783 1923 1874 contemptibilemB

217 1874 452 1928 faciunt.

155 1964 290 2017 XCV.
325 1965 405 2016 De
437 1962 638 2015 eadem
674 1978 754 2016 re.

155 2050 318 2104 XCVI.
362 2050 434 2102 Ut
489 2049 632 2102 calix
682 2053 738 2102 et
791 2052 1000 2118 patena
1049 2064 1118 2104 ex
1150 2064 1292 2104 auro
1339 2053 1440 2104 aut
1490 2067 1558 2105 ex
1610 2056 1851 2123 argento

220 2136 334 2188 fiat.

157 2224 345 2277 XCVII.
388 2225 467 2276 De
501 2221 859 2275 observanda
885 2237 1086 2276 mensa
1113 2222 1342 2276 Christi.

157 2312 372 2365 XCVIII.
413 2313 480 2366 Ut
511 2311 810 2381 corporale
836 2326 903 2364 ex
938 2311 1250 2380 purissimo
1278 2311 1455 2365 linteo
1489 2311 1575 2374 sit,
1600 2317 1656 2367 et
1681 2313 1855 2367 unius

219 2399 418 2452 materi
428 2399 504 2453 ei.

159 2488 314 2541 XCIX.
373 2488 445 2541 Ut
495 2485 841 2540 sacriﬁcium
896 2486 1092 2540 altaris
1135 2503 1252 2541 non
1299 2487 1358 2540 in
1415 2487 1596 2543 serico
1638 2505 1850 2559 panno,

219 2581 310 2628 aut
340 2575 519 2628 tincto
551 2573 890 2628 celebretur.

161 2665 210 2717 C.
267 2665 344 2718 Ut'
366 2663 644 2717 mulieres
699 2664 766 2717 ad
810 2663 985 2717 altare
1036 2679 1152 2717 non
1201 2664 1494 2731 accedant,
1546 2671 1602 2718 et
1651 2666 1853 2721 ofﬁciis

220 2752 472 2806 virorum
502 2769 559 2805 se
591 2767 712 2805 non
741 2751 1152 2806 intromittant.

159 2841 232 2894 CI.
269 2842 340 2894 De
371 2841 579 2894 eadem
610 2857 695 2895 re.

158 2931 259 2984 CII.
294 2931 363 2984 Ut
393 2930 530 2983 laici
557 2929 722 2999 juxta
750 2929 927 2982 altare
958 2944 1076 2982 non
1105 2928 1363 2982 sedeant.

158 3017 278 3072 CIII.
331 3019 408 3072 De
479 3017 594 3070 illis
660 3017 1050 3071 sacerdotibus
1116 3017 1216 3086 qui
1267 3018 1327 3070 in
1395 3018 1659 3086 Ecclesia,
1712 3018 1849 3072 dum

220 3106 523 3174 Evangelia
549 3107 844 3176 leguntur,
881 3106 1077 3160 sedere
1111 3110 1490 3176 prasumunt.

159 3194 278 3248 CIV.
315 3197 382 3250 Ut
418 3197 614 3249 nullus
663 3194 916 3260 calicem,
963 3201 1256 3266 patenam,
1306 3197 1394 3250 vel
1441 3197 1848 3252 vestimentum

219 3285 566 3339 sacerdotale
606 3285 668 3338 in
715 3284 943 3338 vadium
994 3284 1321 3339 tabernario
1375 3289 1649 3355 prastare
1705 3304 1850 3358 pra-

220 3378 422 3426 sumat.

161 3459 252 3514 CV.
302 3462 367 3515 Ut
416 3462 615 3515 nullus
667 3461 923 3522 calicem,
979 3465 1270 3532 patenam,
1325 3465 1424 3515 aut
1471 3462 1664 3533 aliqua
1717 3481 1851 3518 vasa

220 3564 369 3603 sacra
402 3549 473 3602 ad
502 3549 644 3602 alios
673 3565 808 3602 usus
839 3549 1024 3604 facere
1056 3555 1383 3619 prasumat.

159 3635 276 3690 CVI.
329 3637 492 3701 Quod
548 3636 782 3702 licitum.
821 3638 895 3691 sit
945 3638 1230 3708 episcopis
1263 3654 1395 3692 cum
1421 3639 1658 3692 consilio
1711 3640 1849 3692 cleri

219 3725 286 3780 de
329 3727 603 3780 thesauro
650 3726 902 3780 ecclesiae
949 3743 1069 3782 sua
1121 3727 1358 3781 familia
1404 3727 1464 3781 in
1513 3728 1848 3783 necessitate

219 3831 563 3869 succurrere.

158 3901 292 3956 CVII.
329 3906 408 3958 Ne
434 3904 714 3958 cadavera
745 3904 920 3974 pallio
948 3903 1142 3958 altaris
1169 3904 1598 3975 cooperiantur.

158 3990 323 4047 CVIII.
359 3995 438 4047 Ne
491 3994 560 4048 ad
594 3995 934 4064 nuptiarum
985 3997 1252 4047 ornatum
1285 3992 1481 4047 divina
1527 3992 1847 4048 ministeria

217 4087 574 4147 prastentur.

158 4165 266 4222 CIX.
323 4170 393 4224 Ut
443 4168 681 4224 ecclesia
727 4169 988 4225 saculari
1033 4169 1294 4239 potentia
1344 4168 1586 4224 minime
1641 4185 1843 4240 perva-

219 4256 393 4312 datur.

1963 629 2106 682 CXX.
2141 628 2216 681 De
2250 627 2450 680 eadem
2482 643 2562 680 re.

1962 717 2135 770 CXXI.
2173 718 2246 770 De
2279 716 2478 770 eadem
2512 733 2590 770 re.

1964 805 2164 859 CXXII.
2203 805 2279 857 De
2310 803 2511 857 eadem
2547 821 2627 858 re.

1964 892 2186 947 CXXIII.
2251 893 2326 944 De
2377 891 2722 961 presbyteris
2787 892 2886 962 qui
2939 909 3005 946 ex
3067 893 3348 947 reditibus
3411 892 3662 946 ecclesia

2034 979 2144 1032 sibi
2178 996 2268 1032 res
2317 979 2794 1050 comparaverint,
2831 985 2884 1034 et
2931 986 3246 1036 structuras
3273 983 3352 1035 ibi
3400 982 3660 1046 fecerint,

2034 1074 2090 1120 et
2119 1068 2389 1121 mulieres
2420 1068 2499 1122 ibi
2534 1068 2855 1138 posuerint.

1964 1155 2178 1211 CXXIV.
2244 1157 2321 1209 De
2382 1157 2798 1210 consuetudine
2853 1158 3130 1212 servanda
3199 1174 3329 1228 qua
3395 1173 3513 1211 non
3581 1161 3665 1210 est

2033 1250 2229 1298 contra
2257 1245 2450 1298 ﬁdem.

1963 1334 2168 1388 CXXV.
2223 1335 2294 1387 Ut
2340 1332 2714 1386 ecclesiastica
2760 1337 2992 1398 statuta,
3040 1335 3110 1387 ab
3154 1334 3424 1404 apostolis
3470 1339 3527 1388 et
3573 1351 3662 1388 re-

2033 1421 2208 1492 liquis
2242 1422 2531 1492 magistris
2559 1421 2818 1475 Ecclesia
2837 1422 3066 1486 tradita,
3099 1421 3323 1492 integra
3342 1428 3659 1476 serventur.

1964 1511 2183 1565 CXXVI.
2249 1512 2319 1565 Ut
2389 1511 2830 1564 consuetudines
2897 1511 3291 1564 ecclesiastica
3367 1527 3470 1581 pro
3538 1512 3664 1581 lege

2035 1599 2149 1652 sint
2178 1599 2458 1654 tenenda.

1964 1687 2207 1741 CXXVII.
2260 1689 2402 1741 Item
2452 1688 2519 1741 de
2562 1688 3067 1742 consuetudinibus
3118 1687 3510 1741 ecclesiasticis
3557 1686 3662 1741 ob-

2035 1776 2346 1830 servandis.

1964 1865 2233 1919 CXXVIII.
2304 1865 2450 1929 Quid
2517 1866 2801 1934 agendum
2873 1865 2945 1918 sit
2991 1865 3051 1918 in
3119 1864 3305 1919 causis
3342 1865 3410 1918 de
3452 1863 3664 1935 quibus

2034 1957 2187 2006 certa
2218 1955 2274 2006 in
2308 1954 2622 2006 canonibus
2653 1971 2768 2006 non
2803 1954 3176 2007 inveniuntur
3209 1953 3446 2022 judicia.

1965 2044 2180 2099 CXXIX.
2244 2045 2311 2098 Ut
2363 2050 2565 2099 cuncta
2623 2061 2753 2115 qua
2803 2046 2917 2098 Deo
2971 2045 3291 2098 olferuntur
3337 2048 3664 2098 consecrata

2033 2132 2376 2186 habeantur.

1964 2221 2151 2274 CXXX.
2187 2222 2264 2274 De
2295 2221 2494 2275 eadem
2526 2237 2606 2275 re.

1963 2309 2179 2363 CXXXI.
2216 2311 2284 2362 Ut
2314 2310 2535 2363 decima
2567 2309 2725 2362 nullo
2765 2310 2937 2363 modo
2971 2310 3318 2379 negligatur.

1963 2397 2201 2452 CXXXII.
2242 2399 2318 2451 De
2350 2398 2462 2450 illis
2494 2398 2594 2468 qui
2631 2398 2878 2452 decimas
2909 2399 3042 2451 dare
3075 2400 3298 2452 nolunt.

1963 2485 2229 2539 CXXXIII.
2274 2485 2438 2549 Quod
2491 2487 2731 2540 decima
2778 2487 2849 2540 ab
2894 2488 3162 2540 omnibus
3212 2486 3549 2541 Christianis
3598 2503 3664 2539 ex

2034 2573 2225 2627 debito
2258 2575 2480 2645 reposci
2511 2575 2780 2629 debeant.

1964 2661 2226 2717 CXXXIV.
2283 2664 2358 2716 De
2409 2663 2524 2716 illis
2574 2664 2676 2734 qui
2710 2663 2963 2717 decimas
3006 2663 3143 2717 dare
3191 2663 3501 2730 noluerint,
3553 2662 3663 2716 nisi

2031 2751 2219 2819 pretio
2252 2751 2665 2805 conducantur.

1963 2839 2196 2893 CXXXV.
2232 2841 2299 2894 Ut
2329 2841 2550 2893 decima
2585 2840 2683 2894 Dei
2717 2856 2920 2893 census
2951 2844 3338 2909 nuncupetur.

1963 2928 2222 2982 CXXXVI.
2275 2930 2349 2982 De
2394 2929 2783 2983 oblationibus
2821 2928 3247 2998 parochitarum
3282 2945 3294 2982 :
3329 2929 3491 2998 cujus
3541 2944 3662 2982 esse

2031 3017 2296 3071 debeant.

1885 3095 1924 3149 (ἶ
1964 3105 2250 3160 CXXXVII.
2305 3105 2465 3169 Quod
2501 3105 2560 3159 in
2609 3121 2958 3176 unaquaque
3005 3105 3243 3158 ecclesia
3283 3111 3397 3158 tam
3447 3105 3515 3159 de
3563 3121 3662 3158 re-

2032 3193 2245 3247 ditibus
2289 3210 2463 3265 quam
2509 3194 2896 3248 oblationibus
2949 3199 3196 3265 quatuor
3243 3195 3489 3248 debeant
3536 3195 3660 3247 ﬁcri

2033 3283 2341 3352 portiones.

1961 3371 2277 3425 CXXXVIII.
2322 3373 2462 3425 Item
2517 3372 2671 3443 quod
2720 3374 2788 3426 de
2837 3372 3074 3426 decimis
3122 3378 3372 3442 quatuor
3419 3372 3661 3426 debeant

2031 3459 2158 3513 ﬁeri
2193 3460 2506 3530 portiones.

1959 3549 2219 3602 CXXXIX.
2285 3548 2388 3602 Ubi
2439 3548 2736 3602 terminari
2789 3549 3034 3604 debeant
3079 3549 3472 3604 contentiones
3516 3554 3657 3603 ortae

2029 3636 2180 3689 inter
2209 3636 2580 3691 Christianos.

1957 3724 2104 3779 CXL.
2161 3727 2238 3778 De
2282 3726 2371 3778 his
2430 3725 2528 3795 qui
2587 3725 2902 3779 oblationes
2961 3733 3284 3796 parentum,
3338 3733 3435 3780 aut
3483 3731 3658 3780 testa-

2029 3818 2242 3878 menta,
2289 3814 2373 3867 vel
2437 3813 2591 3883 quod
2655 3814 2764 3884 ipsi
2814 3815 3149 3869 donaverint
3201 3815 3471 3880 ecclesiis,
3527 3815 3656 3868 reti-

2026 3918 2162 3956 nere
2195 3907 2292 3955 aut
2319 3902 2544 3956 auferre
2572 3909 2872 3956 conantur.

1957 3991 2127 4044 CXLI.
2165 3992 2241 4044 De
2273 3991 2384 4044 illis
2413 3991 2513 4061 qui
2548 3992 2726 4045 Deum
2762 3991 3052 4046 haredem
3086 3991 3323 4045 faciunt.

1956 4081 2154 4134 CXLII.
2207 4081 2284 4134 De
2317 4081 2405 4133 his
2451 4080 2551 4150 qui
2604 4080 2922 4134 oblationes
2971 4080 3382 4134 defunctorum
3433 4084 3530 4133 aut
3562 4096 3660 4132 ue-

2025 4173 2162 4239 gant
2192 4173 2291 4223 aut
2322 4169 2630 4223 difﬁculter
2664 4170 2932 4224 reddunt.

1956 4257 2181 4312 CXLIII.
2219 4259 2296 4311 De
2329 4259 2530 4312 eadem
2566 4275 2643 4312 re.

158 4344 244 4397 CX.
273 4347 345 4399 De
392 4346 746 4417 presbyteris
793 4346 894 4418 qui
944 4345 1209 4401 ecclesias
1251 4362 1382 4400 suas
1430 4363 1535 4418 per
1588 4347 1844 4417 pretium
1884 4379 1927 4432 Β
1960 4347 2178 4400 CXLIV.
2210 4348 2286 4400 De
2319 4347 2518 4400 eadem
2553 4363 2633 4400 re.

219 4433 599 4502 acquisierint.

161 4519 272 4574 CXI.
316 4523 383 4576 Ut
431 4524 629 4576 nullus
673 4522 852 4576 laicus
889 4523 960 4577 ab
1009 4522 1246 4576 ecclesia
1289 4539 1393 4577 sua
1444 4523 1843 4595 presbyterum

220 4609 411 4677 ejicere
437 4613 671 4666 audeat.

162 4696 294 4750 CXII.
348 4701 488 4754 Item
560 4701 630 4755 de
677 4699 793 4753 illis
841 4700 942 4771 qui
1003 4700 1356 4771 presbyteris
1405 4700 1672 4755 ecclesias
1738 4717 1845 4754 au-

217 4785 416 4843 ferunt.

164 4872 323 4930 CXIII.
360 4879 428 4931 Ut
459 4877 654 4931 nullus
694 4877 930 4946 aliquod
960 4892 1170 4932 munus
1201 4881 1439 4949 propter
1487 4878 1782 4932 ecclesiam
1814 4895 1846 4932 a

223 4965 546 5036 presbytero
579 4966 857 5036 requirat.

165 5051 312 5107 CXIV.
345 5057 418 5110 De
449 5055 656 5109 eadem
690 5071 770 5109 re.

166 5138 290 5195 CXV.
326 5143 390 5197 Ut
421 5143 750 5214 presbyteri
790 5143 989 5214 plebes
1017 5143 1372 5198 admoneant
1402 5148 1464 5198 ut
1508 5143 1847 5199 linteamina

221 5230 398 5284 altaris
426 5236 779 5302 praparent.

167 5315 320 5374 CXVI.
375 5322 443 5375 Ut
472 5319 732 5392 episcopi
781 5321 1138 5389 pravideant
1174 5321 1315 5392 quid
1365 5320 1684 5392 presbyteri
1736 5321 1843 5376 do-

224 5406 381 5462 minis
411 5410 528 5463 suis
556 5425 665 5480 pro
692 5410 946 5464 ecclesiis
970 5411 1156 5466 facere
1187 5411 1450 5466 debeant.

167 5490 342 5549 CXVII.
377 5498 450 5552 De
486 5498 690 5553 eadem
721 5515 802 5553 re.

168 5579 367 5638 CXVIII.
438 5588 514 5641 De
576 5587 929 5658 presbyteris
993 5587 1138 5641 nihil
1205 5587 1548 5642 habentibus
1614 5587 1844 5658 quando

227 5674 574 5731 ordinantur.

1959 4435 2148 4490 CXLV.
2187 4436 2262 4488 De
2293 4435 2493 4488 eadem
2525 4451 2606 4488 re.

1955 4523 2173 4578 CXLVI.
2236 4525 2304 4576 Ut
2353 4539 2552 4576 omnes
2606 4523 2859 4577 ecclesia
2908 4524 2993 4576 vel
3053 4521 3291 4576 decima
3340 4521 3399 4574 in
3451 4520 3664 4591 episco-

2025 4627 2232 4681 porum
2269 4615 2549 4680 potestate
2577 4611 2910 4664 consistant.

1954 4701 2199 4754 CXLVII.
2236 4699 2396 4763 Quod
2426 4699 2756 4752 tricennalis
2786 4697 3066 4768 possessio
3094 4699 3262 4751 ﬁrma
3282 4697 3375 4750 sit.

1954 4789 2222 4844 CXLVIII.
2261 4789 2328 4842 Ut
2373 4787 2732 4857 singularum
2781 4786 3160 4840 Ecclesiarum
3217 4784 3520 4839 rusticana
3561 4802 3662 4856 pa-

2024 4877 2238 4930 rochia
2271 4891 2500 4946 semper
2526 4882 2800 4929 maneant
2830 4875 3202 4928 inconcussa.

1955 4966 2170 5020 CXLIX.
2218 4964 2375 5029 Quod
2427 4963 2764 5018 tricennalis
2808 4965 3117 5033 possessio,
3162 4964 3209 5018 si
3269 4964 3478 5018 intacta
3533 4980 3662 5034 per-

2027 5054 2259 5118 mansit,
2297 5053 2508 5106 mutari
2535 5069 2652 5107 non
2685 5053 2908 5108 debeat.

1955 5143 2061 5197 CL.
2099 5143 2239 5195 Item
2271 5143 2340 5195 de
2369 5143 2540 5195 rebus
2568 5143 2698 5197 XXX
2730 5142 2898 5196 annis
2929 5141 3226 5212 possessis.

1957 5232 2084 5284 CLI.
2121 5232 2198 5284 De
2229 5231 2345 5285 illis
2379 5231 2478 5301 qui
2509 5230 2578 5285 de
2605 5231 2856 5285 ecclesiis
2887 5230 3215 5285 cametaria
3240 5229 3473 5283 faciunt.

1956 5319 2110 5374 CLII.
2148 5321 2224 5373 De
2256 5320 2367 5373 illis
2398 5319 2498 5390 qui
2527 5320 2587 5375 in
2618 5321 2793 5375 sacris
2824 5319 2960 5374 locis
2991 5336 3050 5373 se
3093 5318 3323 5388 sepeliri
3363 5316 3656 5388 petierint.

1957 5409 2139 5463 CLIII.
2179 5410 2256 5462 De
2287 5409 2490 5462 eadem
2523 5425 2604 5462 re.

1955 5497 2128 5551 CLIV.
2165 5498 2244 5551 De
2276 5498 2474 5552 eadem
2507 5513 2588 5552 re.

1955 5587 2105 5641 CLV.
2141 5587 2217 5640 De
2251 5587 2446 5640 eadem
2474 5602 2555 5639 re.

1957 5675 2126 5730 CLVI.
2157 5675 2235 5729 De
2268 5675 2468 5730 eadem
2502 5690 2583 5728 re.
