4200 6428
587 418 683 470 671
1665 412 2069 468 BURCHARDI
2105 408 2639 466 WORMACIENSIS
2676 409 3015 466 EPISCOPI.

4000 414 4103 466 6'72

593 539 791 594 CLVII.
827 539 899 593 Ut
947 553 1194 608 corpora
1240 536 1643 591 defunctorum
1672 535 1733 590 in
1762 535 1997 590 ecclesia
2033 550 2148 589 non
2197 551 2284 588 se-
2322 536 2367 589 A
2400 534 2587 590 CXCV.
2628 537 2703 589 De
2734 534 2931 588 eadem
2967 550 3046 588 re.

659 626 971 697 peliantur.

587 715 816 770 CLVIII.
852 716 931 769 De
962 714 1162 768 eadem
1198 729 1277 767 re.

584 804 760 858 CLIX.
814 804 885 858 Ut
926 819 1099 856 nemo
1140 817 1245 872 pro
1292 799 1633 871 sepeliendis
1678 805 2037 854 mortuorum
2086 815 2284 870 corpo-

654 891 813 945 ribus
843 891 1060 961 aliquid
1094 889 1349 943 muneris
1379 888 1583 959 exigat.

586 979 735 1034 CLX.
771 980 847 1033 De
874 978 1170 1048 sepultura
1194 976 1633 1047 conjugatorum
1653 975 1715 1029 in
1731 974 1934 1045 primis
1955 976 2277 1029 connubiis.

585 1066 758 1121 CLXI.
795 1068 872 1120 De
903 1066 1102 1119 eadem
1134 1080 1214 1118 re.

586 1156 783 1210 CLXII.
820 1157 897 1209 De
937 1155 1137 1208 eadem
1173 1168 1252 1206 re.

587 1242 813 1297 CLXIII.
869 1242 1124 1307 Quorum
1170 1257 1331 1294 mens
1370 1256 1486 1293 una
1530 1239 1736 1306 fuerat,
1805 1240 2099 1310 sepultura
2160 1255 2279 1293 non

655 1335 898 1400 separet.

585 1420 799 1474 CLXIV.
836 1420 913 1472 De
938 1417 1109 1471 rebus
1138 1415 1532 1471 immobilibus
1561 1416 1832 1471 ecclesia.

584 1507 775 1563 CLXV.
813 1508 889 1561 De
919 1506 1119 1560 eadem
1150 1522 1230 1559 re.

580 1595 799 1651 CLXVI.
872 1596 946 1648 De
1022 1592 1334 1664 prastariis
1400 1592 1764 1647 viduatarum
1813 1593 2180 1647 ecclesiarum
2212 1597 2278 1647 ut

652 1699 768 1737 non
797 1682 1043 1736 valeant.

582 1772 827 1827 CLXVII.
864 1772 942 1825 De
974 1771 1173 1825 eadem
1201 1786 1281 1824 re.

582 1860 854 1915 CLXVIII.
891 1860 967 1914 De
995 1860 1193 1914 eadem
1222 1875 1303 1914 re.

580 1948 793 2003 CLXIX.
828 1948 907 2002 De
936 1947 1138 2001 eadem
1166 1963 1247 2001 re.

581 2037 774 2092 CLXX.
825 2037 903 2090 De
950 2035 1285 2102 donatione,
1337 2034 1425 2089 vel
1471 2034 1826 2104 venditione,
1883 2036 1968 2089 vel
2025 2051 2281 2090 commu-

651 2126 869 2179 tatione
899 2125 982 2178 rei
1012 2123 1427 2178 ecclesiastica.

581 2216 798 2271 CLXXI.
873 2216 950 2269 De
1001 2213 1550 2268 commutationibus
1616 2212 2126 2267 ecclesiasticarum
2189 2230 2278 2268 re-

652 2319 803 2358 rum.
1180 2328 1201 2343 κ

582 2391 828 2447 CLXXII.
863 2390 942 2445 De
972 2389 1171 2444 eadem
1201 2404 1283 2444 re.

583 2479 855 2535 CLXXIII.
892 2479 971 2532 De
997 2476 1391 2531 ecclesiasticis
1419 2476 1738 2549 mancipiis.

583 2566 844 2623 CLXXIV.
880 2567 959 2620 De
986 2566 1184 2620 eadem
1214 2581 1294 2619 re.

584 2656 821 2712 CLXXV.
854 2656 931 2709 De
955 2654 1237 2725 regalibus
1266 2654 1566 2725 praceptis
1597 2669 1771 2724 super
1796 2654 2112 2724 prastaria.

584 2744 840 2798 CLXXVI.
929 2744 1005 2797 De
1080 2742 1348 2813 episcopo
1423 2743 1525 2813 qui
1599 2742 1953 2812 mancipium
2016 2742 2279 2796 Ecclesia

654 2831 988 2886 manumitti
1016 2831 1314 2886 desiderat.

583 2921 865 2977 CLXXVII.
932 2921 1011 2974 De
1072 2919 1459 2975 sacerdotibus
1522 2920 1620 2990 qui
1686 2935 1779 2974 res
1838 2935 1964 2973 snas
2027 2920 2276 2974 ecclesia

651 3007 1003 3078 relinquunt.

2395 624 2627 678 CXCVI.
2664 626 2741 678 De
2767 623 3129 677 immunitate
3160 622 3434 677 ecclesia.

2394 712 2646 766 CXCVII.
2682 714 2760 766 De
2788 712 3138 782 fugientibus
3166 712 3234 766 ad
3264 711 3581 767 ecclesiam.

2394 800 2676 854 CXCVIII.
2710 800 2854 865 Quid
2878 800 2939 853 in
2960 800 3198 854 ecclesia
3222 801 3337 871 legi
3365 800 3590 855 debeat.

2392 889 2624 944 CXCIX.
2662 890 2731 943 Ut
2760 889 3297 944 excommunicandi
3341 889 3456 944 siut
3484 889 3585 961 qui
3613 889 3793 945 libros
3845 889 4103 945 famosos

2464 978 2725 1046 legerint.

2390 1066 2492 1119 CC.
2530 1067 2606 1120 De
2639 1066 2751 1119 illis
2781 1066 2880 1137 qui
2915 1066 3061 1120 clam
3092 1066 3443 1135 concipiunt.

2391 1154 2516 1207 CCI.
2557 1154 2631 1206 De
2680 1153 2993 1207 infantibus
3024 1154 3083 1207 in
3133 1154 3412 1207 adulterio
3461 1153 3634 1221 natis,
3683 1160 3742 1208 et
3787 1154 3861 1208 ad
3913 1154 4103 1209 eccle-

2460 1241 2600 1294 siam
2628 1242 2916 1311 expositis.

2390 1330 2542 1384 CCII.
2580 1331 2655 1384 De
2690 1330 2890 1384 eadem
2921 1346 3003 1384 re.

2389 1418 2573 1472 CCIII.
2610 1419 2687 1472 De
2719 1418 2959 1472 avaritia
2990 1418 3370 1471 sacerdotum.

2390 1506 2564 1559 CCIV;
2601 1507 2677 1559 De
2710 1506 2823 1559 illis
2852 1506 2951 1577 qui
2982 1506 3246 1559 ecclesias
3277 1505 3655 1560 incenderint.

2388 1595 2534 1648 CCV.
2568 1596 2642 1648 De
2672 1596 2922 1665 quodam
2956 1596 3159 1648 clerico
3189 1612 3222 1649 a
3250 1595 3480 1649 diabolo
3504 1600 3722 1649 vexato.

2387 1683 2562 1737 CCVI.
2616 1684 2693 1737 De
2762 1684 2930 1737 rebus
2979 1684 3228 1736 ecclesia
3290 1699 3420 1754 qua
3467 1688 3697 1737 mortuo
3743 1683 4023 1754 episcopo
4060 1700 4096 1738 a

2459 1772 2804 1842 presbyteris
2833 1772 3077 1825 vendita
3110 1772 3341 1825 fuerint.

2391 1859 2590 1913 CCVII.
2624 1862 2701 1914 De
2746 1877 2813 1913 eo
2847 1860 2945 1930 qui
2974 1860 3193 1930 spernit
3234 1859 3587 1913 oblationem
3616 1858 3944 1931 presbyteri
3989 1861 4096 1932 qui

2460 1963 2699 2001 uxorem
2730 1948 2949 2002 habuit.

2389 2036 2614 2090 CCVIII.
2681 2037 2842 2100 Quod
2907 2052 3025 2089 non
3105 2034 3518 2106 permittantur
3582 2035 3954 2091 ecclesiastici
4022 2037 4094 2091 ad

2458 2125 2783 2179 cameteria
2815 2125 3215 2179 bareticorum
3246 2125 3533 2179 accedere.

2389 2213 2572 2268 CCIX.
2604 2214 2765 2278 Quod
2809 2230 2923 2268 non
2955 2217 3216 2285 oporteat
3267 2214 3339 2268 ab
3368 2212 3652 2267 bareticis
3684 2212 3950 2284 eulogias
3996 2229 4092 2267 ac-

2457 2318 2659 2373 cupere.

2390 2390 2541 2445 CCX.
2600 2390 2762 2454 Quod
2816 2391 3008 2444 nullus
3061 2389 3414 2445 Christianus
3463 2389 3533 2445 ad
3580 2389 4095 2461 pseudomartyres

2458 2478 2539 2530 ire
2572 2478 2799 2531 debeat.

2387 2566 2567 2620 CCXI.
2601 2566 2762 2631 Quod
2809 2583 2927 2620 non
2982 2569 3243 2637 oporteat
3294 2566 3547 2636 plebeios
3594 2566 3848 2638 psalmos
3893 2565 3956 2620 in
3998 2582 4094 2621 ec-

2457 2655 2630 2707 clesia
2657 2655 2892 2709 cantari.

2386 2743 2592 2797 CCXII.
2630 2744 2704 2796 De
2752 2744 2867 2796 illis
2917 2742 3011 2813 qui
3073 2747 3385 2797 conventus
3422 2742 3523 2814 qui
3559 2742 3631 2797 ad
3694 2743 4090 2797 confessiones

2461 2838 2773 2902 martyrum
2801 2833 2945 2885 ﬁunt
2974 2833 3400 2885 abominantur.

2386 2919 2620 2974 CCXIII.
2657 2920 2727 2973 Ut
2775 2920 2956 2973 victus
3002 2920 3072 2973 ab
3101 2920 3393 2973 exorcistis
3438 2920 3845 2991 energumenis
3879 2919 3945 2974 in
3976 2920 4091 2975 do-

2458 3025 2551 3061 mo
2588 3008 2682 3061 Dei
2723 3007 3054 3061 sedentibus
3086 3007 3531 3061 administretur.

581 3094 895 3151 CLXXVIII.
932 3097 1002 3150 Ut
1046 3095 1365 3168 presbyteri
1408 3111 1533 3149 rem
1579 3095 1831 3149 ecclesia
1862 3096 2112 3151 vendere
2160 3112 2276 3150 non
2308 3113 2348 3169 (ς
2388 3097 2611 3152 CCXIV.
2665 3098 2735 3151 Ut
2780 3113 2938 3150 sacra
2987 3114 3116 3150 vasa
3172 3113 3290 3151 non
3334 3096 3403 3151 ab
3452 3097 3578 3151 aliis
3629 3112 3803 3168 quam
3829 3113 3868 3152 a
3911 3098 4089 3152 sacris

650 3188 1025 3253 prasumant.

582 3272 821 3326 CLXXIX
896 3272 968 3326 Ut
1015 3270 1207 3325 nullus
1256 3271 1573 3341 ordinatus.
1604 3272 1674 3326 de
1721 3271 2053 3326 ministeriis
2107 3274 2277 3327 eccle-

652 3359 752 3413 sia
781 3359 1000 3430 aliquid
1030 3359 1276 3413 vendere
1305 3365 1637 3429 prasumat.

584 3446 819 3502 CLXXX.
874 3448 951 3501 De
1016 3447 1365 3517 presbyteris
1411 3447 1511 3518 qui
1555 3447 1625 3501 de
1667 3448 1798 3517 jure
1850 3447 1938 3502 sui
1987 3449 2139 3502 tituli
2178 3449 2277 3503 ali-

655 3535 793 3606 quid
825 3535 1167 3590 distrahunt.

582 3622 841 3677 CLXXXI.
875 3624 956 3677 De
986 3624 1183 3677 eadem
1214 3639 1291 3677 re.

581 3711 871 3766 CLXXXII.
922 3712 1083 3777 Quod
1138 3717 1415 3783 quantum
1468 3712 1785 3767 remedium
1833 3712 2017 3767 venia
2063 3712 2275 3767 oblatio

650 3799 1026 3853 ecclesiastica
1084 3799 1287 3854 tribuit
1335 3800 1669 3867 conferenti,
1720 3805 1945 3855 tantum
1994 3800 2272 3855 damnum

650 3895 936 3957 praparat
964 3888 1299 3943 fraudatori.

581 3974 893 4029 CLXXXIII.
960 3976 1039 4031 De
1097 3976 1315 4031 clericis
1378 3977 1481 4049 qui
1533 3977 1880 4032 documenta
1931 3977 2143 4047 quibus
2181 3993 2271 4032 ec-

651 4062 835 4115 clesia
865 4064 1143 4134 possessio
1171 4065 1435 4118 ﬁrmatur
1461 4065 1810 4120 distrahunt.

582 4151 879 4206 CLXXXIV.
946 4153 1022 4206 De
1086 4153 1307 4207 libertis
1375 4153 1479 4224 qui
1542 4171 1573 4206 a
1637 4153 1959 4223 patrocinio
2023 4154 2272 4210 ecclesia

651 4239 1052 4295 discesserunt.

582 4326 853 4381 CLXXXV.
891 4328 967 4381 De
1000 4328 1220 4381 libertis
1246 4328 1517 4382 ecclesia.

2456 3187 2592 3238 viris
2618 3186 2847 3238 tractari
2871 3186 3136 3239 debeant.
3683 3236 3689 3245 ,

2385 3275 2588 3329 CCXV.
2622 3275 2701 3328 De
2744 3274 2977 3327 sacratis
3022 3273 3253 3328 feminis
3295 3289 3423 3344 qua
3455 3290 3614 3327 sacra
3656 3290 3788 3327 vasa
3817 3279 3879 3327 et
3907 3276 4090 3346 pallas

2456 3364 2651 3417 altaris
2680 3368 2921 3415 tractare
2952 3362 3445 3432 prasumpseriut.

2386 3452 2611 3505 CCXVI.
2669 3452 2742 3504 De
2784 3450 2933 3503 vasis
2979 3451 3170 3517 sacris,
3216 3451 3285 3503 de
3338 3451 3527 3520 palliis
3578 3451 3792 3516 altaris,
3842 3455 3903 3504 et
3942 3453 4091 3505 velis

2456 3540 2741 3605 ecclesia;
2774 3539 2821 3592 si
2852 3543 3126 3593 vetustate
3153 3544 3495 3608 consumpta
3523 3539 3927 3610 fuerint,quid
3947 3540 4088 3595 inde

2454 3629 2777 3682 faciendum
2805 3628 2898 3682 sit.
3446 3675 3464 3693 ,

2384 3717 2637 3771 CCXVII.
2702 3717 2780 3770 De
2832 3716 3032 3770 ordine
3096 3716 3377 3771 librorum
3440 3716 3654 3769 Veteris
3702 3717 4083 3772 Testamenti.

2385 3805 2662 3859 CCXVIII.
2701 3806 2777 3859 De
2809 3804 3009 3859 ordine
3035 3806 3467 3876 prophetarum.

2383 3894 2613 3949 CCXIX.
2650 3894 2727 3947 De
2768 3894 2971 3947 ordine
3016 3893 3293 3947 librorum
3328 3893 3467 3947 Novi
3510 3894 3882 3955 Testamenti,
3934 3910 4087 3965 quos

2455 3986 2648 4035 sancta
2698 3982 2955 4035 Romana
3004 3982 3246 4035 Ecclesia
3289 3985 3464 4047 tenet,
3496 3986 3554 4035 et
3599 3982 3789 4035 omnis
3842 3982 4088 4037 univer-

2455 4070 2588 4123 salis
2623 4070 2867 4123 Ecclesia
2894 4070 3175 4124 observat.

2383 4159 2590 4213 CCXX.
2616 4159 2767 4213 Ordo
2801 4164 3020 4229 septem
3061 4158 3435 4229 epistolarum
3465 4158 3897 4212 canonicarum.

2384 4247 2617 4303 CCXXI.
2670 4248 2746 4301 De
2802 4247 3009 4301 notitia
3058 4248 3337 4301 librorum
3388 4246 3853 4317 apocrypborum
3901 4250 4011 4318 qui
4060 4267 4092 4302 a

2458 4335 2666 4388 sanctis
2701 4336 2958 4404 patribus
2988 4341 3205 4390 aterna
3234 4335 3606 4389 damnatione
3635 4336 3897 4392 damnati
3928 4344 4088 4391 sunt.

583 4414 882 4469 CLXXXVI.
953 4417 1032 4470 De
1104 4415 1329 4470 libertis
1393 4414 1494 4487 qui
1558 4433 1593 4470 a
1658 4414 2095 4488 quibuscunque
2151 4433 2270 4471 ma-
2304 4387 2347 4442 θ
2387 4387 2656 4477 CCXXII.
2701 4387 2941 4486 Quian—do
2994 4387 3211 4495 vet—quo
3242 4387 3539 4494 Vtemporﬁe

653 4504 891 4557 numissi
917 4509 1068 4558 sunt.

582 4590 917 4646 CLXXXVII.
954 4593 1031 4646 De
1061 4591 1428 4646 manumissis
1458 4591 1519 4646 in
1549 4592 1803 4647 ecclesia.

582 4679 934 4735 CLXXXVIII.
971 4682 1048 4736 De
1077 4680 1332 4749 fugitivis
1362 4682 1671 4737 ecclesiast.
1707 4681 1901 4736 servis.

582 4768 880 4825 CLXXXIX.
916 4770 996 4823 De
1046 4768 1328 4840 episcopis
1360 4770 1458 4842 qui
1503 4769 1646 4825 nihil
1677 4772 1797 4826 suis
1844 4771 2093 4827 ecclesiis
2136 4788 2272 4827 con-

652 4857 867 4925 ferunt,
916 4861 974 4911 et
1014 4863 1210 4913 tamen
1254 4875 1321 4913 ex
1367 4860 1584 4915 familia
1632 4861 1843 4915 liberos
1890 4860 2074 4916 facere
2124 4877 2273 4933 pra-

653 4950 907 5000 sumunt.

584 5035 729 5090 CXC.
774 5036 853 5089 De
898 5034 1013 5090 illis
1067 5035 1166 5107 qui
1221 5052 1325 5106 pro
1361 5037 1556 5110 aliquo
1603 5043 1764 5093 reatu
1813 5038 2043 5109 fugiunt
2072 5039 2145 5094 ad
2183 5056 2275 5094 ec-

651 5123 904 5178 clesiam.

581 5214 752 5268 CXCI.
790 5213 867 5268 De
914 5218 1161 5284 raptore,
1213 5212 1263 5268 si
1290 5229 1419 5269 cum
1466 5219 1633 5286 rapta
1670 5215 1738 5270 ad
1788 5215 2084 5270 ecclesiam
2136 5232 2276 5271 con-

646 5302 877 5372 fugerit.

581 5390 775 5447 CXCII.
825 5393 905 5447 De
967 5409 1153 5459 servo,
1204 5392 1253 5446 si
1300 5409 1406 5464 pro
1458 5392 1715 5465 qualibet
1765 5394 1936 5464 culpa
1981 5393 2277 5448 dominum

650 5496 819 5534 suum
851 5481 918 5534 ad
950 5482 1249 5536 ecclesiam
1274 5481 1510 5553 fugerit.

582 5566 807 5622 CXCIII.
844 5569 922 5622 De
946 5569 1145 5624 eadem
1174 5586 1257 5624 re.

587 5656 800 5710 CXCIV.
835 5657 915 5710 De
943 5657 1142 5711 eadem
1167 5673 1249 5712 re.

2458 4510 2598 4564 Novi
2628 4510 2975 4564 Testamenti
3005 4510 3235 4580 legendi
3266 4511 3399 4566 sint.

2384 4598 2667 4652 CCXXIII.
2722 4600 2799 4653 De
2845 4600 3083 4653 vasculis
3131 4600 3342 4670 quibus
3403 4598 3676 4669 mysteria
3732 4614 3899 4653 sacra
3946 4617 4089 4654 con-

2454 4685 2746 4741 ficiuntur.

2384 4773 2660 4829 CCXXIV.
2723 4775 2799 4828 De
2854 4774 3089 4829 ecclesia
3143 4790 3177 4829 a
3233 4774 3625 4844 compluribus
3683 4772 4088 4830 coheredibus

2456 4862 2705 4917 obsessa.

2384 4951 2636 5005 CCXXV.
2687 4953 2763 5005 De
2808 4951 3085 5005 altaribus
3114 4950 3177 5005 in
3203 4950 3412 5022 quibus
3443 4965 3616 5005 sacra
3663 4950 3934 5022 reliquia
3970 4969 4091 5006 non

2453 5040 2843 5093 inveniuntur.

2385 5129 2664 5185 CCXXVI.
2699 5130 2762 5183 In
2788 5127 2954 5182 altari
2982 5128 3043 5182 in
3073 5143 3189 5199 quo
3219 5128 3521 5198 episcopus
3550 5126 3785 5182 missam
3809 5128 4090 5197 celebrat,

2455 5233 2528 5270 ne
2557 5232 2625 5270 eo
2654 5216 2745 5269 die
2775 5217 3072 5287 presbyter
3101 5216 3271 5270 aliam
3299 5216 3504 5269 iterare
3532 5220 3874 5285 prasumat.

2384 5305 2693 5360 CCXXVII.
2735 5306 2805 5359 Ut
2844 5304 2907 5358 in
2939 5305 3228 5359 oblatione
3261 5304 3516 5374 corporis
3546 5309 3603 5357 et
3632 5304 3949 5374 sanguinis
3978 5306 4093 5360 Do-

2459 5394 2602 5447 mini
2633 5393 2931 5447 incensum
2963 5394 3185 5463 imponi
3211 5393 3432 5447 debeat.

2388 5481 2719 5536 CCXXVII].
2756 5482 2826 5535 Ut
2864 5480 3089 5551 quoties
3130 5481 3421 5535 basilicam
3453 5480 3521 5534 ad
3568 5495 3746 5550 quam
3791 5480 3919 5535 itur
3948 5498 4093 5552 pra-

2457 5571 2639 5625 sentia
2684 5586 2849 5624 nova
2899 5570 3081 5639 plebis
3128 5570 3475 5641 impleverit,
3520 5568 3693 5623 toties
3744 5572 4097 5626 sacriﬁcium

2459 5658 2814 5730 subsequens
2843 5658 3138 5713 offeratur.
