4200 6374
242 361 330 411 673

1204 356 1677 413 DECRETORUM
1719 357 1907 411 LIBRI
1943 356 2051 411 XX.

2094 382 2161 395 —
2199 354 2405 409 LIBER
2444 354 2759 409 TERTIUS.
3621 360 3725 413 674

241 480 488 535 CCXXIX.
544 482 615 534 Ut
645 480 837 533 nullus
870 479 1169 549 presbyter
1207 478 1440 532 titulum
1485 494 1658 550 super
1686 480 1916 533 titulum
1956 480 2001 532 A
2032 478 2334 532 CCXXXIV.
2366 476 2528 540 Quod
2550 493 2748 530 omnes
2777 475 2973 531 ﬁdeles
3010 477 3072 530 in
3103 479 3342 533 ecclesia
3371 481 3522 534 nihil
3558 497 3725 551 agere

302 584 587 637 usurpare
620 571 954 637 praesumat.

240 674 459 729 CCXXX.
518 674 586 726 Ut
626 672 923 741 episcopus
955 674 1052 722 aut
1096 671 1387 739 presbyter
1433 674 1734 739 postquam
1786 668 1923 722 mis-

302 776 420 813 sam
466 759 765 827 incmperit
824 762 879 810 et
928 757 1245 809 orationem
1298 757 1524 821 dixerit,
1574 756 1683 809 nisi
1740 755 1927 825 passio

302 848 499 917 aliqua
539 845 935 910 intervenerit,
970 850 1281 913 antequam
1329 845 1638 912 inemptum
1668 844 1926 897 ministe-

303 938 454 988 rium
486 935 821 1003 adimpleat,
863 932 933 985 ab
964 933 1163 985 altario
1202 932 1306 985 Dei
1343 933 1503 985 nullo
1537 932 1705 986 modo
1748 932 1929 986 disce-

304 1024 441 1077 dere
474 1024 702 1076 audeat.

240 1139 499 1193 CCXXXI.
539 1139 607 1191 Ut
646 1137 838 1189 nullus
889 1135 1190 1205 episcopus
1228 1134 1313 1187 vel
1346 1134 1640 1205 presbyter
1681 1135 1749 1189 ad
1782 1135 1927 1188 cele-

304 1227 524 1280 branda
574 1227 880 1278 missarum
929 1223 1212 1276 solemnia
1260 1238 1387 1275 cum
1438 1223 1638 1276 baculo
1689 1222 1792 1289 ire,
1835 1227 1931 1277 aut

304 1315 491 1367 velato
523 1314 707 1383 capite
730 1312 931 1368 altario
964 1312 1061 1365 Dei
1086 1311 1345 1365 assistere
1380 1311 1605 1365 audeat.

237 1429 524 1483 CCXXXII.
580 1428 661 1480 Ne
720 1442 963 1495 corpora
1016 1431 1343 1479 sanctorum
1400 1425 1818 1479 transferantur
1860 1425 1930 1480 de

307 1518 432 1569 loco
465 1518 536 1568 ad
570 1516 782 1568 locum.

235 1622 548 1675 CCXXXIII.
584 1620 692 1683 Qui
720 1621 933 1672 mortui
964 1619 1023 1672 in
1054 1619 1291 1671 ecclesia
1322 1618 1693 1687 sepeliantur.

2109 566 2375 629 debeant,
2408 564 2520 617 nisi
2551 581 2735 618 orare.

2038 654 2311 707 CCXXXV.
2387 652 2548 716 Quod
2604 653 2796 705 divina
2863 653 3169 707 clementia
3225 655 3347 707 ﬁxis
3400 655 3460 708 in
3510 660 3719 709 terram

2107 742 2351 811 genibus
2394 742 2682 794 exoranda
2722 742 2814 808 sit,
2858 742 2966 794 nisi
3014 741 3075 795 in
3107 743 3419 812 majoribus
3457 744 3726 797 solemni-

2106 830 2338 882 tatibus.

2039 916 2337 984 CCXXXVI.
2367 916 2522 980 Quod
2554 933 2667 969 non
2693 917 2859 970 liceat
2883 918 3123 971 mortuis
3154 918 3410 973 osculum
3442 920 3596 974 dare.

2040 1004 2365 1058 CCXXXVII.
2410 1006 2477 1058 Ut
2506 1004 2701 1058 ﬁdeles
2731 1005 2962 1075 sepeliri
2993 1006 3261 1059 debeant.

2040 1092 2393 1146 CCXXXVllI.
2468 1093 2535 1145 Ut
2601 1094 2918 1146 sacerdotes
2979 1093 3047 1147 ad
3094 1099 3323 1164 tempus
3371 1094 3724 1148 orationibus

2108 1184 2307 1233 vacent
2335 1184 2642 1249 antequam
2675 1180 3011 1233 sacriﬁcent.

2040 1267 2339 1322 CCXXXIX.
2384 1268 2459 1320 De
2492 1267 2645 1320 Iaicis
2674 1268 2774 1338 qui
2803 1268 3065 1322 ecclesias
3097 1270 3355 1340 proprias
3386 1270 3614 1325 habent.

2041 1356 2229 1410 CCXL.
2265 1356 2341 1408 De
2376 1354 2624 1407 ecclesiis
2651 1356 3083 1411 monachorum.

2041 1443 2255 1498 CCXLI.
2296 1443 2371 1495 De
2402 1442 2512 1495 illis
2538 1442 2657 1512 qui,
2690 1443 2956 1497 dumsuaa
2973 1444 3333 1514 proprietatis
3364 1446 3484 1499 loca
3517 1446 3725 1501 alicubi

2110 1531 2243 1585 dare
2273 1530 2575 1595 voluerint,
2606 1532 2886 1585 decimam
2920 1534 3448 1603 nusquamtradere
3479 1550 3536 1587 se
3557 1551 3724 1604 posse

2111 1622 2474 1688 cognoscant.

1608 1724 1808 1777 Indicis
1832 1726 2201 1795 Capitulorum
2224 1724 2373 1795 ﬁnis.

1486 2026 2481 2148 BURCHARDI

1122 2238 1581 2329 ECCLESIZE
1656 2238 2360 2304 WORMACIENSIS
2425 2204 2847 2304 EPISCOPI

433 2431 1789 2583 DECRETORUM
1918 2432 2503 2574 LIBER
2630 2432 3523 2577 TERTIUS.

1751 2669 1840 2722 DE
1877 2668 2243 2724 ECCLESlIS.

736 2934 1219 2990 ARGUMENTUM
1248 2934 1458 2987 LIBRI.

294 3028 486 3083 Liber
542 3026 639 3081 hic
695 3025 763 3079 de
822 3024 1147 3078 divinarum
1200 3023 1505 3075 domorum
1559 3021 1936 3088 institutione,

216 3118 383 3171 cultu
435 3120 502 3170 et
552 3115 792 3179 honore,
837 3113 902 3165 de
948 3111 1183 3166 decimis
1213 3114 1269 3164 et
1298 3111 1705 3179 oblationibus,
1756 3111 1940 3180 deque

206 3204 479 3275 justitiis
524 3202 885 3269 singulorum
940 3203 1185 3251 tractat:
1234 3198 1446 3269 quique
1492 3197 1623 3251 libri
1671 3198 1731 3250 in
1782 3213 1938 3250 sacro

212 3294 507 3361 catalogo
564 3289 799 3358 recepti,
845 3288 946 3358 qui
993 3287 1189 3357 rejecti
1239 3291 1295 3340 et
1324 3286 1639 3356 apocryphi
1685 3286 1819 3352 sint,
1856 3302 1943 3339 os-

210 3380 437 3435 tendit.

660 3447 786 3500 CAP.
822 3446 862 3499 Ι.
899 3476 966 3484 —
995 3444 1140 3510 Quid
1163 3447 1235 3497 sit
1266 3445 1535 3498 Ecclesia.

284 3543 409 3606 (Ea:
470 3538 626 3590 decr.
683 3536 821 3587 Julii
862 3549 1037 3603 papae,
1085 3548 1202 3601 cap.
1261 3532 1337 3601 5.)
1395 3532 1640 3585 Ecclesia
1684 3532 1942 3586 Graecum

207 3635 318 3695 est,
368 3626 545 3698 quod
595 3625 654 3677 in
688 3622 951 3677 Latinum
983 3620 1226 3674 vertitur
1265 3622 1591 3685 convocatio,
1638 3625 1944 3689 propterea

207 3718 376 3787 quod
439 3730 659 3768 omnes
710 3711 774 3765 ad
826 3727 883 3763 se
932 3714 1109 3762 vocet.
1145 3708 1449 3771 Catholica,
1494 3708 1549 3762 id
1597 3714 1679 3761 est
1719 3708 1941 3761 univer-

206 3808 373 3871 salis,
431 3805 583 3859 ideo
614 3801 824 3855 dicitur
854 3802 987 3869 quia
1026 3814 1128 3867 per
1159 3798 1490 3850 universum
1539 3797 1814 3850 mundum
1862 3801 1946 3850 est

206 3895 581 3955 constituta,
630 3890 715 3942 vel
751 3888 1020 3959 quoniam
1057 3885 1351 3951 catholica,
1385 3886 1491 3938 hoc
1533 3890 1616 3938 est
1664 3884 1944 3954 generalis

202 3986 266 4038 in
305 3984 542 4037 eadem
580 3976 837 4031 doctrina
870 3980 953 4028 est
983 3975 1050 4028 ad
1082 3974 1535 4027 instructionem.

572 4067 697 4120 CAP.
730 4065 800 4117 II.
836 4094 904 4102 —
935 4066 1012 4117 De
1043 4064 1331 4130 primitiva
1357 4060 1621 4114 Ecclesia.

276 4162 405 4229 (Ea:
440 4158 607 4211 decr.
643 4151 928 4207 Melchiad.
961 4166 1139 4219 papa,
1173 4165 1292 4217 cap.
1327 4149 1402 4218 8.)
1433 4149 1631 4213 Nemo,
1665 4146 1763 4217 qui
1794 4147 1941 4201 Scri-

197 4252 421 4319 pturas
474 4242 714 4297 divinas
744 4240 901 4308 legit,
939 4239 1166 4308 ignorat
1204 4236 1375 4306 quod,
1410 4239 1470 4289 in
1498 4235 1784 4305 principio
1833 4252 1943 4289 na-

196 4336 432 4391 scentis
470 4329 774 4393 Ecclesiae,
826 4326 1092 4395 discipuli
1135 4325 1196 4377 in
1224 4339 1401 4377 unum
1433 4324 1764 4394 congregati
1812 4329 1944 4377 sunt

195 4437 340 4474 cum
402 4414 811 4471 multitudine
865 4412 1240 4476 credentium,
1298 4409 1359 4463 in
1410 4410 1615 4479 quibus
1660 4414 1783 4462 erat
1846 4425 1944 4461 cor

194 4523 399 4562 unum
457 4508 526 4557 et
574 4500 769 4553 anima
807 4515 943 4566 una,
989 4499 1225 4567 quique,
1275 4496 1585 4549 vendentes
1626 4495 1839 4565 praedia
1887 4502 1945 4549 et

191 4594 633 4666 possessiones
681 4604 831 4652 suas,
886 4586 1220 4640 adferebant
1248 4585 1453 4654 pretia,
1495 4588 1549 4637 et
1586 4584 1945 4638 dividebatur

190 4681 471 4754 singulis
529 4678 717 4747 prout
765 4675 970 4743 cuique
1016 4688 1160 4740 opus
1199 4676 1340 4725 erat.
1387 4672 1659 4724 Futurum
1696 4686 1943 4740 namque

188 4770 546 4827 Ecclesiam
607 4765 667 4816 in
706 4762 970 4827 gentibus
1013 4760 1256 4828 apostoli
1307 4759 1714 4828 prmvidebant,
1766 4758 1944 4811 maxi-

185 4874 423 4932 meque
479 4852 639 4925 quia
680 4850 957 4904 Dominus
1002 4848 1115 4901 illis
1145 4847 1529 4917 praedixerat:
1577 4868 1603 4895 ‹‹
1636 4838 1845 4899 Euutes
1884 4846 1943 4899 in

184 4950 385 5008 mund
398 4962 513 5001 um
538 4939 886 4996 universum
909 4936 1214 5006 praedicate
1240 4936 1624 5004 Evangelium,
1656 4957 1675 4981 η
1702 4935 1787 4987 vel
1812 4934 1946 5004 quia

182 5033 619 5111 expellendos
658 5042 780 5080 esse
814 5043 845 5077 (ι
882 5025 1077 5077 Judma
1112 5028 1387 5076 noverant
1416 5040 1474 5075 se
1503 5029 1559 5075 et
1591 5023 1650 5074 in
1678 5022 1943 5091 gentibus

181 5110 684 5199 dispergendos,
731 5112 1154 5181 Ecclesiamque
1195 5110 1658 5180 congregandam
1708 5126 1773 5162 ex
1814 5110 1944 5162 rudi

178 5198 450 5291 populo,
486 5205 726 5262 idcirco
757 5201 975 5271 pratdia
1001 5201 1064 5291 in
1095 5200 1289 5291 Iudaea
1312 5199 1551 5291 minime
1578 5204 1711 5251 sunt
1732 5198 1938 5267 adepti,

179 5287 285 5363 sed
351 5299 576 5376 pretia
652 5288 1055 5376 tantummodo
1115 5289 1184 5341 ad
1234 5287 1504 5376 fovendos
1559 5292 1811 5376 egentes.
1872 5290 1942 5339 At

178 5373 371 5462 vero;
410 5400 573 5444 cum
630 5380 780 5432 inter
813 5375 1067 5430 turbines
1097 5380 1155 5428 et
1194 5374 1430 5428 adversa
1479 5373 1678 5427 mundi
1718 5388 1940 5427 succre-

1978 2937 2017 2989 B
2058 2934 2213 2987 orbis
2256 2932 2643 2987 monarchiam
2694 2934 2980 3001 tenebant,
3011 2934 3081 2987 ad
3121 2934 3293 2988 ﬁdem
3325 2934 3528 2988 Christi
3577 2938 3632 2989 et
3663 2935 3732 2988 ad

1974 4209 2015 4264 C

2049 3022 2322 3092 baptismi
2354 3027 2707 3076 sacramenta
2737 3029 3158 3075 concurrerent.

2050 3129 2176 3183 CAP.
2226 3129 2319 3181 IlI.
2365 3158 2433 3167 —
2481 3129 2632 3193 Quod
2683 3129 2980 3182 sacerdotes
3022 3143 3179 3195 agros
3219 3144 3347 3195 quos
3393 3130 3617 3182 vendere
3661 3144 3736 3195 so—

2120 3199 2316 3322 iebatnt,
2376 3199 2449 3252 ad
2515 3214 2839 3253 communem
2884 3202 3177 3253 utilitatem
3226 3201 3484 3253 Ecclesiis
3553 3196 3730 3252 trade.

2155 3285 2226 3321 an
2257 3309 2269 3322 .
2486 3314 2489 3316 .

2121 3357 2244 3423 (Ea:
2273 3357 2465 3410 decret.
2507 3357 2707 3410 Urban.
2756 3372 2932 3426 papa,
2974 3372 3095 3425 cap.
3126 3357 3203 3426 2.)
3234 3356 3500 3410 Videntes
3546 3361 3735 3409 autem

2050 3444 2373 3497 sacerdotes
2413 3450 2469 3497 et
2514 3444 2695 3497 levita!
2739 3451 2795 3497 et
2824 3445 3029 3513 reliqui
3062 3445 3278 3509 ﬁdeles,
3313 3445 3441 3513 plus
3479 3443 3737 3497 utilitatis

2048 3548 2213 3601 posse
2255 3532 2476 3585 adferre
2516 3531 2563 3583 si
2611 3532 2972 3585 haereditates
3011 3538 3068 3584 et
3097 3547 3285 3601 agros,
3333 3548 3478 3601 quos
3528 3531 3736 3583 vende-

2048 3618 2207 3683 bant,
2261 3618 2536 3683 Ecclesiis,
2575 3618 2784 3687 quibus
2815 3618 3196 3688 praesidebant
3226 3618 3497 3687 episcopi,
3548 3619 3735 3671 trade-

2050 3709 2198 3769 rent,
2227 3721 2293 3757 eo
2324 3706 2477 3775 quod
2507 3721 2572 3758 ex
2599 3706 2919 3775 sumptibus
2959 3722 3180 3767 eorum,
3213 3711 3327 3759 tam
3360 3707 3736 3776 praesentibus

2052 3808 2225 3861 quam
2254 3791 2462 3845 futuris
2501 3792 2876 3860 temporibus,
2917 3793 3083 3860 plura
3114 3798 3169 3844 et
3201 3792 3552 3861 elegantiora
3599 3808 3737 3861 pos—

2052 3885 2181 3933 sent
2253 3880 2580 3933 ministrare
2636 3879 2821 3933 ﬁdelis
2875 3895 3242 3933 communem
3316 3880 3490 3933 vitam
3559 3880 3735 3933 dedu-

2052 3968 2331 4033 centibus,
2382 3984 2555 4037 quam
2603 3984 2669 4020 ex
2716 3967 2900 4036 pretio
2951 3967 3227 4037 ipsorum,
3260 3973 3555 4037 coeperunt
3592 3984 3737 4038 prte-

2053 4056 2145 4109 dia
2193 4060 2249 4109 et
2280 4072 2445 4126 agros
2491 4072 2634 4126 quos
2665 4056 2908 4109 vendere
2959 4056 3217 4110 solebant
3264 4056 3595 4110 matricibus
3640 4057 3739 4109 Ec-

2053 4144 2235 4198 clesiis
2257 4145 2503 4211 tradere,
2538 4149 2595 4197 et
2625 4160 2691 4198 ex
2720 4143 3042 4214 sumptibus
3069 4160 3269 4197 eorum
3297 4143 3501 4198 vivere.

2054 4250 2180 4304 CAP.
2217 4250 2302 4303 IV.
2352 4280 2420 4289 —
2448 4250 2559 4315 Quo
2590 4254 2821 4318 tempore
2855 4251 2966 4303 viri
2995 4251 3238 4314 religiosi
3274 4252 3474 4317 seipsos
3522 4251 3740 4303 Domino

2135 4326 2533 4385 consecrarunt,
2570 4321 2893 4387 aediﬁcantes
2923 4321 3173 4373 basilicus
3204 4322 3259 4371 in
3296 4323 3409 4373 suis
3439 4320 3651 4385 fundis.

2123 4418 2230 4479 (Ea:
2278 4414 2469 4469 decret.
2513 4415 2762 4468 Melchia.
2792 4429 2971 4483 papa,
3006 4430 3124 4481 cap.
3176 4413 3284 4482 12.)
3317 4414 3399 4467 Ab
3444 4414 3541 4466 illo
3583 4414 3739 4467 enim

2052 4509 2310 4573 tempore
2359 4508 2413 4556 et
2455 4502 2721 4571 deinceps
2768 4501 2873 4553 viri
2920 4500 3172 4569 religiosi
3207 4516 3321 4553 non
3374 4501 3560 4553 solum
3614 4518 3739 4570 pos-

2053 4592 2329 4645 sessiones
2358 4596 2414 4643 et
2464 4590 2678 4658 praedia
2708 4604 2832 4659 quae
2872 4589 3256 4657 possederant,
3299 4589 3394 4641 sed
3438 4589 3612 4642 etiam
3659 4606 3741 4643 se-

2053 4679 2322 4747 metipsos
2368 4677 2612 4730 Domino
2670 4682 3096 4739 consecrarunt,
3146 4676 3495 4730 aediﬁcantes
3543 4676 3737 4730 basili-

2052 4782 2143 4819 cas
2190 4766 2249 4818 in
2293 4765 2408 4818 suis
2458 4762 2650 4817 fundis
2681 4762 2738 4816 in
2798 4764 3016 4816 honore
3061 4770 3389 4817 sanctorum
3424 4769 3739 4833 martyrum

2051 4870 2154 4923 per
2201 4854 2470 4918 civitates,
2523 4870 2587 4906 ac
2650 4852 2993 4905 monasteria
3054 4853 3356 4906 innumera
3416 4855 3477 4906 in
3530 4853 3740 4923 quibus

2052 4947 2227 4995 ccetus
2300 4940 2541 4994 Domino
2616 4940 2990 4994 servientium
3069 4942 3420 4995 conveniret.
3481 4941 3737 5010 Denique

2051 5041 2215 5094 reges
2248 5030 2303 5078 et
2362 5024 2634 5093 praesides
2676 5040 2739 5077 ac
2769 5024 3137 5094 magistratus
3188 5042 3300 5079 non
3350 5028 3537 5079 solum
3594 5027 3741 5078 hanc

2052 5113 2340 5166 licentiam
2392 5112 2664 5177 tribuere,
2715 5112 2815 5167 sed
2867 5113 3040 5166 etiam
3099 5114 3210 5181 ipsi
3269 5114 3499 5183 propria
3547 5112 3740 5181 largiti
3826 5130 3841 5135 ί

2053 5204 2184 5251 sunt
2230 5216 2333 5268 per
2370 5200 2635 5253 universa
2682 5216 2860 5270 regna
2911 5206 3215 5267 terrarum,
3258 5200 3407 5253 unde
3453 5201 3740 5252 alerentur

2054 5294 2287 5355 egentes
2318 5289 2416 5358 qui
2441 5289 2580 5341 nihil
2612 5288 2671 5341 in
2704 5287 2919 5341 mundo
2952 5288 3330 5358 possidebant,
3368 5285 3739 5355 Ecclesiaeque

2053 5374 2469 5429 fabricareutur
2515 5380 2685 5447 atque
2724 5380 3200 5440 restaurarentur,
3261 5376 3492 5444 Deoque
3535 5380 3590 5429 et
3639 5376 3738 5429 Ec-

180 5488 383 5540 sceret
440 5467 751 5531 Ecclesia,
795 5465 934 5518 adeo
973 5479 1154 5532 usque
1202 5462 1459 5532 pervenit
1499 5467 1563 5515 ut
1592 5478 1707 5515 non
1756 5462 1940 5515 solum
1976 5481 2019 5533 D
2058 5462 2245 5517 clesite
2300 5464 2422 5532 ejus
2474 5464 2581 5517 rite
2642 5462 3067 5528 famulantium,
3122 5477 3532 5533 servorumque
3588 5463 3742 5517 illius

180 5578 431 5649 gentes,
472 5560 595 5618 sed
636 5554 816 5611 etiam
847 5550 1093 5607 Romani
1121 5550 1429 5621 principes,
1464 5550 1563 5620 qui
1590 5549 1738 5603 bene
1772 5550 1945 5604 totius

2054 5553 2454 5623 supplementa
2481 5551 2695 5623 absque
2727 5550 3063 5606 necessitate
3102 5549 3511 5609 tribuerentur.
