4200 6398
586 392 648 440 6⁸7
658 392 688 441 5

1652 381 2062 439 BliltClIARDl
2103 382 2632 438 WOIIMACIENSIS
2674 382 2999 439 EPISCOI’I.
3987 385 4079 434 670

586 512 712 565 Car.
765 511 824 563 V.
873 538 948 550 —
1000 508 1153 574 Quod
1199 508 1582 563 Constantinus
1642 508 1853 575 primus
1896 507 2282 573 imperatorum
2312 509 2355 560 Α
2396 504 2523 559 ΟΜ».
2558 505 2706 559 XIII.
2745 535 2804 544 —
2863 506 2929 559 Ut
2960 506 3255 559 Ecclesium
3281 504 3378 558 ubi
3404 520 3654 572 paganus
3694 505 3940 574 sepultus
3989 509 4080 567 est,

863 579 1189 646 fabricandi
1212 581 1480 633 Ecclesias
1508 578 1780 631 licentium
1803 576 2014 630 tribuit.

660 669 771 737 (Em
800 669 1001 731 eodem,
1039 683 1161 736 cap.
1205 668 1335 732 I0.).
1370 668 1410 720 E
1440 666 1649 736 quibus
1698 664 1785 717 vir
1820 663 2283 733 religiosissimus

590 758 997 812 Constantinus
1042 758 1281 827 primus,
1331 755 1500 810 ﬁdem
1549 754 1805 807 veritatis
1841 758 2106 823 patenter
2148 754 2279 806 ade-

589 852 740 916 ptus,
782 846 1069 899 licentiam
1121 845 1272 898 dedit
1316 860 1419 914 per
1458 843 1785 896 universum
1832 842 2030 894 orbem
2077 841 2135 895 in
2177 860 2279 892 sum

590 934 861 1004 degentes
910 933 1161 1002 Imperio
1212 946 1330 984 non
1369 931 1549 983 solum
1603 927 1727 982 ﬁeri
1770 927 2141 991 Christianos,
2183 927 2282 979 sed

590 1023 763 1076 etiam
833 1022 1186 1075 fabricandas
1243 1018 1539 1082 Ecclesias,
1590 1021 1646 1070 et
1710 1016 1927 1087 prmdia
1979 1015 2283 1068 tribuenda

589 1108 903 1163 constituit.
953 1107 1211 1177 Denique
1249 1105 1400 1159 idem
1441 1103 1714 1175 praefatus
1741 1104 2009 1173 princeps
2041 1104 2281 1157 donaria

588 1197 891 1262 immensa,
934 1201 990 1249 et
1034 1194 1304 1248 fabricam
1337 1192 1538 1262 templi
1574 1192 1777 1261 prima:
1808 1192 1956 1245 sedis
1986 1191 2139 1245 beati
2172 1194 2278 1246 Pe-

589 1286 663 1340 tri
711 1284 983 1356 principis
1029 1283 1420 1352 apostolorum
1463 1281 1736 1347 instituit,
1784 1280 1927 1333 adeo
1975 1285 2038 1334 ut
2086 1281 2279 1334 sedem

587 1373 946 1445 imperialem
977 1388 1089 1442 qua
1136 1369 1380 1425 Romani
1422 1369 1712 1440 principes
1754 1368 2161 1439 praesidebant,
2191 1385 2279 1423 re-

588 1462 888 1533 linqueret,
932 1465 989 1514 et
1037 1461 1092 1514 B.
1131 1462 1295 1513 Petro
1341 1458 1574 1529 suisque
1608 1457 2028 1511 successoribus
2073 1458 2279 1527 profu-

586 1556 771 1604 turam
804 1550 1156 1603 concederet.

587 1640 714 1694 CAP.
766 1639 853 1691 VI.
911 1665 979 1678 -—
1036 1638 1101 1690 Ut
1144 1636 1324 1689 nullus
1372 1635 1662 1689 Ecclesium
1725 1634 1968 1701 aediﬁcet,
2029 1636 2139 1687 nisi
2186 1636 2277 1686 ille

866 1709 955 1761 cui
980 1710 1256 1775 episcopus
1280 1708 1382 1759 loci
1402 1710 1571 1759 locum
1602 1706 1983 1770 designacerit.

2940 592 3044 629 non
3071 578 3227 629 liceat
3256 576 3520 628 dedicari.

2463 664 2569 728 (Ea:
2601 666 2785 718 concil.
2841 665 3162 727 Aureliano,
3212 679 3332 733 cap.
3365 665 3443 731 7.)
3492 664 3805 718 Ecclesium
3843 664 3940 717 ubi
3985 680 4080 734 pa-

2392 769 2573 822 ganus
2626 755 2883 822 sepultus
2934 759 3038 817 est,
3108 769 3223 806 non
3284 753 3450 806 liceat
3496 768 3858 821 consecrare,
3899 769 4082 823 neque

2396 843 2583 895 Missas
2627 841 2683 894 in
2718 858 2782 894 ea
2814 841 3122 907 celebrare,
3176 842 3271 895 sed
3301 841 3507 912 jactari
3539 842 3691 895 foras
3722 846 3779 894 et
3820 842 4084 895 mundari

2391 934 2636 1001 oportet.

2390 1038 2519 1093 Car.
2571 1038 2702 1092 XIV.
2738 1067 2805 1077 —
2838 1040 2903 1091 Ut
2935 1040 2991 1090 in
3030 1038 3269 1091 Ecclesia
3322 1039 3379 1089 in
3410 1052 3519 1104 qua
3557 1036 3827 1091 cadavera
3874 1038 4087 1107 sepulta

2726 1114 2851 1161 sunt
2884 1110 3058 1161 altare
3083 1124 3394 1161 consecrare
3421 1124 3527 1160 non
3559 1109 3739 1161 liceat.

2459 1201 2566 1261 (Ea:
2619 1198 2816 1261 eodem,
2873 1213 2989 1264 cap.
3041 1200 3113 1263 6.)
3160 1198 3222 1250 In
3256 1197 3501 1250 Ecclesia
3544 1196 3604 1249 in
3646 1212 3761 1266 qua
3808 1196 4085 1250 cadavera

2386 1291 2742 1339 mortuorum
2798 1285 3171 1355 sepeliuntur,
3234 1285 3587 1339 sanctiticare
3632 1285 3811 1338 altare
3852 1301 3972 1339 non
4022 1285 4087 1339 li-

2385 1379 2525 1427 ceat.
2567 1374 2623 1427 Si
2668 1379 2855 1426 autem
2890 1379 3281 1427 consecratum
3330 1372 3490 1444 prius
3538 1372 3666 1439 fuit,
3710 1373 3905 1427 Missas
3956 1372 4089 1427 licet

2384 1462 2669 1515 celebrare
2701 1461 2757 1514 in
2790 1478 2875 1514 ea.

2386 1566 2513 1619 CXI‘.
2547 1568 2656 1620 XV.
2698 1598 2763 1605 —
2800 1568 2863 1620 Ut
2904 1567 3016 1619 loca
3042 1568 3199 1619 semel
3229 1566 3503 1633 dedicata,
3533 1572 3793 1636 perpetuo
3837 1570 3920 1622 sic
3968 1585 4087 1637 per-

3094 1643 3366 1691 maneant.

2462 1729 2565 1787 (Ea:
2605 1724 2794 1779 concil.
2844 1725 2993 1793 apud
3024 1728 3392 1793 Aquisgrun.,
3424 1742 3544 1794 cap.
3582 1726 3660 1793 4.)
3694 1727 3763 1780 Ut
3803 1727 3932 1780 loca
3961 1742 4089 1795 qua:

656 1798 759 1858 (Ea:
789 1797 976 1850 concil.
1029 1797 1400 1859 Aurelianen,
1444 1810 1564 1862 cap.
1620 1796 1696 1859 3.)
1743 1795 1920 1847 Nemo
1974 1793 2275 1847 Ecclesium

2399 1815 2561 1867 semel
2624 1816 2735 1867 Deo
2788 1792 3047 1866 dedicata
3090 1792 3241 1879 sunt,
3281 1820 3380 1866 aut
3426 1792 3774 1867 monasteria
3824 1792 4087 1875 fuerunt,

585 1884 827 1938 sedilicet
864 1888 1168 1953 antequam
1202 1882 1445 1935 civitatis
1491 1882 1791 1951 episcopus
1825 1881 2029 1941 veniat,
2063 1887 2118 1934 et
2166 1882 2275 1934 ibi-

582 1972 709 2026 dem
768 1986 993 2024 crucem
1048 1971 1187 2039 ligat
1235 1969 1481 2039 publice,
1538 1974 1594 2022 et
1642 1969 1852 2021 atrium
1892 1968 2171 2037 designet,
2226 1975 2281 2022 et

581 2065 714 2113 ante
757 2058 1042 2129 praeliniat
1088 2058 1187 2127 qui
1236 2057 1518 2111 aediﬁcare
1568 2057 1708 2122 vult,
1752 2073 1881 2126 qua:
1912 2058 1980 2109 ad
2031 2058 2279 2110 lumina-

582 2148 687 2215 ria,
749 2154 806 2201 et
843 2148 913 2201 ad
974 2145 1294 2200 custodiam
1345 2151 1398 2199 et
1443 2145 1728 2215 stipendia
1775 2146 2075 2197 custodum
2131 2146 2282 2198 sulti-

582 2236 753 2302 ciant,
789 2240 844 2289 et
884 2239 1112 2289 ostensa
1149 2234 1457 2287 donatione
1505 2234 1585 2287 sic
1624 2233 1858 2287 domum
1900 2234 2162 2287 tedilicet.
2218 2235 2283 2287 Et

582 2330 890 2395 postquam
932 2328 1258 2376 consecrata
1293 2321 1485 2385 fuerit,
1536 2321 1743 2375 atrium
1794 2321 2051 2391 ejusdem
2095 2322 2279 2375 Eccle-

585 2413 684 2466 siae
705 2416 903 2465 sancta
931 2428 1077 2482 aqua
1103 2416 1463 2480 conspergat.

585 2501 714 2556 CAP.
779 2501 892 2554 VII.
944 2528 1016 2539 —
1061 2502 1142 2555 De
1189 2500 1282 2552 illo
1331 2501 1428 2567 qui
1473 2501 1530 2551 in
1590 2514 1684 2551 suo
1730 2498 1936 2568 praedio
1985 2500 2279 2554 Ecclesiam

1132 2570 1400 2637 ediﬁcare
1427 2569 1716 2623 desiderat.

658 2660 766 2727 (Ea:
812 2659 998 2713 concil.
1052 2658 1461 2722 Wormaciensi,
1495 2673 1613 2725 cap.
1674 2658 1750 2726 6.)
1790 2656 2126 2724 Quicunque
2178 2674 2274 2711 vo-

586 2748 759 2803 luerit
827 2747 887 2800 in
936 2762 1037 2799 sua
1084 2746 1437 2816 proprietate
1499 2746 1801 2799 Ecclesiam
1858 2746 2163 2809 mditicare,
2223 2750 2278 2798 et

583 2852 921 2892 consensum
968 2841 1023 2889 et
1057 2837 1405 2889 voluntatem
1440 2836 1692 2904 episcopi
1740 2834 1969 2888 habebit
2014 2836 2071 2887 in
2113 2836 2276 2902 cujus

582 2925 849 2996 parochia
905 2923 1098 2991 fuerit,
1158 2923 1375 2977 licitum
1428 2923 1518 2976 sit.
1570 2924 1979 2976 Verumtamen
2039 2925 2275 2975 omnino

580 3012 1011 3085 praevidendum
1062 3015 1145 3065 est
1191 3011 1481 3082 episcopo,
1534 3016 1598 3064 ut
1642 3011 1766 3064 aliae
1812 3010 2073 3064 Ecclesize
2126 3011 2271 3063 anti-

582 3102 832 3172 quiores,
880 3104 1114 3170 propter
1146 3114 1321 3152 novas
1350 3114 1509 3152 suam
1552 3098 1833 3168 justitiam
1867 3102 1965 3151 aut
1991 3097 2270 3151 decimam

580 3206 699 3244 non
754 3189 1018 3260 perdant,
1071 3187 1167 3241 sed
1212 3203 1438 3257 semper
1486 3187 1556 3241 ad
1595 3186 1948 3257 antiquiores
1999 3187 2273 3241 Ecclesias

580 3278 958 3349 persolvatur.

585 3367 715 3422 CAP.
779 3366 915 3418 VIII.
971 3393 1037 3406 -—
1095 3366 1164 3418 Ut
1203 3378 1379 3417 omnes
1438 3365 1685 3418 Ecclesiae
1731 3365 1789 3417 in
1833 3365 1980 3417 illius
2039 3366 2274 3432 episcolii

730 3441 997 3505 potestate
1027 3436 1155 3501 sint,
1185 3437 1245 3487 in
1276 3435 1431 3500 cujus
1462 3436 1731 3488 territorio
1754 3438 1947 3504 positae
1975 3441 2119 3488 sunt.

658 3524 761 3595 (Ea
811 3523 999 3578 concil.
1052 3525 1428 3587 Aurelianen.,
1477 3539 1596 3591 cap.
1651 3523 1721 3593 I.)
1768 3522 1978 3577 Omnes
2025 3522 2273 3575 basilicae

585 3629 713 3685 quae
770 3628 875 3684 per
916 3611 1138 3665 diversa
1177 3611 1303 3664 loca
1334 3615 1669 3664 constructa:
1719 3615 1851 3664 sunt
1889 3612 1975 3664 vel
2018 3610 2274 3681 quotidie

583 3702 1031 3767 constituuntur,
1081 3700 1318 3771 placuit,
1349 3700 1659 3755 secundum
1698 3700 1953 3771 priorum
1987 3714 2271 3753 canonum

581 3790 854 3859 regulam,
900 3794 966 3842 ut
1010 3789 1068 3842 in
1102 3789 1225 3858 ejus
1255 3788 1508 3859 episcopi
1537 3788 1596 3842 in
1644 3791 1803 3859 cujus
1834 3787 2126 3843 territorio
2170 3802 2271 3857 po-

583 3877 704 3931 sitae.
731 3881 884 3943 sunt,
919 3881 1195 3946 potestate
1225 3876 1556 3929 consistant.

583 3966 713 4021 CAP.
764 3966 852 4018 IX.
897 3995 965 4004 —
1018 3967 1082 4019 Ut
1134 3968 1374 4033 antiqua
1415 3966 1661 4019 Ecclesia:
1696 3965 2121 4032 possessionibus
2159 3967 2272 4019 suis

977 4042 1199 4104 propter
1223 4050 1390 4089 novas
1420 4051 1525 4089 non
1555 4036 1869 4103 spolientur.

652 4121 760 4193 (Ea:
809 4124 994 4177 concil.
1052 4124 1330 4190 Meldensi,
1383 4139 1501 4193 cap.
1556 4126 1633 4189 8.)
1690 4124 1759 4177 Ut
1815 4121 2078 4176 Ecclesiae
2134 4121 2274 4176 anti-

582 4210 777 4282 quitus
806 4213 1147 4279 constitutae,
1191 4229 1298 4268 nec
1329 4211 1590 4279 decimis,
1622 4226 1727 4265 nec
1769 4211 1888 4265 ulla
1917 4210 2273 4281 possessione

580 4298 897 4370 priventur,
928 4299 1008 4355 ita
1037 4306 1102 4355 ut
1131 4301 1295 4355 novis
1325 4299 1597 4354 oratoriis
1622 4300 1931 4353 tribuatur.

696 4407 824 4462 Car.
858 4409 920 4463 X.
951 4436 1024 4449 —
1044 4410 1116 4462 De
1143 4409 1397 4463 Ecclesiis
1437 4411 1487 4460 et
1515 4405 1803 4472 altaribus,
1844 4407 1941 4459 ubi
1968 4407 2159 4475 aliqua

712 4479 983 4533 dubitatio
1012 4484 1091 4533 est
1123 4479 1189 4531 de
1218 4479 1634 4544 consecratione,
1664 4479 1727 4530 ut
1751 4484 2141 4531 consecrentur.

649 4564 757 4636 (Ea:
801 4566 981 4620 eodem
1017 4568 1230 4633 concit.,
1277 4580 1398 4633 cap.
1446 4564 1561 4635 45.)
1606 4565 1674 4619 Ut
1716 4565 1978 4619 Ecclesiae
2010 4565 2096 4619 vel
2129 4566 2269 4620 alta-

577 4654 663 4707 ria
710 4670 839 4725 qua:
869 4654 1139 4722 ambigua
1182 4658 1316 4708 sunt
1346 4653 1415 4708 de
1458 4654 1899 4721 consecratione,
1944 4669 2273 4708 consecren-

576 4746 693 4807 tur,
720 4746 779 4795 et
800 4747 866 4795 ut
890 4741 1182 4812 superﬂua
1205 4740 1407 4795 altaria
1433 4741 1819 4796 destruantur.

580 4846 711 4901 Car.
762 4847 849 4901 XI.
896 4876 967 4887 —
1024 4848 1087 4903 Si
1129 4848 1304 4901 altare
1341 4851 1541 4902 motum
1584 4849 1770 4914 fuerit,
1822 4847 1992 4902 denuo
2034 4848 2274 4902 Ecclesia

1252 4925 1600 4973 consecretur.

654 5006 763 5069 (Ea:
808 5004 951 5058 decr.
996 5006 1157 5071 Ygini
1193 5021 1377 5076 papa,
1426 5022 1550 5076 cap.
1601 5008 1681 5077 4.)
1723 5006 1781 5061 Si
1827 5009 2050 5060 motum
2098 5005 2274 5059 fuerit

580 5090 780 5161 altare,
829 5092 1017 5147 denuo
1063 5099 1426 5149 consecretur
1472 5096 1746 5161 Ecclesia;
1783 5095 1831 5149 si
1862 5095 2110 5165 parietes
2139 5110 2272 5148 mu-

579 5183 792 5247 tantur,
829 5186 886 5235 et
912 5197 1029 5236 non
1060 5183 1259 5249 altare,
1294 5183 1508 5238 salibus
1527 5188 1754 5238 tantum
1781 5184 2152 5237 exorcizetur.

579 5285 707 5341 CAP.
736 5287 852 5342 XII.
897 5317 967 5329 —
1017 5290 1080 5345 Si
1121 5291 1363 5345 Ecclesia
1407 5290 1618 5414 agitata
1656 5290 1848 5358 fuerit,
1902 5291 2101 5343 iterum
2155 5303 2273 5343 con-

1292 5376 1438 5414 secre
1499 5376 1549 5413 r.

1292 5376 1549 5416 secretur.

645 5448 756 5514 (Em
797 5448 995 5515 eodem,
1045 5465 1167 5520 cap.
1228 5449 1306 5521 6.)
1356 5449 1415 5505 Si
1474 5446 1791 5503 homicidio
1847 5446 1935 5502 vel
1987 5447 2270 5502 adulterio

576 5534 826 5589 Ecclesia
876 5536 1050 5592 fuerit
1103 5538 1337 5608 violata,
1395 5535 1840 5608 diligentissime
1898 5539 2267 5607 expurgatur,

576 5626 635 5677 et
658 5622 851 5678 denuo
878 5628 1255 5682 consecretur.

2390 1908 2657 1955 maneant
2688 1907 2964 1971 perpetuo
2997 1902 3095 1964 sic,
3150 1918 3253 1955 nec
3299 1906 3541 1972 possunt
3570 1902 3722 1956 ultra
3761 1902 3891 1957 ﬁeri
3936 1919 4094 1956 secu-

2389 1990 2529 2044 laria
2565 1990 2906 2042 habitacula.

2388 2096 2516 2149 (ἸΑΡ.
2549 2095 2676 2148 XVI.
2710 2124 2778 2133 —
2815 2094 2892 2147 De
2931 2094 3057 2146 locis
3091 2091 3295 2144 dudum
3337 2094 3590 2157 sacratis,
3636 2096 3686 2146 et
3715 2108 3859 2146 nunc
3901 2093 4088 2161 negle-

2812 2168 2932 2230 ctis,
2965 2169 3024 2215 ut
3055 2166 3247 2215 iterum
3269 2166 3650 2228 reformentur.

2458 2253 2566 2322 (Ex
2592 2252 2790 2316 eodem,
2824 2267 2939 2319 cap.
2968 2250 3044 2319 6.)
3079 2251 3296 2304 Placuit
3326 2257 3390 2302 ut
3417 2252 3537 2303 loca
3565 2250 3913 2320 jamdudum
3947 2267 4091 2304 con-

2387 2348 2620 2403 secrata,
2664 2346 2717 2393 et
2762 2356 2913 2392 nunc
2964 2338 3253 2407 spurcitiis
3308 2338 3536 2403 foedata,
3594 2339 3759 2408 juxta
3797 2340 4095 2408 possibili-

2385 2435 2557 2483 tatem
2594 2430 2649 2480 in
2683 2429 2983 2498 antiquum
3018 2432 3228 2479 statum
3262 2427 3668 2481 reformentur.

2387 2519 2513 2572 CAP.
2565 2517 2725 2572 XVII.
2763 2546 2829 2555 —
2875 2518 2941 2569 Ut
2985 2516 3166 2568 nullus
3212 2515 3367 2567 aliud
3403 2517 3579 2568 altare
3620 2518 3828 2581 erigere
3869 2532 4089 2585 praesu-

2564 2595 2693 2651 mat,
2726 2590 2837 2639 nisi
2868 2586 3011 2653 quod
3040 2587 3107 2638 ab
3137 2590 3381 2654 episcopo
3411 2593 3774 2639 consecratum
3804 2593 3907 2640 est.

2457 2677 2561 2743 (Ea.
2603 2677 2744 2729 decr.
2791 2675 3087 2728 Ilormisdae
3132 2690 3290 2742 pap.,
3320 2690 3438 2742 cap.
3478 2675 3580 2739 IO.)
3613 2676 3682 2728 Ut
3719 2674 3922 2728 nullus
3967 2691 4095 2745 pre-

2387 2765 2577 2831 sbyter
2627 2764 2684 2816 in
2754 2764 2996 2816 Ecclesia
3048 2768 3374 2815 consecrata
3427 2762 3583 2815 aliud
3636 2764 3815 2815 altare
3876 2765 4086 2833 erigat,

2386 2854 2494 2906 nisi
2528 2854 2676 2923 quod
2710 2853 2779 2905 ab
2832 2853 3099 2920 episcopo
3149 2851 3255 2903 loci
3289 2852 3372 2903 vel
3420 2851 3542 2920 ejus
3582 2852 3872 2920 permissu
3916 2868 4088 2905 sanc-

2384 2948 2659 2999 tiﬁcatum
2691 2950 2777 2997 est
2812 2964 2823 2997 ;
2868 2949 2928 2997 nt
2959 2944 3028 2996 sit
3060 2944 3326 2996 discretio
3367 2942 3519 2996 inter
3548 2949 3832 2997 sacratum
3871 2950 3929 2996 et
3976 2961 4087 2997 non

2385 3041 2689 3098 sacratum,
2725 3049 2829 3086 nec
2876 3032 3293 3085 dedicationem
3328 3032 3527 3101 tingat,
3559 3032 3669 3084 nisi
3707 3033 3799 3087 sit.
3838 3033 4011 3097 Quod
4046 3034 4089 3085 si

2384 3124 2600 3188 fecerit,
2636 3123 2683 3175 si
2718 3122 2957 3175 clericus
2985 3126 3089 3186 est,
3124 3120 3491 3190 degradetur,
3533 3120 3580 3174 si
3611 3120 3809 3186 laicus,
3844 3124 4085 3175 anathe-

2384 3214 2705 3267 matizetur.

2384 3304 2512 3357 CAP.
2555 3300 2743 3354 XVIII.
2786 3328 2853 3338 —
2889 3300 2954 3352 Ut
2988 3300 3328 3421 energumen:
3356 3298 3718 3352 Ecclesiarum
3760 3300 4089 3367 pavimenta

3110 3384 3303 3421 ccrran
3334 3410 3346 3421 .

3110 3384 3346 3421 verrunt.

2453 3461 2568 3530 (Ea:
2606 3459 2798 3514 concil.
2844 3458 3128 3525 Carthag.,
3176 3472 3295 3525 cap.
3334 3457 3442 3524 91.)
3490 3455 3824 3511 Pavimenta
3874 3458 4092 3512 domo-

2383 3567 2512 3605 rum
2544 3549 2642 3603 Dei
2662 3546 3040 3617 energumeni
3079 3550 3330 3598 verrant.

2525 3635 2652 3686 Cu».
2686 3632 2812 3685 XIX.
2848 3660 2910 3672 —
2945 3634 3013 3684 De
3039 3631 3381 3683 monasteriis
3402 3630 3559 3683 semel
3590 3630 3944 3685 consecratis.

2454 3722 2559 3788 (Ea-
2596 3720 2781 3774 concil.
2815 3718 3090 3785 Chalced.,
3124 3734 3242 3787 cap.
3290 3718 3405 3787 24.)
3440 3717 3577 3781 Quae
3609 3720 3783 3773 semel
3819 3719 4094 3772 dedicata

2383 3813 2515 3862 sunt
2547 3813 2681 3862 sunt
2711 3808 3054 3862 monasteria
3086 3807 3327 3861 consilio
3363 3806 3763 3877 episcoporum
3820 3808 3926 3879 qui
3962 3809 4094 3862 civi-

2383 3902 2525 3951 tates
2583 3900 2800 3961 tenent,
2856 3911 3088 3949 manere
3148 3900 3429 3964 perpetuo
3472 3894 3842 3959 monasteria,
3889 3901 3955 3949 et
4004 3913 4095 3950 res

2382 4001 2512 4055 quas
2568 3984 2635 4037 ad
2684 3999 2751 4037 ea
2792 3983 3085 4053 pertinent
3112 3981 3472 4036 monasteriis
3524 3980 3805 4035 reservari
3848 3982 4089 4046 debere,

2384 4090 2488 4127 nec
2533 4087 2703 4143 posse
2751 4088 2815 4125 ea
2865 4072 3012 4125 ultra
3060 4071 3186 4125 ﬁeri
3234 4070 3531 4124 saecularia
3575 4069 3924 4124 habitacula.
3983 4072 4094 4134 Qui

2380 4178 2516 4217 vero
2546 4161 2655 4215 hoc
2684 4160 2810 4214 ﬁeri
2851 4160 3240 4230 permiserint,
3275 4173 3562 4213 canonum
3589 4158 3897 4212 sententiis
3950 4160 4092 4214 sub-

2377 4251 2669 4322 jacebunt.

2302 4342 2346 4396 D
2385 4342 2512 4396 CAP.
2563 4338 2667 4393 XX.
2712 4366 2781 4379 -—
2830 4340 2904 4392 De
2940 4337 3051 4390 illis
3095 4337 3192 4405 qui
3222 4335 3395 4390 dotem
3433 4335 3691 4391 Ecclesia:
3726 4335 3836 4391 sibi
3882 4338 4091 4392 vendi-

2919 4423 3040 4461 care
3069 4410 3529 4475 praesumpserint.

2449 4497 2567 4563 (Ea:
2597 4496 2781 4549 concil.
2819 4496 3081 4561 Toletum,
3113 4510 3233 4563 cap.
3281 4493 3389 4563 I9.)
3434 4494 3611 4561 Multi,
3646 4498 3851 4548 contra
3904 4511 4091 4550 cano-

2375 4601 2518 4640 num
2589 4584 2918 4641 constituta.
2980 4582 3059 4635 sic
3113 4582 3387 4635 Ecclesias
3444 4598 3586 4652 quas
3662 4580 4093 4637 aediﬁcaverint

2375 4672 2670 4745 postulant
2698 4671 3034 4737 consecrari,
3070 4675 3132 4724 ut
3161 4671 3376 4737 dotem,
3423 4686 3593 4741 quam
3630 4670 3901 4725 Ecclesiae
3944 4688 4092 4726 con-

2376 4760 2633 4824 tulerint,
2665 4764 2935 4813 censeant
2960 4759 3028 4811 ad
3058 4757 3310 4829 episcopi
3338 4757 3763 4811 ordinationem
3794 4774 3920 4813 non
3958 4777 4095 4831 per-

2375 4850 2582 4904 tinere.
2640 4848 2801 4911 Quod
2845 4848 3060 4901 factum
3107 4850 3162 4900 et
3190 4847 3249 4900 in
3298 4846 3658 4917 praeteritum
3699 4846 4003 4917 displicet.
4039 4853 4095 4903 et

2376 4938 2438 4992 in
2467 4938 2657 4991 futuro
2696 4935 3062 5006 prohibetur;
3116 4935 3213 4988 sed
3247 4935 3463 5003 omnia,
3494 4934 3813 4988 secundum
3847 4951 4097 4991 consue-

2376 5026 2641 5081 tudinem
2672 5024 2991 5095 antiquam,
3024 5023 3094 5077 ad
3125 5023 3377 5095 episcopi
3417 5022 3843 5077 ordinationem
3874 5031 3943 5079 et
3983 5044 4095 5098 po-

2375 5118 2639 5169 testatem
2674 5112 3021 5184 pertineant.

2376 5203 2506 5258 CAP.
2538 5202 2668 5256 XXI.
2704 5230 2772 5239 —
2804 5201 2884 5255 De
2912 5200 3164 5254 Ecclesiis
3193 5200 3502 5267 destructis,
3541 5199 3808 5268 quomodo
3855 5207 4093 5256 restau-

3019 5273 3141 5324 rari
3178 5271 3423 5324 debeant.

2449 5359 2559 5429 (Ea:
2606 5358 2749 5412 decr.
2809 5359 2971 5425 Ygini
3024 5373 3204 5427 papz,
3254 5373 3371 5427 cap.
3422 5358 3493 5421 5.)
3552 5357 3620 5411 Ut
3672 5357 3952 5415 Ecclesia
4000 5362 4097 5415 de-

2376 5453 2629 5514 structas,
2681 5446 2778 5501 ubi
2825 5452 2925 5500 aut
2953 5446 3145 5517 plures
3176 5451 3311 5500 sunt
3348 5461 3523 5517 quam
3567 5462 3802 5501 necesse
3838 5449 3941 5516 sit,
3997 5456 4096 5502 aut

2374 5536 2611 5606 majoris
2662 5533 3095 5605 magnitudinis,
3152 5548 3325 5605 quam
3374 5536 3441 5587 ut
3496 5548 3566 5587 ex
3622 5534 3799 5587 rebus
3856 5538 3937 5591 ad
3998 5553 4095 5590 cas

2376 5623 2802 5695 pertinentibus
2874 5622 3185 5679 restaurari
3244 5621 3488 5692 possint,
3565 5623 3833 5696 episcopi
3902 5627 4097 5697 provi-
