4200 6414
257 376 348 423 4377
1219 385 1696 447 DECRETORUM
1740 393 1919 450 LIBRI
1962 397 2064 451 XX.
2111 428 2177 437 —-
2220 402 2423 457 LIBER
2465 405 2781 462 TERTIUS.

3641 432 3742 482 υῖὸ

257 494 439 547 dentia
501 499 711 551 modus
770 501 1094 556 inveniatur
1151 506 1396 575 qualiter
1447 512 1757 567 consistere
1812 522 2016 585 pos-A
2058 519 2208 574 cium
2258 523 2710 582 Ecclesiasticum
2762 531 2991 600 habent,
3039 537 3105 590 ad
3161 545 3304 594 tecta
3357 545 3611 601 Ecclesiae
3655 567 3751 602 re—

254 582 378 635 sint.

256 672 375 723 CAP.
416 673 702 758 XXII.”--
754 677 907 758 Quod
954 680 1012 758 in
1055 696 1165 758 una
1208 688 1584 741 terminatione
1628 692 1811 758 plures
1864 693 1952 746 ba-

544 748 831 811 ptismates
862 751 1108 804 Ecclesiae
1136 768 1246 805 esse
1280 771 1383 809 non
1408 748 1639 824 possint:

321 828 422 897 (Em
448 834 641 885 concil.
674 835 823 900 apud
854 838 1217 907 Aquisgran.,
1253 858 1372 912 cap.
1408 848 1438 896 5
1469 846 1491 915 )
1521 848 1716 901 Plures
1742 849 1951 919 baptis-

255 918 424 971 males
464 920 730 974 Ecclesiae
774 923 835 975 in
884 941 997 978 una
1037 930 1442 985 terminatione
1492 952 1612 989 esse
1664 954 1772 991 non
1816 956 1949 1008 pos-

254 1011 397 1068 sunt,
452 1009 550 1062 sed
606 1026 718 1064 una
766 1015 1168 1070 tantummodo
1213 1035 1342 1073 cum
1401 1023 1646 1077 subditis
1689 1028 1940 1095 capellis.

257 1093 317 1145 Et
346 1093 389 1145 si
437 1097 733 1150 contentio
780 1098 953 1153 fuerit
978 1102 1050 1155 de
1098 1106 1511 1163 terminatione
1544 1093 1787 1166 duarum
1827 1130 1947 1168 ma-

257 1180 482 1248 tricum,
546 1183 744 1251 plebes
794 1192 1170 1260 utrarumque
1229 1194 1572 1267 discernant,
1626 1205 1681 1253 et
1735 1201 1779 1253 si
1833 1218 1947 1256 non

255 1271 620 1340 conveniunt,
658 1274 726 1326 lis
760 1276 858 1328 Dei
881 1276 1093 1345 judicio
1118 1280 1492 1339 discernatur.

255 1358 375 1413 CAP.
428 1360 622 1414 XXIII.
665 1393 732 1401 —
788 1366 853 1417 Ut
917 1369 1196 1433 regularia
1261 1377 1588 1427 monasteria
1638 1392 1731 1430 nec
1786 1378 1949 1432 vendi

744 1450 837 1487 nec
871 1442 1192 1492 commutari
1220 1446 1447 1508 possint.

320 1516 429 1586 (Ea:
480 1518 633 1573 decr.
686 1520 910 1575 Silverii
954 1540 1154 1593 paper,
1207 1544 1323 1596 cap.
1366 1530 1434 1599 I.)
1472 1533 1696 1587 Nemini
1742 1551 1943 1605 regum

254 1610 349 1657 aut
379 1605 651 1674 cuiquam
698 1608 994 1664 hominum
1030 1614 1086 1666 in
1130 1618 1421 1684 proprium
1454 1620 1616 1673 liceat
1664 1630 1945 1678 monaste-

250 1692 393 1745 rium
426 1695 677 1759 trudere,
724 1698 833 1750 nisi
866 1700 930 1752 ad
980 1700 1134 1754 aliud
1170 1707 1578 1760 monasterium
1624 1726 1635 1762 :
1674 1712 1759 1763 vel
1789 1728 1941 1765 com-

2062 610 2370 664 stauranda
2418 615 2502 667 vel
2553 616 2702 685 ipsas
2754 621 3025 676 Ecclesias
3080 630 3464 685 emendandas
3516 638 3749 691 omnino

2062 695 2349 764 adjuvant,
2383 705 2440 753 et
2470 717 2679 757 nonam
2710 711 2764 758 et
2788 708 3068 764 decimam
3100 715 3359 771 reddant.

2062 803 2189 856 CAP.
2249 806 2426 860 XXXI.
2486 839 2553 847 —
2597 813 2671 863 De
2722 816 2974 939 Ecciestiis
3034 821 3185 887 apud
3241 823 3499 879 barbaros
3552 833 3748 883 consti-

2853 902 2885 938 u
2915 904 2978 939 is.

2853 902 2978 941 utis.

2130 962 2247 1029 (Ere
2276 967 2459 1019 concil.
2496 969 2818 1037 Constanti.,
2849 990 2969 1043 cap.
3007 977 3084 1047 6.)
3121 980 3392 1036 Ecclesias
3424 990 3614 1038 autem
3651 988 3749 1042 Dei

2057 1046 2115 1100 in
2148 1050 2401 1104 barbaris
2430 1057 2698 1122 gentibus
2743 1063 3079 1117 constitutas
3129 1069 3439 1137 gubernari
3471 1078 3526 1126 et
3570 1076 3750 1129 admi-

2057 1136 2287 1191 nistrari
2337 1147 2560 1209 oportet
2606 1149 2920 1204 secundum
2964 1136 3435 1213 consuetudinem
3487 1178 3615 1232 qua:
3661 1170 3748 1217 est

2056 1239 2089 1276 a
2116 1226 2374 1293 patribus
2404 1230 2721 1287 observata.

2277 1334 2404 1387 CAP.
2437 1337 2638 1393 XXXII.
2670 1370 2739 1379 —-
2772 1342 2852 1395 De
2879 1346 3131 1401 Ecclesiis
3161 1351 3513 1408 Arianorum.

2126 1417 2237 1485 (Ea:
2263 1421 2404 1476 decr.
2455 1427 2610 1480 Joan.
2650 1431 2669 1481 1
2713 1446 2891 1498 papae.
2938 1437 3199 1504 episcopis
3245 1454 3343 1506 per
3390 1444 3609 1496 Italiam
3652 1444 3743 1498 di-

2052 1507 2257 1577 rectis.)
2303 1510 2574 1566 Ecclesias
2625 1531 2756 1569 vero
2816 1520 3156 1577 Arianorum
3211 1526 3536 1599 ubicunque
3582 1532 3739 1586 inve-

2057 1595 2271 1657 neritis,
2332 1600 2637 1655 catholicas
2683 1620 2776 1657 eas
2821 1606 3025 1661 divinis
3071 1614 3332 1679 precibus
3378 1622 3435 1669 et
3475 1620 3739 1687 operibus

2054 1682 2266 1753 absque
2314 1687 2431 1739 ulla
2476 1705 2629 1743 mora
2663 1700 3030 1751 consecrate:
3066 1700 3200 1767 quia
3244 1707 3299 1755 et
3342 1720 3463 1770 nos,
3513 1709 3738 1775 quando

248 1786 488 1847 mutare,
541 1784 653 1835 nisi
704 1802 832 1839 cum
864 1788 976 1839 alio
1030 1794 1376 1846 monasmrio
1408 1811 1420 1847 ε
1462 1797 1547 1848 vel
1599 1813 1942 1868 quocunque
1976 1794 2013 1846 Β
2052 1769 2264 1825 fuimus
2299 1774 2828 1868 Constantinopoli,
2861 1788 2973 1836 tam
3008 1802 3110 1853 pro
3155 1790 3430 1857 religione
3461 1795 3739 1850 catholica

246 1875 574 1924 commento
631 1875 897 1928 vendere.
937 1877 1055 1930 Hoc
1089 1880 1258 1933 etiam
1310 1881 1502 1935 divina
1547 1889 1602 1937 et
1635 1888 1945 1954 apostolica

248 1963 415 2027 atque
447 1962 727 2014 canonica
775 1964 878 2015 sub
911 1967 1285 2021 anathematis
1319 1987 1485 2038 pcena
1534 1974 1717 2025 sanxit
1756 1981 1944 2027 aucto-

248 2047 399 2098 ritas.
448 2047 611 2111 Quod
648 2050 694 2102 si
727 2049 935 2105 factum
970 2053 1159 2123 fuerit,
1193 2073 1306 2109 non
1352 2059 1580 2124 valebit,
1612 2062 1709 2114 sed
1752 2063 1940 2131 ipsum

245 2136 660 2190 monasterium
697 2138 757 2192 in
787 2140 1093 2208 pristinum
1126 2144 1469 2199 reformetnr
1497 2152 1725 2202 statum.

249 2224 370 2277 CAP.
428 2225 610 2278 XXIV.
665 2255 738 2267 —
793 2230 857 2281 Ut
897 2245 1002 2282 non
1061 2232 1215 2285 liceat
1267 2235 1437 2287 alicui
1481 2238 1640 2289 unius
1692 2239 1942 2293 Ecclesiae

494 2301 711 2355 terram,
747 2301 857 2351 nisi
884 2301 1139 2367 cambiat,
1175 2312 1377 2357 vertere
1405 2306 1477 2357 ad
1502 2307 1689 2360 aliam.

313 2385 424 2449 (Ea:
471 2386 662 2438 concil.
713 2386 990 2456 Lugdun.,
1043 2406 1162 2458 cap.
1213 2392 1283 2453 5.)
1332 2393 1457 2446 Non
1508 2393 1639 2447 licet
1678 2395 1938 2467 episcopo

245 2486 343 2523 nec
374 2473 571 2524 abbati
613 2476 824 2527 terram
858 2477 1116 2530 Ecclesia:
1147 2483 1362 2532 vertere
1405 2481 1475 2533 ad
1511 2482 1701 2549 aliam,
1736 2501 1938 2553 quam-

240 2560 317 2611 vis
364 2562 555 2614 amba:
602 2563 719 2616 sint
760 2565 821 2618 in
865 2565 986 2633 ejus
1017 2572 1315 2635 potestate.
1351 2570 1563 2622 Tamen
1598 2571 1642 2623 si
1680 2588 1935 2625 commu-

240 2652 356 2704 tare
406 2651 700 2705 voluerint
746 2658 927 2707 terras
976 2670 1193 2723 earum,
1245 2672 1375 2709 cum
1420 2673 1700 2711 consensu
1733 2659 1936 2713 ambo-

240 2753 363 2791 rum
395 2740 629 2793 faciant.

240 2826 361 2880 CAP.
403 2830 565 2885 XXV.
601 2861 670 2868 —
701 2833 767 2884 Ut
798 2830 1027 2891 altaria,
1070 2831 1181 2882 nisi
1209 2833 1318 2883 sint
1366 2832 1605 2899 lapidea,
1644 2833 1935 2887 chrismate

826 2915 931 2953 non
960 2908 1259 2953 consecrent
1264 2917 1349 2954 ur.

307 2982 417 3047 (Ea:
476 2981 667 3034 concil.
728 2984 1052 3051 Epaonensi,
1110 3001 1229 3055 cap.
1303 2988 1406 3057 t0.)
1464 2990 1679 3042 Altaria
1727 2990 1772 3042 si
1819 3006 1932 3044 non

238 3074 369 3122 sunt
412 3069 665 3139 lapidea,
701 3070 1019 3124 chrismatis
1050 3075 1306 3143 unguine
1350 3092 1465 3129 non
1508 3083 1927 3131 consecrentur.
1964 3061 2003 3115 Ο

237 3157 319 3209 Ad
362 3159 711 3212 celebranda
758 3165 949 3212 autem
993 3161 1184 3214 divina
1233 3163 1419 3217 ofﬁcia
1459 3164 1719 3218 ordinem
1763 3182 1934 3236 quem

239 3247 672 3316 metropolitani
718 3251 935 3314 tenent,
969 3250 1473 3318 comprovinciales
1504 3268 1701 3305 eorum
1735 3258 1792 3307 et
1833 3254 1931 3307 ob-

240 3350 463 3389 servare
503 3336 808 3389 debebunt.

238 3424 365 3477 Csp.
410 3424 598 3479 XXVI.
633 3454 702 3462 ——
777 3428 841 3479 Ut
879 3428 1261 3479 monasterium
1314 3427 1387 3480 ad
1446 3429 1838 3484 meliorandum
1874 3433 1933 3484 in

699 3496 868 3549 alium
899 3497 1054 3549 liceat
1074 3512 1269 3565 ponere
1299 3499 1485 3551 locum.

304 3582 415 3651 (Ea:
439 3583 588 3637 decr.
623 3586 899 3649 Bonifacii
922 3599 1096 3652 papa,
1129 3601 1248 3653 cap.
1292 3587 1369 3655 6.)
1402 3587 1457 3640 Si
1490 3587 1618 3656 quis
1648 3589 1769 3641 vult
1809 3603 1930 3641 mo-

240 3672 559 3725 nasterium
608 3688 776 3725 suum
825 3672 893 3725 ad
946 3673 1369 3727 meliorandum
1422 3673 1481 3726 in
1519 3675 1692 3728 alium
1744 3677 1929 3728 locum

233 3774 467 3828 ponere,
520 3760 622 3813 tiat
660 3776 789 3813 cum
839 3761 1079 3814 consilio
1126 3761 1378 3832 episcopi
1422 3768 1477 3815 et
1517 3763 1759 3817 fratrum
1796 3780 1926 3817 suo-

232 3863 378 3915 rum,
423 3853 482 3902 et
512 3848 763 3902 dimittat
792 3849 1189 3919 presbyterum
1233 3850 1293 3911 in
1324 3849 1502 3920 priori
1534 3851 1681 3917 loco,
1719 3851 1788 3905 ad
1819 3851 1926 3904 mi-

231 3934 371 3989 niste
380 3935 466 3989 ria
505 3937 787 3990 Ecclesiae.

230 4023 355 4078 CAP.
402 4025 616 4080 XXVII.
676 4055 745 4063 —
807 4026 871 4079 Ut
917 4026 1245 4149 sziedhtissa
1291 4026 1534 4080 Ecclesia
1587 4040 1693 4080 non
1741 4026 1928 4081 debeat

990 4112 1017 4148 ϐ
1059 4111 1215 4149 icari.

990 4111 1215 4149 eaicari.

294 4182 401 4249 (Em
435 4182 585 4236 decr.
637 4184 879 4237 Evarist.
923 4198 1105 4251 papae,
1152 4198 1271 4251 cap.
1317 4182 1394 4250 4.)
1425 4183 1636 4238 Omnes
1676 4184 1925 4239 basilicae

226 4286 351 4323 cum
385 4270 558 4324 Missa
587 4286 816 4341 semper
845 4270 1053 4324 debent
1077 4271 1416 4324 consecrari.

226 4358 348 4414 CAP.
384 4359 620 4414 XXVIII.
654 4334 731 4397 -ί
771 4361 837 4413 Ut
882 4362 1159 4428 episcopus
1198 4361 1459 4413 neminem
1487 4360 1772 4428 prohibeat
1816 4364 1919 4415 Ec-
1949 4334 1993 4388 Β

480 4431 703 4483 clesiam
734 4431 967 4495 ingredi,
1000 4437 1049 4483 et
1079 4430 1271 4483 audire
1298 4432 1522 4485 verbum
1548 4434 1659 4484 Dei.

292 4518 401 4587 (Ex
451 4519 646 4571 concil.
698 4518 850 4587 apud
906 4519 1182 4573 Valentias
1241 4518 1443 4585 habito,
1506 4534 1624 4587 cap.
1685 4520 1794 4590 16.)
1851 4521 1921 4573 Ut

219 4606 523 4675 episcopus
582 4606 812 4659 nullum
864 4606 1166 4675 prohibeat
1219 4605 1443 4675 ingredi
1503 4606 1811 4660 Ecclesiam
1864 4612 1921 4660 et

217 4694 414 4747 audire
460 4693 708 4747 verbum
756 4693 875 4758 Dei,
920 4694 1036 4748 sive
1079 4695 1373 4765 gentilem,
1407 4695 1522 4748 sive
1556 4696 1914 4763 haereticum,

217 4779 326 4833 sive
356 4781 652 4847 Judaeum,
686 4798 868 4852 usque
898 4782 969 4835 ad
1000 4784 1220 4837 Missam
1247 4784 1807 4838 catechumenorum.

218 4867 342 4922 Csp.
380 4871 568 4925 XXIX.
620 4899 690 4908 --
743 4872 808 4923 Ut
860 4873 1091 4941 populus
1133 4875 1230 4941 qui
1272 4875 1513 4926 convenit
1545 4872 1618 4925 ad
1666 4874 1911 4939 Missam,

578 4945 874 5007 antequam
903 4944 1133 5009 finiatur
1163 4958 1267 4996 non
1297 4944 1559 4996 discedat.

284 5028 399 5091 (Ea:
429 5030 626 5082 concil.
662 5030 993 5094 Arelatensi,
1038 5045 1157 5098 cap.
1196 5030 1270 5100 1.)
1306 5032 1466 5096 Item,
1501 5046 1629 5084 cum
1665 5030 1733 5084 ad
1767 5031 1910 5085 cele-

215 5115 490 5170 brandam
543 5117 770 5169 Missam
808 5117 867 5170 in
904 5118 998 5170 Dei
1044 5118 1280 5172 nomine
1328 5119 1593 5172 convenit
1640 5120 1908 5189 populus,

212 5217 325 5255 non
373 5210 509 5258 ante
548 5205 803 5258 discedat
848 5222 1019 5276 quam
1057 5207 1232 5261 Missae
1268 5207 1594 5260 solemnitas
1632 5208 1913 5276 complea-

211 5297 321 5359 tur,
361 5299 439 5358 et,
474 5293 579 5347 ubi
623 5293 927 5363 episcopus
974 5295 1239 5361 defuerit,
1274 5295 1729 5349 benedictionem
1759 5295 1911 5349 acci-

209 5380 323 5446 piat
352 5380 692 5435 sacerdotis.

209 5469 332 5523 Csp.
367 5470 526 5525 XXX.
567 5500 637 5509 ——
688 5471 762 5523 De
798 5470 908 5523 illis
958 5472 1478 5554 qqiEcclesiastica
1511 5472 1706 5526 habent
1753 5471 1909 5525 bene-

278 5613 381 5679 (Em
421 5611 620 5665 concil.
669 5611 937 5678 Mogunt.,
987 5541 1274 5682 42.)
1307 5611 1641 5683 Quicunque
1681 5610 1905 5666 beneﬁ-

2054 1874 2223 1927 quam
2257 1867 2313 1914 et
2342 1879 2443 1931 pro
2473 1866 2625 1936 regis
2653 1869 2986 1926 Theodorici
3011 1890 3177 1927 causa
3214 1881 3427 1946 negotii
3462 1883 3735 1938 suadente

2052 1952 2223 2016 atque
2286 1950 2571 2020 hortante,
2647 1957 3003 2029 Arianosque
3068 1965 3415 2033 exstirpante
3477 1970 3733 2037 piissimo

2052 2040 2222 2104 atque
2273 2038 2750 2097 Christianissimo
2796 2048 3017 2101 Justino
3066 2053 3377 2107 ortliodoxo
3428 2056 3732 2125 imperato-

2052 2138 2131 2186 re,
2191 2139 2561 2198 quascunque
2614 2132 2724 2183 illis
2779 2133 2837 2186 in
2887 2137 3144 2203 partibus
3201 2157 3401 2195 eorum
3460 2145 3732 2201 Ecclesias

2049 2212 2300 2279 reperire
2348 2216 2662 2285 potuimus,
2714 2222 3015 2276 catholicas
3062 2243 3154 2277 eas
3188 2229 3425 2283 Domino
3459 2248 3624 2301 opem
3657 2236 3733 2290 fe-

2048 2304 2208 2353 rente
2235 2306 2709 2367 consecravimus.

2048 2404 2176 2458 CAP.
2225 2407 2455 2462 XXXIII.
2512 2441 2579 2448 —
2641 2413 2721 2466 De
2768 2415 3080 2472 dimcesanis
3139 2422 3384 2476 Ecclesiis
3435 2425 3727 2481 destitutis.

2116 2493 2223 2563 (Ea:
2271 2498 2454 2550 concil.
2520 2501 2916 2571 Terraconcnsi,
2972 2522 3091 2576 cap.
3152 2510 3230 2576 9.)
3277 2511 3587 2567 Multorum
3647 2533 3734 2569 ca-

2044 2597 2209 2634 suum
2243 2586 2590 2653 experientia
2625 2591 3014 2659 magistrante,
3065 2598 3382 2665 reperimus
3428 2603 3730 2656 nonnullas

2046 2668 2387 2723 dioecesanas
2426 2675 2696 2729 Ecclesias
2736 2678 3053 2734 destitutas.
3099 2686 3204 2735 Pro
3254 2702 3365 2755 qua
3400 2703 3459 2740 re
3490 2689 3543 2742 id
3593 2707 3727 2743 con-

2044 2755 2341 2810 stitutione
2375 2758 2725 2815 decrevimus
2754 2769 2817 2816 ut
2842 2767 3090 2836 antiquae
3125 2774 3550 2827 consuetudinis
3591 2778 3728 2831 ordo

2044 2849 2317 2911 servetur,
2363 2851 2419 2900 et
2460 2850 2622 2901 annis
2650 2851 2890 2921 singulis
2934 2856 3003 2908 ab
3038 2857 3305 2928 episcopo
3338 2861 3608 2917 dimceses
3643 2866 3729 2918 vi-

2045 2930 2305 2998 sitentnr,
2379 2940 2454 2998 et,
2515 2937 2562 2988 si
2615 2954 2727 3007 qua
2782 2938 2928 2994 forte
2982 2943 3213 2997 basilica
3271 2954 3496 3017 reperta
3552 2952 3728 3006 fuerit

2043 3017 2332 3084 destituta,
2393 3024 2751 3079 ordinatione
2798 3028 2976 3097 ipsius
3023 3040 3320 3101 reparetur
3350 3053 3363 3089 :
3394 3038 3526 3107 quia
3560 3040 3725 3093 tertia

2044 3123 2175 3174 pars
2223 3125 2286 3161 ex
2335 3111 2600 3165 omnibus
2648 3130 2751 3182 per
2791 3117 3085 3187 antiquam
3132 3122 3496 3177 traditionem
3531 3132 3592 3180 ut
3634 3145 3724 3181 ac-

2044 3193 2292 3263 cipiatur
2342 3197 2412 3250 ab
2467 3198 2772 3270 episcopis,
2809 3220 2876 3257 ex
2921 3206 3274 3276 principibus
3323 3212 3580 3265 novimus
3609 3219 3723 3267 sta-

2042 3286 2249 3337 tutum.

2042 3388 2171 3442 CAP.
2230 3363 2487 3444 XXXIV.
2524 3424 2592 3431 —
2646 3398 2887 3462 Qualiter
2941 3400 3255 3456 destitutam
3303 3406 3601 3461 Ecclesiam
3651 3410 3724 3462 al-

2174 3464 2276 3513 teri
2304 3464 2549 3518 Ecclesiae
2576 3472 2712 3519 recte
2741 3484 3059 3536 conjungere
3088 3476 3265 3527 valeat
3294 3480 3591 3546 episcopus.

2110 3548 2219 3615 (Ea:
2266 3552 2450 3616 regist.
2499 3556 2652 3618 Greg.
2702 3555 2777 3607 ad
2813 3556 3132 3613 Bacaudam
3166 3564 3527 3618 Formienscm
3557 3569 3717 3634 episc.

2038 3636 2184 3705 mis.)
2235 3638 2298 3689 Et
2324 3641 2653 3707 temporalis
2698 3645 2997 3697 necessitas
3045 3662 3150 3699 nos
3198 3659 3484 3719 perurget,
3537 3661 3592 3708 et
3622 3654 3725 3707 im-

2039 3723 2280 3779 minutio
2328 3726 2502 3793 exigit
2555 3745 2945 3798 personarum,
3006 3740 3067 3787 nt
3124 3737 3409 3793 destitutis
3460 3742 3721 3796 Ecclesiis

2038 3812 2250 3866 salubri
2303 3829 2367 3866 ac
2424 3816 2660 3884 provida
2716 3817 3021 3873 debeamus
3078 3822 3446 3893 dispositione
3494 3845 3720 3883 succur-

2036 3915 2182 3953 rere.
2238 3901 2303 3954 Et
2357 3901 2507 3964 ideo,
2572 3905 2847 3974 quoniam
2904 3908 3209 3964 Ecclesiam
3274 3912 3719 3972 Minturnensem

2035 3987 2291 4043 funditus
2322 3994 2436 4043 tam
2487 3992 2620 4045 cleri
2653 4009 2825 4063 quam
2880 3996 3062 4065 plebis
3122 3999 3447 4055 destitutam
3496 4004 3721 4059 desola-

2036 4075 2190 4130 tione
2221 4078 2612 4148 cognovimus,
2658 4085 2930 4153 tuamque
2976 4102 3081 4155 pro
3113 4103 3178 4140 ea
3214 4089 3549 4157 petitionem
3581 4110 3720 4163 qua-

2034 4168 2202 4218 tenus
2235 4166 2552 4221 Formiana:
2573 4169 2845 4237 Ecclesiae,
2873 4171 2933 4225 in
2965 4188 3077 4243 qua
3098 4191 3305 4245 corpus
3324 4177 3476 4232 beati
3506 4180 3722 4235 Erasmi

2034 4254 2298 4324 martyris
2341 4256 2663 4326 requiescit,
2715 4259 2920 4330 cuique
2950 4261 3271 4318 fraternitas
3302 4270 3399 4320 tua
3429 4269 3717 4337 praesidet,

2032 4342 2268 4413 adjungi
2311 4343 2531 4409 debeat,
2565 4350 2622 4399 et
2668 4348 2823 4416 piam
2855 4364 2973 4402 esse
3006 4366 3070 4403 ac
3093 4351 3469 4420 justissimam
3518 4357 3720 4425 praevi-

2031 4429 2248 4499 dentes,
2286 4433 2670 4487 necessarium
2718 4434 3005 4501 duximus,
3058 4441 3421 4495 consulentes
3451 4447 3567 4496 tam
3618 4446 3717 4499 de-

2029 4517 2295 4571 solationi
2328 4519 2438 4572 loci
2482 4520 2634 4573 illius
2680 4537 2851 4591 quam
2902 4527 3013 4576 tute
3059 4526 3318 4580 Ecclesia:
3369 4533 3714 4600 paupertati,

2026 4605 2245 4659 reditus
2291 4607 2631 4675 supradictae
2663 4608 2924 4663 Ecclesize
2957 4611 3379 4682 Minturnensis,
3416 4618 3501 4671 vel
3554 4620 3718 4690 quid-

2028 4693 2162 4763 quid
2194 4693 2244 4746 ei
2288 4694 2522 4765 antiquo
2550 4696 2941 4767 modernoque
2968 4699 3118 4768 jure,
3171 4702 3257 4755 vel
3287 4704 3590 4776 privilegio
3619 4725 3717 4778 po-

2025 4781 2136 4835 tuit
2181 4786 2437 4850 potestve
2494 4782 2750 4853 qualibet
2802 4784 3026 4840 ratione
3081 4795 3425 4860 competere,
3477 4795 3550 4848 ad
3598 4800 3713 4850 tuae

2028 4870 2284 4923 Ecclesia:
2309 4870 2401 4939 jus
2430 4876 2885 4943 potestatemque
2919 4875 3023 4928 hac
3065 4879 3340 4948 praecepti
3370 4882 3549 4935 nostri
3579 4900 3711 4938 auc-

2024 4957 2253 5011 toritate
2311 4958 2693 5024 concedimus,
2744 4964 2869 5013 uta
2898 4964 3167 5031 praesenti
3214 4970 3496 5036 tempore,
3548 4970 3712 5025 sicuti

2022 5061 2051 5097 e
2099 5046 2334 5115 propria
2387 5046 2611 5117 quippe.
2655 5049 2901 5103 Ecclesia
2957 5051 3164 5107 debeas
3222 5056 3493 5125 cogitare,
3544 5058 3711 5129 eique

2021 5135 2419 5203 competentia:
2486 5141 2599 5190 tua:
2665 5137 2987 5206 provisione
3042 5141 3366 5211 disponere,
3429 5148 3710 5214 quatenus

2020 5221 2304 5292 deinceps,
2339 5224 2493 5293 quod
2519 5224 2705 5293 perire
2750 5241 2901 5280 nunc
2930 5243 3109 5298 usque
3147 5231 3353 5300 potuit,
3387 5246 3705 5301 pauperum

2022 5310 2279 5365 Ecclesiae
2312 5317 2425 5366 tute
2452 5312 2811 5381 utilitatibus,
2845 5315 3093 5386 clerique
3124 5316 3401 5386 proﬁciat.

2019 5435 2147 5490 CAP.
2179 5435 2395 5490 XXXV.
2431 5467 2500 5476 —
2546 5438 2613 5491 Ut
2649 5440 2881 5561 picctluzz
2922 5439 2981 5562 ip
3028 5439 3275 5493 Ecclesia
3315 5441 3437 5508 ﬁeri
3476 5455 3583 5495 non
3612 5442 3700 5497 de-

2780 5525 2806 5561 ρ
2842 5523 2941 5561 ean
2972 5548 2984 5560 .

2780 5523 2984 5561 coeant.

2088 5611 2196 5677 (Ea:
2223 5628 2365 5668 conc.
2425 5612 2753 5681 Elibertan.,
2798 5627 2920 5682 cap.
2973 5612 3052 5684 2.)
3084 5611 3306 5669 Placuit
3348 5613 3599 5685 picturas
3645 5618 3707 5674 in
