4200 6398
595 392 699 446 6⁸79

1668 367 2074 427 BURCHARDI
2112 356 2643 421 WORHACIENSIS
2680 355 2723 410 E
2736 348 3014 407 PISCOPI.

4002 336 4103 387 680

598 512 849 571 Ecclesia
892 505 1019 563 ﬁeri
1047 518 1166 559 non
1210 501 1437 563 debere,
1470 512 1544 552 ne
1573 494 1727 567 quod
1771 492 1974 547 colitur
2002 494 2059 544 et
2088 488 2284 542 adora—
2312 487 2361 542 Α
2398 498 2504 536 nec
2534 474 2829 534 communi
2871 485 3147 526 consensu
3185 471 3243 522 et
3269 463 3509 520 consilio
3541 458 3802 532 episcopi
3846 460 4107 513 statuant

598 608 713 669 tur,
743 601 808 654 in
835 594 1151 671 parietibus
1180 591 1548 661 depingatur.

935 702 1065 755 CAP.
1095 696 1337 752 XXXVI.
1369 723 1438 733 —
1466 694 1596 746 Item
1629 689 1695 743 de
1721 690 1955 757 pictura.

672 812 783 882 (Ea:
846 811 1004 878 epist.
1067 802 1313 869 Gregorii
1368 796 1666 854 Secundino
1718 808 1868 847 servo
1916 792 2016 846 Dei
2088 789 2291 841 recluso

604 876 1082 968 directa.)iAliud
1147 896 1231 943 est
1281 887 1433 941 enim
1490 884 1771 954 picturam
1822 878 2081 939 adorare,
2138 876 2292 928 aliud

604 1005 711 1061 per
736 963 967 1058 picturae
999 978 1293 1035 historiam
1324 972 1464 1045 quid
1493 974 1564 1024 sit
1593 968 1950 1023 adorandum
1980 963 2291 1018 addiscere.

611 1052 754 1132 Nam-
782 1071 937 1144 quod
983 1065 1304 1138 legentibus
1332 1061 1641 1130 Scriptura,
1677 1056 1787 1109 hoc
1835 1052 2029 1107 idiotis
2064 1054 2297 1121 prestat

606 1166 834 1238 pictura
861 1155 1221 1214 cernentibus
1251 1167 1265 1205 :
1301 1149 1435 1221 quia
1474 1149 1533 1200 in
1565 1147 1689 1216 ipsa
1731 1143 2060 1213 ignorantes
2102 1138 2299 1191 vident

612 1230 762 1325 quod
801 1247 961 1318 sequi
1010 1244 1271 1304 debeant,
1321 1238 1381 1290 in
1412 1236 1534 1306 ipsa
1564 1234 1767 1303 legunt
1812 1230 1913 1301 qui
1947 1230 2163 1283 litteras
2192 1241 2298 1279 ne-

570 1346 583 1356 '
612 1313 817 1395 sciunt.
866 1313 1023 1389 Ilnde
1052 1338 1108 1384 et
1152 1326 1439 1399 praecipue
1486 1321 1753 1393 gentibus
1796 1334 1901 1389 pro
1949 1316 2191 1370 lectione
2220 1313 2301 1384 pi-

611 1435 770 1483 ctura
800 1429 902 1478 est.
936 1419 1096 1485 Quod
1143 1427 1516 1485 magnopere,
1550 1416 1613 1463 tu
1645 1408 1744 1479 qui
1793 1408 1945 1461 inter
1975 1410 2169 1473 gentes
2199 1402 2299 1455 ba-

611 1519 778 1577 bitas,
812 1511 1100 1567 attendere
1122 1506 1428 1567 debueras;
1464 1516 1556 1565 ne,
1580 1499 1715 1552 dum
1748 1502 1902 1550 recto
1932 1496 2052 1548 zelo
2077 1493 2301 1546 incaute

613 1598 1049 1660 succendereris,
1102 1592 1384 1648 ferocibus
1427 1588 1634 1642 animis
1688 1584 2015 1639 scandalum
2067 1595 2301 1650 genera-

610 1709 721 1747 res.
779 1687 983 1755 Frangi
1016 1699 1151 1753 ergo
1200 1696 1315 1734 non
1360 1678 1556 1732 debuit
1589 1674 1745 1745 quod
1791 1688 1907 1726 non
1940 1672 2009 1725 ad
2059 1671 2303 1722 adoran-

613 1782 751 1837 dum
802 1778 860 1831 in
913 1772 1190 1835 Ecclesiis,
1241 1767 1337 1820 sed
1395 1766 1465 1819 ad
1524 1762 1888 1816 instruendas
1944 1756 2304 1811 solummodo
2337 1769 2377 1822 Β

614 1872 833 1924 mentes
874 1863 983 1917 fuit
1011 1857 1387 1913 nescientium
1436 1854 1799 1906 collocatum.
1852 1850 1917 1901 Et
1958 1846 2094 1917 quia
2132 1846 2190 1897 in
2223 1844 2303 1896 lo-

614 1959 694 2011 cis
732 1950 1150 2008 vencrabilibus
1197 1949 1527 1998 sanctorum
1586 1937 1823 2008 depingi
1870 1935 2135 1989 historias
2188 1946 2305 1984 non

616 2045 739 2098 sine
770 2041 990 2095 ratione
1035 2040 1289 2089 vetustas
1347 2028 1599 2095 admisit,
1633 2027 1680 2079 si
1734 2026 1920 2078 zelum
1964 2020 2306 2074 discretione

615 2130 982 2192 condidisses,
1028 2125 1152 2177 sine
1199 2119 1373 2175 dubio
1404 2122 1459 2171 et
1489 2133 1552 2169 ea
1603 2130 1732 2185 quae
1779 2110 2112 2165 intendebas
2160 2108 2307 2160 salu-

616 2204 798 2276 briter
830 2215 1108 2278 obtinere,
1142 2215 1198 2264 et
1221 2209 1520 2262 collectum
1550 2217 1783 2275 gregem
1812 2216 1929 2254 non
1960 2200 2306 2267 dispergere,

621 2309 720 2364 sed
753 2306 945 2378 potius
994 2306 1225 2373 poteras
1265 2308 1633 2366 congregare,
1684 2296 1746 2344 ut
1777 2288 2021 2360 pastoris
2068 2287 2311 2339 inteme-

622 2402 814 2453 ratum
855 2406 1069 2447 nomen
1121 2388 1443 2452 excelleret,
1480 2398 1596 2436 non
1639 2380 1805 2449 culpa
1853 2374 2187 2446 dispersoris
2217 2374 2311 2426 in-

622 2485 937 2541 cumberet.

625 2593 753 2649 CAP.
780 2585 1053 2642 XXXVII.
1081 2612 1150 2621 —-
1198 2583 1264 2636 Ut
1291 2595 1395 2632 non
1422 2593 1524 2646 pro
1564 2576 1742 2649 debito
1771 2574 2051 2649 episcopus
2088 2568 2153 2649 de
2180 2581 2310 2620 con-

807 2655 1071 2713 secranda
1098 2653 1337 2708 Ecclesia
1368 2644 1561 2702 mimus
1595 2644 1819 2713 aliquod
1852 2646 2123 2710 requirat.

697 2766 807 2833 (Ea:
854 2761 1040 2817 concil.
1097 2757 1479 2819 Wormacien.,
1531 2767 1650 2819 cap.
1704 2749 1781 2817 l.)
1815 2748 2034 2802 Placuit
2073 2749 2134 2797 ut
2163 2760 2312 2813 quo—

625 2854 728 2909 ties
771 2853 843 2906 ab
895 2851 1089 2919 aliquo
1145 2845 1401 2899 ﬁdelium
1449 2842 1516 2894 ad
1573 2836 1988 2893 consecrandus
2044 2832 2315 2887 Ecclesias

621 2942 921 3012 episcopus
974 2936 1267 3000 invitatur,
1330 2945 1446 2986 non
1505 2927 1669 2998 quasi
1729 2942 1797 2979 ex
1854 2924 2048 2978 debito
2106 2935 2316 2973 munus

622 3009 856 3100 aliquod
887 3044 923 3081 a
966 3024 1273 3079 fundatore
1322 3018 1597 3088 requirat,
1661 3013 1759 3067 sed
1794 3013 1842 3065 si
1906 3013 2029 3080 ipse
2079 3009 2313 3079 quidem
2348 3051 2388 3104 Ο

621 3116 839 3188 aliquid
871 3131 937 3168 ex
985 3129 1086 3167 suo
1117 3116 1247 3164 voto
1276 3104 1570 3168 obtulerit,
1615 3118 1731 3156 non
1774 3105 2095 3170 respuatur.
2128 3100 2199 3149 At
2229 3103 2313 3147 ta-

623 3222 757 3261 men
785 3202 1183 3272 unusquisque
1222 3196 1524 3267 episcopus
1555 3190 1882 3245 meminerit
1921 3194 1986 3241 ut
2016 3202 2129 3239 non
2157 3184 2316 3254 prius

626 3293 850 3348 dedicet
913 3288 1235 3350 Ecclesiam,
1300 3282 1414 3337 nisi
1474 3285 1641 3335 antea
1710 3278 1905 3331 dotem
1961 3274 2204 3329 basilicae
2263 3276 2318 3324 et

626 3378 967 3448 obsequium
1018 3374 1197 3444 ipsius
1228 3387 1333 3441 per
1375 3369 1742 3424 donationem
1799 3366 2072 3419 chartulas
2117 3360 2320 3414 contir-

626 3472 850 3523 matum
901 3463 1157 3531 accipiat.
1187 3460 1328 3513 Nam
1377 3472 1497 3511 non
1542 3454 1723 3509 levior
1749 3456 1832 3506 est
1880 3452 1987 3504 ista
2028 3449 2319 3503 temeritas

626 3557 676 3611 si
718 3556 842 3609 sine
902 3550 1280 3606 luminaribus
1312 3546 1399 3599 vel
1449 3544 1571 3598 sine
1620 3540 1984 3595 substantiali
2044 3541 2319 3591 sustenta-

627 3644 781 3700 tione
810 3646 897 3696 est
943 3653 1143 3693 eorum
1191 3635 1293 3707 qui
1332 3633 1545 3688 ibidem
1592 3630 1856 3684 servituri
1885 3633 2038 3694 sunt,
2069 3642 2241 3697 quam
2273 3624 2320 3676 si

624 3734 830 3787 domus
857 3729 1080 3799 privata
1106 3726 1471 3780 consecretur
1506 3719 1769 3774 Ecclesia.

626 3841 755 3894 CAP.
787 3834 1084 3891 XXXVIII.
1135 3862 1203 3870 —
1253 3832 1322 3885 Ut
1362 3828 1651 3883 Ecclesium
1695 3826 1755 3877 in
1785 3838 1895 3891 qua
1934 3820 2203 3875 cadavera
2243 3820 2324 3871 in-

801 3908 1043 3976 ﬁdelium
1071 3904 1280 3971 sepulta
1310 3904 1437 3954 sunt
1464 3899 1802 3961 sanctiﬁcare
1826 3908 1933 3947 non
1963 3894 2140 3944 liceat.

697 4018 808 4087 (Ea:
846 4012 1033 4067 concil.
1068 4009 1389 4076 Agrippin.,
1439 4018 1558 4071 cap.
1604 4000 1720 4069 23.)
1772 3998 2072 4052 Ecclesiam
2120 3996 2179 4049 in
2210 4010 2325 4065 qua

627 4108 989 4160 mortuorum
1037 4099 1311 4151 cadavera
1342 4091 1666 4145 inﬁdelium
1716 4087 2073 4156 sepeliuntur
2114 4082 2323 4137 sancti-

626 4193 800 4248 ﬁcare
832 4205 947 4243 non
990 4187 1145 4253 licet,
1176 4182 1274 4236 sed
1326 4184 1461 4250 apta
1486 4177 1713 4231 videtur
1742 4176 1812 4228 ad
1857 4173 2323 4235 consecrandum,

636 4278 850 4354 [modo]
877 4276 1011 4330 inde
1031 4271 1241 4327 evulsis
1264 4265 1621 4338 corporibus,
1645 4268 1702 4317 et
1720 4262 1860 4316 rasis
1882 4261 2214 4332 parietibus,
2237 4258 2323 4310 vel

631 4347 762 4424 lotis
809 4347 980 4436 lignis
1031 4358 1434 4415 remdiﬁcetur.
1499 4353 1555 4407 Si
1611 4352 1731 4405 haec
1772 4354 2095 4404 consecrata
2165 4347 2324 4419 prius

632 4456 763 4521 fuit,
817 4434 1009 4507 Missas
1056 4448 1118 4502 in
1162 4462 1229 4500 ea
1282 4441 1570 4497 celebrare
1629 4439 1775 4503 licet,
1808 4438 1852 4491 si
1884 4442 2077 4491 tamen
2132 4434 2328 4488 ﬁdeles

637 4542 853 4599 fuerint
871 4541 973 4609 qui
1002 4537 1064 4591 in
1095 4550 1162 4588 ea
1187 4531 1396 4603 sepulti
1422 4532 1567 4584 sunt.

638 4652 767 4707 CAP.
827 4643 1078 4701 XXXIX.
1144 4670 1210 4679 —
1266 4642 1341 4694 De
1391 4638 1555 4704 lignis
1613 4635 1873 4689 dedicatae
1931 4632 2195 4697 Ecclesiae,
2258 4627 2332 4681 ad

1121 4726 1252 4780 quos
1279 4724 1404 4764 usus
1436 4709 1574 4762 verti
1605 4707 1848 4760 debeant.

714 4806 823 4875 (Ea:
868 4803 1011 4857 decr.
1065 4801 1228 4866 Ygini
1279 4812 1456 4867 papz,
1521 4810 1642 4862 cap.
1692 4793 1766 4862 3.)
1828 4790 2006 4860 Ligna
2070 4784 2333 4840 Ecclesiae

640 4873 920 4951 dedicatae
971 4905 1086 4943 non
1131 4887 1338 4942 debent
1383 4885 1453 4937 ad
1501 4882 1657 4937 aliud
1708 4896 1850 4951 opus
1890 4877 2059 4949 jungi
2101 4875 2210 4928 nisi
2262 4873 2336 4927 ad

644 4984 814 5038 aliam
849 4977 1174 5040 Ecclesiam,
1223 4974 1312 5028 vel
1354 4972 1474 5043 igni
1517 4968 1923 5031 comburenda,
1969 4966 2057 5019 vel
2098 4964 2166 5018 ad
2198 4978 2336 5034 pro-

642 5072 859 5127 fectum
904 5068 966 5121 in
997 5062 1343 5121 monasterio
1388 5059 1691 5125 fratribus;
1740 5057 1800 5111 in
1845 5056 2120 5110 laicorum
2161 5067 2338 5124 Opera

642 5174 761 5216 non
790 5157 1002 5213 debent
1030 5150 1278 5209 admitti.

644 5265 773 5322 CAP.
822 5262 938 5316 XL.
989 5290 1060 5299 —
1106 5255 1250 5324 Quid
1303 5255 1549 5323 episcopo
1601 5250 1870 5324 agde
1914 5250 2015 5324 sit,
2059 5249 2109 5301 si
2154 5248 2337 5316 plures

915 5321 1149 5386 heredes
1179 5328 1245 5381 de
1275 5321 1387 5379 una
1416 5323 1785 5378 contenderim
1813 5321 2071 5375 Ecclesia.

720 5441 829 5512 (Ea:
880 5440 1068 5495 concil.
1125 5436 1372 5501 Tribur.,
1426 5447 1546 5500 cap.
1597 5428 1713 5497 20.)
1746 5427 1803 5481 Si
1846 5427 2041 5498 plures
2085 5423 2343 5478 heredes

650 5528 1047 5585 contenderint
1100 5525 1171 5581 de
1217 5518 1517 5577 communi
1563 5515 1829 5582 Ecclesia,
1881 5512 2096 5568 auferri
2143 5512 2345 5583 jubeat

577 5687 594 5699 η
653 5615 955 5688 episcopus
993 5612 1266 5687 reliquias
1312 5623 1500 5667 sacras
1538 5611 1598 5664 et
1643 5602 1951 5662 Ecclesium
1998 5601 2204 5670 claudi,
2238 5600 2341 5656 do-

2397 571 2476 625 ibi
2505 567 2924 641 presbyterum,
2952 566 3010 613 et
3040 558 3188 612 unde
3220 555 3388 608 vivat.

2714 722 2726 732 .
2822 652 2952 705 CAP.
2984 649 3128 703 XLI.
3160 675 3230 685 —
3263 647 3336 699 De
3371 641 3559 695 eadem
3589 654 3667 693 re.

2474 750 2584 815 (Ea:
2616 724 2759 798 decr.
2811 741 2972 807 Greg.
3027 750 3205 805 papa,
3263 747 3384 800 cap.
3430 733 3505 795 5.)
3540 729 3616 781 De
3665 724 3931 780 Ecclesiis
3978 739 4111 793 quae

2402 814 2551 891 inter
2612 829 2938 885 cohaeredes
3004 830 3139 878 sunt
3202 821 3396 876 divisa!
3462 814 3954 872 considerandum
4027 820 4113 863 est

2402 929 2683 997 quatenus
2730 919 2776 971 si
2824 913 3135 969 secundum
3182 906 3602 980 providentiam
3652 908 3710 957 et
3756 899 4115 956 admonitio-

2402 1028 2533 1067 nem
2566 1006 2821 1079 episcopi
2868 1002 2977 1073 ipsi
3023 998 3346 1055 cohasredes
3394 1012 3491 1050 eas
3540 991 3831 1046 voluerint
3876 994 4113 1052 tenere,

2403 1108 2458 1156 et
2490 1077 2770 1155 honorare
2819 1094 3046 1148 faciant.
3085 1089 3185 1143 Sin
3231 1091 3423 1140 autem
3476 1084 3582 1138 hoc
3626 1077 4116 1139 contradixerint,

2403 1191 2464 1244 in
2504 1186 2753 1258 episcopi
2805 1184 3089 1253 potestate
3138 1179 3387 1235 maneat,
3441 1177 3635 1226 utrum
3668 1185 3764 1222 eas
3807 1168 3893 1221 ita
3921 1166 4119 1220 consi-

2406 1256 2555 1331 stere
2578 1274 2888 1347 permittat,
2918 1273 3017 1322 aut
3046 1265 3319 1335 reliquias
3345 1262 3477 1315 inde
3504 1260 3728 1313 auferre
3753 1256 3914 1310 velit.

2513 1344 2642 1416 (ΣᾹΡ.
2675 1360 2840 1415 XLII.
2870 1388 2937 1397 —
2973 1360 3043 1410 De
3072 1354 3322 1409 Ecclesiis
3354 1353 3495 1403 inter
3514 1346 3747 1401 heredes
3777 1344 4007 1397 divisis.

2482 1454 2600 1519 (Er
2640 1450 2824 1503 concil.
2889 1443 3332 1505 Mediomatricis,
3388 1454 3507 1507 cap.
3561 1435 3633 1506 I.)
3685 1434 3987 1488 Perlaturn
4036 1435 4122 1482 est

2412 1541 2479 1594 ad
2515 1546 2765 1591 sanctam
2815 1534 3096 1605 synodum
3143 1530 3297 1601 quod
3347 1528 3496 1581 inter
3534 1524 3794 1579 heredes
3847 1520 4121 1575 ECClt‘riiP

2411 1631 2470 1684 in
2527 1629 2695 1681 rebus
2742 1623 2989 1696 propriis
3044 1621 3366 1674 constitutae
3430 1613 3776 1676 dividantur,
3834 1614 3897 1663 et
3959 1613 4122 1661 tanta

2413 1734 2515 1789 per
2545 1716 2805 1770 eamdem
2840 1711 3180 1765 divisionem
3212 1707 3471 1759 simultas
3519 1702 3759 1765 oriatur,
3792 1704 3861 1751 ut
3890 1697 3969 1751 de
4008 1713 4124 1749 uno

2415 1785 2580 1862 altari
2629 1810 2875 1874 quatuor
2922 1804 3113 1869 partes
3167 1797 3327 1860 Iiant,
3368 1798 3423 1845 et
3465 1792 3703 1860 singula:
3761 1792 3963 1857 partes
4014 1785 4127 1837 sin-

2416 1897 2580 1965 gulos
2633 1893 2881 1945 habeant
2940 1888 3317 1958 presbyteros,
3368 1880 3519 1952 quod
3553 1878 3674 1931 sine
3726 1874 4025 1929 discordia
4074 1878 4126 1925 et

2416 1962 2704 2033 simultate
2737 1978 2892 2030 nullo
2924 1974 3090 2027 modo
3135 1971 3259 2025 ﬁeri
3294 1973 3500 2040 potest.
3536 1966 3694 2021 Unde
3728 1963 3903 2017 nobis
3936 1962 4125 2014 visum

2417 2074 2499 2123 est
2531 2068 2683 2138 quod
2731 2061 3123 2134 hujuscemodi
3162 2057 3417 2112 Ecclesia:
3457 2056 3607 2108 inter
3635 2052 3898 2107 hearedcs
3948 2049 4125 2103 dividi

2418 2173 2535 2210 non
2582 2155 2847 2220 debeant,
2908 2157 2963 2203 et
3020 2148 3065 2202 si
3121 2149 3177 2200 in
3234 2144 3663 2199 contentionem
3722 2138 4020 2203 venerint,
4075 2144 4126 2191 et

2420 2245 2733 2296 simultates
2781 2241 2928 2293 inter
2974 2253 3073 2291 eos
3127 2233 3497 2298 surrexerint,
3529 2247 3631 2302 per
3678 2245 3824 2299 quas
3860 2226 4127 2279 sacerdos

2422 2350 2521 2385 suo
2556 2332 2631 2384 ibi
2666 2329 2854 2383 ofﬁcio
2904 2325 3175 2380 canonice
3208 2322 3368 2391 fungi
3412 2337 3528 2374 non
3559 2320 3760 2390 possit,
3810 2317 4129 2387 praecipia-

2423 2428 2515 2475 tur
2543 2420 2611 2473 ab
2642 2419 2911 2489 episcopo
2941 2414 3184 2467 civitatis
3216 2416 3277 2464 ut
3307 2411 3466 2464 nullo
3507 2408 3678 2462 modo
3708 2406 3788 2460 ibi
3823 2405 4126 2459 Missarum

2423 2509 2702 2563 solemnia
2744 2506 3123 2567 celebrentur,
3159 2501 3337 2555 donec
3385 2498 3466 2551 illi
3501 2497 3566 2550 ad
3615 2494 3999 2548 concordiam
4054 2509 4128 2544 re-

2423 2600 2615 2663 deant,
2646 2601 2702 2648 et
2754 2594 2877 2665 pari
2930 2598 3059 2645 voto
3110 2594 3279 2659 atque
3311 2586 3550 2640 concilio
3607 2583 3857 2637 Ecclesia
3904 2582 4011 2633 illa
4041 2596 4131 2632 sa-

2422 2686 2708 2740 cerdotem
2740 2680 3011 2735 canonice
3050 2678 3276 2742 habeat,
3313 2675 3413 2746 qui
3444 2673 3620 2727 libere
3653 2686 3825 2724 suum
3861 2669 4129 2723 ministe-

2424 2777 2573 2828 rium
2606 2773 2682 2825 ibi
2714 2785 2986 2841 peragere
3017 2766 3210 2838 possit.

2425 2884 2553 2936 CAP.
2585 2879 2780 2933 XLIII.
2812 2906 2880 2915 —
2914 2878 2978 2930 Ut
3011 2873 3217 2940 singuli
3263 2869 3565 2939 presbyteri
3591 2866 3845 2934 singulas
3896 2865 4129 2918 habeant

3128 2944 3413 2997 Ecclesias.

2498 3041 2617 3107 (Ea:
2648 3038 2792 3091 decr.
2826 3035 3075 3101 Dionysii
3099 3046 3281 3101 papa",
3324 3044 3444 3097 cap.
3477 3027 3553 3094 4.)
3586 3027 3663 3080 De
3701 3025 3970 3079 Ecclesiis
3999 3039 4128 3091 ergo

2425 3125 2808 3199 parochianis,
2856 3124 3010 3176 unde
3044 3118 3415 3189 apostolicam
3453 3114 3650 3169 sedem
3687 3113 4002 3167 consulere
4044 3128 4129 3162 vo-

2426 3217 2605 3283 luisti,
2649 3214 2896 3284 qualiter
2927 3211 3039 3264 sint
3066 3205 3456 3262 custodiendae
3487 3220 3552 3257 ac
3583 3202 3913 3257 dividenda!
3948 3216 4127 3253 sacer-

2427 3305 2678 3367 dotibus,
2735 3301 2877 3355 nihil
2925 3305 3039 3351 tuas
3085 3295 3347 3349 charitati
3415 3292 3620 3346 melius
3667 3290 3839 3345 nobis
3906 3290 4129 3342 videtur

2428 3393 2717 3456 intimare,
2770 3404 2942 3460 quam
2972 3392 3037 3441 ut
3086 3383 3343 3455 sequaris
3400 3378 3553 3450 quod
3606 3394 3711 3431 nos
3754 3377 3815 3430 in
3872 3376 4129 3429 Romana

2431 3480 2673 3535 Ecclesia
2730 3492 2916 3547 nuper
2970 3475 3151 3544 egisse
3202 3469 3568 3539 cognoscitur
3612 3482 3627 3520 :
3672 3462 3964 3518 Ecclesias
4010 3477 4131 3513 vero

2430 3570 2686 3638 singulas
2733 3564 2975 3635 singulis
3017 3558 3367 3632 presbyteris
3411 3556 3692 3619 dedimus,
3727 3558 3783 3606 et
3816 3551 4132 3620 unicuique

2423 3658 2519 3727 jus
2553 3656 2854 3727 proprium
2883 3652 3094 3707 habere
3139 3647 3468 3708 statuimus,
3500 3644 3581 3697 ita
3606 3642 3875 3695 videlicet
3920 3647 3990 3693 ut
4020 3638 4137 3692 nul.

2434 3748 2519 3799 lus
2554 3744 2787 3797 alterius
2829 3739 3111 3811 parochias
3160 3734 3441 3790 terminos
3482 3737 3584 3785 aut
3605 3731 3699 3800 jus
3748 3729 4016 3793 invadat,
4046 3728 4134 3781 sed

2431 3833 2829 3903 unusquisque
2878 3829 2994 3881 suis
3043 3825 3308 3879 terminis
3355 3822 3431 3875 sit
3475 3825 3802 3882 contentus,
3844 3823 3904 3871 et
3952 3819 4135 3870 taliter

2436 3922 2740 3975 Ecclesiam
2788 3924 2845 3972 et
2895 3916 3122 3988 plebem
3162 3913 3271 3965 sibi
3315 3910 3678 3964 commissam
3729 3906 4049 3971 custodiat,
4082 3912 4134 3955 ut

2435 4016 2565 4064 ante
2598 4007 2846 4063 tribunal
2900 4004 3098 4059 aeterni
3149 4000 3362 4071 judicis
3408 4014 3475 4053 ex
3505 3996 3771 4051 omnibus
3827 3994 3941 4047 sibi
3993 4009 4133 4047 com-

2435 4099 2624 4153 missis
2673 4096 2955 4149 rationem
3004 4090 3225 4157 reddat,
3272 4094 3331 4141 et
3382 4102 3496 4140 non
3522 4084 3826 4155 judicium,
3879 4083 3986 4137 sed
4018 4084 4133 4151 glo-

2433 4188 2579 4242 riam
2610 4202 2715 4257 pro
2764 4184 2883 4237 suis
2940 4180 3159 4235 actibus
3204 4176 3462 4247 accipiat.
3522 4174 3674 4227 Hanc
3720 4187 3963 4242 quoque
4003 4186 4134 4224 nor-

2436 4291 2612 4341 mam,
2675 4271 3048 4335 charissime,
3100 4273 3154 4321 te
3212 4270 3271 4320 et
3326 4279 3527 4318 omnes
3598 4261 3901 4332 episcopos
3982 4258 4136 4327 sequi

2438 4362 2721 4427 convenit,
2772 4366 2831 4413 et
2875 4357 3026 4429 quod
3079 4354 3186 4409 tibi
3239 4352 3527 4415 scribitur,
3577 4349 3850 4403 omnibus
3894 4348 4137 4418 quibus-

2439 4466 2663 4521 cunque
2695 4447 2952 4519 potueris
3000 4448 3204 4498 notum
3234 4441 3428 4505 facias,
3458 4444 3521 4494 ut
3548 4454 3660 4493 non
3708 4436 4007 4508 specialis,
4051 4434 4137 4487 sed

2441 4539 2723 4612 generalis
2755 4538 2854 4590 ﬁat
2883 4536 2990 4588 ista
3020 4530 3352 4603 prmeeptio.

2858 4623 2988 4677 CAP.
3022 4621 3204 4674 XLIV.
3238 4649 3306 4657 —
3338 4620 3411 4673 De
3434 4616 3618 4669 eadem
3645 4629 3721 4667 re.

2516 4717 2625 4787 (Ea:
2682 4714 2870 4769 concil.
2927 4712 3193 4769 Remensi,
3246 4723 3369 4776 cap.
3418 4706 3496 4775 2.)
3554 4700 3972 4773 Unusquisque
4022 4717 4141 4772 pre-

2445 4806 2637 4875 sbyter
2666 4802 2907 4858 Ecclesia
2953 4816 3070 4854 una
3100 4799 3167 4853 ad
3202 4812 3375 4868 quam
3425 4793 3723 4847 ordinatus
3772 4797 3862 4845 est
3913 4798 4142 4845 conten.

2445 4898 2536 4948 tus
2568 4892 2659 4957 sit,
2687 4896 2745 4945 et
2772 4891 2965 4944 nullus
2990 4888 3049 4942 in
3080 4886 3300 4942 duabus
3327 4882 3589 4937 Ecclesiis
3628 4878 3971 4935 ministrare
4009 4896 4143 4950 prie-

2447 4984 2650 5035 sumat.
2966 5010 2973 5019 ο

2873 5064 3000 5119 CAP.
3032 5063 3194 5117 XLV.
3228 5090 3297 5100 —
3332 5062 3407 5114 De
3426 5057 3609 5111 eadem
3638 5072 3714 5109 re.

2522 5157 2639 5227 (Ea:
2672 5154 2852 5209 eodem
2898 5154 3111 5215 concil.,
3162 5166 3281 5218 cap.
3338 5150 3418 5213 8.)
3471 5146 3629 5200 Sicut
3680 5144 3740 5197 in
3803 5160 4143 5214 unaquaque

2450 5246 2697 5300 Ecclesia
2734 5242 3032 5314 presbyter
3064 5241 3232 5293 debet
3260 5252 3403 5297 esse,
3440 5237 3514 5287 ita
3561 5234 3682 5304 ipsa
3717 5232 3998 5295 Ecclesia,
4030 5248 4143 5303 qua

2450 5352 2659 5406 sponsa
2684 5333 2770 5386 vel
2807 5348 2949 5384 uxor
2975 5331 3099 5398 ejus
3133 5328 3361 5392 dicitur,
3395 5341 3513 5378 non
3559 5328 3741 5393 potest
3779 5322 3967 5376 dividi
4016 5323 4145 5373 inter

2451 5425 2645 5495 plures
2692 5420 3074 5491 presbyteros,
3108 5416 3207 5469 sed
3240 5430 3421 5469 unum
3471 5411 3886 5466 tantummodo
3932 5410 4145 5464 habebit

2453 5512 2826 5576 sacerdotem,
2858 5507 2959 5579 qui
3004 5521 3131 5559 eam
3162 5509 3310 5558 caste
3349 5507 3400 5555 et
3432 5498 3734 5554 sinceriter
3780 5505 3970 5570 regat.
4006 5498 4143 5553 Unde

2452 5598 2853 5656 interdicimus
2906 5600 2973 5652 ut
3018 5594 3210 5649 nullus
3263 5591 3579 5663 praesumat
3637 5588 3963 5645 Ecclesiam
4016 5590 4145 5643 inter
