4200 6392
250 313 327 361 68!
1203 313 1674 370 DECRETORUM
1718 316 1898 371 LIBRI
1942 316 2050 371 XX.
2095 345 2159 354 -—-
2201 316 2407 370 LIBER
2449 316 2767 371 TERTIUS.

3620 325 3723 375 08'2

247 434 375 487 duos
418 435 511 487 vel
540 434 740 504 plures
782 435 1054 501 dividere,
1089 436 1223 506 quia
1258 437 1501 491 Ecclesia
1532 438 1739 492 Christi
1786 454 1928 491 uxor
1964 449 2008 499 Α
2044 437 2455 492 subdiaconum
2499 437 2751 507 pertinet
2778 436 3010 491 calicem
3039 443 3095 492 et
3122 443 3388 509 patenam
3429 442 3497 495 ad
3547 443 3724 496 altare

249 527 295 575 et
344 537 557 590 sponsa
619 523 788 575 debet
835 539 956 577 esse
1004 539 1121 577 non
1164 530 1437 593 scortum,
1488 526 1633 579 sicut
1687 527 1929 581 Calistus

247 626 381 679 papa
409 613 677 664 testatur.

249 716 361 769 CAP.
396 714 575 769 XLVI.
620 746 689 754 —
736 718 802 770 Ut
829 719 1200 785 unusquisque
1226 718 1506 787 presbyter
1537 735 1648 773 una
1682 720 1931 774 Ecclesia

891 792 1164 841 contentus
1189 791 1281 841 sit.

312 875 421 940 (Ea:
460 874 661 939 eodem,
711 890 831 943 cap.
888 874 995 945 Η.)
1044 875 1329 930 Statutum
1362 881 1445 930 est
1475 881 1536 930 ut
1574 894 1930 947 unaquaeque

250 962 485 1016 Ecclesia
530 978 699 1015 suum
730 962 1129 1032 presbyterum
1178 964 1403 1029 habeat,
1437 965 1536 1018 ubi
1588 965 1645 1019 id
1695 966 1818 1018 ﬁeri
1849 967 1931 1019 fa-

250 1048 417 1099 cultas
452 1046 788 1116 providente
820 1046 1087 1117 episcopo
1123 1048 1464 1117 permiserit.

641 1134 772 1188 Car.
804 1134 1004 1187 XLVII.
1038 1165 1105 1173 —
1139 1135 1220 1188 De
1244 1136 1427 1189 eadem
1457 1151 1533 1189 re.

314 1222 434 1289 (Ea:
481 1223 667 1275 concil.
718 1224 1069 1287 Nannetensi,
1100 1238 1220 1291 cap.
1266 1224 1347 1292 8.)
1391 1222 1545 1277 Sicut
1575 1222 1728 1276 enim
1779 1222 1933 1292 epis-

249 1326 419 1379 copus
453 1325 569 1363 non
597 1309 725 1379 plus
756 1314 945 1379 potest
978 1310 1186 1364 habere
1218 1327 1394 1381 quam
1422 1327 1597 1364 unam
1625 1311 1928 1374 civitatem,

250 1402 301 1450 et
346 1396 435 1448 vir
482 1413 655 1450 unam
704 1413 966 1463 uxorem,
1018 1398 1097 1450 ita
1151 1399 1447 1467 presbyter
1495 1415 1664 1451 unam
1710 1403 1934 1452 tantum

250 1484 573 1538 Ecclesiam.
625 1486 823 1555 Itaque
856 1487 1045 1538 nullus
1075 1486 1373 1556 presbyter
1401 1488 1591 1555 plures
1621 1493 1934 1555 praesumat

248 1573 451 1626 habere
484 1572 778 1637 Ecclesias,
811 1572 859 1624 si
892 1572 959 1625 de
1011 1578 1160 1626 statu
1206 1590 1307 1626 suo
1347 1574 1595 1643 gaudere
1629 1574 1926 1626 desiderat.

644 1660 773 1714 Csp.
806 1661 1029 1714 XLVIII.
1054 1691 1121 1698 —
1146 1664 1216 1714 De
1246 1661 1430 1713 eadem
1459 1676 1532 1714 re.

316 1751 429 1818 (Em
476 1750 663 1803 concit.
698 1749 978 1813 Meldensi,
1012 1764 1131 1816 cap.
1198 1749 1305 1816 10.)
1337 1749 1392 1802 Si
1437 1748 1563 1817 quis
1613 1748 1681 1801 de
1730 1749 1929 1801 ordine

247 1836 579 1890 sacerdotali
636 1842 969 1905 contemptu
1023 1837 1261 1889 minoris
1322 1837 1579 1889 Ecclesiae
1634 1837 1931 1889 ambitiose

246 1930 299 1977 et
344 1924 610 1993 improbe
642 1924 706 1976 ad
758 1923 1040 1993 potiorem
1083 1923 1437 1991 aspiraverit,
1484 1924 1750 1977 canonica
1798 1940 1933 1993 erga

246 2028 373 2064 eum
395 2010 657 2064 deﬁnitio
680 2015 1064 2075 conservetur,
1084 2009 1191 2063 hoc
1215 2015 1299 2063 est
1326 2015 1405 2073 ut,
1438 2010 1695 2080 utrisque
1721 2015 1928 2064 careat.

662 2098 787 2151 Car.
828 2098 1003 2152 XLIX.
1036 2129 1103 2136 ——
1130 2101 1203 2151 De
1226 2098 1407 2151 eadem
1438 2114 1512 2150 re.

316 2187 431 2255 (Ea:
474 2187 618 2241 decr.
658 2188 845 2242 Calist.
873 2202 1053 2256 papa,
1097 2202 1215 2255 cap.
1259 2188 1332 2252 4.)
1362 2186 1641 2249 Quoniam
1675 2186 1818 2239 sicut
1849 2188 1931 2240 al-

244 2275 417 2327 terius
474 2292 634 2341 uxor,
685 2291 789 2328 nec
836 2275 1147 2329 adulterari
1193 2276 1262 2329 ab
1293 2276 1505 2344 aliquo,
1558 2275 1643 2326 vel
1686 2275 1933 2343 judicari

242 2367 335 2414 aut
363 2362 617 2431 disponi,
651 2362 759 2414 nisi
806 2378 839 2414 a
869 2363 1103 2432 proprio
1135 2362 1255 2414 viro
1294 2378 1360 2414 eo
1391 2363 1615 2414 vivente
1648 2362 1931 2431 permitti-

244 2455 350 2515 tur,
396 2450 479 2503 sic
532 2467 635 2504 nec
662 2466 805 2503 uxor
836 2451 1106 2520 episcopi,
1142 2451 1229 2503 vel
1260 2450 1596 2521 presbyteri,
1633 2467 1761 2519 quae
1811 2451 1932 2519 ejus

244 2539 489 2592 Ecclesia
534 2541 619 2592 vel
668 2538 935 2609 parochia
983 2539 1383 2593 indubitanter
1445 2539 1805 2608 intelligitur,
1865 2556 1930 2592 eo

244 2627 487 2693 vivente,
557 2626 625 2680 ab
672 2628 850 2680 altero
887 2626 1189 2696 dijudicari
1237 2628 1321 2679 vel
1371 2626 1617 2694 disponi,
1666 2632 1763 2679 aut
1810 2628 1932 2695 ejus

244 2715 550 2767 concubitu
616 2713 728 2767 frui
788 2714 1156 2783 permittitur.
1221 2715 1378 2767 Unde
1450 2713 1527 2765 ait
1587 2714 1928 2783 Apostolus:

249 2824 269 2849 α
320 2805 567 2871 Alligata
597 2807 682 2855 est
711 2818 857 2855 uxor
902 2802 1037 2871 legi,
1070 2800 1342 2872 quamdiu
1374 2801 1459 2852 vir
1502 2802 1623 2868 ejus
1654 2800 1788 2853 vivit
1821 2816 1832 2852 :
1866 2816 1931 2853 eo

242 2908 372 2943 vero
406 2892 697 2955 defuncto,
730 2891 913 2944 soluta
957 2893 1041 2942 est
1087 2906 1119 2942 a
1164 2890 1289 2959 lege
1328 2888 1513 2940 viri.»
1561 2887 1832 2940 Similiter
1879 2892 1934 2939 et

2040 524 2241 578 Christi
2271 525 2512 590 deferre,
2563 528 2619 577 et
2646 524 2829 577 levitis
2869 526 3112 591 tradere,
3147 527 3341 597 eisque
3370 528 3724 593 ministrare;

2040 612 2329 664 urceolum
2354 627 2584 681 quoque
2615 615 2669 663 et
2696 612 3080 681 aquamanile,
3110 618 3166 665 et
3196 615 3617 684 manutergium
3649 621 3729 667 te-

2040 716 2190 761 nere,
2218 700 2507 769 episcopo,
2543 700 2872 770 presbytero
2906 706 2961 753 et
2981 702 3163 754 levitis
3187 719 3290 771 pro
3322 704 3575 756 lavandis
3598 708 3726 756 ante

2038 788 2216 839 altare
2258 787 2522 839 manibus
2553 803 2741 839 coram
2772 789 3047 856 praebere.
3089 790 3171 841 Ad
3201 791 3504 843 diaconum
3550 790 3725 859 perti-

2039 880 2137 927 net
2175 874 2437 927 assistere
2477 876 2887 940 sacerdotibus,
2918 882 2974 929 et
3006 876 3328 930 ministrare
3368 878 3424 931 in
3461 879 3728 931 omnibus

2040 977 2166 1030 quae
2220 967 2466 1031 aguntur
2522 962 2583 1015 in
2632 964 2999 1016 sacramentis
3044 964 3271 1029 Christi,
3331 966 3391 1018 in
3438 966 3724 1034 baptismo

2040 1050 2269 1109 sciﬁcet.
2320 1052 2378 1103 in
2417 1050 2741 1116 chrismate,
2784 1057 2840 1104 et
2871 1056 3097 1121 patena,
3146 1059 3201 1106 et
3243 1054 3435 1117 calice,
3486 1054 3725 1107 oblatio-

2038 1153 2140 1189 nes
2184 1154 2413 1208 quoqne
2460 1138 2670 1191 inferre
2716 1143 2768 1192 et
2806 1139 3112 1209 disponere
3148 1141 3210 1194 in
3256 1142 3448 1207 altari;
3493 1158 3725 1212 compo-

2040 1240 2176 1278 nere
2220 1226 2388 1279 etiam
2435 1242 2691 1279 mensam
2740 1228 2961 1281 Domini
3010 1234 3181 1298 atque
3222 1231 3448 1295 vestire,
3502 1246 3726 1283 crucem

2039 1312 2209 1378 ferre,
2260 1317 2315 1365 et
2346 1314 2659 1382 praedicare
2692 1315 3056 1385 Evangelium
3090 1322 3144 1370 et
3175 1319 3537 1387 Apostolum.
3587 1320 3722 1371 Nam

2040 1400 2184 1452 sicut
2232 1400 2538 1453 lectoribus
2572 1403 2740 1454 Vetus
2770 1404 3219 1469 Testamentum,
3268 1406 3345 1457 ita
3394 1406 3726 1458 diaconibus

2044 1490 2266 1541 Novum
2320 1489 2629 1557 praedicare
2671 1494 3020 1559 praeceptum
3070 1497 3171 1545 est.
3223 1494 3304 1545 Ad
3345 1494 3526 1561 ipsum
3580 1510 3723 1562 quo-

2039 1592 2150 1646 que
2212 1578 2460 1644 pertinet
2524 1577 2773 1630 ofﬁcium
2833 1595 3064 1647 precum
3125 1585 3180 1632 et
3234 1580 3490 1632 recitatio
3541 1581 3725 1633 nomi-

2042 1680 2200 1716 num.
2255 1665 2377 1733 Ipse
2409 1671 2724 1733 praamonet
2753 1682 2918 1719 aures
2960 1668 3030 1719 ad
3068 1668 3393 1732 Dominum,
3430 1668 3549 1737 ipse
3592 1669 3725 1721 lior-

2043 1756 2196 1803 tatur
2234 1768 2416 1816 orare,
2472 1752 2590 1821 ipse
2640 1754 2865 1819 clamat,
2917 1759 2971 1807 et
3006 1755 3125 1823 ipse
3174 1772 3370 1823 pacem
3403 1755 3722 1809 annuntiat.

2042 1840 2122 1892 Ad
2177 1840 2569 1909 presbyterum
2621 1841 2866 1910 pertinet
2904 1847 3323 1896 sacramentum
3368 1843 3619 1913 corporis
3673 1850 3728 1897 et

2042 1927 2336 1995 sanguinis
2371 1928 2596 1980 Domini
2630 1928 2689 1981 in
2736 1928 2901 1981 altari
2948 1930 3047 1982 Dei
3071 1930 3368 1995 conﬁcere,
3416 1936 3472 1983 et
3513 1931 3725 1983 oratio-

2044 2030 2174 2067 nem
2207 2014 2413 2079 dicere,
2458 2019 2513 2068 et
2557 2015 2893 2069 benedicere
2934 2017 3081 2069 dona
3114 2017 3231 2070 Dei.
3282 2018 3365 2070 Ad
3397 2018 3725 2087 episcopum

2041 2101 2294 2171 pertinet
2344 2102 2708 2155 basilicarum
2758 2104 3125 2167 consecratio,
3182 2105 3374 2157 unctio
3428 2105 3621 2157 altaris
3672 2111 3727 2158 et

2044 2190 2319 2242 confectio
2359 2190 2695 2243 chrismatis.
2740 2193 2863 2260 Ipse
2898 2192 3169 2259 prmdicta
3196 2192 3381 2245 ofﬁcia
3413 2198 3468 2245 et
3499 2195 3727 2247 ordines

2044 2276 2447 2329 ecclesiasticos
2502 2276 2808 2340 distribuit,
2855 2278 2975 2346 ipse
3026 2294 3209 2330 sacras
3258 2278 3504 2347 virgines
3554 2280 3726 2332 bene-

2044 2363 2221 2427 dicet;
2275 2369 2331 2417 et
2381 2364 2519 2417 dum
2565 2365 2851 2433 praecessit
2912 2366 3306 2435 unusquisque
3356 2367 3414 2418 in
3467 2367 3724 2436 singulis,

2042 2451 2134 2504 hic
2184 2456 2374 2504 tamen
2429 2457 2513 2504 est
2583 2453 2999 2520 praeordinator
3058 2454 3117 2505 in
3177 2454 3411 2505 cunctis.
3475 2454 3539 2506 Hi
3600 2458 3731 2507 sunt

2044 2540 2272 2593 ordines
2348 2556 2410 2592 ac
2496 2540 2815 2593 ministeria
2882 2541 3241 2602 clericorum,
3331 2558 3459 2611 qum
3536 2547 3729 2596 tamen

2042 2627 2377 2680 auctoritate
2424 2627 2737 2697 pontiﬁcali
2786 2628 2842 2680 in
2892 2628 3279 2681 archidiaconi
3322 2645 3455 2682 cura
3502 2634 3557 2682 et
3606 2631 3727 2699 pri-

2043 2714 2279 2779 micerii,
2339 2731 2403 2767 ac
2454 2715 2727 2768 tliesaurii
2779 2716 3161 2769 sollicitudine
3221 2717 3573 2770 dividuntur.
3623 2721 3727 2771 Ar-

2043 2803 2405 2856 chidiaconus
2449 2803 2601 2855 enim
2638 2803 2881 2872 imperat
2926 2802 3293 2857 subdiaconis
3326 2809 3380 2857 et
3410 2804 3609 2870 levitis,
3660 2806 3727 2859 ad

2044 2906 2214 2959 quem
2256 2890 2363 2943 ista
2409 2890 2725 2943 ministeria
2762 2890 3067 2959 pertinent.
3118 2891 3412 2944 Ordinatio
3455 2893 3728 2946 vestiendi

248 2980 511 3044 Ecclesia,
564 2995 693 3049 qua:
727 2994 869 3031 uxor
899 2977 1202 3031 sacerdotis
1250 2976 1475 3040 dicitur,
1510 2992 1576 3029 eo
1615 2975 1838 3028 vivente
1881 2974 1931 3027 ei
1967 2988 2006 3042 Ο
2044 2980 2220 3031 altare
2276 2978 2346 3031 ad
2393 2977 2609 3043 levitas,
2645 2994 2778 3030 cura
2818 2977 3054 3045 incensi,
3090 2982 3147 3030 et
3184 2979 3442 3031 sacriﬁcii
3476 2996 3728 3033 necessa-

241 3069 476 3138 alligata
518 3072 620 3120 est.
660 3069 733 3119 Eo
784 3083 915 3119 vero
961 3066 1228 3119 defuncto
1266 3065 1443 3117 nubat
1472 3064 1530 3117 in
1562 3064 1827 3127 Domino,
1871 3067 1936 3115 ut

240 3163 323 3209 est
378 3156 745 3225 regulariter.
780 3154 838 3209 Si
885 3154 1039 3207 enim
1084 3170 1150 3207 eo
1191 3152 1414 3205 vivente
1448 3151 1611 3204 alteri
1654 3149 1930 3220 nupserit,

242 3245 506 3298 adultera
528 3243 898 3313 judicabitur.

618 3332 746 3386 CAP.
790 3331 841 3384 L.
876 3360 944 3369 -α
972 3333 1042 3383 De
1068 3328 1349 3382 ordinibus
1374 3329 1563 3381 sacris.

307 3421 429 3490 (Em
473 3421 703 3489 epistola
750 3418 988 3484 Isidori.)
1040 3416 1280 3470 Domino
1327 3419 1543 3481 sancto,
1595 3412 1931 3482 meritisque

237 3510 403 3563 beato
445 3508 613 3562 fratri
660 3506 962 3560 Lantfredo
995 3505 1283 3575 episcopo,
1331 3504 1581 3557 Isidorus
1612 3501 1931 3570 episcopus.

240 3597 513 3649 Perlectis
561 3593 875 3647 sanctitatis
925 3597 1038 3645 tum
1070 3591 1295 3657 litteris,
1348 3589 1573 3658 gavisus
1619 3604 1746 3641 sum
1779 3587 1935 3657 quod

239 3690 496 3754 optatam
531 3683 774 3735 salutem
804 3686 961 3734 tuam
991 3695 1187 3733 earum
1223 3679 1408 3731 relatu
1436 3676 1696 3746 cognovi.
1739 3676 1814 3728 De
1846 3675 1934 3728 his

240 3774 431 3822 autem
462 3785 595 3838 qua:
625 3770 685 3821 in
715 3768 1083 3837 sequentibus
1125 3766 1415 3819 insinuare
1448 3764 1665 3833 eloquii
1704 3763 1785 3815 tui
1817 3778 1933 3815 ser-

240 3872 330 3910 mo
363 3858 610 3921 studuit,
644 3858 855 3926 gratias
870 3872 978 3925 ago
1008 3856 1145 3921 Deo,
1179 3854 1330 3924 quod
1358 3852 1798 3906 sollicitudinem
1819 3850 1938 3904 ofﬁ-

241 3945 311 3997 cii
362 3946 671 4014 pastoralis
702 3945 804 3998 tibi
835 3944 1139 4013 impendis,
1169 3942 1529 4012 qualiterque
1562 3939 1937 3993 ecclesiastica

241 4034 429 4086 ofﬁcia
464 4034 810 4087 ordinentur
838 4031 1139 4104 perquiris.
1172 4033 1235 4084 Et
1257 4031 1387 4083 licet
1405 4028 1597 4081 omnia
1618 4026 1936 4097 prudentiae

243 4126 355 4176 tuae
408 4122 526 4175 sint
570 4122 829 4191 cognita:
885 4126 1077 4175 tamen
1106 4119 1242 4189 quia
1288 4120 1487 4172 att'ectu
1537 4117 1786 4170 fraterno
1847 4131 1938 4168 me

240 4212 515 4277 consulis,
554 4227 622 4263 ex
666 4216 827 4280 parte
859 4227 971 4279 qua
1015 4208 1199 4275 valeo,
1232 4206 1527 4276 expediam
1562 4221 1574 4258 :
1611 4209 1666 4256 et
1696 4204 1764 4257 de
1808 4219 1935 4256 om—

2042 3066 2126 3118 ria
2175 3065 2497 3118 sollicitudo
2550 3065 2679 3135 quis
2729 3065 3029 3118 levitarum
3068 3066 3404 3135 Apostolum
3452 3072 3507 3119 et
3546 3068 3727 3120 Evan-

2042 3154 2256 3224 gelium
2307 3154 2477 3222 legat,
2524 3152 2652 3222 quis
2690 3169 2884 3222 preces
2934 3154 3101 3217 dicat,
3154 3170 3255 3207 seu
3304 3156 3727 3223 responsorium

2041 3241 2100 3294 in
2133 3240 2437 3295 Dominicis
2470 3240 2669 3293 diebus
2697 3245 2794 3293 aut
2838 3242 3267 3294 solemnitatum
3299 3242 3580 3309 decantet,
3614 3245 3729 3297 sol-

2041 3329 2274 3382 licitudo
2312 3344 2542 3399 quoque
2574 3328 3053 3397 parochianorum
3094 3332 3149 3381 et
3178 3329 3486 3395 ordinatio,
3514 3335 3571 3383 et
3602 3330 3723 3399 jur-

2042 3417 2155 3487 gia,
2207 3417 2275 3470 ad
2306 3418 2427 3485 ejus
2476 3417 2768 3485 pertinent
2825 3432 3041 3469 curam.
3076 3418 3482 3486 Prmparandas
3520 3418 3727 3471 dimac-

2041 3521 2205 3557 sanas
2236 3504 2493 3557 basilicas
2538 3504 2658 3573 ipse
2700 3504 2957 3573 suggerit
3002 3505 3295 3559 sacerdoti.
3329 3505 3451 3573 Ipse
3491 3506 3730 3576 inquirit

2040 3590 2338 3660 parochias
2383 3606 2511 3643 cum
2555 3590 2813 3659 jussione
2844 3590 3115 3659 episcopi,
3150 3594 3204 3644 et
3231 3598 3588 3658 ornamenta,
3639 3593 3726 3646 vel

2040 3693 2131 3730 res
2208 3677 2567 3731 basilicarum
2623 3677 3125 3746 parochianarnm,
3182 3682 3341 3746 gesta
3395 3679 3723 3733 libertatnm

2042 3764 2544 3818 ecclesiasticarum
2621 3764 2884 3833 episcopo
2955 3764 3102 3817 idem
3172 3764 3363 3827 refert,
3430 3767 3724 3821 collectam

2045 3853 2343 3922 pecuniam
2393 3854 2460 3906 de
2511 3852 2915 3905 communione
2946 3853 3065 3921 ipse
3104 3853 3325 3922 accipit,
3358 3858 3412 3906 et
3460 3854 3724 3926 episcopo

2044 3941 2245 4007 defert,
2278 3946 2333 3993 et
2362 3940 2581 3994 clericis
2611 3945 2802 4010 partes
2834 3941 3096 4010 proprias
3125 3940 3277 3995 idem
3306 3942 3614 3996 distribuit.

2081 4083 2208 4136 CAP.
2246 4082 2327 4135 LI.
2355 4113 2423 4121 —
2455 4085 2525 4136 De
2548 4084 2822 4142 Ecclesiis.
2854 4096 2946 4135 seu
2974 4085 3176 4137 sanctis
3206 4086 3415 4137 nouiter
3441 4086 3689 4139 inventis.

2120 4188 2228 4257 (Ex
2294 4190 2478 4242 concil.
2539 4188 2952 4256 Agrippinensi,
3004 4204 3124 4257 cap.
3179 4188 3259 4257 5.)
3320 4189 3396 4242 De
3447 4189 3727 4256 Ecclesiis,

239 4261 1049 4368 Eéclvéﬁsigavgvéaaibus,
1109 4261 1248 4365 quid
1293 4261 1360 4347 ad
1393 4291 1710 4363 quemlibet
1754 4290 1935 4360 per“-
1970 4261 2010 4313 ί)
2050 4291 2147 4329 seu
2179 4276 2386 4328 sanctis
2416 4274 2634 4327 noviter
2663 4275 2781 4327 sine
2815 4274 3149 4327 auctoritate
3179 4274 3443 4342 inventis,
3478 4276 3585 4329 nisi
3616 4277 3733 4347 epi-

240 4394 396 4450 neat,
450 4389 711 4457 eloquar.
763 4386 847 4439 Ad
879 4385 1235 4439 Psalmistam
1281 4382 1529 4452 pertinet
1574 4379 1823 4433 ofﬁcium
1857 4395 1943 4431 ca-

239 4476 438 4542 nendi,
494 4476 683 4528 dicere
715 4474 930 4538 laudes,
981 4470 1361 4541 responsoria,
1398 4472 1454 4522 et
1488 4466 1765 4538 quidquid
1811 4482 1939 4535 per-

238 4565 387 4619 tinet
438 4565 513 4617 ad
563 4563 831 4617 cantandi
879 4561 1165 4631 peritiam.
1221 4559 1307 4612 Ad
1345 4556 1645 4610 ostiarium
1692 4570 1941 4625 namque

238 4654 545 4721 pertinent
574 4654 759 4705 claves
790 4650 1067 4713 Ecclesiae,
1106 4652 1167 4702 ut
1196 4646 1421 4700 claudat
1456 4650 1512 4697 et
1542 4643 1761 4713 aperiat
1789 4648 1941 4696 tem-

238 4742 405 4810 plum
443 4741 570 4803 Dei,
603 4745 660 4793 et
707 4738 902 4792 omnia
930 4753 1058 4808 quas
1090 4741 1223 4789 sunt
1250 4733 1425 4798 intus,
1460 4737 1731 4801 extraque
1763 4734 1944 4783 custo-

241 4831 382 4898 diat,
444 4830 648 4883 ﬁdeles
696 4827 957 4897 recipiat,
1012 4822 1531 4879 excommunicatos
1585 4824 1643 4874 et
1685 4818 1944 4873 inﬁdeles

242 4916 515 4987 excipiat.

310 5005 397 5058 Ad
455 5005 734 5057 lectorem
768 5001 1017 5071 pertinet
1037 4999 1312 5053 lectiones
1343 4993 1742 5067 pronuntiare,
1784 4997 1841 5047 et
1880 5009 1945 5045 ea

242 5110 371 5163 quae
422 5092 727 5162 prophetae
778 5087 1144 5142 vaticinarint
1188 5085 1415 5156 populis
1459 5081 1788 5152 praadicare.
1858 5079 1944 5133 Ad

242 5182 594 5234 exorcistam
638 5177 891 5247 pertinet
914 5175 1255 5229 exorcismos
1304 5170 1638 5225 memoriter
1682 5167 1944 5227 retinere,

244 5284 579 5338 manusque
625 5282 799 5335 super
840 5279 1259 5334 energumenos
1306 5266 1363 5313 et
1408 5257 1849 5311 catechumenos
1889 5255 1949 5308 in

246 5355 635 5410 exorcizando
669 5352 989 5421 imponere.
1033 5349 1119 5403 Ad
1157 5348 1483 5418 acolythum
1521 5344 1768 5414 pertinet
1802 5359 1949 5413 prm-

242 5446 474 5515 paratio
506 5441 959 5497 luminariorum
990 5438 1049 5491 in
1088 5436 1355 5490 sacrario.
1390 5435 1515 5502 Ipse
1557 5446 1786 5485 cereum
1816 5445 1951 5499 por-

241 5540 345 5603 tat,
378 5534 511 5605 ipse
539 5533 810 5601 suggesta
830 5544 933 5598 pro
960 5524 1302 5581 eucharistia
1322 5520 1511 5578 calicis
1529 5521 1834 5591 praeparat.
1864 5517 1951 5572 Ad

621 5636 902 5701 PATROL.
955 5633 1132 5699 CXL.

2050 4378 2219 4431 scopo
2289 4362 2586 4431 probante,
2652 4361 2711 4413 in
2769 4362 2931 4430 cujus
2980 4361 3268 4414 territorio
3322 4366 3423 4429 est,
3495 4364 3732 4417 minime

2050 4456 2414 4515 venerentur,
2474 4450 2626 4501 salva
2674 4449 2844 4502 etiam
2886 4448 2955 4501 de
3001 4449 3108 4501 hoc
3145 4454 3202 4502 et
3231 4448 3300 4501 de
3332 4449 3597 4505 omnibus
3639 4453 3734 4506 Ec-

2049 4536 2237 4591 clesiis
2266 4536 2539 4589 canonica
2574 4534 2934 4588 auctoritate.

2051 4642 2183 4696 CAP.
2232 4642 2343 4695 LII.
2393 4670 2459 4680 -
2511 4642 2578 4694 Ut
2617 4654 2950 4706 unaquaeque
3005 4639 3254 4693 Ecclesia
3300 4656 3547 4697 mansum
3592 4646 3733 4699 inte-

2496 4726 2652 4776 grum
2683 4710 2875 4761 habeat
2905 4711 3020 4763 sine
3052 4712 3288 4764 servitio.

2123 4817 2241 4887 (Ea:
2296 4815 2489 4870 concil.
2537 4816 2919 4874 Womarcien.,
2973 4830 3093 4883 cap.
3150 4816 3256 4885 18.)
3316 4816 3605 4874 Sancitum
3652 4826 3738 4875 est

2050 4909 2117 4958 ut
2156 4901 2460 4972 unicuique
2501 4902 2758 4955 Ecclesiae
2787 4918 2932 4955 unus
2981 4919 3210 4956 mansus
3256 4903 3479 4975 integer
3522 4908 3735 4979 absque

2053 4991 2170 5044 ullo
2226 4988 2453 5043 servitio
2509 4990 2871 5055 attribuatur,
2922 4996 2977 5044 et
3022 4991 3340 5060 presbyteri
3380 4992 3437 5046 in
3482 4994 3561 5048 eis
3600 5012 3735 5050 con-

2055 5077 2232 5142 stitui,
2281 5094 2395 5130 non
2427 5076 2497 5132 de
2537 5078 2790 5144 decimis,
2834 5094 3020 5148 neque
3052 5079 3122 5132 de
3180 5079 3564 5135 oblationibus
3605 5084 3739 5138 ﬁde-

2056 5166 2218 5232 lium,
2271 5181 2386 5218 non
2440 5165 2508 5218 de
2564 5165 2848 5231 domibus,
2897 5182 3082 5236 neque
3129 5166 3197 5220 de
3244 5168 3402 5220 atriis
3433 5170 3518 5221 vel
3556 5170 3739 5224 hortis

2051 5255 2211 5325 juxta
2250 5253 2553 5307 Ecclesiam
2599 5254 2817 5323 positis,
2848 5270 3035 5324 neque
3066 5255 3133 5307 de
3163 5255 3497 5324 prmscripto
3544 5273 3739 5312 manso

2060 5341 2291 5412 aliquod
2348 5341 2644 5395 servitium
2718 5342 2928 5395 faciant
2988 5346 3196 5411 praeter
3266 5342 3738 5412 ecclesiasticum;

2060 5436 2116 5484 et
2144 5429 2191 5482 si
2215 5429 2434 5500 aliquid
2471 5429 2719 5498 amplius
2754 5429 3078 5495 habuerint,
3109 5427 3240 5481 inde
3266 5428 3590 5484 senioribus
3624 5434 3742 5487 suis

2062 5516 2320 5572 debitum
2345 5517 2638 5572 servitium
2666 5517 3021 5589 impendant.

3353 5627 3435 5683 22
