4200 6372
662 295 763 346 683
1734 282 2137 341 BURCHARDI
2178 281 2709 339 WORMACIENSIS
2750 281 3084 338 EPISCOPI.
4038 290 4108 340 ﬁgi

662 416 789 468 Car.
843 413 975 466 LIII.
1035 438 1102 449 —-
1161 413 1227 465 Ut
1293 411 1475 464 nullus
1532 409 1597 461 de
1652 409 1776 463 dote
1814 409 2092 471 Ecclesiae,
2145 409 2228 460 vel
2300 407 2365 460 de
2402 409 2445 461 Α
2480 406 2784 471 adfuerint,
2818 407 3120 459 missarum
3155 405 3436 459 solemnia
3460 406 3745 459 celebrare
3774 407 4107 471 concedimus,

822 497 1008 541 manso
1042 482 1421 551 presbyterum
1446 496 1657 534 censum
1686 482 1984 548 persolvere
2021 485 2190 546 cogat.
2470 494 2635 547 ante,
2666 494 2903 547 omnino
2936 493 3352 547 interdicimus.

731 572 842 639 (Ea:
895 571 1083 625 concll.
1141 569 1424 635 Meldensi,
1485 584 1606 637 cap.
1666 568 1742 636 8.)
1812 568 1979 620 Juxta
2032 566 2358 636 synodalica
2468 566 2596 619 CAP.
2654 565 2812 619 LVII.
2857 593 2922 604 η-
2971 568 3048 620 De
3080 568 3244 617 missa
3285 579 3391 639 non
3437 563 3784 631 celebranda,
3815 566 3924 617 nisi
3968 566 4017 617 in
4050 581 4112 618 sa-

658 664 946 731 pracepta
994 658 1356 711 decrevimus
1408 661 1471 709 ut
1510 656 1701 710 nullus
1732 654 2064 708 mortalium
2108 656 2177 708 de
2221 671 2359 723 agro
2541 706 2650 731 η’..
2685 707 2805 731 ΔΜ..
2881 707 3068 731 ’,Δηὼ
3108 637 3469 731 ηξδναξίξ-ίῗξος

2540 706 2650 774 (Ea:
2681 707 2822 759 decr.
2874 707 3068 759 Felicis
3101 706 3199 770 IV,
3244 721 3423 774 papa,
3456 704 3701 757 omnibus
3738 706 3993 773 episcopis
4027 709 4116 758 mis

2469 795 2587 862 sis.)
2645 794 2861 863 Scripta
2910 792 3223 845 sanctitatis
3253 799 3475 856 vestra,
3508 808 3636 860 qua
3668 792 3736 844 ad
3784 793 3970 846 sedem
4009 810 4111 863 apo-

2470 882 2729 935 stolicam
2774 880 3007 934 misistis
3046 896 3218 950 super
3264 879 3609 950 quibusdam
3657 880 3949 945 consultis,
3992 882 4119 950 quasi

2472 970 2539 1022 ad
2573 975 2762 1039 caput,
2815 974 2877 1022 ut
2924 968 3055 1021 inde
3088 967 3423 1038 acciperetis
3469 983 3764 1037 responsa,
3800 968 3945 1023 unde
3971 970 4121 1022 omnis

2477 1058 2716 1110 Ecclesia
2751 1057 2925 1109 totius
2972 1055 3270 1125 religionis
3301 1055 3545 1125 sumpsit
3576 1055 3894 1120 exordium,
3925 1062 4118 1125 gratan-

2473 1150 2561 1199 ter
2605 1146 2846 1215 suscepi,
2879 1150 2937 1197 et
2984 1144 3231 1197 breviter
3277 1143 3431 1197 vobis
3462 1144 3812 1215 respondere
3841 1146 4037 1198 curavi.
4067 1147 4123 1198 De

2476 1233 2848 1287 Ecclesiarum
2902 1232 3055 1285 enim
3113 1232 3564 1296 consecratione,
3621 1237 3677 1286 et
3740 1232 3811 1286 de
3862 1233 4124 1287 missarum

662 747 1059 812 ecclesiastico,
1108 751 1165 798 et
1198 761 1397 798 manso
1428 759 1491 797 ac
1531 744 1851 813 mancipiis,
1887 744 1974 797 vel
2022 743 2067 796 si
2117 744 2362 813 quilibet

663 852 766 907 pro
819 835 943 888 loco
981 834 1293 903 sepultura
1324 832 1542 902 aliquid
1595 832 1834 900 largitus
1874 831 2047 884 fuerit
2077 832 2359 898 Ecclesia,

666 940 851 995 neque
877 924 945 977 de
964 921 1197 976 decimis
1224 926 1280 974 et
1304 920 1687 974 oblationibus
1720 919 1980 973 ﬁdelium
2010 934 2361 990 quemquam

667 1011 1133 1082 presbyterorum
1183 1009 1433 1079 aliquem
1497 1022 1732 1061 censum
1791 1008 2117 1077 persolvere
2171 1011 2357 1078 cogat,

670 1115 775 1153 nec
815 1099 1123 1169 quisquam
1169 1096 1471 1166 cujuslibet
1514 1095 1732 1149 ordinis
1780 1100 1877 1149 aut
1915 1095 2216 1166 dignitatis
2262 1110 2365 1149 ex-

671 1188 804 1242 inde
855 1187 1171 1258 quidquam
1203 1185 1516 1245 subtrahat,
1568 1188 1625 1237 et
1669 1184 2121 1238 redhibitiouem
2161 1199 2364 1254 quam-

672 1291 897 1345 cunque
927 1275 1115 1344 exigat
1140 1273 1538 1342 temporalem.
1572 1271 1731 1335 Quod
1771 1271 1816 1324 si
1857 1273 2076 1340 fecerit,
2104 1286 2365 1326 commu-

674 1320 1114 1418 gggg'usvmc’”
1145 1320 1538 1402 "_,‘3":"._'
1580 1320 1742 1369 ““’“.
1772 1320 1816 1385 ξ’
1857 1320 2076 1340 ’⁷⁷⁷⁷⁷⁷⁷
2110 1320 2334 1326 ”’““’
2475 1321 2951 1376 celebrationibus
2982 1337 3097 1374 non
3128 1320 3324 1385 aliubi,
3366 1336 3540 1390 quam
3576 1320 3633 1373 in
3666 1322 3899 1375 sacratis
3925 1322 4127 1375 Domino

950 1378 1060 1433 que
1088 1361 1156 1415 ad
1188 1360 1628 1414 sa.isfa.tionem
1657 1365 1939 1429 privetur.
2480 1410 2611 1433 ,M,_
2666 1412 2727 1433 μιν
2750 1427 2874 1433 MM
2931 1425 3131 1433 ,ΑΜ-Μ
3190 1410 3522 1433 gnum“
3579 1408 3699 1433 nm,
3756 1410 3915 1433 LL“.
3988 1411 4126 1433 una,

674 1408 1628 1513 5;}?.3'9‘.".:'b;"';.;;.;;;g.:;
1658 1408 2041 1516 assis...
2091 1451 2229 1516 ﬁ...
2272 1462 2369 1514 ρρν
2477 1408 3938 1516 '°Ci5,,3b°‘q"°,,magna_‘nfcﬁisitgwlﬁefifebat.
3977 1411 4127 1516 pta

720 1470 802 1505 se.
864 1462 992 1504 LIV.
1051 1479 1121 1490 —
1176 1462 1256 1502 Ue
1321 1462 1609 1513 altaribus,
1666 1465 1785 1517 qua
1831 1464 2041 1517 passam
2091 1462 2229 1516 [tum
2272 1462 2369 1514 per
2550 1462 2577 1463 ⁷⁷
2622 1500 2628 1507 ,
2702 1462 2723 1463 ⁷⁷
2785 1462 2799 1480 ι
2862 1462 2892 1506 ⁷,
3026 1462 3057 1478 υ
3552 1462 3589 1507 ,⁷
3752 1462 3769 1511 ,⁷
3893 1462 3938 1507 ,⁷
3992 1462 3995 1463 ⁷
4039 1462 4051 1479 ι

1425 1534 1607 1588 amat
2478 1499 2742 1552 omnibus
2800 1499 3007 1568 quibus
3041 1504 3189 1588 sunt
3235 1503 3375 1588 nota
3428 1498 3565 1551 Non
3617 1504 3673 1551 et
3724 1499 3934 1551 Veteris
3977 1500 4129 1552 Testa-

746 1592 866 1657 (Ea:
921 1591 1106 1645 concil.
1169 1586 1614 1657 Africanofcap.
1674 1589 1797 1657 50.)
1845 1590 1986 1642 Item
2037 1587 2254 1657 placuit
2304 1591 2371 1640 ut
2481 1588 2659 1639 menti
2694 1594 2997 1656 pra‘cepta.
3030 1586 3484 1639 Tabernaculum
3522 1602 3653 1639 vero
3687 1588 3901 1651 Mosen,
3930 1588 4128 1640 Domino

676 1676 875 1730 altaria
905 1690 1033 1745 qua
1080 1674 1291 1743 passim
1344 1689 1443 1742 per
1476 1690 1643 1741 agros
1692 1678 1747 1725 et
1778 1690 1879 1742 per
1922 1673 2041 1725 vias
2092 1677 2367 1741 tanquam
2404 1686 2441 1738 Β
2480 1678 2868 1746 praecipiente,
2903 1676 3118 1739 fecisse,
3154 1682 3209 1727 et
3234 1691 3481 1727 sacrasse
3521 1691 3649 1729 cum
3684 1691 3881 1729 mensa
3911 1682 3965 1729 et
4002 1678 4129 1729 altari

674 1764 965 1819 memoria
1026 1768 1343 1831 martyrum
1391 1762 1833 1827 constituuntur,
1886 1762 1941 1813 in
1981 1760 2190 1829 quibus
2238 1759 2367 1812 nul-
2483 1767 2623 1834 ejus,
2658 1771 2711 1817 et
2756 1765 2917 1816 areis
2955 1764 3098 1817 vasis
3144 1769 3199 1817 et
3244 1764 3601 1829 utensilibus,
3638 1764 3709 1816 ad
3741 1763 3993 1817 divinum
4035 1764 4130 1816 cul-

676 1854 794 1907 lum
852 1868 1057 1921 corpus
1106 1856 1207 1903 aut
1252 1849 1511 1919 reliquia
1565 1856 1884 1918 martyrum
1940 1850 2183 1901 conditae
2236 1865 2368 1918 pro-
2482 1858 2604 1907 tum
2646 1854 2990 1922 explendum
3028 1854 3290 1922 legimus,
3324 1857 3381 1905 et
3428 1868 3541 1905 non
3574 1852 3756 1904 solum
3792 1851 3991 1904 divinis
4029 1867 4129 1920 pre-

676 1941 909 2006 bantur,
954 1942 1024 1993 ab
1073 1938 1376 2008 episcopis,
1419 1936 1515 2007 qui
1572 1937 1706 1989 locis
1755 1937 1972 1989 eisdem
2007 1944 2282 2006 prasunt.
2326 1934 2371 1987 Si
2483 1942 2642 1994 cibus
2696 1958 2760 1993 ea
2823 1958 3090 2007 sacrasse,
3142 1941 3236 1993 sed
3294 1942 3465 1993 etiam
3498 1940 3676 1992 sancti
3723 1939 3837 1992 olei
3884 1941 4128 1999 unctione,

677 2030 803 2082 ﬁeri
842 2032 1050 2099 potest,
1091 2031 1438 2079 evertantur.
1490 2025 1547 2078 Si
1580 2031 1769 2077 autem
1816 2025 1920 2077 hoc
1959 2041 2063 2093 per
2094 2025 2373 2077 tumultus
2486 2030 2729 2083 Domino
2756 2031 3014 2098 jubente,
3048 2029 3349 2099 perlinisse
3382 2028 3663 2082 novimus.
3699 2028 3952 2092 Qualiter
3979 2035 4129 2079 autem

676 2118 987 2187 populares
1033 2130 1147 2169 non
1188 2114 1419 2178 sinitur,
1469 2114 1663 2182 plebes
1693 2118 1884 2165 tamen
1934 2114 2361 2164 admoneamur.

2487 2119 2605 2171 hac
2652 2119 2796 2171 facta
2834 2124 2983 2179 sunt,
3031 2123 3087 2169 et
3133 2134 3249 2170 non
3295 2117 3392 2169 alii
3420 2116 3543 2186 ipsa
3582 2132 3740 2169 sacra
3784 2131 3955 2186 quam
3992 2132 4130 2168 sacer-

679 2221 751 2259 ne
782 2205 880 2257 illa
924 2204 1049 2256 loca
1080 2202 1467 2271 frequentent,
1500 2205 1563 2254 ut
1593 2200 1693 2271 qui
1736 2206 1887 2253 recte.
1934 2201 2179 2271 sapiunt,
2224 2201 2376 2252 nulla
2488 2208 2646 2260 dotes
2687 2223 2844 2259 sacro
2878 2206 3146 2259 unctione
3178 2205 3433 2264 delibuti,
3489 2205 3846 2275 Dominoque
3878 2219 3998 2257 cum
4041 2219 4130 2255 ves-

682 2293 760 2346 ibi
841 2290 1250 2362 superstitione
1303 2288 1549 2342 devincti
1625 2294 1957 2354 teneantur;
2024 2292 2081 2341 et
2142 2290 2375 2341 omnino
2486 2295 2638 2346 tibus
2670 2296 2875 2347 sanctis
2926 2294 3128 2346 sacrati
3183 2300 3238 2347 et
3292 2293 3475 2346 levita
3511 2293 3852 2355 tractabant,
3900 2291 4132 2351 ferebant,

686 2380 846 2433 nulla
899 2378 1178 2433 memoria
1242 2383 1557 2447 martyrum
1612 2377 1989 2447 probabiliter
2046 2378 2376 2446 accipiatur,
2490 2384 2804 2451 erigebant,
2867 2388 2923 2435 et
2974 2383 3359 2452 deponebant,
3422 2383 3480 2435 in
3530 2382 3667 2451 ipsis
3728 2381 4133 2435 institutionibus

689 2468 795 2521 nisi
845 2472 943 2521 aut
976 2467 1074 2520 ubi
1120 2482 1347 2535 corpus,
1383 2470 1479 2518 aut
1505 2465 1713 2534 aliqua
1746 2465 1999 2535 reliquia
2026 2471 2191 2517 certa
2226 2469 2374 2524 sunt,
2493 2488 2638 2541 qua,
2668 2472 2910 2540 jubente
2944 2472 3206 2536 Domino,
3241 2486 3344 2540 per
3372 2470 3557 2523 Mosen
3592 2470 3930 2539 conscripta
3955 2475 4069 2521 sunt
4095 2469 4134 2520 in

689 2560 788 2610 aut
826 2555 985 2624 origo
1027 2554 1268 2623 alicujus
1306 2553 1695 2615 habitationis,
1730 2552 1816 2605 vel
1859 2552 2249 2622 possessionis,
2291 2552 2378 2605 vel
2492 2559 2613 2625 lege
2664 2558 2893 2610 Domini
2937 2559 3240 2626 reperitur.
3293 2558 3548 2621 Qualiter
3578 2573 3713 2626 ergo
3761 2556 3935 2609 David
3979 2570 4134 2621 regum

683 2644 991 2715 passionis,
1023 2642 1358 2696 ﬁdelissima
1390 2641 1611 2710 origine
1641 2641 1903 2695 traditur.
1945 2642 2086 2694 Nam
2115 2656 2243 2710 qua
2278 2656 2381 2710 per
2492 2646 2782 2713 piissimus
2827 2647 3201 2714 ampliaverat
3233 2646 3449 2698 cultum
3492 2645 3612 2711 Dei,
3661 2650 3717 2697 et
3747 2644 4018 2715 templum
4059 2644 4134 2695 Do-

683 2731 925 2797 somnia,
962 2735 1016 2783 et
1064 2745 1169 2799 per
1208 2729 1409 2781 inanes
1440 2728 1603 2799 quasi
1650 2729 2029 2781 revelationes
2061 2730 2379 2799 quorumli-
2493 2734 2635 2786 mini
2684 2734 2966 2787 mdilicare
3018 2734 3214 2797 voluit,
3267 2733 3366 2786 sed
3408 2739 3644 2803 propter
3676 2733 3923 2786 multum
3960 2732 4136 2799 saugm.

681 2820 778 2874 bet
807 2819 1111 2873 hominum
1141 2817 1487 2887 ubicumque
1517 2817 1943 2870 constituuntur
1970 2816 2193 2878 altaria,
2221 2817 2380 2869 omni
2493 2836 2624 2872 nem
2658 2836 2828 2890 quem
2880 2821 3173 2885 etfuderat,
3214 2820 3537 2890 prohibitus
3583 2826 3685 2883 est,
3733 2827 3795 2873 et
3846 2819 3961 2889 ipse
4007 2819 4135 2870 colle-

682 2907 853 2961 modo
879 2906 1281 2975 reprobentur.
2417 2964 2451 2978 η
2493 2913 2656 2976 gerat
2685 2924 2962 2977 expensas
3019 2908 3288 2961 Salomon
3316 2923 3545 2978 quoque
3595 2908 3746 2962 ﬁlius
3780 2908 3905 2977 ejus
3936 2907 4134 2974 idipsum

680 2996 809 3047 Car.
877 2964 978 3047 Lif.
1029 3022 1098 3031 ——
1167 2993 1233 3046 Ut
1283 2996 1593 3066 martyrum
1638 2991 1959 3057 dignitatem
2018 2993 2200 3046 nullus
2252 3007 2377 3060 pro-
2414 2964 2453 3017 Ο
2492 2964 2645 3066 quod
2697 2964 2815 3064 ipse
2864 2995 3047 3047 facere
3102 2964 3417 3064 optaverat,
3451 2964 3710 3064 .jubente
3771 2964 3831 3047 et
3878 2964 4133 3047 auxiliante

1302 3065 1469 3153 fam“
1502 3065 1751 3153 infame"
1794 3150 1836 3153 __
2144 3149 2181 3153 η
2275 3150 2284 3153 Α
2486 3065 2745 3145 Domino,
2783 3083 3039 3151 perfecit,
3070 3088 3126 3135 et
3155 3084 3435 3153 templum
3465 3098 3595 3136 cum
3633 3082 3820 3146 altari,
3854 3088 3911 3136 et
3952 3082 4128 3150 reliqua

754 3152 872 3217 (Ea:
897 3151 1085 3205 concil.
1127 3150 1476 3217 Carthagin.,
1514 3166 1635 3217 cap.
1669 3152 1747 3217 3.)
1792 3150 2099 3218 Martyrum
2128 3149 2361 3219 dignita'

2485 3172 2555 3224 ad
2593 3171 2848 3225 divinum
2882 3173 3097 3224 cultum
3126 3171 3519 3241 peragendum
3552 3172 3923 3224 consecravit.

685 3245 804 3294 tem
857 3255 1029 3293 nemo
1063 3237 1338 3307 profanus
1386 3237 1646 3305 infamet,
1680 3254 1866 3307 neque
1918 3238 2137 3307 passiva
2180 3255 2378 3307 corpo-
2910 3243 3040 3295 CAP.
3078 3237 3441 3295 LV’lllf—De
3466 3242 3648 3295 eadem
3668 3258 3744 3294 re.

682 3344 768 3394 ra,
820 3342 949 3397 qua
997 3327 1306 3396 sepultura
1376 3330 1598 3378 tantum
1646 3332 1881 3395 propter
1926 3326 2361 3379 misericordiam

2559 3312 2679 3375 (Em
2716 3315 2873 3379 epist.
2926 3313 3122 3365 Felicis
3190 3313 3285 3377 IV,
3349 3328 3526 3381 papae,
3577 3313 3824 3365 omnibus
3888 3311 4128 3380 Episcopi:

686 3415 1124 3470 ecclesiasticam
1175 3413 1569 3466 commendari
1603 3415 1936 3466 mandatum
1968 3420 2053 3466 est
2096 3415 2361 3482 redigant.

2484 3400 2708 3466 missa.)
2757 3399 2942 3451 Juda-i
3003 3416 3140 3467 ergo
3186 3401 3306 3452 loca
3333 3401 3389 3452 in
3433 3401 3643 3471 quibus
3690 3400 3936 3454 Domino
3971 3398 4130 3452 sacrifi-

682 3509 747 3559 ut
790 3510 892 3558 aut
933 3502 1158 3556 insania
1189 3501 1593 3571 praecipitatus,
1638 3505 1736 3554 aut
1766 3500 1864 3554 tali
1905 3507 2134 3571 peccato
2165 3501 2361 3555 discre-

2485 3488 2688 3539 cabant
2719 3487 2926 3539 divinis
2955 3487 3241 3541 habebant
3283 3489 3799 3558 supplicationibus
3830 3495 4130 3543 consecrata.

682 3597 789 3659 tos,
822 3607 937 3645 non
976 3590 1201 3643 ratione
1234 3591 1319 3642 vel
1348 3594 1604 3658 tempore
1635 3588 1983 3658 competenti
2013 3605 2128 3659 quo
2162 3594 2372 3658 marty-
2485 3591 2589 3628 nec
2619 3575 2679 3627 in
2718 3576 2863 3636 aliis,
2898 3591 3071 3645 quam
3104 3576 3218 3629 Deo
3259 3576 3459 3630 dicatis
3490 3578 3626 3631 locis
3664 3593 3910 3631 munera
3937 3578 4131 3631 Domino

679 3681 764 3734 ria
811 3680 1197 3745 celebrantur,
1241 3684 1557 3748 martyrum
1607 3694 1816 3732 nomen
1866 3679 2177 3747 appellent,
2229 3681 2300 3730 At
2330 3677 2376 3730 si
2485 3664 2817 3716 offerebant.
2860 3664 2916 3717 Si
2954 3664 3107 3717 enim
3155 3664 3360 3730 Judai,
3410 3666 3511 3735 qui
3555 3666 3775 3719 umbra
3818 3667 3957 3736 legis
3982 3666 4132 3719 deser-

677 3765 776 3840 qui
832 3769 890 3821 in
939 3766 1211 3837 injuriam
1262 3772 1601 3836 martyrum,
1636 3765 1882 3819 claritati
1927 3781 2130 3818 eorum
2164 3765 2361 3834 adjun-

2484 3752 2733 3815 viebant,
2770 3753 2890 3804 hac
2935 3751 3238 3816 faciebant,
3276 3754 3458 3807 multo
3500 3754 3684 3824 magis
3713 3755 3928 3825 quibus
3972 3756 4133 3807 veritas

679 3861 816 3927 gant
861 3855 1169 3921 insaniam,
1220 3855 1408 3923 placet
1459 3869 1556 3907 eos
1600 3854 1647 3906 si
1702 3854 1830 3907 laici
1880 3859 2013 3906 sunt
2066 3852 2136 3906 ad
2186 3852 2361 3923 pani-

2485 3840 2768 3909 patefacta
2815 3845 2919 3905 est,
2970 3845 3027 3893 et
3084 3841 3267 3909 gratia
3313 3846 3371 3894 et
3412 3842 3619 3894 veritas
3661 3857 3765 3912 per
3810 3843 3996 3896 Jesum
4038 3842 4134 3894 data

679 3945 914 3998 tentiam
971 3942 1177 4011 redigi,
1243 3943 1291 3995 si
1336 3946 1530 3995 autem
1586 3946 1720 3995 sunt
1771 3941 1981 4003 clerici,
2032 3946 2163 4010 post
2222 3956 2361 3994 com-

2484 3934 2587 3994 est,
2636 3928 2848 3997 templa
2900 3928 3139 3981 Domino
3171 3930 3454 3984 adiﬁcare
3503 3935 3560 3984 et
3595 3935 3769 4000 prout
3802 3932 4001 3985 melius
4034 3946 4132 4000 pos-

680 4032 1058 4086 monitiouem
1140 4031 1359 4084 honore
1448 4030 1678 4099 privari.
1741 4029 1999 4084 Universi
2067 4030 2370 4083 dixerunt:
2486 4033 2684 4071 ειιωυε
2760 4033 2988 4082 ornare.
3046 4033 3226 4089 eaque
3276 4019 3484 4072 diViniS
3541 4020 3808 4090 preCibus
3860 4027 3918 4073 et
3969 4020 4132 4073 sanctis

684 4121 852 4173 Recte
901 4120 1073 4171 stabit
1112 4118 1381 4171 sanctitas
1416 4124 1623 4169 vestra.
1670 4118 1785 4170 Hoc
1815 4121 1871 4170 et
1914 4116 2156 4186 singulis
2193 4117 2377 4171 conci-
2486 4106 2850 4159 unctionibus
2882 4106 2996 4159 suis
3027 4121 3156 4159 cum
3181 4107 3455 4160 altaribus
3485 4112 3543 4160 et
3563 4107 3725 4171 vasis,
3751 4109 3999 4162 vestibus
4024 4123 4132 4177 quo-

682 4206 772 4259 liis
804 4210 1080 4259 statutum
1110 4210 1211 4259 est.

2484 4210 2594 4263 que
2628 4198 2683 4246 et
2715 4194 2954 4262 reliquis
2983 4194 3052 4247 ad
3087 4194 3345 4247 divinum
3377 4196 3598 4249 cultum
3627 4197 3979 4265 explendum
4006 4202 4133 4248 uten-

683 4294 811 4349 ΟΜ»,
867 4293 999 4347 LVI.
1038 4324 1106 4331 —
1147 4294 1213 4347 Ut
1243 4294 1537 4345 missarum
1568 4292 1825 4344 solemnia
1873 4308 1976 4345 ηοη
2025 4293 2241 4362 ubique,
2282 4295 2373 4347 ερά
2415 4282 2455 4294 υ
2480 4282 2682 4334 silibus
2719 4283 2921 4335 devote
2952 4287 3007 4335 et
3049 4283 3387 4336 solemniter
3415 4299 3655 4349 sacrare,
3701 4290 3759 4338 et
3792 4301 3910 4339 non
3946 4286 4000 4338 in
4043 4284 4135 4337 aliis

972 4368 1031 4417 in
1062 4365 1188 4417 locis
1218 4364 1287 4416 ab
1312 4366 1556 4431 episcopo
1584 4366 1902 4417 consecratis
1931 4366 2085 4431 flant.
2481 4371 2640 4434 locis,
2691 4385 2864 4439 quam
2896 4370 2954 4423 in
3006 4370 3250 4424 Domino
3280 4373 3511 4425 sacratis
3538 4373 3610 4426 ab
3639 4374 3947 4444 episcopis,
3977 4378 4026 4426 et
4051 4386 4135 4423 non

748 4455 869 4521 (Ea:
898 4454 1084 4508 concil.
1146 4453 1503 4517 Triburiensi,
1553 4468 1673 4521 cap.
1720 4452 1793 4519 4.)
1835 4452 2128 4506 Missarum
2161 4452 2370 4506 solem-
2480 4475 2510 4511 a
2560 4458 3001 4529 chorepiscopis,
3058 4460 3159 4529 qui
3211 4476 3361 4529 sape
3402 4460 3677 4530 prohibiti
3725 4468 3887 4527 sunt,
3937 4461 4055 4525 nisi,
4092 4462 4135 4511 ut

674 4543 792 4609 nia,
827 4559 940 4596 non
973 4542 1210 4612 ubique,
1243 4541 1339 4596 sed
1369 4541 1429 4594 in
1461 4541 1600 4594 locis
1630 4540 1700 4594 ab
1744 4541 2016 4611 episcopo
2065 4556 2370 4595 consecra-
2476 4546 2815 4616 pradictum
2854 4553 2957 4611 est,
3012 4563 3238 4601 summa
3273 4549 3535 4618 exigente
3569 4552 3937 4617 necessitate,
3977 4550 4134 4603 missas

674 4631 768 4695 tis,
804 4631 891 4684 vel
941 4630 1040 4683 ubi
1090 4630 1211 4699 ipse
1260 4628 1605 4700 permiserit,
1651 4629 1990 4683 celebranda
2022 4645 2142 4683 esse
2179 4644 2369 4684 cense-
2478 4635 2787 4699 celebrare,
2840 4652 2944 4689 nec
2993 4637 3266 4690 sacriﬁcia
3324 4637 3568 4692 Domino
3620 4639 3830 4692 offerre
3879 4639 4131 4694 debemus.

676 4735 826 4773 mus.
888 4717 1263 4773 Concedimus
1320 4718 1491 4772 etiam
1564 4723 1626 4771 ut
1676 4717 1877 4784 sicubi,
1945 4718 2097 4789 quod
2159 4718 2367 4772 nostris
2478 4724 2542 4776 Et
2586 4724 2715 4787 hoc,
2781 4724 2890 4776 nisi
2938 4740 3166 4778 summa
3222 4727 3525 4780 necessitas
3580 4742 3750 4796 agere
3804 4727 4132 4798 compulerit.

676 4806 922 4878 peccatis
986 4806 1342 4876 exigentibus
1418 4807 1839 4877 perplurimum
1893 4811 1980 4859 est
2037 4806 2273 4872 factum,
2334 4823 2369 4861 ει
2477 4827 2594 4864 non
2644 4812 2702 4865 in
2734 4812 3021 4877 domibus,
3053 4814 3189 4884 quia
3228 4814 3287 4867 in
3327 4815 3500 4868 sacris
3529 4817 3852 4870 canonibus
3900 4814 4134 4871 sacrificii

672 4895 1077 4962 Nordmannis,
1124 4903 1179 4948 et
1206 4911 1239 4948 a
1268 4896 1467 4960 Slavis,
1518 4900 1574 4949 et
1618 4896 1687 4949 ab
1720 4895 1983 4964 Ungaris,
2031 4900 2087 4948 et
2126 4911 2161 4948 a
2201 4894 2366 4947 malis
2477 4899 2536 4952 in
2564 4900 2828 4954 domibus
2857 4902 3047 4955 offerri
3076 4902 3367 4971 prohibita
3387 4909 3537 4970 sunt,
3571 4904 3669 4958 sed
3698 4904 3757 4957 in
3792 4902 4134 4959 tabernaculis

674 4983 1033 5051 Christianis,
1092 4999 1192 5037 seu
1248 4984 1360 5036 alio
1417 4984 1819 5053 qualicumque
1880 4982 2048 5036 modo
2104 4983 2366 5036 Ecclesia
2476 4988 2687 5041 divinis
2729 4990 2993 5058 precibus
3035 5008 3068 5045 a
3107 4991 3480 5060 pontiﬁcibus
3510 4993 3731 5057 dicatis,
3782 4994 3933 5048 etin
3960 4990 4133 5047 mensis

668 5070 887 5125 fuerint
938 5070 1182 5124 incensa
1230 5074 1286 5123 et
1324 5071 1655 5135 combusta,
1696 5070 1754 5122 in
1787 5070 2061 5139 cappellis
2106 5086 2237 5123 cum
2285 5076 2366 5123 ta-
2477 5072 2720 5126 Domino
2750 5075 3004 5139 sacratis,
3036 5081 3093 5127 et
3125 5090 3281 5128 sacra
3311 5077 3578 5130 unctione
3610 5093 3639 5129 a
3670 5078 4038 5147 pontiﬁcibus
4069 5076 4134 5128 de

665 5158 801 5213 bula
846 5163 1178 5213 consecrata
1221 5158 1423 5210 missas
1467 5157 1700 5210 interim
1748 5157 2035 5211 celebrare
2081 5157 2365 5227 permitti-
2472 5158 2693 5225 libutis,
2755 5175 2859 5229 pro
2908 5176 3153 5225 summa,
3204 5167 3265 5215 ut
3306 5164 3605 5232 praﬁxum
3658 5169 3764 5231 est,
3821 5165 4130 5219 necessitate.

665 5262 815 5313 mus,
864 5247 1048 5301 donec
1103 5246 1243 5317 ipsa
1315 5245 1576 5300 Ecclesia
1643 5244 1953 5298 restaurari
2008 5250 2242 5315 queant.
2297 5247 2363 5299 In
2475 5252 2532 5300 et
2578 5263 2696 5300 non
2729 5264 2831 5316 pro
2885 5249 3045 5302 libitu
3076 5250 3415 5319 cujusquam
3447 5258 3504 5305 et
3536 5253 3771 5323 pigritia
3805 5262 4022 5323 agatur.
4064 5251 4131 5303 Sl-

663 5334 871 5391 itinere
904 5352 1037 5389 vero
1084 5334 1308 5405 positis,
1366 5334 1413 5388 si
1444 5333 1692 5387 Ecclesia
1730 5332 1995 5399 defuerit,
2026 5338 2090 5387 ut
2119 5334 2223 5387 sub
2265 5334 2360 5389 dio
2473 5335 2587 5390 tius
2617 5341 2700 5388 est
2744 5336 2972 5390 missam
3020 5354 3134 5391 non
3173 5344 3423 5405 cantare,
3456 5347 3557 5395 aut
3584 5357 3703 5395 non
3741 5344 3970 5410 audire,
3998 5355 4132 5411 quam

664 5437 765 5478 seu
814 5423 879 5478 in
921 5423 1189 5479 tentoriis
1236 5422 1378 5477 item
1422 5422 1470 5475 si
1524 5420 1722 5475 tabula
1776 5420 1969 5474 altaris
2010 5426 2358 5489 consecrata,
2470 5423 2530 5478 in
2563 5423 2652 5477 his
2679 5424 2838 5491 locis,
2870 5425 2967 5479 ubi
3002 5426 3127 5480 fieri
3152 5443 3271 5481 non
3300 5433 3523 5499 oportet
3569 5430 3714 5496 fore,
3750 5433 3887 5498 nisi,
3920 5438 3983 5486 ut
4016 5442 4129 5497 saepe

664 5514 984 5583 cateraque
1013 5527 1172 5566 sacra
1200 5510 1474 5583 mysteria
1511 5508 1585 5564 ad
1618 5508 1679 5563 id
1710 5506 1963 5563 ofﬁcium
2012 5509 2359 5578 pertinentia
2469 5511 2685 5566 dictum
2726 5516 2830 5583 est,
2859 5529 2965 5584 pro
3011 5530 3237 5570 summa
3273 5516 3572 5587 contingat
3615 5520 3983 5587 necessitate,
4026 5531 4131 5589 quo-
