  <div class='ocr_page' id='page_1' title='image "/cluster/home/n/w/nwhite01/storage/ocr_20150623/140-141/uc1.31175018559917/350.png"; bbox 0 0 4200 6398; ppageno 0'>
   <div class='ocr_carea' id='block_1_1' title="bbox 262 373 2774 441">
    <p class='ocr_par' dir='ltr' id='par_1_1' title="bbox 262 373 2774 441">
     <span class='ocr_line' id='line_1_1' title="bbox 262 373 2774 441; baseline 0.006 -19"><span class='ocrx_word' id='word_1_1' title='bbox 262 373 353 423; x_wconf 84' lang='grc'>685</span> <span class='ocrx_word' id='word_1_2' title='bbox 1214 377 1679 437; x_wconf 80' lang='lat' dir='ltr'>DECRETORUM</span> <span class='ocrx_word' id='word_1_3' title='bbox 1724 382 1912 436; x_wconf 83' lang='lat' dir='ltr'>LIBRI</span> <span class='ocrx_word' id='word_1_4' title='bbox 1950 382 2055 436; x_wconf 80' lang='lat' dir='ltr'>XX.</span> <span class='ocrx_word' id='word_1_5' title='bbox 2100 412 2165 420; x_wconf 72' lang='lat'><strong><em>—</em></strong></span> <span class='ocrx_word' id='word_1_6' title='bbox 2207 381 2418 439; x_wconf 83' lang='lat' dir='ltr'><strong>LIBER</strong></span> <span class='ocrx_word' id='word_1_7' title='bbox 2457 384 2774 441; x_wconf 81' lang='lat' dir='ltr'>TERTIUS.</span> 
     </span>
    </p>
   </div>
   <div class='ocr_carea' id='block_1_2' title="bbox 259 494 2016 572">
    <p class='ocr_par' dir='ltr' id='par_1_2' title="bbox 259 494 2016 572">
     <span class='ocr_line' id='line_1_2' title="bbox 259 494 2016 572; baseline 0.008 -28"><span class='ocrx_word' id='word_1_8' title='bbox 259 494 404 545; x_wconf 88' lang='lat' dir='ltr'>niam</span> <span class='ocrx_word' id='word_1_9' title='bbox 433 495 747 549; x_wconf 83' lang='lat' dir='ltr'>necessitas</span> <span class='ocrx_word' id='word_1_10' title='bbox 765 496 948 566; x_wconf 82' lang='lat' dir='ltr'>legem</span> <span class='ocrx_word' id='word_1_11' title='bbox 971 513 1087 551; x_wconf 91' lang='lat' dir='ltr'>non</span> <span class='ocrx_word' id='word_1_12' title='bbox 1112 500 1297 553; x_wconf 86' lang='lat' dir='ltr'>habet.</span> <span class='ocrx_word' id='word_1_13' title='bbox 1338 502 1495 555; x_wconf 88' lang='lat' dir='ltr'>Unde</span> <span class='ocrx_word' id='word_1_14' title='bbox 1521 502 1795 572; x_wconf 88' lang='lat' dir='ltr'>scriptum</span> <span class='ocrx_word' id='word_1_15' title='bbox 1818 508 1931 557; x_wconf 90' lang='lat' dir='ltr'>est:</span> <span class='ocrx_word' id='word_1_16' title='bbox 1974 507 2016 558; x_wconf 83' lang='lat' dir='ltr'><strong>A</strong></span> 
     </span>
    </p>
   </div>
   <div class='ocr_carea' id='block_1_3' title="bbox 259 582 1945 660">
    <p class='ocr_par' dir='ltr' id='par_1_3' title="bbox 259 582 1945 660">
     <span class='ocr_line' id='line_1_3' title="bbox 259 582 1945 660; baseline 0.007 -27"><span class='ocrx_word' id='word_1_17' title='bbox 259 582 382 634; x_wconf 81' lang='lat' dir='ltr'>Vide</span> <span class='ocrx_word' id='word_1_18' title='bbox 413 598 481 635; x_wconf 92' lang='lat' dir='ltr'>ne</span> <span class='ocrx_word' id='word_1_19' title='bbox 519 583 729 636; x_wconf 79' lang='lat' dir='ltr'>offeras</span> <span class='ocrx_word' id='word_1_20' title='bbox 755 583 1086 639; x_wconf 82' lang='lat' dir='ltr'>holocausta</span> <span class='ocrx_word' id='word_1_21' title='bbox 1119 592 1217 640; x_wconf 88' lang='lat' dir='ltr'>tua</span> <span class='ocrx_word' id='word_1_22' title='bbox 1239 587 1298 640; x_wconf 94' lang='lat' dir='ltr'>in</span> <span class='ocrx_word' id='word_1_23' title='bbox 1329 589 1487 642; x_wconf 91' lang='lat' dir='ltr'>omni</span> <span class='ocrx_word' id='word_1_24' title='bbox 1510 590 1632 643; x_wconf 93' lang='lat' dir='ltr'>loco</span> <span class='ocrx_word' id='word_1_25' title='bbox 1665 606 1835 660; x_wconf 92' lang='lat' dir='ltr'>quem</span> <span class='ocrx_word' id='word_1_26' title='bbox 1862 591 1945 643; x_wconf 83' lang='lat' dir='ltr'>vi-</span> 
     </span>
    </p>
   </div>
   <div class='ocr_carea' id='block_1_4' title="bbox 257 669 1939 744">
    <p class='ocr_par' dir='ltr' id='par_1_4' title="bbox 257 669 1939 744">
     <span class='ocr_line' id='line_1_4' title="bbox 257 669 1939 744; baseline 0.007 -23"><span class='ocrx_word' id='word_1_27' title='bbox 257 669 413 736; x_wconf 89' lang='lat' dir='ltr'>deris,</span> <span class='ocrx_word' id='word_1_28' title='bbox 447 671 545 724; x_wconf 90' lang='lat' dir='ltr'>sed</span> <span class='ocrx_word' id='word_1_29' title='bbox 578 671 638 723; x_wconf 89' lang='lat' dir='ltr'>in</span> <span class='ocrx_word' id='word_1_30' title='bbox 672 672 792 725; x_wconf 94' lang='lat' dir='ltr'>loco</span> <span class='ocrx_word' id='word_1_31' title='bbox 824 689 997 743; x_wconf 90' lang='lat' dir='ltr'>quem</span> <span class='ocrx_word' id='word_1_32' title='bbox 1024 674 1259 744; x_wconf 76' lang='lat' dir='ltr'>elegerit</span> <span class='ocrx_word' id='word_1_33' title='bbox 1301 676 1573 729; x_wconf 89' lang='lat' dir='ltr'>Dominus</span> <span class='ocrx_word' id='word_1_34' title='bbox 1612 679 1759 731; x_wconf 86' lang='lat' dir='ltr'>Deus</span> <span class='ocrx_word' id='word_1_35' title='bbox 1788 683 1939 732; x_wconf 90' lang='lat' dir='ltr'>tuus.</span> 
     </span>
    </p>
   </div>
   <div class='ocr_carea' id='block_1_5' title="bbox 260 757 1941 833">
    <p class='ocr_par' dir='ltr' id='par_1_5' title="bbox 260 757 1941 833">
     <span class='ocr_line' id='line_1_5' title="bbox 260 757 1941 833; baseline 0.006 -24"><span class='ocrx_word' id='word_1_36' title='bbox 260 758 316 809; x_wconf 83' lang='lat' dir='ltr'>Et</span> <span class='ocrx_word' id='word_1_37' title='bbox 345 757 402 810; x_wconf 91' lang='lat' dir='ltr'>in</span> <span class='ocrx_word' id='word_1_38' title='bbox 434 758 622 811; x_wconf 81' lang='lat' dir='ltr'>Exodo</span> <span class='ocrx_word' id='word_1_39' title='bbox 655 759 902 827; x_wconf 89' lang='lat' dir='ltr'>legitur:</span> <span class='ocrx_word' id='word_1_40' title='bbox 934 762 1043 813; x_wconf 89' lang='lat' dir='ltr'>Vos</span> <span class='ocrx_word' id='word_1_41' title='bbox 1082 761 1303 815; x_wconf 82' lang='lat' dir='ltr'>vidistis</span> <span class='ocrx_word' id='word_1_42' title='bbox 1333 763 1467 833; x_wconf 85' lang='lat' dir='ltr'>quia</span> <span class='ocrx_word' id='word_1_43' title='bbox 1506 764 1573 818; x_wconf 93' lang='lat' dir='ltr'>de</span> <span class='ocrx_word' id='word_1_44' title='bbox 1611 766 1752 818; x_wconf 68' lang='lat' dir='ltr'>coelo</span> <span class='ocrx_word' id='word_1_45' title='bbox 1784 766 1941 818; x_wconf 89' lang='lat' dir='ltr'>locu-</span> 
     </span>
    </p>
   </div>
   <div class='ocr_carea' id='block_1_6' title="bbox 257 847 1943 921">
    <p class='ocr_par' dir='ltr' id='par_1_6' title="bbox 257 847 1943 921">
     <span class='ocr_line' id='line_1_6' title="bbox 257 847 1943 921; baseline 0.005 -23"><span class='ocrx_word' id='word_1_46' title='bbox 257 850 341 899; x_wconf 88' lang='lat' dir='ltr'>tus</span> <span class='ocrx_word' id='word_1_47' title='bbox 378 863 500 899; x_wconf 91' lang='lat' dir='ltr'>sum</span> <span class='ocrx_word' id='word_1_48' title='bbox 532 847 734 900; x_wconf 81' lang='lat' dir='ltr'>vobis:</span> <span class='ocrx_word' id='word_1_49' title='bbox 770 849 890 901; x_wconf 90' lang='lat' dir='ltr'>Non</span> <span class='ocrx_word' id='word_1_50' title='bbox 918 848 1133 902; x_wconf 83' lang='lat' dir='ltr'>facietis</span> <span class='ocrx_word' id='word_1_51' title='bbox 1165 852 1300 905; x_wconf 91' lang='lat' dir='ltr'>deos</span> <span class='ocrx_word' id='word_1_52' title='bbox 1330 856 1648 921; x_wconf 88' lang='lat' dir='ltr'>argenteos,</span> <span class='ocrx_word' id='word_1_53' title='bbox 1683 870 1784 907; x_wconf 92' lang='lat' dir='ltr'>nec</span> <span class='ocrx_word' id='word_1_54' title='bbox 1806 855 1943 908; x_wconf 93' lang='lat' dir='ltr'>deos</span> 
     </span>
    </p>
   </div>
   <div class='ocr_carea' id='block_1_7' title="bbox 256 934 1941 1009">
    <p class='ocr_par' dir='ltr' id='par_1_7' title="bbox 256 934 1941 1009">
     <span class='ocr_line' id='line_1_7' title="bbox 256 934 1941 1009; baseline 0.005 -22"><span class='ocrx_word' id='word_1_55' title='bbox 256 951 443 987; x_wconf 88' lang='lat' dir='ltr'>aureos</span> <span class='ocrx_word' id='word_1_56' title='bbox 474 934 694 989; x_wconf 77' lang='lat' dir='ltr'>facietis</span> <span class='ocrx_word' id='word_1_57' title='bbox 736 936 913 990; x_wconf 82' lang='lat' dir='ltr'>vobis.</span> <span class='ocrx_word' id='word_1_58' title='bbox 948 937 1141 991; x_wconf 86' lang='lat' dir='ltr'>Altare</span> <span class='ocrx_word' id='word_1_59' title='bbox 1177 939 1246 992; x_wconf 92' lang='lat' dir='ltr'>de</span> <span class='ocrx_word' id='word_1_60' title='bbox 1295 943 1448 994; x_wconf 87' lang='lat' dir='ltr'>terra</span> <span class='ocrx_word' id='word_1_61' title='bbox 1501 940 1716 994; x_wconf 88' lang='lat' dir='ltr'>facietis</span> <span class='ocrx_word' id='word_1_62' title='bbox 1780 943 1941 1009; x_wconf 91' lang='lat' dir='ltr'>mihi,</span> 
     </span>
    </p>
   </div>
   <div class='ocr_carea' id='block_1_8' title="bbox 260 1022 1939 1097">
    <p class='ocr_par' dir='ltr' id='par_1_8' title="bbox 260 1022 1939 1097">
     <span class='ocr_line' id='line_1_8' title="bbox 260 1022 1939 1097; baseline 0.005 -22"><span class='ocrx_word' id='word_1_63' title='bbox 260 1028 313 1075; x_wconf 90' lang='lat' dir='ltr'>et</span> <span class='ocrx_word' id='word_1_64' title='bbox 362 1022 610 1075; x_wconf 81' lang='lat' dir='ltr'>oﬂ‘eretis</span> <span class='ocrx_word' id='word_1_65' title='bbox 651 1039 821 1092; x_wconf 83' lang='lat' dir='ltr'>super</span> <span class='ocrx_word' id='word_1_66' title='bbox 867 1039 934 1077; x_wconf 91' lang='lat' dir='ltr'>eo</span> <span class='ocrx_word' id='word_1_67' title='bbox 988 1025 1316 1080; x_wconf 92' lang='lat' dir='ltr'>holocausta</span> <span class='ocrx_word' id='word_1_68' title='bbox 1364 1033 1421 1080; x_wconf 91' lang='lat' dir='ltr'>et</span> <span class='ocrx_word' id='word_1_69' title='bbox 1458 1028 1693 1097; x_wconf 81' lang='lat' dir='ltr'>paciﬁca</span> <span class='ocrx_word' id='word_1_70' title='bbox 1736 1035 1939 1084; x_wconf 87' lang='lat' dir='ltr'>vestra.</span> 
     </span>
    </p>
   </div>
   <div class='ocr_carea' id='block_1_9' title="bbox 262 1111 1946 1185">
    <p class='ocr_par' dir='ltr' id='par_1_9' title="bbox 262 1111 1946 1185">
     <span class='ocr_line' id='line_1_9' title="bbox 262 1111 1946 1185; baseline 0.005 -21"><span class='ocrx_word' id='word_1_71' title='bbox 262 1111 392 1164; x_wconf 89' lang='lat' dir='ltr'>Oves</span> <span class='ocrx_word' id='word_1_72' title='bbox 424 1115 637 1164; x_wconf 87' lang='lat' dir='ltr'>vestras</span> <span class='ocrx_word' id='word_1_73' title='bbox 684 1111 743 1164; x_wconf 93' lang='lat' dir='ltr'>in</span> <span class='ocrx_word' id='word_1_74' title='bbox 778 1111 937 1165; x_wconf 90' lang='lat' dir='ltr'>omni</span> <span class='ocrx_word' id='word_1_75' title='bbox 988 1113 1131 1178; x_wconf 91' lang='lat' dir='ltr'>loco,</span> <span class='ocrx_word' id='word_1_76' title='bbox 1182 1115 1241 1167; x_wconf 92' lang='lat' dir='ltr'>in</span> <span class='ocrx_word' id='word_1_77' title='bbox 1293 1131 1406 1185; x_wconf 93' lang='lat' dir='ltr'>quo</span> <span class='ocrx_word' id='word_1_78' title='bbox 1455 1117 1733 1170; x_wconf 84' lang='lat' dir='ltr'>memoria</span> <span class='ocrx_word' id='word_1_79' title='bbox 1772 1118 1946 1173; x_wconf 91' lang='lat' dir='ltr'>fuerit</span> 
     </span>
    </p>
   </div>
   <div class='ocr_carea' id='block_1_10' title="bbox 261 1199 1944 1273">
    <p class='ocr_par' dir='ltr' id='par_1_10' title="bbox 261 1199 1944 1273">
     <span class='ocr_line' id='line_1_10' title="bbox 261 1199 1944 1273; baseline 0.005 -22"><span class='ocrx_word' id='word_1_80' title='bbox 261 1199 497 1252; x_wconf 87' lang='lat' dir='ltr'>nominis</span> <span class='ocrx_word' id='word_1_81' title='bbox 530 1199 666 1253; x_wconf 91' lang='lat' dir='ltr'>mei.</span> <span class='ocrx_word' id='word_1_82' title='bbox 700 1200 768 1253; x_wconf 88' lang='lat' dir='ltr'>Et</span> <span class='ocrx_word' id='word_1_83' title='bbox 797 1200 941 1253; x_wconf 84' lang='lat' dir='ltr'>sicut</span> <span class='ocrx_word' id='word_1_84' title='bbox 972 1216 1090 1255; x_wconf 94' lang='lat' dir='ltr'>non</span> <span class='ocrx_word' id='word_1_85' title='bbox 1116 1202 1236 1268; x_wconf 87' lang='lat' dir='ltr'>alii,</span> <span class='ocrx_word' id='word_1_86' title='bbox 1268 1219 1440 1273; x_wconf 89' lang='lat' dir='ltr'>quam</span> <span class='ocrx_word' id='word_1_87' title='bbox 1468 1205 1669 1258; x_wconf 84' lang='lat' dir='ltr'>sacrati</span> <span class='ocrx_word' id='word_1_88' title='bbox 1703 1206 1944 1261; x_wconf 91' lang='lat' dir='ltr'>Domino</span> 
     </span>
    </p>
   </div>
   <div class='ocr_carea' id='block_1_11' title="bbox 259 1286 1944 1355">
    <p class='ocr_par' dir='ltr' id='par_1_11' title="bbox 259 1286 1944 1355">
     <span class='ocr_line' id='line_1_11' title="bbox 259 1286 1944 1355; baseline 0.005 -17"><span class='ocrx_word' id='word_1_89' title='bbox 259 1287 568 1340; x_wconf 85' lang='lat' dir='ltr'>sacerdotes</span> <span class='ocrx_word' id='word_1_90' title='bbox 616 1286 828 1341; x_wconf 89' lang='lat' dir='ltr'>debent</span> <span class='ocrx_word' id='word_1_91' title='bbox 870 1288 1072 1342; x_wconf 90' lang='lat' dir='ltr'>missas</span> <span class='ocrx_word' id='word_1_92' title='bbox 1111 1294 1361 1355; x_wconf 90' lang='lat' dir='ltr'>cantare,</span> <span class='ocrx_word' id='word_1_93' title='bbox 1405 1307 1509 1345; x_wconf 89' lang='lat' dir='ltr'>nec</span> <span class='ocrx_word' id='word_1_94' title='bbox 1541 1292 1815 1346; x_wconf 84' lang='lat' dir='ltr'>sacrificia</span> <span class='ocrx_word' id='word_1_95' title='bbox 1843 1310 1944 1347; x_wconf 88' lang='lat' dir='ltr'>su-</span> 
     </span>
    </p>
   </div>
   <div class='ocr_carea' id='block_1_12' title="bbox 256 1374 1943 1450">
    <p class='ocr_par' dir='ltr' id='par_1_12' title="bbox 256 1374 1943 1450">
     <span class='ocr_line' id='line_1_12' title="bbox 256 1374 1943 1450; baseline 0.005 -24"><span class='ocrx_word' id='word_1_96' title='bbox 256 1390 353 1443; x_wconf 89' lang='lat' dir='ltr'>per</span> <span class='ocrx_word' id='word_1_97' title='bbox 381 1375 559 1427; x_wconf 89' lang='lat' dir='ltr'>altare</span> <span class='ocrx_word' id='word_1_98' title='bbox 589 1374 816 1440; x_wconf 76' lang='lat' dir='ltr'>oﬂ‘erre,</span> <span class='ocrx_word' id='word_1_99' title='bbox 867 1376 947 1429; x_wconf 91' lang='lat' dir='ltr'>sic</span> <span class='ocrx_word' id='word_1_100' title='bbox 986 1393 1089 1430; x_wconf 91' lang='lat' dir='ltr'>nec</span> <span class='ocrx_word' id='word_1_101' title='bbox 1138 1379 1197 1431; x_wconf 93' lang='lat' dir='ltr'>in</span> <span class='ocrx_word' id='word_1_102' title='bbox 1244 1378 1388 1443; x_wconf 90' lang='lat' dir='ltr'>aliis,</span> <span class='ocrx_word' id='word_1_103' title='bbox 1427 1395 1599 1448; x_wconf 88' lang='lat' dir='ltr'>quam</span> <span class='ocrx_word' id='word_1_104' title='bbox 1630 1380 1689 1432; x_wconf 91' lang='lat' dir='ltr'>in</span> <span class='ocrx_word' id='word_1_105' title='bbox 1731 1381 1943 1450; x_wconf 60' lang='lat' dir='ltr'>praefa-</span> 
     </span>
    </p>
   </div>
   <div class='ocr_carea' id='block_1_13' title="bbox 256 1462 1942 1532">
    <p class='ocr_par' dir='ltr' id='par_1_13' title="bbox 256 1462 1942 1532">
     <span class='ocr_line' id='line_1_13' title="bbox 256 1462 1942 1532; baseline 0.005 -19"><span class='ocrx_word' id='word_1_106' title='bbox 256 1462 323 1513; x_wconf 90' lang='lat' dir='ltr'>tis</span> <span class='ocrx_word' id='word_1_107' title='bbox 372 1463 614 1515; x_wconf 90' lang='lat' dir='ltr'>Domino</span> <span class='ocrx_word' id='word_1_108' title='bbox 648 1464 880 1516; x_wconf 88' lang='lat' dir='ltr'>sacratis</span> <span class='ocrx_word' id='word_1_109' title='bbox 924 1464 1061 1517; x_wconf 92' lang='lat' dir='ltr'>locis</span> <span class='ocrx_word' id='word_1_110' title='bbox 1110 1465 1298 1518; x_wconf 87' lang='lat' dir='ltr'>Missas</span> <span class='ocrx_word' id='word_1_111' title='bbox 1338 1471 1586 1532; x_wconf 90' lang='lat' dir='ltr'>cantare,</span> <span class='ocrx_word' id='word_1_112' title='bbox 1629 1473 1727 1521; x_wconf 91' lang='lat' dir='ltr'>aut</span> <span class='ocrx_word' id='word_1_113' title='bbox 1772 1469 1942 1522; x_wconf 92' lang='lat' dir='ltr'>sacri-</span> 
     </span>
    </p>
   </div>
   <div class='ocr_carea' id='block_1_14' title="bbox 256 1550 1942 1623">
    <p class='ocr_par' dir='ltr' id='par_1_14' title="bbox 256 1550 1942 1623">
     <span class='ocr_line' id='line_1_14' title="bbox 256 1550 1942 1623; baseline 0.005 -20"><span class='ocrx_word' id='word_1_114' title='bbox 256 1550 377 1603; x_wconf 78' lang='lat' dir='ltr'>ficia</span> <span class='ocrx_word' id='word_1_115' title='bbox 415 1550 620 1606; x_wconf 80' lang='lat' dir='ltr'>offerre</span> <span class='ocrx_word' id='word_1_116' title='bbox 646 1552 795 1605; x_wconf 89' lang='lat' dir='ltr'>licet.</span> <span class='ocrx_word' id='word_1_117' title='bbox 839 1551 896 1606; x_wconf 93' lang='lat' dir='ltr'>Si</span> <span class='ocrx_word' id='word_1_118' title='bbox 922 1558 1114 1606; x_wconf 91' lang='lat' dir='ltr'>autem</span> <span class='ocrx_word' id='word_1_119' title='bbox 1142 1555 1351 1623; x_wconf 88' lang='lat' dir='ltr'>legitur</span> <span class='ocrx_word' id='word_1_120' title='bbox 1380 1554 1439 1609; x_wconf 92' lang='lat' dir='ltr'>in</span> <span class='ocrx_word' id='word_1_121' title='bbox 1478 1556 1717 1610; x_wconf 92' lang='lat' dir='ltr'>concilio</span> <span class='ocrx_word' id='word_1_122' title='bbox 1746 1558 1942 1611; x_wconf 89' lang='lat' dir='ltr'>Laodi-</span> 
     </span>
    </p>
   </div>
   <div class='ocr_carea' id='block_1_15' title="bbox 254 1638 1943 1716">
    <p class='ocr_par' dir='ltr' id='par_1_15' title="bbox 254 1638 1943 1716">
     <span class='ocr_line' id='line_1_15' title="bbox 254 1638 1943 1716; baseline 0.005 -26"><span class='ocrx_word' id='word_1_123' title='bbox 254 1638 399 1691; x_wconf 90' lang='lat' dir='ltr'>censi</span> <span class='ocrx_word' id='word_1_124' title='bbox 455 1639 641 1708; x_wconf 90' lang='lat' dir='ltr'>capite</span> <span class='ocrx_word' id='word_1_125' title='bbox 693 1640 875 1705; x_wconf 83' lang='lat' dir='ltr'><strong>XXVI,</strong></span> <span class='ocrx_word' id='word_1_126' title='bbox 909 1641 1062 1710; x_wconf 92' lang='lat' dir='ltr'>quod</span> <span class='ocrx_word' id='word_1_127' title='bbox 1108 1640 1166 1693; x_wconf 92' lang='lat' dir='ltr'>hi</span> <span class='ocrx_word' id='word_1_128' title='bbox 1216 1642 1315 1712; x_wconf 85' lang='lat' dir='ltr'>qui</span> <span class='ocrx_word' id='word_1_129' title='bbox 1361 1658 1477 1695; x_wconf 94' lang='lat' dir='ltr'>non</span> <span class='ocrx_word' id='word_1_130' title='bbox 1539 1649 1673 1697; x_wconf 92' lang='lat' dir='ltr'>sunt</span> <span class='ocrx_word' id='word_1_131' title='bbox 1710 1646 1781 1698; x_wconf 92' lang='lat' dir='ltr'>ab</span> <span class='ocrx_word' id='word_1_132' title='bbox 1829 1646 1943 1716; x_wconf 92' lang='lat' dir='ltr'>epi-</span> 
     </span>
    </p>
   </div>
   <div class='ocr_carea' id='block_1_16' title="bbox 252 1726 1942 1799">
    <p class='ocr_par' dir='ltr' id='par_1_16' title="bbox 252 1726 1942 1799">
     <span class='ocr_line' id='line_1_16' title="bbox 252 1726 1942 1799; baseline 0.005 -20"><span class='ocrx_word' id='word_1_133' title='bbox 252 1726 427 1797; x_wconf 87' lang='lat' dir='ltr'>scopis</span> <span class='ocrx_word' id='word_1_134' title='bbox 469 1728 739 1794; x_wconf 89' lang='lat' dir='ltr'>ordinati,</span> <span class='ocrx_word' id='word_1_135' title='bbox 787 1734 905 1781; x_wconf 88' lang='lat' dir='ltr'>tam</span> <span class='ocrx_word' id='word_1_136' title='bbox 955 1729 1015 1782; x_wconf 94' lang='lat' dir='ltr'>in</span> <span class='ocrx_word' id='word_1_137' title='bbox 1065 1730 1324 1783; x_wconf 87' lang='lat' dir='ltr'>Ecclesiis</span> <span class='ocrx_word' id='word_1_138' title='bbox 1376 1746 1545 1799; x_wconf 88' lang='lat' dir='ltr'>quam</span> <span class='ocrx_word' id='word_1_139' title='bbox 1590 1732 1649 1785; x_wconf 92' lang='lat' dir='ltr'>in</span> <span class='ocrx_word' id='word_1_140' title='bbox 1680 1733 1942 1787; x_wconf 87' lang='lat' dir='ltr'>domibus</span> 
     </span>
    </p>
   </div>
   <div class='ocr_carea' id='block_1_17' title="bbox 251 1815 1942 1889">
    <p class='ocr_par' dir='ltr' id='par_1_17' title="bbox 251 1815 1942 1889">
     <span class='ocr_line' id='line_1_17' title="bbox 251 1815 1942 1889; baseline 0.004 -22"><span class='ocrx_word' id='word_1_141' title='bbox 251 1815 560 1868; x_wconf 88' lang='lat' dir='ltr'>exorcizare</span> <span class='ocrx_word' id='word_1_142' title='bbox 602 1832 718 1869; x_wconf 93' lang='lat' dir='ltr'>non</span> <span class='ocrx_word' id='word_1_143' title='bbox 755 1820 1014 1885; x_wconf 91' lang='lat' dir='ltr'>possunt,</span> <span class='ocrx_word' id='word_1_144' title='bbox 1060 1817 1237 1869; x_wconf 89' lang='lat' dir='ltr'>multo</span> <span class='ocrx_word' id='word_1_145' title='bbox 1268 1818 1449 1886; x_wconf 89' lang='lat' dir='ltr'>magis</span> <span class='ocrx_word' id='word_1_146' title='bbox 1474 1820 1702 1887; x_wconf 89' lang='lat' dir='ltr'>majoris</span> <span class='ocrx_word' id='word_1_147' title='bbox 1732 1820 1942 1889; x_wconf 90' lang='lat' dir='ltr'>gradus</span> 
     </span>
    </p>
   </div>
   <div class='ocr_carea' id='block_1_18' title="bbox 247 1903 1942 1975">
    <p class='ocr_par' dir='ltr' id='par_1_18' title="bbox 247 1903 1942 1975">
     <span class='ocr_line' id='line_1_18' title="bbox 247 1903 1942 1975; baseline 0.004 -20"><span class='ocrx_word' id='word_1_148' title='bbox 247 1903 585 1969; x_wconf 87' lang='lat' dir='ltr'>ministeria,</span> <span class='ocrx_word' id='word_1_149' title='bbox 630 1903 740 1956; x_wconf 89' lang='lat' dir='ltr'>nisi</span> <span class='ocrx_word' id='word_1_150' title='bbox 786 1904 857 1957; x_wconf 90' lang='lat' dir='ltr'>ab</span> <span class='ocrx_word' id='word_1_151' title='bbox 887 1904 991 1969; x_wconf 91' lang='lat' dir='ltr'>eis,</span> <span class='ocrx_word' id='word_1_152' title='bbox 1025 1905 1123 1973; x_wconf 90' lang='lat' dir='ltr'>qui</span> <span class='ocrx_word' id='word_1_153' title='bbox 1168 1905 1235 1957; x_wconf 88' lang='lat' dir='ltr'>ad</span> <span class='ocrx_word' id='word_1_154' title='bbox 1296 1922 1394 1957; x_wconf 92' lang='lat' dir='ltr'>eos</span> <span class='ocrx_word' id='word_1_155' title='bbox 1451 1912 1662 1975; x_wconf 90' lang='lat' dir='ltr'>gradus</span> <span class='ocrx_word' id='word_1_156' title='bbox 1692 1913 1823 1961; x_wconf 91' lang='lat' dir='ltr'>sunt</span> <span class='ocrx_word' id='word_1_157' title='bbox 1854 1925 1942 1961; x_wconf 90' lang='lat' dir='ltr'>sa-</span> 
     </span>
    </p>
   </div>
   <div class='ocr_carea' id='block_1_19' title="bbox 249 1990 1941 2063">
    <p class='ocr_par' dir='ltr' id='par_1_19' title="bbox 249 1990 1941 2063">
     <span class='ocr_line' id='line_1_19' title="bbox 249 1990 1941 2063; baseline 0.004 -21"><span class='ocrx_word' id='word_1_158' title='bbox 249 1990 401 2057; x_wconf 85' lang='lat' dir='ltr'>crati,</span> <span class='ocrx_word' id='word_1_159' title='bbox 455 1990 665 2060; x_wconf 88' lang='lat' dir='ltr'>quibus</span> <span class='ocrx_word' id='word_1_160' title='bbox 711 1990 877 2060; x_wconf 91' lang='lat' dir='ltr'>fungi</span> <span class='ocrx_word' id='word_1_161' title='bbox 917 1991 1147 2057; x_wconf 90' lang='lat' dir='ltr'>debent,</span> <span class='ocrx_word' id='word_1_162' title='bbox 1190 1992 1278 2045; x_wconf 91' lang='lat' dir='ltr'>vel</span> <span class='ocrx_word' id='word_1_163' title='bbox 1319 1992 1506 2045; x_wconf 87' lang='lat' dir='ltr'>ofﬁcia</span> <span class='ocrx_word' id='word_1_164' title='bbox 1558 1993 1670 2063; x_wconf 84' lang='lat' dir='ltr'>agi,</span> <span class='ocrx_word' id='word_1_165' title='bbox 1716 1994 1804 2048; x_wconf 88' lang='lat' dir='ltr'>vel</span> <span class='ocrx_word' id='word_1_166' title='bbox 1853 2011 1941 2048; x_wconf 92' lang='lat' dir='ltr'>sa-</span> 
     </span>
    </p>
   </div>
   <div class='ocr_carea' id='block_1_20' title="bbox 249 2077 1941 2151">
    <p class='ocr_par' dir='ltr' id='par_1_20' title="bbox 249 2077 1941 2151">
     <span class='ocr_line' id='line_1_20' title="bbox 249 2077 1941 2151; baseline 0.004 -22"><span class='ocrx_word' id='word_1_167' title='bbox 249 2077 457 2131; x_wconf 83' lang='lat' dir='ltr'>crificia</span> <span class='ocrx_word' id='word_1_168' title='bbox 490 2077 687 2131; x_wconf 73' lang='lat' dir='ltr'>offerri</span> <span class='ocrx_word' id='word_1_169' title='bbox 736 2094 854 2131; x_wconf 93' lang='lat' dir='ltr'>non</span> <span class='ocrx_word' id='word_1_170' title='bbox 888 2078 1033 2131; x_wconf 89' lang='lat' dir='ltr'>licet.</span> <span class='ocrx_word' id='word_1_171' title='bbox 1078 2080 1236 2143; x_wconf 87' lang='lat' dir='ltr'>Quod</span> <span class='ocrx_word' id='word_1_172' title='bbox 1288 2085 1500 2147; x_wconf 86' lang='lat' dir='ltr'>autem,</span> <span class='ocrx_word' id='word_1_173' title='bbox 1551 2087 1614 2134; x_wconf 88' lang='lat' dir='ltr'>ut</span> <span class='ocrx_word' id='word_1_174' title='bbox 1653 2083 1821 2151; x_wconf 90' lang='lat' dir='ltr'>paulo</span> <span class='ocrx_word' id='word_1_175' title='bbox 1849 2099 1941 2136; x_wconf 91' lang='lat' dir='ltr'>su-</span> 
     </span>
    </p>
   </div>
   <div class='ocr_carea' id='block_1_21' title="bbox 252 2165 1943 2234">
    <p class='ocr_par' dir='ltr' id='par_1_21' title="bbox 252 2165 1943 2234">
     <span class='ocr_line' id='line_1_21' title="bbox 252 2165 1943 2234; baseline 0.004 -17"><span class='ocrx_word' id='word_1_176' title='bbox 252 2165 439 2234; x_wconf 89' lang='lat' dir='ltr'>perius</span> <span class='ocrx_word' id='word_1_177' title='bbox 519 2165 888 2234; x_wconf 68' lang='lat' dir='ltr'>prrelibatum</span> <span class='ocrx_word' id='word_1_178' title='bbox 960 2171 1063 2231; x_wconf 87' lang='lat' dir='ltr'>est,</span> <span class='ocrx_word' id='word_1_179' title='bbox 1147 2166 1462 2221; x_wconf 82' lang='lat' dir='ltr'>oblationes</span> <span class='ocrx_word' id='word_1_180' title='bbox 1540 2168 1599 2221; x_wconf 92' lang='lat' dir='ltr'>in</span> <span class='ocrx_word' id='word_1_181' title='bbox 1681 2169 1943 2224; x_wconf 89' lang='lat' dir='ltr'>domibus</span> 
     </span>
    </p>
   </div>
   <div class='ocr_carea' id='block_1_22' title="bbox 251 2252 1945 2327">
    <p class='ocr_par' dir='ltr' id='par_1_22' title="bbox 251 2252 1945 2327">
     <span class='ocr_line' id='line_1_22' title="bbox 251 2252 1945 2327; baseline 0.004 -23"><span class='ocrx_word' id='word_1_182' title='bbox 251 2252 436 2306; x_wconf 82' lang='lat' dir='ltr'>offerri</span> <span class='ocrx_word' id='word_1_183' title='bbox 466 2268 587 2305; x_wconf 93' lang='lat' dir='ltr'>non</span> <span class='ocrx_word' id='word_1_184' title='bbox 626 2252 837 2306; x_wconf 90' lang='lat' dir='ltr'>debent</span> <span class='ocrx_word' id='word_1_185' title='bbox 883 2254 942 2306; x_wconf 92' lang='lat' dir='ltr'>in</span> <span class='ocrx_word' id='word_1_186' title='bbox 977 2254 1175 2308; x_wconf 89' lang='lat' dir='ltr'>eodem</span> <span class='ocrx_word' id='word_1_187' title='bbox 1217 2255 1476 2319; x_wconf 92' lang='lat' dir='ltr'>concilio,</span> <span class='ocrx_word' id='word_1_188' title='bbox 1513 2271 1635 2325; x_wconf 90' lang='lat' dir='ltr'>cap.</span> <span class='ocrx_word' id='word_1_189' title='bbox 1679 2257 1788 2312; x_wconf 85' lang='lat' dir='ltr'><strong>LIX</strong></span> <span class='ocrx_word' id='word_1_190' title='bbox 1817 2274 1945 2327; x_wconf 89' lang='lat' dir='ltr'>pro-</span> 
     </span>
    </p>
   </div>
   <div class='ocr_carea' id='block_1_23' title="bbox 252 2340 1943 2411">
    <p class='ocr_par' dir='ltr' id='par_1_23' title="bbox 252 2340 1943 2411">
     <span class='ocr_line' id='line_1_23' title="bbox 252 2340 1943 2411; baseline 0.003 -18"><span class='ocrx_word' id='word_1_191' title='bbox 252 2340 495 2394; x_wconf 89' lang='lat' dir='ltr'>hibitum</span> <span class='ocrx_word' id='word_1_192' title='bbox 528 2340 774 2394; x_wconf 88' lang='lat' dir='ltr'>habetur</span> <span class='ocrx_word' id='word_1_193' title='bbox 805 2340 884 2393; x_wconf 89' lang='lat' dir='ltr'>ita</span> <span class='ocrx_word' id='word_1_194' title='bbox 916 2357 928 2393; x_wconf 87' lang='lat'><strong>:</strong></span> <span class='ocrx_word' id='word_1_195' title='bbox 966 2342 1090 2395; x_wconf 88' lang='lat' dir='ltr'>Non</span> <span class='ocrx_word' id='word_1_196' title='bbox 1128 2347 1354 2411; x_wconf 87' lang='lat' dir='ltr'>oportet</span> <span class='ocrx_word' id='word_1_197' title='bbox 1382 2342 1442 2395; x_wconf 94' lang='lat' dir='ltr'>in</span> <span class='ocrx_word' id='word_1_198' title='bbox 1484 2343 1746 2398; x_wconf 90' lang='lat' dir='ltr'>domibus</span> <span class='ocrx_word' id='word_1_199' title='bbox 1780 2345 1943 2398; x_wconf 90' lang='lat' dir='ltr'>obla-</span> 
     </span>
    </p>
   </div>
   <div class='ocr_carea' id='block_1_24' title="bbox 250 2428 1947 2501">
    <p class='ocr_par' dir='ltr' id='par_1_24' title="bbox 250 2428 1947 2501">
     <span class='ocr_line' id='line_1_24' title="bbox 250 2428 1947 2501; baseline 0.004 -21"><span class='ocrx_word' id='word_1_200' title='bbox 250 2428 428 2481; x_wconf 89' lang='lat' dir='ltr'>tiones</span> <span class='ocrx_word' id='word_1_201' title='bbox 452 2428 734 2481; x_wconf 89' lang='lat' dir='ltr'>celebrari</span> <span class='ocrx_word' id='word_1_202' title='bbox 780 2428 849 2483; x_wconf 90' lang='lat' dir='ltr'>ab</span> <span class='ocrx_word' id='word_1_203' title='bbox 880 2429 1160 2499; x_wconf 88' lang='lat' dir='ltr'>episcopis</span> <span class='ocrx_word' id='word_1_204' title='bbox 1204 2431 1291 2483; x_wconf 90' lang='lat' dir='ltr'>vel</span> <span class='ocrx_word' id='word_1_205' title='bbox 1322 2431 1683 2501; x_wconf 80' lang='lat' dir='ltr'>presbyteris.</span> <span class='ocrx_word' id='word_1_206' title='bbox 1735 2432 1947 2487; x_wconf 88' lang='lat' dir='ltr'>Solem-</span> 
     </span>
    </p>
   </div>
   <div class='ocr_carea' id='block_1_25' title="bbox 249 2516 1942 2574">
    <p class='ocr_par' dir='ltr' id='par_1_25' title="bbox 249 2516 1942 2574">
     <span class='ocr_line' id='line_1_25' title="bbox 249 2516 1942 2574; baseline 0.004 -6"><span class='ocrx_word' id='word_1_207' title='bbox 249 2517 452 2569; x_wconf 90' lang='lat' dir='ltr'>nitates</span> <span class='ocrx_word' id='word_1_208' title='bbox 501 2532 637 2569; x_wconf 91' lang='lat' dir='ltr'>vero</span> <span class='ocrx_word' id='word_1_209' title='bbox 686 2516 1109 2570; x_wconf 90' lang='lat' dir='ltr'>dedicationum</span> <span class='ocrx_word' id='word_1_210' title='bbox 1160 2518 1537 2572; x_wconf 86' lang='lat' dir='ltr'>Ecclesiarum</span> <span class='ocrx_word' id='word_1_211' title='bbox 1588 2524 1642 2572; x_wconf 90' lang='lat' dir='ltr'>et</span> <span class='ocrx_word' id='word_1_212' title='bbox 1685 2521 1942 2574; x_wconf 89' lang='lat' dir='ltr'>sacerdo-</span> 
     </span>
    </p>
   </div>
   <div class='ocr_carea' id='block_1_26' title="bbox 255 2604 1941 2674">
    <p class='ocr_par' dir='ltr' id='par_1_26' title="bbox 255 2604 1941 2674">
     <span class='ocr_line' id='line_1_26' title="bbox 255 2604 1941 2674; baseline 0.004 -19"><span class='ocrx_word' id='word_1_213' title='bbox 255 2608 394 2667; x_wconf 88' lang='lat' dir='ltr'>tum,</span> <span class='ocrx_word' id='word_1_214' title='bbox 427 2618 532 2674; x_wconf 90' lang='lat' dir='ltr'>per</span> <span class='ocrx_word' id='word_1_215' title='bbox 562 2604 821 2674; x_wconf 87' lang='lat' dir='ltr'>singulos</span> <span class='ocrx_word' id='word_1_216' title='bbox 852 2620 1026 2658; x_wconf 89' lang='lat' dir='ltr'>annos</span> <span class='ocrx_word' id='word_1_217' title='bbox 1058 2606 1386 2660; x_wconf 87' lang='lat' dir='ltr'>solemniter</span> <span class='ocrx_word' id='word_1_218' title='bbox 1415 2612 1545 2659; x_wconf 91' lang='lat' dir='ltr'>sunt</span> <span class='ocrx_word' id='word_1_219' title='bbox 1569 2607 1941 2674; x_wconf 78' lang='lat' dir='ltr'>celebrandae,</span> 
     </span>
    </p>
   </div>
   <div class='ocr_carea' id='block_1_27' title="bbox 254 2692 1943 2763">
    <p class='ocr_par' dir='ltr' id='par_1_27' title="bbox 254 2692 1943 2763">
     <span class='ocr_line' id='line_1_27' title="bbox 254 2692 1943 2763; baseline 0.004 -19"><span class='ocrx_word' id='word_1_220' title='bbox 254 2692 372 2762; x_wconf 83' lang='lat' dir='ltr'>ipso</span> <span class='ocrx_word' id='word_1_221' title='bbox 421 2693 669 2747; x_wconf 89' lang='lat' dir='ltr'>Domino</span> <span class='ocrx_word' id='word_1_222' title='bbox 716 2693 976 2763; x_wconf 88' lang='lat' dir='ltr'>exempla</span> <span class='ocrx_word' id='word_1_223' title='bbox 1030 2693 1221 2758; x_wconf 90' lang='lat' dir='ltr'>dante,</span> <span class='ocrx_word' id='word_1_224' title='bbox 1272 2695 1371 2763; x_wconf 90' lang='lat' dir='ltr'>qui</span> <span class='ocrx_word' id='word_1_225' title='bbox 1416 2694 1489 2747; x_wconf 91' lang='lat' dir='ltr'>ad</span> <span class='ocrx_word' id='word_1_226' title='bbox 1536 2695 1740 2749; x_wconf 89' lang='lat' dir='ltr'>festum</span> <span class='ocrx_word' id='word_1_227' title='bbox 1779 2696 1943 2749; x_wconf 91' lang='lat' dir='ltr'>dedi-</span> 
     </span>
    </p>
   </div>
   <div class='ocr_carea' id='block_1_28' title="bbox 256 2780 1942 2851">
    <p class='ocr_par' dir='ltr' id='par_1_28' title="bbox 256 2780 1942 2851">
     <span class='ocr_line' id='line_1_28' title="bbox 256 2780 1942 2851; baseline 0.004 -20"><span class='ocrx_word' id='word_1_228' title='bbox 256 2780 491 2833; x_wconf 91' lang='lat' dir='ltr'>cationis</span> <span class='ocrx_word' id='word_1_229' title='bbox 548 2780 794 2851; x_wconf 89' lang='lat' dir='ltr'>Templi,</span> <span class='ocrx_word' id='word_1_230' title='bbox 842 2780 1108 2834; x_wconf 87' lang='lat' dir='ltr'>omnibus</span> <span class='ocrx_word' id='word_1_231' title='bbox 1152 2780 1207 2834; x_wconf 92' lang='lat' dir='ltr'>id</span> <span class='ocrx_word' id='word_1_232' title='bbox 1265 2781 1589 2836; x_wconf 90' lang='lat' dir='ltr'>faciendum</span> <span class='ocrx_word' id='word_1_233' title='bbox 1642 2783 1783 2836; x_wconf 87' lang='lat' dir='ltr'>dans</span> <span class='ocrx_word' id='word_1_234' title='bbox 1830 2784 1942 2838; x_wconf 89' lang='lat' dir='ltr'>for-</span> 
     </span>
    </p>
   </div>
   <div class='ocr_carea' id='block_1_29' title="bbox 254 2867 1942 2938">
    <p class='ocr_par' dir='ltr' id='par_1_29' title="bbox 254 2867 1942 2938">
     <span class='ocr_line' id='line_1_29' title="bbox 254 2867 1942 2938; baseline 0.003 -18"><span class='ocrx_word' id='word_1_235' title='bbox 254 2883 427 2935; x_wconf 91' lang='lat' dir='ltr'>mam,</span> <span class='ocrx_word' id='word_1_236' title='bbox 461 2884 595 2921; x_wconf 92' lang='lat' dir='ltr'>cum</span> <span class='ocrx_word' id='word_1_237' title='bbox 629 2867 871 2938; x_wconf 89' lang='lat' dir='ltr'>reliquis</span> <span class='ocrx_word' id='word_1_238' title='bbox 912 2868 1138 2938; x_wconf 89' lang='lat' dir='ltr'>populis</span> <span class='ocrx_word' id='word_1_239' title='bbox 1167 2869 1429 2923; x_wconf 90' lang='lat' dir='ltr'>eamdem</span> <span class='ocrx_word' id='word_1_240' title='bbox 1464 2870 1823 2925; x_wconf 83' lang='lat' dir='ltr'>festivitatem</span> <span class='ocrx_word' id='word_1_241' title='bbox 1852 2887 1942 2925; x_wconf 87' lang='lat' dir='ltr'>ce-</span> 
     </span>
    </p>
   </div>
   <div class='ocr_carea' id='block_1_30' title="bbox 239 2955 1946 3025">
    <p class='ocr_par' dir='ltr' id='par_1_30' title="bbox 239 2955 1946 3025">
     <span class='ocr_line' id='line_1_30' title="bbox 239 2955 1946 3025; baseline 0.003 -17"><span class='ocrx_word' id='word_1_242' title='bbox 239 2956 577 3010; x_wconf 72' lang='lat' dir='ltr'>lebraturus</span> <span class='ocrx_word' id='word_1_243' title='bbox 623 2956 797 3023; x_wconf 88' lang='lat' dir='ltr'>venit,</span> <span class='ocrx_word' id='word_1_244' title='bbox 866 2955 1011 3010; x_wconf 90' lang='lat' dir='ltr'>sicut</span> <span class='ocrx_word' id='word_1_245' title='bbox 1070 2957 1344 3025; x_wconf 88' lang='lat' dir='ltr'>scriptum</span> <span class='ocrx_word' id='word_1_246' title='bbox 1404 2962 1529 3011; x_wconf 88' lang='lat' dir='ltr'>est:</span> <span class='ocrx_word' id='word_1_247' title='bbox 1593 2960 1756 3012; x_wconf 87' lang='lat' dir='ltr'>Facta</span> <span class='ocrx_word' id='word_1_248' title='bbox 1812 2964 1946 3013; x_wconf 89' lang='lat' dir='ltr'>sunt</span> 
     </span>
    </p>
   </div>
   <div class='ocr_carea' id='block_1_31' title="bbox 3636 401 3737 451">
    <p class='ocr_par' dir='ltr' id='par_1_31' title="bbox 3636 401 3737 451">
     <span class='ocr_line' id='line_1_31' title="bbox 3636 401 3737 451; baseline 0.04 -4"><span class='ocrx_word' id='word_1_249' title='bbox 3636 401 3737 451; x_wconf 74' lang='lat'>686</span> 
     </span>
    </p>
   </div>
   <div class='ocr_carea' id='block_1_32' title="bbox 2509 506 3279 563">
    <p class='ocr_par' dir='ltr' id='par_1_32' title="bbox 2509 506 3279 563">
     <span class='ocr_line' id='line_1_32' title="bbox 2509 506 3279 563; baseline 0.004 -3"><span class='ocrx_word' id='word_1_250' title='bbox 2509 506 2634 560; x_wconf 77' lang='lat' dir='ltr'>CAP.</span> <span class='ocrx_word' id='word_1_251' title='bbox 2664 506 2786 560; x_wconf 85' lang='lat' dir='ltr'><strong>LXI.</strong></span> <span class='ocrx_word' id='word_1_252' title='bbox 2819 537 2884 548; x_wconf 91' lang='lat'><em>-</em></span> <span class='ocrx_word' id='word_1_253' title='bbox 2906 511 2975 561; x_wconf 87' lang='lat' dir='ltr'>De</span> <span class='ocrx_word' id='word_1_254' title='bbox 2999 510 3181 563; x_wconf 81' lang='lat' dir='ltr'>eadem</span> <span class='ocrx_word' id='word_1_255' title='bbox 3202 527 3279 563; x_wconf 84' lang='lat' dir='ltr'>re.</span> 
     </span>
    </p>
   </div>
   <div class='ocr_carea' id='block_1_33' title="bbox 2125 592 3743 672">
    <p class='ocr_par' dir='ltr' id='par_1_33' title="bbox 2125 592 3743 672">
     <span class='ocr_line' id='line_1_33' title="bbox 2125 592 3743 672; baseline 0.007 -26"><span class='ocrx_word' id='word_1_256' title='bbox 2125 592 2230 661; x_wconf 69' lang='lat' dir='ltr'>(Ex</span> <span class='ocrx_word' id='word_1_257' title='bbox 2251 595 2437 648; x_wconf 79' lang='lat' dir='ltr'>concii.</span> <span class='ocrx_word' id='word_1_258' title='bbox 2466 594 2803 663; x_wconf 86' lang='lat' dir='ltr'>Laodicensi,</span> <span class='ocrx_word' id='word_1_259' title='bbox 2827 611 2950 665; x_wconf 96' lang='lat' dir='ltr'>cap.</span> <span class='ocrx_word' id='word_1_260' title='bbox 2982 600 3106 665; x_wconf 78' lang='grc'>58.)</span> <span class='ocrx_word' id='word_1_261' title='bbox 3135 600 3297 663; x_wconf 88' lang='lat' dir='ltr'>Quod</span> <span class='ocrx_word' id='word_1_262' title='bbox 3325 616 3443 654; x_wconf 86' lang='lat' dir='ltr'>non</span> <span class='ocrx_word' id='word_1_263' title='bbox 3477 609 3743 672; x_wconf 84' lang='lat' dir='ltr'>oporteat</span> 
     </span>
    </p>
   </div>
   <div class='ocr_carea' id='block_1_34' title="bbox 2052 677 3741 759">
    <p class='ocr_par' dir='ltr' id='par_1_34' title="bbox 2052 677 3741 759">
     <span class='ocr_line' id='line_1_34' title="bbox 2052 677 3741 759; baseline 0.008 -29"><span class='ocrx_word' id='word_1_264' title='bbox 2052 677 2111 731; x_wconf 92' lang='lat' dir='ltr'>in</span> <span class='ocrx_word' id='word_1_265' title='bbox 2154 680 2417 734; x_wconf 90' lang='lat' dir='ltr'>domibus</span> <span class='ocrx_word' id='word_1_266' title='bbox 2462 682 2780 737; x_wconf 87' lang='lat' dir='ltr'>oblationes</span> <span class='ocrx_word' id='word_1_267' title='bbox 2846 685 3140 753; x_wconf 89' lang='lat' dir='ltr'>celebrari,</span> <span class='ocrx_word' id='word_1_268' title='bbox 3200 688 3270 740; x_wconf 92' lang='lat' dir='ltr'>ab</span> <span class='ocrx_word' id='word_1_269' title='bbox 3317 689 3598 759; x_wconf 92' lang='lat' dir='ltr'>episcopis</span> <span class='ocrx_word' id='word_1_270' title='bbox 3655 692 3741 745; x_wconf 88' lang='lat' dir='ltr'>vel</span> 
     </span>
    </p>
   </div>
   <div class='ocr_carea' id='block_1_35' title="bbox 2052 762 3385 838">
    <p class='ocr_par' dir='ltr' id='par_1_35' title="bbox 2052 762 3385 838">
     <span class='ocr_line' id='line_1_35' title="bbox 2052 762 3385 838; baseline 0.005 -20"><span class='ocrx_word' id='word_1_271' title='bbox 2052 767 2415 838; x_wconf 82' lang='lat' dir='ltr'>presbyteris.</span> <span class='ocrx_word' id='word_1_272' title='bbox 3377 762 3385 767; x_wconf 62' lang='grc'><em>’</em></span> 
     </span>
    </p>
   </div>
   <div class='ocr_carea' id='block_1_36' title="bbox 2476 856 3310 916">
    <p class='ocr_par' dir='ltr' id='par_1_36' title="bbox 2476 856 3310 916">
     <span class='ocr_line' id='line_1_36' title="bbox 2476 856 3310 916; baseline 0.007 -6"><span class='ocrx_word' id='word_1_273' title='bbox 2476 856 2610 911; x_wconf 76' lang='lat' dir='ltr'>CAP.</span> <span class='ocrx_word' id='word_1_274' title='bbox 2647 858 2769 911; x_wconf 85' lang='lat' dir='ltr'><strong>LXI.</strong></span> <span class='ocrx_word' id='word_1_275' title='bbox 2804 889 2869 897; x_wconf 96' lang='lat'><strong><em>—</em></strong></span> <span class='ocrx_word' id='word_1_276' title='bbox 2904 862 2974 913; x_wconf 90' lang='lat' dir='ltr'>De</span> <span class='ocrx_word' id='word_1_277' title='bbox 3012 861 3198 915; x_wconf 81' lang='lat' dir='ltr'>eadem</span> <span class='ocrx_word' id='word_1_278' title='bbox 3234 879 3310 916; x_wconf 82' lang='lat' dir='ltr'>re.</span> 
     </span>
    </p>
   </div>
   <div class='ocr_carea' id='block_1_37' title="bbox 2104 945 3733 1023">
    <p class='ocr_par' dir='ltr' id='par_1_37' title="bbox 2104 945 3733 1023">
     <span class='ocr_line' id='line_1_37' title="bbox 2104 945 3733 1023; baseline 0.007 -27"><span class='ocrx_word' id='word_1_279' title='bbox 2104 945 2227 1019; x_wconf 68' lang='lat' dir='ltr'>(Ea:</span> <span class='ocrx_word' id='word_1_280' title='bbox 2277 945 2463 997; x_wconf 86' lang='lat' dir='ltr'>concil.</span> <span class='ocrx_word' id='word_1_281' title='bbox 2516 945 2830 1013; x_wconf 62' lang='lat' dir='ltr'>Aureliam,</span> <span class='ocrx_word' id='word_1_282' title='bbox 2888 963 3007 1014; x_wconf 84' lang='lat' dir='ltr'>cap.</span> <span class='ocrx_word' id='word_1_283' title='bbox 3065 949 3137 1017; x_wconf 83' lang='grc'>4.)</span> <span class='ocrx_word' id='word_1_284' title='bbox 3197 952 3537 1006; x_wconf 89' lang='lat' dir='ltr'>Audivimus</span> <span class='ocrx_word' id='word_1_285' title='bbox 3580 955 3733 1023; x_wconf 90' lang='lat' dir='ltr'>quod</span> 
     </span>
    </p>
   </div>
   <div class='ocr_carea' id='block_1_38' title="bbox 2050 1030 3743 1111">
    <p class='ocr_par' dir='ltr' id='par_1_38' title="bbox 2050 1030 3743 1111">
     <span class='ocr_line' id='line_1_38' title="bbox 2050 1030 3743 1111; baseline 0.008 -29"><span class='ocrx_word' id='word_1_286' title='bbox 2050 1030 2284 1099; x_wconf 86' lang='lat' dir='ltr'>quidam</span> <span class='ocrx_word' id='word_1_287' title='bbox 2324 1032 2450 1085; x_wconf 89' lang='lat' dir='ltr'>laici</span> <span class='ocrx_word' id='word_1_288' title='bbox 2511 1032 2571 1086; x_wconf 90' lang='lat' dir='ltr'>in</span> <span class='ocrx_word' id='word_1_289' title='bbox 2613 1034 2875 1088; x_wconf 85' lang='lat' dir='ltr'>domibus</span> <span class='ocrx_word' id='word_1_290' title='bbox 2923 1036 3171 1106; x_wconf 90' lang='lat' dir='ltr'>propriis</span> <span class='ocrx_word' id='word_1_291' title='bbox 3219 1040 3560 1110; x_wconf 74' lang='lat' dir='ltr'>praecipiant</span> <span class='ocrx_word' id='word_1_292' title='bbox 3606 1057 3743 1111; x_wconf 91' lang='lat' dir='ltr'>pre-</span> 
     </span>
    </p>
   </div>
   <div class='ocr_carea' id='block_1_39' title="bbox 2050 1118 3739 1191">
    <p class='ocr_par' dir='ltr' id='par_1_39' title="bbox 2050 1118 3739 1191">
     <span class='ocr_line' id='line_1_39' title="bbox 2050 1118 3739 1191; baseline 0.009 -22"><span class='ocrx_word' id='word_1_293' title='bbox 2050 1118 2291 1187; x_wconf 91' lang='lat' dir='ltr'>sbyteris</span> <span class='ocrx_word' id='word_1_294' title='bbox 2340 1120 2457 1172; x_wconf 91' lang='lat' dir='ltr'>suis</span> <span class='ocrx_word' id='word_1_295' title='bbox 2506 1120 2695 1175; x_wconf 85' lang='lat' dir='ltr'>Missas</span> <span class='ocrx_word' id='word_1_296' title='bbox 2742 1123 3047 1191; x_wconf 88' lang='lat' dir='ltr'>celebrare,</span> <span class='ocrx_word' id='word_1_297' title='bbox 3088 1130 3145 1179; x_wconf 85' lang='lat' dir='ltr'>et</span> <span class='ocrx_word' id='word_1_298' title='bbox 3183 1126 3333 1180; x_wconf 91' lang='lat' dir='ltr'>inter</span> <span class='ocrx_word' id='word_1_299' title='bbox 3377 1144 3580 1182; x_wconf 88' lang='lat' dir='ltr'>canum</span> <span class='ocrx_word' id='word_1_300' title='bbox 3625 1130 3739 1184; x_wconf 88' lang='lat' dir='ltr'>dis-</span> 
     </span>
    </p>
   </div>
   <div class='ocr_carea' id='block_1_40' title="bbox 2050 1212 3739 1285">
    <p class='ocr_par' dir='ltr' id='par_1_40' title="bbox 2050 1212 3739 1285">
     <span class='ocr_line' id='line_1_40' title="bbox 2050 1212 3739 1285; baseline 0.007 -26"><span class='ocrx_word' id='word_1_301' title='bbox 2050 1221 2268 1269; x_wconf 88' lang='lat' dir='ltr'>cursus,</span> <span class='ocrx_word' id='word_1_302' title='bbox 2320 1212 2375 1260; x_wconf 92' lang='lat' dir='ltr'>et</span> <span class='ocrx_word' id='word_1_303' title='bbox 2426 1213 2741 1263; x_wconf 87' lang='lat' dir='ltr'>scortorum</span> <span class='ocrx_word' id='word_1_304' title='bbox 2800 1227 3023 1281; x_wconf 81' lang='lat' dir='ltr'>greges,</span> <span class='ocrx_word' id='word_1_305' title='bbox 3099 1215 3412 1268; x_wconf 87' lang='lat' dir='ltr'>sanctitatis</span> <span class='ocrx_word' id='word_1_306' title='bbox 3468 1218 3739 1285; x_wconf 87' lang='lat' dir='ltr'>mysteria</span> 
     </span>
    </p>
   </div>
   <div class='ocr_carea' id='block_1_41' title="bbox 2048 1294 3741 1375">
    <p class='ocr_par' dir='ltr' id='par_1_41' title="bbox 2048 1294 3741 1375">
     <span class='ocr_line' id='line_1_41' title="bbox 2048 1294 3741 1375; baseline 0.008 -30"><span class='ocrx_word' id='word_1_307' title='bbox 2048 1294 2388 1360; x_wconf 86' lang='lat' dir='ltr'>polluuntur</span> <span class='ocrx_word' id='word_1_308' title='bbox 2460 1297 2642 1367; x_wconf 89' lang='lat' dir='ltr'>magis</span> <span class='ocrx_word' id='word_1_309' title='bbox 2698 1315 2871 1368; x_wconf 88' lang='lat' dir='ltr'>quam</span> <span class='ocrx_word' id='word_1_310' title='bbox 2921 1305 3344 1357; x_wconf 90' lang='lat' dir='ltr'>consecrentur.</span> <span class='ocrx_word' id='word_1_311' title='bbox 3381 1303 3741 1375; x_wconf 84' lang='lat' dir='ltr'>Quapropter</span> 
     </span>
    </p>
   </div>
   <div class='ocr_carea' id='block_1_42' title="bbox 2048 1381 3738 1457">
    <p class='ocr_par' dir='ltr' id='par_1_42' title="bbox 2048 1381 3738 1457">
     <span class='ocr_line' id='line_1_42' title="bbox 2048 1381 3738 1457; baseline 0.008 -25"><span class='ocrx_word' id='word_1_312' title='bbox 2048 1381 2410 1451; x_wconf 69' lang='lat' dir='ltr'>praecipimus</span> <span class='ocrx_word' id='word_1_313' title='bbox 2472 1388 2535 1437; x_wconf 91' lang='lat' dir='ltr'>ut</span> <span class='ocrx_word' id='word_1_314' title='bbox 2589 1386 2779 1439; x_wconf 91' lang='lat' dir='ltr'>nullus</span> <span class='ocrx_word' id='word_1_315' title='bbox 2848 1387 3147 1457; x_wconf 85' lang='lat' dir='ltr'>presbyter</span> <span class='ocrx_word' id='word_1_316' title='bbox 3220 1395 3376 1443; x_wconf 86' lang='lat' dir='ltr'>extra</span> <span class='ocrx_word' id='word_1_317' title='bbox 3445 1392 3738 1447; x_wconf 88' lang='lat' dir='ltr'>ecclesiam</span> 
     </span>
    </p>
   </div>
   <div class='ocr_carea' id='block_1_43' title="bbox 2048 1471 3732 1542">
    <p class='ocr_par' dir='ltr' id='par_1_43' title="bbox 2048 1471 3732 1542">
     <span class='ocr_line' id='line_1_43' title="bbox 2048 1471 3732 1542; baseline 0.008 -21"><span class='ocrx_word' id='word_1_318' title='bbox 2048 1474 2360 1538; x_wconf 64' lang='lat' dir='ltr'>praesumat</span> <span class='ocrx_word' id='word_1_319' title='bbox 2411 1471 2629 1525; x_wconf 87' lang='lat' dir='ltr'>Missam</span> <span class='ocrx_word' id='word_1_320' title='bbox 2688 1478 2933 1542; x_wconf 87' lang='lat' dir='ltr'>cantare,</span> <span class='ocrx_word' id='word_1_321' title='bbox 2999 1476 3110 1529; x_wconf 88' lang='lat' dir='ltr'>nisi</span> <span class='ocrx_word' id='word_1_322' title='bbox 3167 1477 3313 1532; x_wconf 87' lang='lat' dir='ltr'>forte</span> <span class='ocrx_word' id='word_1_323' title='bbox 3362 1478 3585 1532; x_wconf 89' lang='lat' dir='ltr'>itineris</span> <span class='ocrx_word' id='word_1_324' title='bbox 3638 1497 3732 1534; x_wconf 89' lang='lat' dir='ltr'>ne-</span> 
     </span>
    </p>
   </div>
   <div class='ocr_carea' id='block_1_44' title="bbox 2049 1558 3740 1633">
    <p class='ocr_par' dir='ltr' id='par_1_44' title="bbox 2049 1558 3740 1633">
     <span class='ocr_line' id='line_1_44' title="bbox 2049 1558 3740 1633; baseline 0.008 -24"><span class='ocrx_word' id='word_1_325' title='bbox 2049 1558 2277 1611; x_wconf 83' lang='lat' dir='ltr'>cessitas</span> <span class='ocrx_word' id='word_1_326' title='bbox 2329 1565 2614 1629; x_wconf 87' lang='lat' dir='ltr'>exposcat,</span> <span class='ocrx_word' id='word_1_327' title='bbox 2647 1561 2705 1614; x_wconf 91' lang='lat' dir='ltr'>in</span> <span class='ocrx_word' id='word_1_328' title='bbox 2763 1563 3013 1616; x_wconf 91' lang='lat' dir='ltr'>tentorio</span> <span class='ocrx_word' id='word_1_329' title='bbox 3079 1569 3176 1618; x_wconf 88' lang='lat' dir='ltr'>aut</span> <span class='ocrx_word' id='word_1_330' title='bbox 3224 1567 3327 1619; x_wconf 91' lang='lat' dir='ltr'>sub</span> <span class='ocrx_word' id='word_1_331' title='bbox 3378 1566 3491 1633; x_wconf 90' lang='lat' dir='ltr'>dio,</span> <span class='ocrx_word' id='word_1_332' title='bbox 3526 1567 3740 1623; x_wconf 91' lang='lat' dir='ltr'>inloco</span> 
     </span>
    </p>
   </div>
   <div class='ocr_carea' id='block_1_45' title="bbox 2050 1644 3741 1719">
    <p class='ocr_par' dir='ltr' id='par_1_45' title="bbox 2050 1644 3741 1719">
     <span class='ocr_line' id='line_1_45' title="bbox 2050 1644 3741 1719; baseline 0.008 -23"><span class='ocrx_word' id='word_1_333' title='bbox 2050 1644 2251 1711; x_wconf 89' lang='lat' dir='ltr'>nitido,</span> <span class='ocrx_word' id='word_1_334' title='bbox 2279 1651 2333 1699; x_wconf 91' lang='lat' dir='ltr'>et</span> <span class='ocrx_word' id='word_1_335' title='bbox 2365 1648 2535 1715; x_wconf 89' lang='lat' dir='ltr'>longe</span> <span class='ocrx_word' id='word_1_336' title='bbox 2579 1649 2648 1702; x_wconf 87' lang='lat' dir='ltr'>ab</span> <span class='ocrx_word' id='word_1_337' title='bbox 2706 1650 2863 1703; x_wconf 91' lang='lat' dir='ltr'>omni</span> <span class='ocrx_word' id='word_1_338' title='bbox 2920 1651 3286 1706; x_wconf 90' lang='lat' dir='ltr'>immunditia</span> <span class='ocrx_word' id='word_1_339' title='bbox 3324 1660 3562 1719; x_wconf 90' lang='lat' dir='ltr'>remoto,</span> <span class='ocrx_word' id='word_1_340' title='bbox 3609 1656 3741 1710; x_wconf 83' lang='lat' dir='ltr'>Mis-</span> 
     </span>
    </p>
   </div>
   <div class='ocr_carea' id='block_1_46' title="bbox 2051 1732 3738 1803">
    <p class='ocr_par' dir='ltr' id='par_1_46' title="bbox 2051 1732 3738 1803">
     <span class='ocr_line' id='line_1_46' title="bbox 2051 1732 3738 1803; baseline 0.008 -20"><span class='ocrx_word' id='word_1_341' title='bbox 2051 1747 2138 1784; x_wconf 88' lang='lat' dir='ltr'>sas</span> <span class='ocrx_word' id='word_1_342' title='bbox 2190 1732 2475 1787; x_wconf 91' lang='lat' dir='ltr'>celebrare</span> <span class='ocrx_word' id='word_1_343' title='bbox 2527 1734 2932 1803; x_wconf 86' lang='lat' dir='ltr'>permittimus,</span> <span class='ocrx_word' id='word_1_344' title='bbox 2987 1742 3042 1790; x_wconf 87' lang='lat' dir='ltr'>et</span> <span class='ocrx_word' id='word_1_345' title='bbox 3097 1738 3205 1791; x_wconf 91' lang='lat' dir='ltr'>hoc</span> <span class='ocrx_word' id='word_1_346' title='bbox 3260 1740 3586 1795; x_wconf 85' lang='lat' dir='ltr'>nullatenus</span> <span class='ocrx_word' id='word_1_347' title='bbox 3616 1742 3738 1797; x_wconf 88' lang='lat' dir='ltr'>sine</span> 
     </span>
    </p>
   </div>
   <div class='ocr_carea' id='block_1_47' title="bbox 2052 1819 2703 1882">
    <p class='ocr_par' dir='ltr' id='par_1_47' title="bbox 2052 1819 2703 1882">
     <span class='ocr_line' id='line_1_47' title="bbox 2052 1819 2703 1882; baseline 0.006 -11"><span class='ocrx_word' id='word_1_348' title='bbox 2052 1819 2243 1872; x_wconf 90' lang='lat' dir='ltr'>tabula</span> <span class='ocrx_word' id='word_1_349' title='bbox 2274 1826 2615 1882; x_wconf 85' lang='lat' dir='ltr'>consecrata,</span> <span class='ocrx_word' id='word_1_350' title='bbox 2695 1828 2703 1835; x_wconf 88' lang='lat'>&#39;</span> 
     </span>
    </p>
   </div>
   <div class='ocr_carea' id='block_1_48' title="bbox 2314 1925 3469 1997">
    <p class='ocr_par' dir='ltr' id='par_1_48' title="bbox 2314 1925 3469 1997">
     <span class='ocr_line' id='line_1_48' title="bbox 2314 1925 3469 1997; baseline 0.005 -19"><span class='ocrx_word' id='word_1_351' title='bbox 2314 1925 2442 1978; x_wconf 80' lang='lat' dir='ltr'>CAP.</span> <span class='ocrx_word' id='word_1_352' title='bbox 2465 1926 2622 1981; x_wconf 87' lang='lat' dir='ltr'><strong>LXII.</strong></span> <span class='ocrx_word' id='word_1_353' title='bbox 2655 1958 2722 1966; x_wconf 84' lang='lat'>———</span> <span class='ocrx_word' id='word_1_354' title='bbox 2745 1930 2815 1981; x_wconf 87' lang='lat' dir='ltr'>De</span> <span class='ocrx_word' id='word_1_355' title='bbox 2840 1932 3180 1997; x_wconf 77' lang='lat' dir='ltr'>reparatione</span> <span class='ocrx_word' id='word_1_356' title='bbox 3204 1931 3469 1986; x_wconf 61' lang='lat' dir='ltr'>Ecclesia.</span> 
     </span>
    </p>
   </div>
   <div class='ocr_carea' id='block_1_49' title="bbox 2121 2012 3739 2091">
    <p class='ocr_par' dir='ltr' id='par_1_49' title="bbox 2121 2012 3739 2091">
     <span class='ocr_line' id='line_1_49' title="bbox 2121 2012 3739 2091; baseline 0.007 -27"><span class='ocrx_word' id='word_1_357' title='bbox 2121 2012 2229 2080; x_wconf 78' lang='lat' dir='ltr'>(Ea:</span> <span class='ocrx_word' id='word_1_358' title='bbox 2258 2015 2413 2080; x_wconf 81' lang='lat' dir='ltr'>epist.</span> <span class='ocrx_word' id='word_1_359' title='bbox 2465 2016 2659 2081; x_wconf 85' lang='lat' dir='ltr'>Vigitii</span> <span class='ocrx_word' id='word_1_360' title='bbox 2713 2017 2918 2085; x_wconf 77' lang='lat' dir='ltr'>papae.)</span> <span class='ocrx_word' id='word_1_361' title='bbox 2981 2018 3055 2071; x_wconf 94' lang='lat' dir='ltr'>De</span> <span class='ocrx_word' id='word_1_362' title='bbox 3107 2019 3321 2073; x_wconf 89' lang='lat' dir='ltr'>fabrica</span> <span class='ocrx_word' id='word_1_363' title='bbox 3368 2037 3500 2074; x_wconf 87' lang='lat' dir='ltr'>vero</span> <span class='ocrx_word' id='word_1_364' title='bbox 3554 2022 3739 2091; x_wconf 87' lang='lat' dir='ltr'>cujus-</span> 
     </span>
    </p>
   </div>
   <div class='ocr_carea' id='block_1_50' title="bbox 2053 2098 3741 2173">
    <p class='ocr_par' dir='ltr' id='par_1_50' title="bbox 2053 2098 3741 2173">
     <span class='ocr_line' id='line_1_50' title="bbox 2053 2098 3741 2173; baseline 0.007 -22"><span class='ocrx_word' id='word_1_365' title='bbox 2053 2098 2190 2152; x_wconf 90' lang='lat' dir='ltr'>libet</span> <span class='ocrx_word' id='word_1_366' title='bbox 2225 2101 2503 2168; x_wconf 85' lang='lat' dir='ltr'>Ecclesiae,</span> <span class='ocrx_word' id='word_1_367' title='bbox 2561 2102 2608 2155; x_wconf 89' lang='lat' dir='ltr'>si</span> <span class='ocrx_word' id='word_1_368' title='bbox 2658 2103 2885 2173; x_wconf 88' lang='lat' dir='ltr'>dirupta</span> <span class='ocrx_word' id='word_1_369' title='bbox 2944 2106 3115 2159; x_wconf 90' lang='lat' dir='ltr'>fuerit</span> <span class='ocrx_word' id='word_1_370' title='bbox 3163 2107 3551 2173; x_wconf 89' lang='lat' dir='ltr'>instauranda,</span> <span class='ocrx_word' id='word_1_371' title='bbox 3610 2114 3666 2162; x_wconf 90' lang='lat' dir='ltr'>et</span> <span class='ocrx_word' id='word_1_372' title='bbox 3695 2109 3741 2162; x_wconf 92' lang='lat' dir='ltr'>si</span> 
     </span>
    </p>
   </div>
   <div class='ocr_carea' id='block_1_51' title="bbox 2052 2186 3738 2265">
    <p class='ocr_par' dir='ltr' id='par_1_51' title="bbox 2052 2186 3738 2265">
     <span class='ocr_line' id='line_1_51' title="bbox 2052 2186 3738 2265; baseline 0.007 -25"><span class='ocrx_word' id='word_1_373' title='bbox 2052 2186 2111 2240; x_wconf 91' lang='lat' dir='ltr'>in</span> <span class='ocrx_word' id='word_1_374' title='bbox 2153 2203 2218 2241; x_wconf 92' lang='lat' dir='ltr'>eo</span> <span class='ocrx_word' id='word_1_375' title='bbox 2256 2189 2380 2242; x_wconf 93' lang='lat' dir='ltr'>loco</span> <span class='ocrx_word' id='word_1_376' title='bbox 2414 2190 2848 2244; x_wconf 89' lang='lat' dir='ltr'>consecrationis</span> <span class='ocrx_word' id='word_1_377' title='bbox 2881 2193 3209 2247; x_wconf 82' lang='lat' dir='ltr'>solemnitas</span> <span class='ocrx_word' id='word_1_378' title='bbox 3257 2195 3460 2249; x_wconf 88' lang='lat' dir='ltr'>debeat</span> <span class='ocrx_word' id='word_1_379' title='bbox 3522 2196 3738 2265; x_wconf 90' lang='lat' dir='ltr'>iterari,</span> 
     </span>
    </p>
   </div>
   <div class='ocr_carea' id='block_1_52' title="bbox 2052 2274 3741 2353">
    <p class='ocr_par' dir='ltr' id='par_1_52' title="bbox 2052 2274 3741 2353">
     <span class='ocr_line' id='line_1_52' title="bbox 2052 2274 3741 2353; baseline 0.007 -26"><span class='ocrx_word' id='word_1_380' title='bbox 2052 2274 2111 2327; x_wconf 92' lang='lat' dir='ltr'>in</span> <span class='ocrx_word' id='word_1_381' title='bbox 2172 2292 2284 2345; x_wconf 91' lang='lat' dir='ltr'>quo</span> <span class='ocrx_word' id='word_1_382' title='bbox 2338 2278 2660 2331; x_wconf 87' lang='lat' dir='ltr'>sanctuaria</span> <span class='ocrx_word' id='word_1_383' title='bbox 2734 2295 2847 2332; x_wconf 92' lang='lat' dir='ltr'>non</span> <span class='ocrx_word' id='word_1_384' title='bbox 2932 2281 3162 2344; x_wconf 90' lang='lat' dir='ltr'>fuerint,</span> <span class='ocrx_word' id='word_1_385' title='bbox 3224 2283 3367 2336; x_wconf 89' lang='lat' dir='ltr'>nihil</span> <span class='ocrx_word' id='word_1_386' title='bbox 3421 2284 3741 2353; x_wconf 90' lang='lat' dir='ltr'>judicamus</span> 
     </span>
    </p>
   </div>
   <div class='ocr_carea' id='block_1_53' title="bbox 2053 2362 3741 2441">
    <p class='ocr_par' dir='ltr' id='par_1_53' title="bbox 2053 2362 3741 2441">
     <span class='ocr_line' id='line_1_53' title="bbox 2053 2362 3741 2441; baseline 0.006 -26"><span class='ocrx_word' id='word_1_387' title='bbox 2053 2362 2303 2429; x_wconf 84' lang='lat' dir='ltr'>ofﬁcere,</span> <span class='ocrx_word' id='word_1_388' title='bbox 2346 2364 2392 2417; x_wconf 89' lang='lat' dir='ltr'>si</span> <span class='ocrx_word' id='word_1_389' title='bbox 2437 2382 2540 2435; x_wconf 89' lang='lat' dir='ltr'>per</span> <span class='ocrx_word' id='word_1_390' title='bbox 2578 2381 2704 2419; x_wconf 89' lang='lat' dir='ltr'>eam</span> <span class='ocrx_word' id='word_1_391' title='bbox 2753 2367 2995 2421; x_wconf 86' lang='lat' dir='ltr'>minima</span> <span class='ocrx_word' id='word_1_392' title='bbox 3039 2385 3185 2438; x_wconf 93' lang='lat' dir='ltr'>aqua</span> <span class='ocrx_word' id='word_1_393' title='bbox 3218 2371 3534 2424; x_wconf 86' lang='lat' dir='ltr'>exorcizata</span> <span class='ocrx_word' id='word_1_394' title='bbox 3560 2373 3741 2441; x_wconf 85' lang='lat' dir='ltr'>jacte-</span> 
     </span>
    </p>
   </div>
   <div class='ocr_carea' id='block_1_54' title="bbox 2050 2452 3742 2526">
    <p class='ocr_par' dir='ltr' id='par_1_54' title="bbox 2050 2452 3742 2526">
     <span class='ocr_line' id='line_1_54' title="bbox 2050 2452 3742 2526; baseline 0.005 -22"><span class='ocrx_word' id='word_1_395' title='bbox 2050 2454 2165 2516; x_wconf 92' lang='lat' dir='ltr'>tur,</span> <span class='ocrx_word' id='word_1_396' title='bbox 2220 2452 2355 2521; x_wconf 89' lang='lat' dir='ltr'>quia</span> <span class='ocrx_word' id='word_1_397' title='bbox 2410 2455 2897 2509; x_wconf 89' lang='lat' dir='ltr'>consecrationem</span> <span class='ocrx_word' id='word_1_398' title='bbox 2955 2457 3260 2526; x_wconf 89' lang='lat' dir='ltr'>cujuslibet</span> <span class='ocrx_word' id='word_1_399' title='bbox 3337 2460 3615 2526; x_wconf 65' lang='lat' dir='ltr'>Ecclesiae,</span> <span class='ocrx_word' id='word_1_400' title='bbox 3682 2460 3742 2513; x_wconf 92' lang='lat' dir='ltr'>in</span> 
     </span>
    </p>
   </div>
   <div class='ocr_carea' id='block_1_55' title="bbox 2052 2539 3741 2614">
    <p class='ocr_par' dir='ltr' id='par_1_55' title="bbox 2052 2539 3741 2614">
     <span class='ocr_line' id='line_1_55' title="bbox 2052 2539 3741 2614; baseline 0.006 -23"><span class='ocrx_word' id='word_1_401' title='bbox 2052 2554 2163 2608; x_wconf 85' lang='lat' dir='ltr'>qua</span> <span class='ocrx_word' id='word_1_402' title='bbox 2192 2539 2436 2608; x_wconf 86' lang='lat' dir='ltr'>Spiritus</span> <span class='ocrx_word' id='word_1_403' title='bbox 2492 2542 2668 2595; x_wconf 90' lang='lat' dir='ltr'>sancti</span> <span class='ocrx_word' id='word_1_404' title='bbox 2724 2559 2821 2595; x_wconf 89' lang='lat' dir='ltr'>ara</span> <span class='ocrx_word' id='word_1_405' title='bbox 2878 2559 2991 2597; x_wconf 91' lang='lat' dir='ltr'>non</span> <span class='ocrx_word' id='word_1_406' title='bbox 3048 2545 3298 2614; x_wconf 86' lang='lat' dir='ltr'>ponitur,</span> <span class='ocrx_word' id='word_1_407' title='bbox 3353 2548 3741 2601; x_wconf 88' lang='lat' dir='ltr'>celebritatem</span> 
     </span>
    </p>
   </div>
   <div class='ocr_carea' id='block_1_56' title="bbox 2050 2628 3745 2703">
    <p class='ocr_par' dir='ltr' id='par_1_56' title="bbox 2050 2628 3745 2703">
     <span class='ocr_line' id='line_1_56' title="bbox 2050 2628 3745 2703; baseline 0.006 -25"><span class='ocrx_word' id='word_1_408' title='bbox 2050 2628 2275 2679; x_wconf 89' lang='lat' dir='ltr'>tantum</span> <span class='ocrx_word' id='word_1_409' title='bbox 2304 2628 2513 2681; x_wconf 89' lang='lat' dir='ltr'>scimus</span> <span class='ocrx_word' id='word_1_410' title='bbox 2567 2645 2687 2683; x_wconf 89' lang='lat' dir='ltr'>esse</span> <span class='ocrx_word' id='word_1_411' title='bbox 2735 2631 3047 2685; x_wconf 78' lang='lat' dir='ltr'>Missurum.</span> <span class='ocrx_word' id='word_1_412' title='bbox 3086 2634 3148 2685; x_wconf 92' lang='lat' dir='ltr'>Et</span> <span class='ocrx_word' id='word_1_413' title='bbox 3203 2632 3333 2686; x_wconf 92' lang='lat' dir='ltr'>ideo</span> <span class='ocrx_word' id='word_1_414' title='bbox 3365 2634 3412 2686; x_wconf 92' lang='lat' dir='ltr'>si</span> <span class='ocrx_word' id='word_1_415' title='bbox 3461 2650 3575 2703; x_wconf 87' lang='lat' dir='ltr'>qua</span> <span class='ocrx_word' id='word_1_416' title='bbox 3620 2650 3745 2687; x_wconf 89' lang='lat' dir='ltr'>san-</span> 
     </span>
    </p>
   </div>
   <div class='ocr_carea' id='block_1_57' title="bbox 2051 2715 3739 2775">
    <p class='ocr_par' dir='ltr' id='par_1_57' title="bbox 2051 2715 3739 2775">
     <span class='ocr_line' id='line_1_57' title="bbox 2051 2715 3739 2775; baseline 0.006 -9"><span class='ocrx_word' id='word_1_417' title='bbox 2051 2718 2273 2767; x_wconf 87' lang='lat' dir='ltr'>ctorum</span> <span class='ocrx_word' id='word_1_418' title='bbox 2322 2715 2617 2770; x_wconf 84' lang='lat' dir='ltr'>basilicaa</span> <span class='ocrx_word' id='word_1_419' title='bbox 2671 2718 3059 2771; x_wconf 89' lang='lat' dir='ltr'>fundamentis</span> <span class='ocrx_word' id='word_1_420' title='bbox 3121 2720 3293 2773; x_wconf 89' lang='lat' dir='ltr'>etiam</span> <span class='ocrx_word' id='word_1_421' title='bbox 3349 2722 3522 2775; x_wconf 88' lang='lat' dir='ltr'>fuerit</span> <span class='ocrx_word' id='word_1_422' title='bbox 3573 2721 3739 2775; x_wconf 92' lang='lat' dir='ltr'>inno-</span> 
     </span>
    </p>
   </div>
   <div class='ocr_carea' id='block_1_58' title="bbox 2050 2802 3741 2872">
    <p class='ocr_par' dir='ltr' id='par_1_58' title="bbox 2050 2802 3741 2872">
     <span class='ocr_line' id='line_1_58' title="bbox 2050 2802 3741 2872; baseline 0.005 -18"><span class='ocrx_word' id='word_1_423' title='bbox 2050 2808 2197 2866; x_wconf 91' lang='lat' dir='ltr'>vata,</span> <span class='ocrx_word' id='word_1_424' title='bbox 2227 2802 2347 2856; x_wconf 90' lang='lat' dir='ltr'>sine</span> <span class='ocrx_word' id='word_1_425' title='bbox 2397 2804 2587 2872; x_wconf 82' lang='lat' dir='ltr'>aliqua</span> <span class='ocrx_word' id='word_1_426' title='bbox 2637 2805 3013 2870; x_wconf 88' lang='lat' dir='ltr'>dubitatione,</span> <span class='ocrx_word' id='word_1_427' title='bbox 3049 2822 3180 2860; x_wconf 92' lang='lat' dir='ltr'>cum</span> <span class='ocrx_word' id='word_1_428' title='bbox 3220 2807 3280 2860; x_wconf 93' lang='lat' dir='ltr'>in</span> <span class='ocrx_word' id='word_1_429' title='bbox 3336 2824 3403 2860; x_wconf 92' lang='lat' dir='ltr'>ea</span> <span class='ocrx_word' id='word_1_430' title='bbox 3444 2809 3741 2862; x_wconf 87' lang='lat' dir='ltr'>Missarum</span> 
     </span>
    </p>
   </div>
   <div class='ocr_carea' id='block_1_59' title="bbox 2050 2890 3739 2960">
    <p class='ocr_par' dir='ltr' id='par_1_59' title="bbox 2050 2890 3739 2960">
     <span class='ocr_line' id='line_1_59' title="bbox 2050 2890 3739 2960; baseline 0.003 -16"><span class='ocrx_word' id='word_1_431' title='bbox 2050 2890 2223 2945; x_wconf 88' lang='lat' dir='ltr'>fuerit</span> <span class='ocrx_word' id='word_1_432' title='bbox 2257 2891 2536 2945; x_wconf 89' lang='lat' dir='ltr'>celebrata</span> <span class='ocrx_word' id='word_1_433' title='bbox 2568 2892 2920 2960; x_wconf 84' lang='lat' dir='ltr'>solemnitas,</span> <span class='ocrx_word' id='word_1_434' title='bbox 2968 2896 3143 2947; x_wconf 87' lang='lat' dir='ltr'>totius</span> <span class='ocrx_word' id='word_1_435' title='bbox 3193 2895 3560 2949; x_wconf 83' lang='lat' dir='ltr'>sanctificatio</span> <span class='ocrx_word' id='word_1_436' title='bbox 3598 2912 3739 2949; x_wconf 91' lang='lat' dir='ltr'>con-</span> 
     </span>
    </p>
   </div>
   <div class='ocr_carea' id='block_1_60' title="bbox 2052 2979 3739 3053">
    <p class='ocr_par' dir='ltr' id='par_1_60' title="bbox 2052 2979 3739 3053">
     <span class='ocr_line' id='line_1_60' title="bbox 2052 2979 3739 3053; baseline 0.004 -21"><span class='ocrx_word' id='word_1_437' title='bbox 2052 2979 2377 3033; x_wconf 90' lang='lat' dir='ltr'>secrationis</span> <span class='ocrx_word' id='word_1_438' title='bbox 2432 2979 2779 3048; x_wconf 36' lang='lat' dir='ltr'>implebitur.</span> <span class='ocrx_word' id='word_1_439' title='bbox 2843 2980 2900 3034; x_wconf 89' lang='lat' dir='ltr'>Si</span> <span class='ocrx_word' id='word_1_440' title='bbox 2930 2997 3063 3035; x_wconf 92' lang='lat' dir='ltr'>vero</span> <span class='ocrx_word' id='word_1_441' title='bbox 3118 2983 3440 3036; x_wconf 85' lang='lat' dir='ltr'>sanctuaria</span> <span class='ocrx_word' id='word_1_442' title='bbox 3478 3000 3606 3053; x_wconf 66' lang='lat' dir='ltr'>quia</span> <span class='ocrx_word' id='word_1_443' title='bbox 3636 2984 3739 3038; x_wconf 80' lang='lat' dir='ltr'>ha-</span> 
     </span>
    </p>
   </div>
   <div class='ocr_carea' id='block_1_61' title="bbox 251 3044 3743 3140">
    <p class='ocr_par' dir='ltr' id='par_1_61' title="bbox 251 3044 3743 3140">
     <span class='ocr_line' id='line_1_61' title="bbox 251 3044 3743 3140; baseline 0.003 -26"><span class='ocrx_word' id='word_1_444' title='bbox 251 3044 503 3140; x_wconf 43' lang='lat' dir='ltr'>fama?“</span> <span class='ocrx_word' id='word_1_445' title='bbox 531 3044 970 3140; x_wconf 61' lang='lat' dir='ltr'>_Hi°r95°_lymi5»</span> <span class='ocrx_word' id='word_1_446' title='bbox 1011 3049 1078 3140; x_wconf 46' lang='lat' dir='ltr'>ﬁt</span> <span class='ocrx_word' id='word_1_447' title='bbox 1123 3044 1308 3140; x_wconf 52' lang='grc' dir='ltr'>Ῑλξθπξῖε</span> <span class='ocrx_word' id='word_1_448' title='bbox 1350 3050 1487 3140; x_wconf 40' lang='grc' dir='ltr'>ενδ-ί»</span> <span class='ocrx_word' id='word_1_449' title='bbox 1524 3050 1591 3140; x_wconf 58' lang='grc' dir='ltr'>εξ</span> <span class='ocrx_word' id='word_1_450' title='bbox 1613 3046 1942 3140; x_wconf 46' lang='grc' dir='ltr'>θω-δΠῘβδδῖ</span> <span class='ocrx_word' id='word_1_451' title='bbox 1973 3053 2013 3108; x_wconf 77' lang='lat' dir='ltr'>C</span> <span class='ocrx_word' id='word_1_452' title='bbox 2051 3067 2240 3134; x_wconf 89' lang='lat' dir='ltr'>bebat,</span> <span class='ocrx_word' id='word_1_453' title='bbox 2299 3066 2486 3120; x_wconf 90' lang='lat' dir='ltr'>ablata</span> <span class='ocrx_word' id='word_1_454' title='bbox 2516 3044 2689 3133; x_wconf 49' lang='lat' dir='ltr'>—sunt,</span> <span class='ocrx_word' id='word_1_455' title='bbox 2743 3083 2940 3121; x_wconf 87' lang='lat' dir='ltr'>rursus</span> <span class='ocrx_word' id='word_1_456' title='bbox 2997 3084 3198 3123; x_wconf 92' lang='lat' dir='ltr'>eorum</span> <span class='ocrx_word' id='word_1_457' title='bbox 3261 3044 3625 3140; x_wconf 77' lang='lat' dir='ltr'>repositione,</span> <span class='ocrx_word' id='word_1_458' title='bbox 3683 3077 3743 3128; x_wconf 86' lang='lat' dir='ltr'>et</span> 
     </span>
    </p>
   </div>
   <div class='ocr_carea' id='block_1_62' title="bbox 248 3132 1939 3203">
    <p class='ocr_par' dir='ltr' id='par_1_62' title="bbox 248 3132 1939 3203">
     <span class='ocr_line' id='line_1_62' title="bbox 248 3132 1939 3203; baseline 0.002 -18"><span class='ocrx_word' id='word_1_459' title='bbox 248 3134 403 3186; x_wconf 79' lang='lat' dir='ltr'>Iesus</span> <span class='ocrx_word' id='word_1_460' title='bbox 434 3134 495 3186; x_wconf 92' lang='lat' dir='ltr'>in</span> <span class='ocrx_word' id='word_1_461' title='bbox 525 3133 742 3203; x_wconf 90' lang='lat' dir='ltr'>templo</span> <span class='ocrx_word' id='word_1_462' title='bbox 774 3132 836 3185; x_wconf 91' lang='lat' dir='ltr'>in</span> <span class='ocrx_word' id='word_1_463' title='bbox 897 3132 1121 3202; x_wconf 90' lang='lat' dir='ltr'>porticu</span> <span class='ocrx_word' id='word_1_464' title='bbox 1168 3132 1505 3187; x_wconf 88' lang='lat' dir='ltr'>Salomonis.</span> <span class='ocrx_word' id='word_1_465' title='bbox 1556 3133 1716 3197; x_wconf 89' lang='lat' dir='ltr'>Quod</span> <span class='ocrx_word' id='word_1_466' title='bbox 1748 3139 1939 3189; x_wconf 80' lang='lat' dir='ltr'>autem</span> 
     </span>
    </p>
   </div>
   <div class='ocr_carea' id='block_1_63' title="bbox 250 3220 1940 3278">
    <p class='ocr_par' dir='ltr' id='par_1_63' title="bbox 250 3220 1940 3278">
     <span class='ocr_line' id='line_1_63' title="bbox 250 3220 1940 3278; baseline 0.003 -5"><span class='ocrx_word' id='word_1_467' title='bbox 250 3226 374 3275; x_wconf 93' lang='lat' dir='ltr'>octo</span> <span class='ocrx_word' id='word_1_468' title='bbox 423 3220 651 3275; x_wconf 90' lang='lat' dir='ltr'>dierum</span> <span class='ocrx_word' id='word_1_469' title='bbox 701 3220 816 3274; x_wconf 84' lang='lat' dir='ltr'>sint.</span> <span class='ocrx_word' id='word_1_470' title='bbox 856 3220 1111 3273; x_wconf 74' lang='lat' dir='ltr'>encmnia</span> <span class='ocrx_word' id='word_1_471' title='bbox 1158 3221 1516 3275; x_wconf 89' lang='lat' dir='ltr'>celebranda.</span> <span class='ocrx_word' id='word_1_472' title='bbox 1562 3221 1623 3275; x_wconf 91' lang='lat' dir='ltr'>in</span> <span class='ocrx_word' id='word_1_473' title='bbox 1661 3222 1805 3277; x_wconf 91' lang='lat' dir='ltr'>libro</span> <span class='ocrx_word' id='word_1_474' title='bbox 1832 3224 1940 3278; x_wconf 87' lang='lat' dir='ltr'>Re-</span> 
     </span>
    </p>
   </div>
   <div class='ocr_carea' id='block_1_64' title="bbox 250 3309 1940 3381">
    <p class='ocr_par' dir='ltr' id='par_1_64' title="bbox 250 3309 1940 3381">
     <span class='ocr_line' id='line_1_64' title="bbox 250 3309 1940 3381; baseline 0.002 -18"><span class='ocrx_word' id='word_1_475' title='bbox 250 3325 383 3378; x_wconf 89' lang='lat' dir='ltr'>gum</span> <span class='ocrx_word' id='word_1_476' title='bbox 434 3315 665 3381; x_wconf 88' lang='lat' dir='ltr'>peracta</span> <span class='ocrx_word' id='word_1_477' title='bbox 707 3309 1062 3364; x_wconf 90' lang='lat' dir='ltr'>dedicatione</span> <span class='ocrx_word' id='word_1_478' title='bbox 1103 3310 1301 3380; x_wconf 89' lang='lat' dir='ltr'>templi</span> <span class='ocrx_word' id='word_1_479' title='bbox 1349 3309 1662 3379; x_wconf 91' lang='lat' dir='ltr'>reperietis.</span> <span class='ocrx_word' id='word_1_480' title='bbox 1716 3313 1789 3365; x_wconf 93' lang='lat' dir='ltr'>De</span> <span class='ocrx_word' id='word_1_481' title='bbox 1843 3328 1940 3366; x_wconf 91' lang='lat' dir='ltr'>ec—</span> 
     </span>
    </p>
   </div>
   <div class='ocr_carea' id='block_1_65' title="bbox 248 3397 1941 3468">
    <p class='ocr_par' dir='ltr' id='par_1_65' title="bbox 248 3397 1941 3468">
     <span class='ocr_line' id='line_1_65' title="bbox 248 3397 1941 3468; baseline 0.002 -18"><span class='ocrx_word' id='word_1_482' title='bbox 248 3398 553 3452; x_wconf 91' lang='lat' dir='ltr'>clesiarum</span> <span class='ocrx_word' id='word_1_483' title='bbox 612 3412 745 3452; x_wconf 90' lang='lat' dir='ltr'>vero</span> <span class='ocrx_word' id='word_1_484' title='bbox 776 3397 1197 3451; x_wconf 87' lang='lat' dir='ltr'>consecratione</span> <span class='ocrx_word' id='word_1_485' title='bbox 1246 3399 1473 3468; x_wconf 88' lang='lat' dir='ltr'>quoties</span> <span class='ocrx_word' id='word_1_486' title='bbox 1517 3398 1833 3465; x_wconf 86' lang='lat' dir='ltr'>dubitatur,</span> <span class='ocrx_word' id='word_1_487' title='bbox 1884 3406 1941 3455; x_wconf 88' lang='lat' dir='ltr'>et</span> 
     </span>
    </p>
   </div>
   <div class='ocr_carea' id='block_1_66' title="bbox 248 3485 1943 3558">
    <p class='ocr_par' dir='ltr' id='par_1_66' title="bbox 248 3485 1943 3558">
     <span class='ocr_line' id='line_1_66' title="bbox 248 3485 1943 3558; baseline 0.001 -19"><span class='ocrx_word' id='word_1_488' title='bbox 248 3502 349 3539; x_wconf 91' lang='lat' dir='ltr'>nec</span> <span class='ocrx_word' id='word_1_489' title='bbox 394 3490 554 3540; x_wconf 88' lang='lat' dir='ltr'>certa</span> <span class='ocrx_word' id='word_1_490' title='bbox 602 3485 901 3556; x_wconf 87' lang='lat' dir='ltr'>scriptura,</span> <span class='ocrx_word' id='word_1_491' title='bbox 937 3501 1040 3539; x_wconf 91' lang='lat' dir='ltr'>nec</span> <span class='ocrx_word' id='word_1_492' title='bbox 1072 3486 1211 3540; x_wconf 87' lang='lat' dir='ltr'>certi</span> <span class='ocrx_word' id='word_1_493' title='bbox 1254 3490 1425 3539; x_wconf 87' lang='lat' dir='ltr'>testes</span> <span class='ocrx_word' id='word_1_494' title='bbox 1457 3486 1723 3554; x_wconf 84' lang='lat' dir='ltr'>existunt,</span> <span class='ocrx_word' id='word_1_495' title='bbox 1758 3504 1789 3539; x_wconf 89' lang='lat' dir='ltr'>a</span> <span class='ocrx_word' id='word_1_496' title='bbox 1818 3487 1943 3558; x_wconf 89' lang='lat' dir='ltr'>qui-</span> 
     </span>
    </p>
   </div>
   <div class='ocr_carea' id='block_1_67' title="bbox 249 3573 1940 3645">
    <p class='ocr_par' dir='ltr' id='par_1_67' title="bbox 249 3573 1940 3645">
     <span class='ocr_line' id='line_1_67' title="bbox 249 3573 1940 3645; baseline 0.001 -17"><span class='ocrx_word' id='word_1_497' title='bbox 249 3574 350 3628; x_wconf 87' lang='lat' dir='ltr'>bus</span> <span class='ocrx_word' id='word_1_498' title='bbox 423 3575 779 3629; x_wconf 89' lang='lat' dir='ltr'>consecratio</span> <span class='ocrx_word' id='word_1_499' title='bbox 835 3573 1064 3641; x_wconf 88' lang='lat' dir='ltr'>sciatur,</span> <span class='ocrx_word' id='word_1_500' title='bbox 1148 3574 1360 3645; x_wconf 90' lang='lat' dir='ltr'>absque</span> <span class='ocrx_word' id='word_1_501' title='bbox 1420 3574 1532 3628; x_wconf 91' lang='lat' dir='ltr'>ulla</span> <span class='ocrx_word' id='word_1_502' title='bbox 1586 3575 1940 3630; x_wconf 91' lang='lat' dir='ltr'>dubitatione</span> 
     </span>
    </p>
   </div>
   <div class='ocr_carea' id='block_1_68' title="bbox 248 3662 1943 3732">
    <p class='ocr_par' dir='ltr' id='par_1_68' title="bbox 248 3662 1943 3732">
     <span class='ocr_line' id='line_1_68' title="bbox 248 3662 1943 3732; baseline 0.002 -18"><span class='ocrx_word' id='word_1_503' title='bbox 248 3663 447 3717; x_wconf 90' lang='lat' dir='ltr'>scitote</span> <span class='ocrx_word' id='word_1_504' title='bbox 480 3678 579 3717; x_wconf 88' lang='lat' dir='ltr'>eas</span> <span class='ocrx_word' id='word_1_505' title='bbox 610 3678 731 3715; x_wconf 84' lang='lat' dir='ltr'>esse</span> <span class='ocrx_word' id='word_1_506' title='bbox 774 3662 1099 3728; x_wconf 89' lang='lat' dir='ltr'>sacrandas,</span> <span class='ocrx_word' id='word_1_507' title='bbox 1142 3678 1214 3715; x_wconf 91' lang='lat' dir='ltr'>ne</span> <span class='ocrx_word' id='word_1_508' title='bbox 1262 3662 1392 3716; x_wconf 91' lang='lat' dir='ltr'>talis</span> <span class='ocrx_word' id='word_1_509' title='bbox 1440 3663 1745 3732; x_wconf 89' lang='lat' dir='ltr'>trepidatio</span> <span class='ocrx_word' id='word_1_510' title='bbox 1775 3663 1943 3717; x_wconf 88' lang='lat' dir='ltr'>faciat</span> 
     </span>
    </p>
   </div>
   <div class='ocr_carea' id='block_1_69' title="bbox 247 3750 1937 3820">
    <p class='ocr_par' dir='ltr' id='par_1_69' title="bbox 247 3750 1937 3820">
     <span class='ocr_line' id='line_1_69' title="bbox 247 3750 1937 3820; baseline 0.002 -17"><span class='ocrx_word' id='word_1_511' title='bbox 247 3750 777 3817; x_wconf 88' lang='lat' dir='ltr'>deteriorationem,</span> <span class='ocrx_word' id='word_1_512' title='bbox 851 3750 1127 3820; x_wconf 89' lang='lat' dir='ltr'>quoniam</span> <span class='ocrx_word' id='word_1_513' title='bbox 1198 3766 1312 3804; x_wconf 92' lang='lat' dir='ltr'>non</span> <span class='ocrx_word' id='word_1_514' title='bbox 1386 3755 1741 3804; x_wconf 86' lang='lat' dir='ltr'>monstratur</span> <span class='ocrx_word' id='word_1_515' title='bbox 1817 3768 1937 3807; x_wconf 91' lang='lat' dir='ltr'>esse</span> 
     </span>
    </p>
   </div>
   <div class='ocr_carea' id='block_1_70' title="bbox 248 3838 1938 3908">
    <p class='ocr_par' dir='ltr' id='par_1_70' title="bbox 248 3838 1938 3908">
     <span class='ocr_line' id='line_1_70' title="bbox 248 3838 1938 3908; baseline 0.002 -18"><span class='ocrx_word' id='word_1_516' title='bbox 248 3838 541 3899; x_wconf 88' lang='lat' dir='ltr'>iteratum.</span> <span class='ocrx_word' id='word_1_517' title='bbox 595 3838 753 3908; x_wconf 90' lang='lat' dir='ltr'>quod</span> <span class='ocrx_word' id='word_1_518' title='bbox 814 3838 1066 3891; x_wconf 89' lang='lat' dir='ltr'>nescitur</span> <span class='ocrx_word' id='word_1_519' title='bbox 1113 3838 1345 3892; x_wconf 87' lang='lat' dir='ltr'>factum.</span> <span class='ocrx_word' id='word_1_520' title='bbox 1403 3839 1500 3893; x_wconf 85' lang='lat' dir='ltr'>His</span> <span class='ocrx_word' id='word_1_521' title='bbox 1543 3839 1744 3892; x_wconf 89' lang='lat' dir='ltr'>fratres</span> <span class='ocrx_word' id='word_1_522' title='bbox 1781 3840 1938 3893; x_wconf 87' lang='lat' dir='ltr'>testi-</span> 
     </span>
    </p>
   </div>
   <div class='ocr_carea' id='block_1_71' title="bbox 248 3925 1941 3997">
    <p class='ocr_par' dir='ltr' id='par_1_71' title="bbox 248 3925 1941 3997">
     <span class='ocr_line' id='line_1_71' title="bbox 248 3925 1941 3997; baseline 0.002 -19"><span class='ocrx_word' id='word_1_523' title='bbox 248 3926 457 3979; x_wconf 91' lang='lat' dir='ltr'>moniis</span> <span class='ocrx_word' id='word_1_524' title='bbox 487 3926 927 3997; x_wconf 86' lang='lat' dir='ltr'>scripturarum,</span> <span class='ocrx_word' id='word_1_525' title='bbox 974 3925 1043 3979; x_wconf 89' lang='lat' dir='ltr'>ab</span> <span class='ocrx_word' id='word_1_526' title='bbox 1093 3926 1400 3996; x_wconf 89' lang='lat' dir='ltr'>apostolica</span> <span class='ocrx_word' id='word_1_527' title='bbox 1437 3927 1775 3980; x_wconf 90' lang='lat' dir='ltr'>auctoritate</span> <span class='ocrx_word' id='word_1_528' title='bbox 1806 3944 1941 3981; x_wconf 90' lang='lat' dir='ltr'>con-</span> 
     </span>
    </p>
   </div>
   <div class='ocr_carea' id='block_1_72' title="bbox 248 4012 1942 4083">
    <p class='ocr_par' dir='ltr' id='par_1_72' title="bbox 248 4012 1942 4083">
     <span class='ocr_line' id='line_1_72' title="bbox 248 4012 1942 4083; baseline 0.001 -18"><span class='ocrx_word' id='word_1_529' title='bbox 248 4014 407 4067; x_wconf 87' lang='lat' dir='ltr'>sultis</span> <span class='ocrx_word' id='word_1_530' title='bbox 466 4014 669 4069; x_wconf 89' lang='lat' dir='ltr'>vestris</span> <span class='ocrx_word' id='word_1_531' title='bbox 725 4012 973 4067; x_wconf 88' lang='lat' dir='ltr'>breviter</span> <span class='ocrx_word' id='word_1_532' title='bbox 1031 4012 1389 4083; x_wconf 91' lang='lat' dir='ltr'>respondisse</span> <span class='ocrx_word' id='word_1_533' title='bbox 1446 4014 1725 4067; x_wconf 84' lang='lat' dir='ltr'>sufticiat:</span> <span class='ocrx_word' id='word_1_534' title='bbox 1785 4015 1942 4069; x_wconf 88' lang='lat' dir='ltr'>vobis</span> 
     </span>
    </p>
   </div>
   <div class='ocr_carea' id='block_1_73' title="bbox 249 4102 1940 4173">
    <p class='ocr_par' dir='ltr' id='par_1_73' title="bbox 249 4102 1940 4173">
     <span class='ocr_line' id='line_1_73' title="bbox 249 4102 1940 4173; baseline 0.001 -18"><span class='ocrx_word' id='word_1_535' title='bbox 249 4105 437 4156; x_wconf 82' lang='lat' dir='ltr'>tamen</span> <span class='ocrx_word' id='word_1_536' title='bbox 481 4102 917 4172; x_wconf 58' lang='lat' dir='ltr'>previdendum</span> <span class='ocrx_word' id='word_1_537' title='bbox 962 4106 1065 4167; x_wconf 91' lang='lat' dir='ltr'>est,</span> <span class='ocrx_word' id='word_1_538' title='bbox 1099 4106 1156 4155; x_wconf 87' lang='lat' dir='ltr'>et</span> <span class='ocrx_word' id='word_1_539' title='bbox 1187 4102 1453 4156; x_wconf 88' lang='lat' dir='ltr'>omnibus</span> <span class='ocrx_word' id='word_1_540' title='bbox 1491 4103 1940 4173; x_wconf 67' lang='lat' dir='ltr'>praedicandum,</span> 
     </span>
    </p>
   </div>
   <div class='ocr_carea' id='block_1_74' title="bbox 250 4190 976 4260">
    <p class='ocr_par' dir='ltr' id='par_1_74' title="bbox 250 4190 976 4260">
     <span class='ocr_line' id='line_1_74' title="bbox 250 4190 976 4260; baseline 0 -17"><span class='ocrx_word' id='word_1_541' title='bbox 250 4196 308 4245; x_wconf 86' lang='lat' dir='ltr'>ut</span> <span class='ocrx_word' id='word_1_542' title='bbox 335 4190 539 4244; x_wconf 90' lang='lat' dir='ltr'>illicita</span> <span class='ocrx_word' id='word_1_543' title='bbox 566 4206 684 4244; x_wconf 91' lang='lat' dir='ltr'>non</span> <span class='ocrx_word' id='word_1_544' title='bbox 715 4194 976 4260; x_wconf 81' lang='lat' dir='ltr'>agantur.</span> 
     </span>
    </p>
   </div>
   <div class='ocr_carea' id='block_1_75' title="bbox 249 4328 2010 4398">
    <p class='ocr_par' dir='ltr' id='par_1_75' title="bbox 249 4328 2010 4398">
     <span class='ocr_line' id='line_1_75' title="bbox 249 4328 2010 4398; baseline -0.004 -10"><span class='ocrx_word' id='word_1_545' title='bbox 249 4333 370 4387; x_wconf 81' lang='lat' dir='ltr'>CAP.</span> <span class='ocrx_word' id='word_1_546' title='bbox 425 4333 559 4387; x_wconf 83' lang='lat' dir='ltr'><strong>LIX.</strong></span> <span class='ocrx_word' id='word_1_547' title='bbox 602 4360 676 4372; x_wconf 94' lang='lat'><em>—</em></span> <span class='ocrx_word' id='word_1_548' title='bbox 719 4332 871 4398; x_wconf 85' lang='lat' dir='ltr'>Quod</span> <span class='ocrx_word' id='word_1_549' title='bbox 906 4346 1012 4385; x_wconf 88' lang='lat' dir='ltr'>non</span> <span class='ocrx_word' id='word_1_550' title='bbox 1056 4332 1217 4385; x_wconf 82' lang='lat' dir='ltr'>liceat</span> <span class='ocrx_word' id='word_1_551' title='bbox 1265 4332 1462 4385; x_wconf 90' lang='lat' dir='ltr'>Missas</span> <span class='ocrx_word' id='word_1_552' title='bbox 1507 4331 1790 4398; x_wconf 83' lang='lat' dir='ltr'>celebrare,</span> <span class='ocrx_word' id='word_1_553' title='bbox 1833 4333 1943 4386; x_wconf 87' lang='lat' dir='ltr'>nisi</span> <span class='ocrx_word' id='word_1_554' title='bbox 1970 4328 2010 4381; x_wconf 96' lang='lat' dir='ltr'>D</span> 
     </span>
    </p>
   </div>
   <div class='ocr_carea' id='block_1_76' title="bbox 474 4404 1704 4471">
    <p class='ocr_par' dir='ltr' id='par_1_76' title="bbox 474 4404 1704 4471">
     <span class='ocr_line' id='line_1_76' title="bbox 474 4404 1704 4471; baseline 0 -15"><span class='ocrx_word' id='word_1_555' title='bbox 474 4406 537 4457; x_wconf 87' lang='lat' dir='ltr'>in</span> <span class='ocrx_word' id='word_1_556' title='bbox 572 4405 700 4457; x_wconf 86' lang='lat' dir='ltr'>locis</span> <span class='ocrx_word' id='word_1_557' title='bbox 730 4404 797 4456; x_wconf 91' lang='lat' dir='ltr'>ab</span> <span class='ocrx_word' id='word_1_558' title='bbox 828 4404 1073 4471; x_wconf 87' lang='lat' dir='ltr'>episcopo</span> <span class='ocrx_word' id='word_1_559' title='bbox 1104 4404 1344 4456; x_wconf 80' lang='lat' dir='ltr'>civitatis</span> <span class='ocrx_word' id='word_1_560' title='bbox 1366 4404 1704 4456; x_wconf 85' lang='lat' dir='ltr'>consecratis.</span> 
     </span>
    </p>
   </div>
   <div class='ocr_carea' id='block_1_77' title="bbox 314 4541 1943 4611">
    <p class='ocr_par' dir='ltr' id='par_1_77' title="bbox 314 4541 1943 4611">
     <span class='ocr_line' id='line_1_77' title="bbox 314 4541 1943 4611; baseline -0.001 -14"><span class='ocrx_word' id='word_1_561' title='bbox 314 4541 433 4611; x_wconf 79' lang='lat' dir='ltr'>(Ea:</span> <span class='ocrx_word' id='word_1_562' title='bbox 465 4543 615 4597; x_wconf 85' lang='lat' dir='ltr'>decr.</span> <span class='ocrx_word' id='word_1_563' title='bbox 665 4541 951 4598; x_wconf 77' lang='lat' dir='ltr'>Clementis</span> <span class='ocrx_word' id='word_1_564' title='bbox 996 4557 1171 4610; x_wconf 56' lang='lat' dir='ltr'>papa,</span> <span class='ocrx_word' id='word_1_565' title='bbox 1203 4556 1322 4609; x_wconf 86' lang='lat' dir='ltr'>cap.</span> <span class='ocrx_word' id='word_1_566' title='bbox 1359 4542 1472 4608; x_wconf 74' lang='lat'>22.)</span> <span class='ocrx_word' id='word_1_567' title='bbox 1503 4542 1607 4596; x_wconf 89' lang='lat' dir='ltr'>Hic</span> <span class='ocrx_word' id='word_1_568' title='bbox 1636 4556 1793 4611; x_wconf 91' lang='lat' dir='ltr'>ergo,</span> <span class='ocrx_word' id='word_1_569' title='bbox 1836 4541 1943 4596; x_wconf 89' lang='lat' dir='ltr'>hoc</span> 
     </span>
    </p>
   </div>
   <div class='ocr_carea' id='block_1_78' title="bbox 248 4630 1942 4701">
    <p class='ocr_par' dir='ltr' id='par_1_78' title="bbox 248 4630 1942 4701">
     <span class='ocr_line' id='line_1_78' title="bbox 248 4630 1942 4701; baseline 0 -18"><span class='ocrx_word' id='word_1_570' title='bbox 248 4636 349 4690; x_wconf 89' lang='lat' dir='ltr'>est.</span> <span class='ocrx_word' id='word_1_571' title='bbox 384 4632 445 4685; x_wconf 89' lang='lat' dir='ltr'>in</span> <span class='ocrx_word' id='word_1_572' title='bbox 495 4631 770 4701; x_wconf 64' lang='lat' dir='ltr'>praesenti</span> <span class='ocrx_word' id='word_1_573' title='bbox 817 4630 931 4684; x_wconf 91' lang='lat' dir='ltr'>vita</span> <span class='ocrx_word' id='word_1_574' title='bbox 964 4630 1179 4700; x_wconf 88' lang='lat' dir='ltr'>positos</span> <span class='ocrx_word' id='word_1_575' title='bbox 1230 4634 1454 4699; x_wconf 92' lang='lat' dir='ltr'>oportet</span> <span class='ocrx_word' id='word_1_576' title='bbox 1496 4645 1592 4682; x_wconf 87' lang='lat' dir='ltr'>vos</span> <span class='ocrx_word' id='word_1_577' title='bbox 1637 4644 1942 4699; x_wconf 89' lang='lat' dir='ltr'>agnoscere</span> 
     </span>
    </p>
   </div>
   <div class='ocr_carea' id='block_1_79' title="bbox 246 4717 1945 4789">
    <p class='ocr_par' dir='ltr' id='par_1_79' title="bbox 246 4717 1945 4789">
     <span class='ocr_line' id='line_1_79' title="bbox 246 4717 1945 4789; baseline -0.001 -18"><span class='ocrx_word' id='word_1_578' title='bbox 246 4720 607 4773; x_wconf 86' lang='lat' dir='ltr'>voluntatem</span> <span class='ocrx_word' id='word_1_579' title='bbox 659 4723 715 4772; x_wconf 93' lang='lat' dir='ltr'>et</span> <span class='ocrx_word' id='word_1_580' title='bbox 762 4723 1117 4789; x_wconf 67' lang='lat' dir='ltr'>praeceptum</span> <span class='ocrx_word' id='word_1_581' title='bbox 1182 4717 1302 4784; x_wconf 91' lang='lat' dir='ltr'>Dei,</span> <span class='ocrx_word' id='word_1_582' title='bbox 1359 4717 1459 4771; x_wconf 91' lang='lat' dir='ltr'>ubi</span> <span class='ocrx_word' id='word_1_583' title='bbox 1518 4722 1573 4771; x_wconf 93' lang='lat' dir='ltr'>et</span> <span class='ocrx_word' id='word_1_584' title='bbox 1623 4717 1830 4787; x_wconf 90' lang='lat' dir='ltr'>agendi</span> <span class='ocrx_word' id='word_1_585' title='bbox 1889 4721 1945 4770; x_wconf 91' lang='lat' dir='ltr'>et</span> 
     </span>
    </p>
   </div>
   <div class='ocr_carea' id='block_1_80' title="bbox 250 4804 1942 4877">
    <p class='ocr_par' dir='ltr' id='par_1_80' title="bbox 250 4804 1942 4877">
     <span class='ocr_line' id='line_1_80' title="bbox 250 4804 1942 4877; baseline -0.001 -18"><span class='ocrx_word' id='word_1_586' title='bbox 250 4806 613 4861; x_wconf 83' lang='lat' dir='ltr'>sacriﬁcandi</span> <span class='ocrx_word' id='word_1_587' title='bbox 658 4806 731 4860; x_wconf 90' lang='lat' dir='ltr'>sit</span> <span class='ocrx_word' id='word_1_588' title='bbox 769 4808 949 4871; x_wconf 91' lang='lat' dir='ltr'>locus,</span> <span class='ocrx_word' id='word_1_589' title='bbox 1002 4805 1272 4877; x_wconf 90' lang='lat' dir='ltr'>quoniam</span> <span class='ocrx_word' id='word_1_590' title='bbox 1322 4805 1382 4859; x_wconf 93' lang='lat' dir='ltr'>in</span> <span class='ocrx_word' id='word_1_591' title='bbox 1429 4804 1553 4859; x_wconf 90' lang='lat' dir='ltr'>aliis</span> <span class='ocrx_word' id='word_1_592' title='bbox 1591 4805 1729 4858; x_wconf 93' lang='lat' dir='ltr'>locis</span> <span class='ocrx_word' id='word_1_593' title='bbox 1771 4805 1942 4859; x_wconf 90' lang='lat' dir='ltr'>sacri-</span> 
     </span>
    </p>
   </div>
   <div class='ocr_carea' id='block_1_81' title="bbox 249 4892 1944 4956">
    <p class='ocr_par' dir='ltr' id='par_1_81' title="bbox 249 4892 1944 4956">
     <span class='ocr_line' id='line_1_81' title="bbox 249 4892 1944 4956; baseline -0.002 -7"><span class='ocrx_word' id='word_1_594' title='bbox 249 4896 415 4951; x_wconf 81' lang='lat' dir='ltr'>ﬁcare</span> <span class='ocrx_word' id='word_1_595' title='bbox 449 4902 508 4951; x_wconf 92' lang='lat' dir='ltr'>et</span> <span class='ocrx_word' id='word_1_596' title='bbox 563 4894 765 4949; x_wconf 88' lang='lat' dir='ltr'>missas</span> <span class='ocrx_word' id='word_1_597' title='bbox 811 4894 1100 4949; x_wconf 86' lang='lat' dir='ltr'>celebrare</span> <span class='ocrx_word' id='word_1_598' title='bbox 1144 4909 1258 4948; x_wconf 92' lang='lat' dir='ltr'>non</span> <span class='ocrx_word' id='word_1_599' title='bbox 1312 4893 1461 4956; x_wconf 89' lang='lat' dir='ltr'>licet,</span> <span class='ocrx_word' id='word_1_600' title='bbox 1518 4892 1628 4946; x_wconf 90' lang='lat' dir='ltr'>nisi</span> <span class='ocrx_word' id='word_1_601' title='bbox 1675 4893 1734 4945; x_wconf 92' lang='lat' dir='ltr'>in</span> <span class='ocrx_word' id='word_1_602' title='bbox 1773 4893 1859 4946; x_wconf 91' lang='lat' dir='ltr'>his</span> <span class='ocrx_word' id='word_1_603' title='bbox 1885 4892 1944 4946; x_wconf 91' lang='lat' dir='ltr'>in</span> 
     </span>
    </p>
   </div>
   <div class='ocr_carea' id='block_1_82' title="bbox 251 4980 1945 5054">
    <p class='ocr_par' dir='ltr' id='par_1_82' title="bbox 251 4980 1945 5054">
     <span class='ocr_line' id='line_1_82' title="bbox 251 4980 1945 5054; baseline -0.001 -18"><span class='ocrx_word' id='word_1_604' title='bbox 251 4985 457 5054; x_wconf 90' lang='lat' dir='ltr'>quibus</span> <span class='ocrx_word' id='word_1_605' title='bbox 504 4984 813 5054; x_wconf 89' lang='lat' dir='ltr'>episcopus</span> <span class='ocrx_word' id='word_1_606' title='bbox 854 4982 1124 5053; x_wconf 88' lang='lat' dir='ltr'>proprius</span> <span class='ocrx_word' id='word_1_607' title='bbox 1148 4982 1401 5052; x_wconf 89' lang='lat' dir='ltr'>jusserit,</span> <span class='ocrx_word' id='word_1_608' title='bbox 1437 4985 1535 5035; x_wconf 90' lang='lat' dir='ltr'>aut</span> <span class='ocrx_word' id='word_1_609' title='bbox 1564 4980 1633 5035; x_wconf 91' lang='lat' dir='ltr'>ab</span> <span class='ocrx_word' id='word_1_610' title='bbox 1679 4980 1945 5051; x_wconf 90' lang='lat' dir='ltr'>episcopo</span> 
     </span>
    </p>
   </div>
   <div class='ocr_carea' id='block_1_83' title="bbox 251 5068 1944 5144">
    <p class='ocr_par' dir='ltr' id='par_1_83' title="bbox 251 5068 1944 5144">
     <span class='ocr_line' id='line_1_83' title="bbox 251 5068 1944 5144; baseline -0.002 -19"><span class='ocrx_word' id='word_1_611' title='bbox 251 5074 595 5144; x_wconf 89' lang='lat' dir='ltr'>regulariter</span> <span class='ocrx_word' id='word_1_612' title='bbox 670 5070 960 5140; x_wconf 88' lang='lat' dir='ltr'>ordinato,</span> <span class='ocrx_word' id='word_1_613' title='bbox 1038 5075 1271 5124; x_wconf 89' lang='lat' dir='ltr'>tenente</span> <span class='ocrx_word' id='word_1_614' title='bbox 1324 5069 1584 5124; x_wconf 88' lang='lat' dir='ltr'>videlicet</span> <span class='ocrx_word' id='word_1_615' title='bbox 1636 5068 1944 5135; x_wconf 88' lang='lat' dir='ltr'>civitatem,</span> 
     </span>
    </p>
   </div>
   <div class='ocr_carea' id='block_1_84' title="bbox 251 5156 1945 5224">
    <p class='ocr_par' dir='ltr' id='par_1_84' title="bbox 251 5156 1945 5224">
     <span class='ocr_line' id='line_1_84' title="bbox 251 5156 1945 5224; baseline -0.003 -11"><span class='ocrx_word' id='word_1_616' title='bbox 251 5159 569 5213; x_wconf 90' lang='lat' dir='ltr'>consecrati</span> <span class='ocrx_word' id='word_1_617' title='bbox 591 5158 825 5212; x_wconf 84' lang='lat' dir='ltr'>fuerint.</span> <span class='ocrx_word' id='word_1_618' title='bbox 860 5158 1042 5211; x_wconf 86' lang='lat' dir='ltr'>Aliter</span> <span class='ocrx_word' id='word_1_619' title='bbox 1062 5157 1215 5210; x_wconf 91' lang='lat' dir='ltr'>enim</span> <span class='ocrx_word' id='word_1_620' title='bbox 1245 5172 1359 5210; x_wconf 91' lang='lat' dir='ltr'>non</span> <span class='ocrx_word' id='word_1_621' title='bbox 1393 5160 1526 5209; x_wconf 88' lang='lat' dir='ltr'>sunt</span> <span class='ocrx_word' id='word_1_622' title='bbox 1555 5156 1675 5209; x_wconf 67' lang='lat' dir='ltr'>haec</span> <span class='ocrx_word' id='word_1_623' title='bbox 1703 5156 1945 5224; x_wconf 90' lang='lat' dir='ltr'>agenda,</span> 
     </span>
    </p>
   </div>
   <div class='ocr_carea' id='block_1_85' title="bbox 250 5243 1947 5311">
    <p class='ocr_par' dir='ltr' id='par_1_85' title="bbox 250 5243 1947 5311">
     <span class='ocr_line' id='line_1_85' title="bbox 250 5243 1947 5311; baseline -0.003 -9"><span class='ocrx_word' id='word_1_624' title='bbox 250 5264 352 5302; x_wconf 90' lang='lat' dir='ltr'>nec</span> <span class='ocrx_word' id='word_1_625' title='bbox 382 5250 491 5302; x_wconf 92' lang='lat' dir='ltr'>rite</span> <span class='ocrx_word' id='word_1_626' title='bbox 543 5246 909 5311; x_wconf 90' lang='lat' dir='ltr'>celebranda,</span> <span class='ocrx_word' id='word_1_627' title='bbox 949 5245 1188 5300; x_wconf 92' lang='lat' dir='ltr'>docente</span> <span class='ocrx_word' id='word_1_628' title='bbox 1220 5260 1326 5298; x_wconf 91' lang='lat' dir='ltr'>nos</span> <span class='ocrx_word' id='word_1_629' title='bbox 1357 5244 1511 5297; x_wconf 87' lang='lat' dir='ltr'>Novo</span> <span class='ocrx_word' id='word_1_630' title='bbox 1547 5248 1603 5297; x_wconf 92' lang='lat' dir='ltr'>et</span> <span class='ocrx_word' id='word_1_631' title='bbox 1632 5243 1815 5296; x_wconf 88' lang='lat' dir='ltr'>Veteri</span> <span class='ocrx_word' id='word_1_632' title='bbox 1844 5243 1947 5297; x_wconf 89' lang='lat' dir='ltr'>Te-</span> 
     </span>
    </p>
   </div>
   <div class='ocr_carea' id='block_1_86' title="bbox 249 5332 1951 5401">
    <p class='ocr_par' dir='ltr' id='par_1_86' title="bbox 249 5332 1951 5401">
     <span class='ocr_line' id='line_1_86' title="bbox 249 5332 1951 5401; baseline -0.001 -14"><span class='ocrx_word' id='word_1_633' title='bbox 249 5341 558 5391; x_wconf 86' lang='lat' dir='ltr'>stamento.</span> <span class='ocrx_word' id='word_1_634' title='bbox 622 5335 752 5388; x_wconf 69' lang='lat' dir='ltr'>Haac</span> <span class='ocrx_word' id='word_1_635' title='bbox 799 5350 831 5387; x_wconf 95' lang='lat' dir='ltr'>a</span> <span class='ocrx_word' id='word_1_636' title='bbox 885 5333 1126 5387; x_wconf 92' lang='lat' dir='ltr'>Domino</span> <span class='ocrx_word' id='word_1_637' title='bbox 1184 5332 1436 5401; x_wconf 83' lang='lat' dir='ltr'>Apostoli</span> <span class='ocrx_word' id='word_1_638' title='bbox 1488 5335 1847 5401; x_wconf 89' lang='lat' dir='ltr'>acceperunt,</span> <span class='ocrx_word' id='word_1_639' title='bbox 1894 5334 1951 5385; x_wconf 84' lang='lat' dir='ltr'>et</span> 
     </span>
    </p>
   </div>
   <div class='ocr_carea' id='block_1_87' title="bbox 250 5418 1952 5487">
    <p class='ocr_par' dir='ltr' id='par_1_87' title="bbox 250 5418 1952 5487">
     <span class='ocr_line' id='line_1_87' title="bbox 250 5418 1952 5487; baseline -0.003 -12"><span class='ocrx_word' id='word_1_640' title='bbox 250 5424 410 5478; x_wconf 88' lang='lat' dir='ltr'>nobis</span> <span class='ocrx_word' id='word_1_641' title='bbox 461 5422 871 5480; x_wconf 87' lang='lat' dir='ltr'>tradiderunt:</span> <span class='ocrx_word' id='word_1_642' title='bbox 918 5422 1043 5475; x_wconf 70' lang='lat' dir='ltr'>haec</span> <span class='ocrx_word' id='word_1_643' title='bbox 1089 5436 1193 5474; x_wconf 88' lang='lat' dir='ltr'>nos</span> <span class='ocrx_word' id='word_1_644' title='bbox 1237 5421 1526 5487; x_wconf 90' lang='lat' dir='ltr'>docemus,</span> <span class='ocrx_word' id='word_1_645' title='bbox 1574 5418 1848 5487; x_wconf 88' lang='lat' dir='ltr'>vobisque</span> <span class='ocrx_word' id='word_1_646' title='bbox 1896 5421 1952 5471; x_wconf 91' lang='lat' dir='ltr'>et</span> 
     </span>
    </p>
   </div>
   <div class='ocr_carea' id='block_1_88' title="bbox 250 5506 1951 5580">
    <p class='ocr_par' dir='ltr' id='par_1_88' title="bbox 250 5506 1951 5580">
     <span class='ocr_line' id='line_1_88' title="bbox 250 5506 1951 5580; baseline -0.004 -13"><span class='ocrx_word' id='word_1_647' title='bbox 250 5514 519 5567; x_wconf 90' lang='lat' dir='ltr'>omnibus</span> <span class='ocrx_word' id='word_1_648' title='bbox 572 5510 791 5580; x_wconf 90' lang='lat' dir='ltr'>absque</span> <span class='ocrx_word' id='word_1_649' title='bbox 861 5508 1307 5579; x_wconf 87' lang='lat' dir='ltr'>reprehensione</span> <span class='ocrx_word' id='word_1_650' title='bbox 1362 5513 1581 5576; x_wconf 90' lang='lat' dir='ltr'>tenere,</span> <span class='ocrx_word' id='word_1_651' title='bbox 1638 5511 1695 5560; x_wconf 89' lang='lat' dir='ltr'>et</span> <span class='ocrx_word' id='word_1_652' title='bbox 1751 5506 1951 5561; x_wconf 90' lang='lat' dir='ltr'>docere</span> 
     </span>
    </p>
   </div>
   <div class='ocr_carea' id='block_1_89' title="bbox 250 5597 1295 5672">
    <p class='ocr_par' dir='ltr' id='par_1_89' title="bbox 250 5597 1295 5672">
     <span class='ocr_line' id='line_1_89' title="bbox 250 5597 1295 5672; baseline -0.005 -18"><span class='ocrx_word' id='word_1_653' title='bbox 250 5602 455 5672; x_wconf 88' lang='lat' dir='ltr'>quibus</span> <span class='ocrx_word' id='word_1_654' title='bbox 478 5598 784 5671; x_wconf 85' lang='lat' dir='ltr'>agendum</span> <span class='ocrx_word' id='word_1_655' title='bbox 805 5602 912 5668; x_wconf 82' lang='lat' dir='ltr'>est,</span> <span class='ocrx_word' id='word_1_656' title='bbox 935 5597 1295 5653; x_wconf 87' lang='lat' dir='ltr'>mandamus.</span> 
     </span>
    </p>
   </div>
   <div class='ocr_carea' id='block_1_90' title="bbox 2051 3154 3740 3215">
    <p class='ocr_par' dir='ltr' id='par_1_90' title="bbox 2051 3154 3740 3215">
     <span class='ocr_line' id='line_1_90' title="bbox 2051 3154 3740 3215; baseline 0.004 -7"><span class='ocrx_word' id='word_1_657' title='bbox 2051 3154 2346 3208; x_wconf 87' lang='lat' dir='ltr'>Missarum</span> <span class='ocrx_word' id='word_1_658' title='bbox 2402 3154 2764 3209; x_wconf 88' lang='lat' dir='ltr'>solemnitate</span> <span class='ocrx_word' id='word_1_659' title='bbox 2840 3157 3220 3211; x_wconf 86' lang='lat' dir='ltr'>reverentiam</span> <span class='ocrx_word' id='word_1_660' title='bbox 3277 3159 3740 3215; x_wconf 82' lang='lat' dir='ltr'>sanctiﬁcationis</span> 
     </span>
    </p>
   </div>
   <div class='ocr_carea' id='block_1_91' title="bbox 2050 3241 2307 3311">
    <p class='ocr_par' dir='ltr' id='par_1_91' title="bbox 2050 3241 2307 3311">
     <span class='ocr_line' id='line_1_91' title="bbox 2050 3241 2307 3311; baseline 0 -16"><span class='ocrx_word' id='word_1_661' title='bbox 2050 3241 2307 3311; x_wconf 91' lang='lat' dir='ltr'>accipiet.</span> 
     </span>
    </p>
   </div>
   <div class='ocr_carea' id='block_1_92' title="bbox 2050 3328 3741 3389">
    <p class='ocr_par' dir='ltr' id='par_1_92' title="bbox 2050 3328 3741 3389">
     <span class='ocr_line' id='line_1_92' title="bbox 2050 3328 3741 3389; baseline 0.003 -5"><span class='ocrx_word' id='word_1_662' title='bbox 2050 3330 2177 3384; x_wconf 79' lang='lat' dir='ltr'>CAP.</span> <span class='ocrx_word' id='word_1_663' title='bbox 2230 3328 2413 3384; x_wconf 87' lang='lat' dir='ltr'><strong>LXIII.</strong></span> <span class='ocrx_word' id='word_1_664' title='bbox 2465 3359 2533 3368; x_wconf 94' lang='lat'>—</span> <span class='ocrx_word' id='word_1_665' title='bbox 2575 3330 2641 3383; x_wconf 89' lang='lat' dir='ltr'>Ut</span> <span class='ocrx_word' id='word_1_666' title='bbox 2684 3334 2809 3383; x_wconf 87' lang='lat' dir='ltr'>ante</span> <span class='ocrx_word' id='word_1_667' title='bbox 2853 3331 3045 3385; x_wconf 79' lang='lat' dir='ltr'>horam</span> <span class='ocrx_word' id='word_1_668' title='bbox 3079 3332 3190 3386; x_wconf 85' lang='lat' dir='ltr'>diei</span> <span class='ocrx_word' id='word_1_669' title='bbox 3233 3335 3448 3387; x_wconf 84' lang='lat' dir='ltr'>tertiam</span> <span class='ocrx_word' id='word_1_670' title='bbox 3482 3349 3588 3388; x_wconf 85' lang='lat' dir='ltr'>non</span> <span class='ocrx_word' id='word_1_671' title='bbox 3629 3337 3741 3389; x_wconf 87' lang='lat' dir='ltr'>sint</span> 
     </span>
    </p>
   </div>
   <div class='ocr_carea' id='block_1_93' title="bbox 2628 3402 3172 3456">
    <p class='ocr_par' dir='ltr' id='par_1_93' title="bbox 2628 3402 3172 3456">
     <span class='ocr_line' id='line_1_93' title="bbox 2628 3402 3172 3456; baseline 0.006 -3"><span class='ocrx_word' id='word_1_672' title='bbox 2628 3402 2687 3453; x_wconf 85' lang='grc' dir='ltr'><strong>Μ</strong></span> <span class='ocrx_word' id='word_1_673' title='bbox 2688 3403 2807 3454; x_wconf 62' lang='lat' dir='ltr'>isse</span> <span class='ocrx_word' id='word_1_674' title='bbox 2827 3402 3172 3456; x_wconf 71' lang='lat' dir='ltr'>celebrandae.</span> 
     </span>
    </p>
   </div>
   <div class='ocr_carea' id='block_1_94' title="bbox 2121 3487 3739 3559">
    <p class='ocr_par' dir='ltr' id='par_1_94' title="bbox 2121 3487 3739 3559">
     <span class='ocr_line' id='line_1_94' title="bbox 2121 3487 3739 3559; baseline 0.004 -19"><span class='ocrx_word' id='word_1_675' title='bbox 2121 3487 2231 3553; x_wconf 77' lang='lat' dir='ltr'>(Ea:</span> <span class='ocrx_word' id='word_1_676' title='bbox 2288 3488 2443 3555; x_wconf 82' lang='lat' dir='ltr'>epist.</span> <span class='ocrx_word' id='word_1_677' title='bbox 2510 3488 2813 3556; x_wconf 85' lang='lat' dir='ltr'>Telesphori</span> <span class='ocrx_word' id='word_1_678' title='bbox 2865 3504 3042 3557; x_wconf 70' lang='lat' dir='ltr'>papae,</span> <span class='ocrx_word' id='word_1_679' title='bbox 3113 3506 3238 3559; x_wconf 86' lang='lat' dir='ltr'>cap.</span> <span class='ocrx_word' id='word_1_680' title='bbox 3306 3492 3384 3559; x_wconf 90' lang='lat'>6.)</span> <span class='ocrx_word' id='word_1_681' title='bbox 3446 3491 3739 3546; x_wconf 83' lang='lat' dir='ltr'>Missarum</span> 
     </span>
    </p>
   </div>
   <div class='ocr_carea' id='block_1_95' title="bbox 2050 3573 3741 3632">
    <p class='ocr_par' dir='ltr' id='par_1_95' title="bbox 2050 3573 3741 3632">
     <span class='ocr_line' id='line_1_95' title="bbox 2050 3573 3741 3632; baseline 0.002 -5"><span class='ocrx_word' id='word_1_682' title='bbox 2050 3573 2457 3627; x_wconf 88' lang='lat' dir='ltr'>celebrationes</span> <span class='ocrx_word' id='word_1_683' title='bbox 2501 3579 2631 3627; x_wconf 88' lang='lat' dir='ltr'>ante</span> <span class='ocrx_word' id='word_1_684' title='bbox 2680 3576 2877 3629; x_wconf 89' lang='lat' dir='ltr'>horam</span> <span class='ocrx_word' id='word_1_685' title='bbox 2915 3576 3029 3629; x_wconf 91' lang='lat' dir='ltr'>diei</span> <span class='ocrx_word' id='word_1_686' title='bbox 3067 3578 3294 3631; x_wconf 89' lang='lat' dir='ltr'>tertiam</span> <span class='ocrx_word' id='word_1_687' title='bbox 3338 3578 3575 3632; x_wconf 88' lang='lat' dir='ltr'>minime</span> <span class='ocrx_word' id='word_1_688' title='bbox 3606 3583 3741 3632; x_wconf 91' lang='lat' dir='ltr'>sunt</span> 
     </span>
    </p>
   </div>
   <div class='ocr_carea' id='block_1_96' title="bbox 2050 3662 3736 3728">
    <p class='ocr_par' dir='ltr' id='par_1_96' title="bbox 2050 3662 3736 3728">
     <span class='ocr_line' id='line_1_96' title="bbox 2050 3662 3736 3728; baseline 0.001 -13"><span class='ocrx_word' id='word_1_689' title='bbox 2050 3662 2422 3727; x_wconf 66' lang='lat' dir='ltr'>celebrandas,</span> <span class='ocrx_word' id='word_1_690' title='bbox 2470 3662 2605 3728; x_wconf 88' lang='lat' dir='ltr'>quia</span> <span class='ocrx_word' id='word_1_691' title='bbox 2661 3663 2860 3716; x_wconf 90' lang='lat' dir='ltr'>eadem</span> <span class='ocrx_word' id='word_1_692' title='bbox 2915 3664 3056 3717; x_wconf 89' lang='lat' dir='ltr'>hora</span> <span class='ocrx_word' id='word_1_693' title='bbox 3119 3669 3174 3717; x_wconf 91' lang='lat' dir='ltr'>et</span> <span class='ocrx_word' id='word_1_694' title='bbox 3225 3666 3502 3719; x_wconf 90' lang='lat' dir='ltr'>Dominus</span> <span class='ocrx_word' id='word_1_695' title='bbox 3555 3665 3736 3719; x_wconf 91' lang='lat' dir='ltr'>cruci-</span> 
     </span>
    </p>
   </div>
   <div class='ocr_carea' id='block_1_97' title="bbox 2049 3750 3737 3820">
    <p class='ocr_par' dir='ltr' id='par_1_97' title="bbox 2049 3750 3737 3820">
     <span class='ocr_line' id='line_1_97' title="bbox 2049 3750 3737 3820; baseline 0.002 -16"><span class='ocrx_word' id='word_1_696' title='bbox 2049 3750 2217 3815; x_wconf 84' lang='lat' dir='ltr'>ﬁxus,</span> <span class='ocrx_word' id='word_1_697' title='bbox 2260 3755 2316 3803; x_wconf 92' lang='lat' dir='ltr'>et</span> <span class='ocrx_word' id='word_1_698' title='bbox 2360 3765 2530 3819; x_wconf 88' lang='lat' dir='ltr'>super</span> <span class='ocrx_word' id='word_1_699' title='bbox 2576 3751 2860 3818; x_wconf 90' lang='lat' dir='ltr'>apostolos</span> <span class='ocrx_word' id='word_1_700' title='bbox 2913 3751 3156 3820; x_wconf 82' lang='lat' dir='ltr'>Spiritus</span> <span class='ocrx_word' id='word_1_701' title='bbox 3223 3758 3448 3806; x_wconf 89' lang='lat' dir='ltr'>sanctus</span> <span class='ocrx_word' id='word_1_702' title='bbox 3506 3754 3737 3807; x_wconf 90' lang='lat' dir='ltr'>descen-</span> 
     </span>
    </p>
   </div>
   <div class='ocr_carea' id='block_1_98' title="bbox 2051 3838 3523 3907">
    <p class='ocr_par' dir='ltr' id='par_1_98' title="bbox 2051 3838 3523 3907">
     <span class='ocr_line' id='line_1_98' title="bbox 2051 3838 3523 3907; baseline 0.001 -15"><span class='ocrx_word' id='word_1_703' title='bbox 2051 3839 2199 3893; x_wconf 93' lang='lat' dir='ltr'>disse</span> <span class='ocrx_word' id='word_1_704' title='bbox 2231 3838 2460 3907; x_wconf 89' lang='lat' dir='ltr'>legitur,</span> <span class='ocrx_word' id='word_1_705' title='bbox 2504 3843 2733 3907; x_wconf 79' lang='lat' dir='ltr'>excepta</span> <span class='ocrx_word' id='word_1_706' title='bbox 2764 3844 2927 3892; x_wconf 92' lang='lat' dir='ltr'>nocte</span> <span class='ocrx_word' id='word_1_707' title='bbox 2955 3843 3160 3893; x_wconf 63' lang='lat' dir='ltr'>sanctis</span> <span class='ocrx_word' id='word_1_708' title='bbox 3193 3840 3523 3894; x_wconf 86' lang='lat' dir='ltr'>nativitatis.</span> 
     </span>
    </p>
   </div>
   <div class='ocr_carea' id='block_1_99' title="bbox 2158 3944 3631 4014">
    <p class='ocr_par' dir='ltr' id='par_1_99' title="bbox 2158 3944 3631 4014">
     <span class='ocr_line' id='line_1_99' title="bbox 2158 3944 3631 4014; baseline 0.002 -17"><span class='ocrx_word' id='word_1_709' title='bbox 2158 3944 2284 3998; x_wconf 77' lang='lat' dir='ltr'><strong>CAP.</strong></span> <span class='ocrx_word' id='word_1_710' title='bbox 2315 3945 2485 3998; x_wconf 85' lang='lat' dir='ltr'><strong>LXIV.</strong></span> <span class='ocrx_word' id='word_1_711' title='bbox 2511 3974 2579 3984; x_wconf 95' lang='lat'><strong>—</strong></span> <span class='ocrx_word' id='word_1_712' title='bbox 2609 3946 2673 3998; x_wconf 88' lang='lat' dir='ltr'>Ut</span> <span class='ocrx_word' id='word_1_713' title='bbox 2694 3960 2796 4012; x_wconf 83' lang='lat' dir='ltr'>pro</span> <span class='ocrx_word' id='word_1_714' title='bbox 2824 3944 3071 4013; x_wconf 77' lang='lat' dir='ltr'>ﬁdelibus</span> <span class='ocrx_word' id='word_1_715' title='bbox 3102 3946 3369 4011; x_wconf 80' lang='lat' dir='ltr'>de/anctis</span> <span class='ocrx_word' id='word_1_716' title='bbox 3399 3947 3631 4014; x_wconf 82' lang='lat' dir='ltr'>singulis</span> 
     </span>
    </p>
   </div>
   <div class='ocr_carea' id='block_1_100' title="bbox 2441 4014 3343 4070">
    <p class='ocr_par' dir='ltr' id='par_1_100' title="bbox 2441 4014 3343 4070">
     <span class='ocr_line' id='line_1_100' title="bbox 2441 4014 3343 4070; baseline 0.001 -4"><span class='ocrx_word' id='word_1_717' title='bbox 2441 4014 2626 4069; x_wconf 84' lang='lat' dir='ltr'>diebus</span> <span class='ocrx_word' id='word_1_718' title='bbox 2658 4017 2852 4069; x_wconf 84' lang='lat' dir='ltr'>Missas</span> <span class='ocrx_word' id='word_1_719' title='bbox 2883 4016 3146 4069; x_wconf 85' lang='lat' dir='ltr'>celebrare</span> <span class='ocrx_word' id='word_1_720' title='bbox 3168 4018 3343 4070; x_wconf 78' lang='lat' dir='ltr'>liceat.</span> 
     </span>
    </p>
   </div>
   <div class='ocr_carea' id='block_1_101' title="bbox 2122 4101 3737 4174">
    <p class='ocr_par' dir='ltr' id='par_1_101' title="bbox 2122 4101 3737 4174">
     <span class='ocr_line' id='line_1_101' title="bbox 2122 4101 3737 4174; baseline 0.001 -18"><span class='ocrx_word' id='word_1_721' title='bbox 2122 4101 2230 4171; x_wconf 81' lang='lat' dir='ltr'>(Ea:</span> <span class='ocrx_word' id='word_1_722' title='bbox 2280 4104 2467 4155; x_wconf 83' lang='lat' dir='ltr'>concil.</span> <span class='ocrx_word' id='word_1_723' title='bbox 2531 4104 2819 4169; x_wconf 83' lang='lat' dir='ltr'>Cabillon.,</span> <span class='ocrx_word' id='word_1_724' title='bbox 2874 4120 2996 4171; x_wconf 83' lang='lat' dir='ltr'>cap.</span> <span class='ocrx_word' id='word_1_725' title='bbox 3048 4104 3159 4173; x_wconf 81' lang='lat'>39.)</span> <span class='ocrx_word' id='word_1_726' title='bbox 3210 4105 3405 4158; x_wconf 91' lang='lat' dir='ltr'>Visum</span> <span class='ocrx_word' id='word_1_727' title='bbox 3461 4108 3737 4174; x_wconf 61' lang='lat' dir='ltr'>praeterea</span> 
     </span>
    </p>
   </div>
   <div class='ocr_carea' id='block_1_102' title="bbox 2051 4190 3737 4261">
    <p class='ocr_par' dir='ltr' id='par_1_102' title="bbox 2051 4190 3737 4261">
     <span class='ocr_line' id='line_1_102' title="bbox 2051 4190 3737 4261; baseline 0.002 -19"><span class='ocrx_word' id='word_1_728' title='bbox 2051 4190 2219 4243; x_wconf 90' lang='lat' dir='ltr'>nobis</span> <span class='ocrx_word' id='word_1_729' title='bbox 2246 4195 2332 4243; x_wconf 91' lang='lat' dir='ltr'>est</span> <span class='ocrx_word' id='word_1_730' title='bbox 2380 4195 2443 4243; x_wconf 90' lang='lat' dir='ltr'>ut.</span> <span class='ocrx_word' id='word_1_731' title='bbox 2480 4190 2541 4243; x_wconf 92' lang='lat' dir='ltr'>in</span> <span class='ocrx_word' id='word_1_732' title='bbox 2579 4190 2845 4243; x_wconf 88' lang='lat' dir='ltr'>omnibus</span> <span class='ocrx_word' id='word_1_733' title='bbox 2891 4191 3185 4245; x_wconf 86' lang='lat' dir='ltr'>Missarum</span> <span class='ocrx_word' id='word_1_734' title='bbox 3235 4192 3586 4246; x_wconf 88' lang='lat' dir='ltr'>solemnibus</span> <span class='ocrx_word' id='word_1_735' title='bbox 3632 4208 3737 4261; x_wconf 91' lang='lat' dir='ltr'>pro</span> 
     </span>
    </p>
   </div>
   <div class='ocr_carea' id='block_1_103' title="bbox 2052 4277 3741 4349">
    <p class='ocr_par' dir='ltr' id='par_1_103' title="bbox 2052 4277 3741 4349">
     <span class='ocr_line' id='line_1_103' title="bbox 2052 4277 3741 4349; baseline 0.002 -19"><span class='ocrx_word' id='word_1_736' title='bbox 2052 4277 2450 4331; x_wconf 90' lang='lat' dir='ltr'>defunctorum</span> <span class='ocrx_word' id='word_1_737' title='bbox 2481 4278 2773 4349; x_wconf 88' lang='lat' dir='ltr'>spiritibus</span> <span class='ocrx_word' id='word_1_738' title='bbox 2812 4280 2933 4331; x_wconf 92' lang='lat' dir='ltr'>loco</span> <span class='ocrx_word' id='word_1_739' title='bbox 2962 4280 3307 4349; x_wconf 87' lang='lat' dir='ltr'>competenti</span> <span class='ocrx_word' id='word_1_740' title='bbox 3340 4280 3616 4333; x_wconf 92' lang='lat' dir='ltr'>Dominus</span> <span class='ocrx_word' id='word_1_741' title='bbox 3647 4280 3741 4333; x_wconf 88' lang='lat' dir='ltr'>de-</span> 
     </span>
    </p>
   </div>
   <div class='ocr_carea' id='block_1_104' title="bbox 2050 4366 3741 4437">
    <p class='ocr_par' dir='ltr' id='par_1_104' title="bbox 2050 4366 3741 4437">
     <span class='ocr_line' id='line_1_104' title="bbox 2050 4366 3741 4437; baseline 0.001 -17"><span class='ocrx_word' id='word_1_742' title='bbox 2050 4370 2329 4436; x_wconf 89' lang='lat' dir='ltr'>precetur.</span> <span class='ocrx_word' id='word_1_743' title='bbox 2363 4366 2518 4421; x_wconf 92' lang='lat' dir='ltr'>Sicut</span> <span class='ocrx_word' id='word_1_744' title='bbox 2557 4366 2710 4419; x_wconf 92' lang='lat' dir='ltr'>enim</span> <span class='ocrx_word' id='word_1_745' title='bbox 2769 4367 2925 4419; x_wconf 89' lang='lat' dir='ltr'>nulla</span> <span class='ocrx_word' id='word_1_746' title='bbox 2979 4367 3098 4421; x_wconf 91' lang='lat' dir='ltr'>dies</span> <span class='ocrx_word' id='word_1_747' title='bbox 3155 4367 3451 4437; x_wconf 85' lang='lat' dir='ltr'>excipitur,</span> <span class='ocrx_word' id='word_1_748' title='bbox 3484 4384 3596 4437; x_wconf 91' lang='lat' dir='ltr'>qua</span> <span class='ocrx_word' id='word_1_749' title='bbox 3625 4384 3741 4421; x_wconf 92' lang='lat' dir='ltr'>non</span> 
     </span>
    </p>
   </div>
   <div class='ocr_carea' id='block_1_105' title="bbox 2050 4453 3739 4525">
    <p class='ocr_par' dir='ltr' id='par_1_105' title="bbox 2050 4453 3739 4525">
     <span class='ocr_line' id='line_1_105' title="bbox 2050 4453 3739 4525; baseline 0.001 -18"><span class='ocrx_word' id='word_1_750' title='bbox 2050 4471 2153 4525; x_wconf 92' lang='lat' dir='ltr'>pro</span> <span class='ocrx_word' id='word_1_751' title='bbox 2184 4453 2504 4507; x_wconf 89' lang='lat' dir='ltr'>viventibus</span> <span class='ocrx_word' id='word_1_752' title='bbox 2538 4460 2595 4507; x_wconf 93' lang='lat' dir='ltr'>et</span> <span class='ocrx_word' id='word_1_753' title='bbox 2632 4471 2736 4523; x_wconf 93' lang='lat' dir='ltr'>pro</span> <span class='ocrx_word' id='word_1_754' title='bbox 2768 4454 3115 4524; x_wconf 88' lang='lat' dir='ltr'>quibuslibet</span> <span class='ocrx_word' id='word_1_755' title='bbox 3163 4455 3595 4508; x_wconf 89' lang='lat' dir='ltr'>necessitatibus</span> <span class='ocrx_word' id='word_1_756' title='bbox 3637 4455 3739 4509; x_wconf 93' lang='lat' dir='ltr'>do-</span> 
     </span>
    </p>
   </div>
   <div class='ocr_carea' id='block_1_106' title="bbox 2052 4541 3739 4612">
    <p class='ocr_par' dir='ltr' id='par_1_106' title="bbox 2052 4541 3739 4612">
     <span class='ocr_line' id='line_1_106' title="bbox 2052 4541 3739 4612; baseline 0 -17"><span class='ocrx_word' id='word_1_757' title='bbox 2052 4542 2243 4595; x_wconf 89' lang='lat' dir='ltr'>minus</span> <span class='ocrx_word' id='word_1_758' title='bbox 2302 4541 2657 4611; x_wconf 91' lang='lat' dir='ltr'>deprecetur,</span> <span class='ocrx_word' id='word_1_759' title='bbox 2722 4541 2799 4594; x_wconf 88' lang='lat' dir='ltr'>ita</span> <span class='ocrx_word' id='word_1_760' title='bbox 2862 4541 3137 4594; x_wconf 88' lang='lat' dir='ltr'>nimirum</span> <span class='ocrx_word' id='word_1_761' title='bbox 3189 4541 3345 4594; x_wconf 90' lang='lat' dir='ltr'>nulla</span> <span class='ocrx_word' id='word_1_762' title='bbox 3395 4542 3516 4595; x_wconf 91' lang='lat' dir='ltr'>dies</span> <span class='ocrx_word' id='word_1_763' title='bbox 3554 4542 3739 4612; x_wconf 91' lang='lat' dir='ltr'>excipi</span> 
     </span>
    </p>
   </div>
   <div class='ocr_carea' id='block_1_107' title="bbox 2051 4627 3739 4698">
    <p class='ocr_par' dir='ltr' id='par_1_107' title="bbox 2051 4627 3739 4698">
     <span class='ocr_line' id='line_1_107' title="bbox 2051 4627 3739 4698; baseline -0.001 -14"><span class='ocrx_word' id='word_1_764' title='bbox 2051 4629 2237 4691; x_wconf 90' lang='lat' dir='ltr'>debet,</span> <span class='ocrx_word' id='word_1_765' title='bbox 2270 4628 2408 4698; x_wconf 92' lang='lat' dir='ltr'>quin</span> <span class='ocrx_word' id='word_1_766' title='bbox 2438 4644 2542 4698; x_wconf 91' lang='lat' dir='ltr'>pro</span> <span class='ocrx_word' id='word_1_767' title='bbox 2579 4628 2874 4681; x_wconf 87' lang='lat' dir='ltr'>animabus</span> <span class='ocrx_word' id='word_1_768' title='bbox 2896 4627 3149 4681; x_wconf 82' lang='lat' dir='ltr'>fidelium</span> <span class='ocrx_word' id='word_1_769' title='bbox 3180 4644 3375 4698; x_wconf 91' lang='lat' dir='ltr'>preces</span> <span class='ocrx_word' id='word_1_770' title='bbox 3407 4629 3649 4683; x_wconf 90' lang='lat' dir='ltr'>Domino</span> <span class='ocrx_word' id='word_1_771' title='bbox 3677 4630 3739 4683; x_wconf 92' lang='lat' dir='ltr'>in</span> 
     </span>
    </p>
   </div>
   <div class='ocr_carea' id='block_1_108' title="bbox 2054 4715 3741 4787">
    <p class='ocr_par' dir='ltr' id='par_1_108' title="bbox 2054 4715 3741 4787">
     <span class='ocr_line' id='line_1_108' title="bbox 2054 4715 3741 4787; baseline 0.001 -18"><span class='ocrx_word' id='word_1_772' title='bbox 2054 4717 2344 4771; x_wconf 84' lang='lat' dir='ltr'>Missarum</span> <span class='ocrx_word' id='word_1_773' title='bbox 2397 4715 2751 4769; x_wconf 91' lang='lat' dir='ltr'>solemnibus</span> <span class='ocrx_word' id='word_1_774' title='bbox 2810 4715 3143 4769; x_wconf 90' lang='lat' dir='ltr'>fundantur.</span> <span class='ocrx_word' id='word_1_775' title='bbox 3197 4716 3526 4787; x_wconf 83' lang='lat' dir='ltr'>Antiquitus</span> <span class='ocrx_word' id='word_1_776' title='bbox 3564 4718 3741 4787; x_wconf 88' lang='lat' dir='ltr'>igitur</span> 
     </span>
    </p>
   </div>
   <div class='ocr_carea' id='block_1_109' title="bbox 2052 4804 3738 4869">
    <p class='ocr_par' dir='ltr' id='par_1_109' title="bbox 2052 4804 3738 4869">
     <span class='ocr_line' id='line_1_109' title="bbox 2052 4804 3738 4869; baseline 0.001 -11"><span class='ocrx_word' id='word_1_777' title='bbox 2052 4804 2205 4858; x_wconf 89' lang='lat' dir='ltr'>hunc</span> <span class='ocrx_word' id='word_1_778' title='bbox 2234 4819 2451 4857; x_wconf 91' lang='lat' dir='ltr'>morem</span> <span class='ocrx_word' id='word_1_779' title='bbox 2499 4808 2693 4856; x_wconf 90' lang='lat' dir='ltr'>sancta</span> <span class='ocrx_word' id='word_1_780' title='bbox 2744 4807 2902 4857; x_wconf 90' lang='lat' dir='ltr'>tenet</span> <span class='ocrx_word' id='word_1_781' title='bbox 2946 4804 3209 4869; x_wconf 87' lang='lat' dir='ltr'>Ecclesia,</span> <span class='ocrx_word' id='word_1_782' title='bbox 3260 4810 3325 4858; x_wconf 88' lang='lat' dir='ltr'>ut</span> <span class='ocrx_word' id='word_1_783' title='bbox 3367 4809 3425 4858; x_wconf 94' lang='lat' dir='ltr'>et</span> <span class='ocrx_word' id='word_1_784' title='bbox 3454 4805 3514 4858; x_wconf 93' lang='lat' dir='ltr'>in</span> <span class='ocrx_word' id='word_1_785' title='bbox 3545 4806 3738 4859; x_wconf 80' lang='lat' dir='ltr'>Missa-</span> 
     </span>
    </p>
   </div>
   <div class='ocr_carea' id='block_1_110' title="bbox 2054 4891 3741 4963">
    <p class='ocr_par' dir='ltr' id='par_1_110' title="bbox 2054 4891 3741 4963">
     <span class='ocr_line' id='line_1_110' title="bbox 2054 4891 3741 4963; baseline 0.002 -17"><span class='ocrx_word' id='word_1_786' title='bbox 2054 4908 2182 4946; x_wconf 90' lang='lat' dir='ltr'>rum</span> <span class='ocrx_word' id='word_1_787' title='bbox 2212 4892 2562 4946; x_wconf 90' lang='lat' dir='ltr'>solemnibus</span> <span class='ocrx_word' id='word_1_788' title='bbox 2619 4895 2675 4944; x_wconf 91' lang='lat' dir='ltr'>et</span> <span class='ocrx_word' id='word_1_789' title='bbox 2726 4891 2851 4945; x_wconf 92' lang='lat' dir='ltr'>aliis</span> <span class='ocrx_word' id='word_1_790' title='bbox 2901 4892 3163 4961; x_wconf 89' lang='lat' dir='ltr'>precibus</span> <span class='ocrx_word' id='word_1_791' title='bbox 3213 4892 3455 4947; x_wconf 91' lang='lat' dir='ltr'>Domino</span> <span class='ocrx_word' id='word_1_792' title='bbox 3507 4894 3741 4963; x_wconf 90' lang='lat' dir='ltr'>spiritus</span> 
     </span>
    </p>
   </div>
   <div class='ocr_carea' id='block_1_111' title="bbox 2055 4979 3744 5051">
    <p class='ocr_par' dir='ltr' id='par_1_111' title="bbox 2055 4979 3744 5051">
     <span class='ocr_line' id='line_1_111' title="bbox 2055 4979 3744 5051; baseline 0.001 -18"><span class='ocrx_word' id='word_1_793' title='bbox 2055 4979 2469 5051; x_wconf 90' lang='lat' dir='ltr'>quiescentium</span> <span class='ocrx_word' id='word_1_794' title='bbox 2512 4980 3005 5045; x_wconf 80' lang='lat' dir='ltr'>commendantur,</span> <span class='ocrx_word' id='word_1_795' title='bbox 3064 4979 3284 5035; x_wconf 89' lang='lat' dir='ltr'>dicente</span> <span class='ocrx_word' id='word_1_796' title='bbox 3331 4980 3496 5035; x_wconf 89' lang='lat' dir='ltr'>beato</span> <span class='ocrx_word' id='word_1_797' title='bbox 3520 4984 3744 5051; x_wconf 84' lang='lat' dir='ltr'>Augus—</span> 
     </span>
    </p>
   </div>
   <div class='ocr_carea' id='block_1_112' title="bbox 2055 5066 3743 5141">
    <p class='ocr_par' dir='ltr' id='par_1_112' title="bbox 2055 5066 3743 5141">
     <span class='ocr_line' id='line_1_112' title="bbox 2055 5066 3743 5141; baseline 0.001 -19"><span class='ocrx_word' id='word_1_798' title='bbox 2055 5068 2365 5122; x_wconf 80' lang='lat' dir='ltr'>tinozNon</span> <span class='ocrx_word' id='word_1_799' title='bbox 2396 5072 2528 5120; x_wconf 91' lang='lat' dir='ltr'>sunt</span> <span class='ocrx_word' id='word_1_800' title='bbox 2590 5066 3097 5141; x_wconf 58' lang='lat' dir='ltr'>praetermittenda:</span> <span class='ocrx_word' id='word_1_801' title='bbox 3146 5068 3591 5138; x_wconf 89' lang='lat' dir='ltr'>supplicationes</span> <span class='ocrx_word' id='word_1_802' title='bbox 3642 5086 3743 5139; x_wconf 92' lang='lat' dir='ltr'>pro</span> 
     </span>
    </p>
   </div>
   <div class='ocr_carea' id='block_1_113' title="bbox 2056 5153 3745 5226">
    <p class='ocr_par' dir='ltr' id='par_1_113' title="bbox 2056 5153 3745 5226">
     <span class='ocr_line' id='line_1_113' title="bbox 2056 5153 3745 5226; baseline 0.001 -18"><span class='ocrx_word' id='word_1_803' title='bbox 2056 5153 2350 5226; x_wconf 90' lang='lat' dir='ltr'>spiritibus</span> <span class='ocrx_word' id='word_1_804' title='bbox 2390 5158 2772 5221; x_wconf 86' lang='lat' dir='ltr'>mortuorum,</span> <span class='ocrx_word' id='word_1_805' title='bbox 2817 5172 2957 5224; x_wconf 89' lang='lat' dir='ltr'>quas</span> <span class='ocrx_word' id='word_1_806' title='bbox 3002 5155 3289 5210; x_wconf 89' lang='lat' dir='ltr'>faciendas</span> <span class='ocrx_word' id='word_1_807' title='bbox 3340 5172 3444 5226; x_wconf 91' lang='lat' dir='ltr'>pro</span> <span class='ocrx_word' id='word_1_808' title='bbox 3481 5157 3745 5211; x_wconf 91' lang='lat' dir='ltr'>omnibus</span> 
     </span>
    </p>
   </div>
   <div class='ocr_carea' id='block_1_114' title="bbox 2058 5243 3747 5298">
    <p class='ocr_par' dir='ltr' id='par_1_114' title="bbox 2058 5243 3747 5298">
     <span class='ocr_line' id='line_1_114' title="bbox 2058 5243 3747 5298; baseline 0 -1"><span class='ocrx_word' id='word_1_809' title='bbox 2058 5244 2119 5297; x_wconf 93' lang='lat' dir='ltr'>in</span> <span class='ocrx_word' id='word_1_810' title='bbox 2150 5243 2471 5298; x_wconf 88' lang='lat' dir='ltr'>Christiana</span> <span class='ocrx_word' id='word_1_811' title='bbox 2526 5247 2582 5296; x_wconf 88' lang='lat' dir='ltr'>et</span> <span class='ocrx_word' id='word_1_812' title='bbox 2630 5243 2905 5297; x_wconf 87' lang='lat' dir='ltr'>catholica</span> <span class='ocrx_word' id='word_1_813' title='bbox 2961 5244 3224 5298; x_wconf 90' lang='lat' dir='ltr'>societate</span> <span class='ocrx_word' id='word_1_814' title='bbox 3267 5244 3586 5297; x_wconf 88' lang='lat' dir='ltr'>laudamus.</span> <span class='ocrx_word' id='word_1_815' title='bbox 3644 5246 3747 5297; x_wconf 88' lang='lat' dir='ltr'>De-</span> 
     </span>
    </p>
   </div>
   <div class='ocr_carea' id='block_1_115' title="bbox 2056 5330 3750 5399">
    <p class='ocr_par' dir='ltr' id='par_1_115' title="bbox 2056 5330 3750 5399">
     <span class='ocr_line' id='line_1_115' title="bbox 2056 5330 3750 5399; baseline 0 -14"><span class='ocrx_word' id='word_1_816' title='bbox 2056 5331 2282 5385; x_wconf 86' lang='lat' dir='ltr'>functos</span> <span class='ocrx_word' id='word_1_817' title='bbox 2312 5331 2486 5384; x_wconf 85' lang='lat' dir='ltr'>etiam</span> <span class='ocrx_word' id='word_1_818' title='bbox 2515 5331 2700 5384; x_wconf 86' lang='lat' dir='ltr'>tacitis</span> <span class='ocrx_word' id='word_1_819' title='bbox 2758 5331 3087 5385; x_wconf 91' lang='lat' dir='ltr'>nominibus</span> <span class='ocrx_word' id='word_1_820' title='bbox 3119 5346 3315 5384; x_wconf 83' lang='lat' dir='ltr'>eorum</span> <span class='ocrx_word' id='word_1_821' title='bbox 3347 5330 3451 5383; x_wconf 91' lang='lat' dir='ltr'>sub</span> <span class='ocrx_word' id='word_1_822' title='bbox 3496 5332 3750 5399; x_wconf 86' lang='lat' dir='ltr'>generali</span> 
     </span>
    </p>
   </div>
   <div class='ocr_carea' id='block_1_116' title="bbox 2059 5417 3753 5489">
    <p class='ocr_par' dir='ltr' id='par_1_116' title="bbox 2059 5417 3753 5489">
     <span class='ocr_line' id='line_1_116' title="bbox 2059 5417 3753 5489; baseline 0.001 -17"><span class='ocrx_word' id='word_1_823' title='bbox 2059 5419 2603 5473; x_wconf 88' lang='lat' dir='ltr'>commemoratione</span> <span class='ocrx_word' id='word_1_824' title='bbox 2634 5418 2880 5489; x_wconf 89' lang='lat' dir='ltr'>suscepit</span> <span class='ocrx_word' id='word_1_825' title='bbox 2911 5417 3172 5483; x_wconf 89' lang='lat' dir='ltr'>Ecclesia,</span> <span class='ocrx_word' id='word_1_826' title='bbox 3214 5423 3278 5471; x_wconf 89' lang='lat' dir='ltr'>ut</span> <span class='ocrx_word' id='word_1_827' title='bbox 3307 5418 3515 5487; x_wconf 92' lang='lat' dir='ltr'>quibus</span> <span class='ocrx_word' id='word_1_828' title='bbox 3547 5418 3613 5473; x_wconf 88' lang='lat' dir='ltr'>ad</span> <span class='ocrx_word' id='word_1_829' title='bbox 3644 5417 3753 5473; x_wconf 86' lang='lat' dir='ltr'>ista</span> 
     </span>
    </p>
   </div>
   <div class='ocr_carea' id='block_1_117' title="bbox 2061 5504 3755 5578">
    <p class='ocr_par' dir='ltr' id='par_1_117' title="bbox 2061 5504 3755 5578">
     <span class='ocr_line' id='line_1_117' title="bbox 2061 5504 3755 5578; baseline 0 -18"><span class='ocrx_word' id='word_1_830' title='bbox 2061 5506 2270 5561; x_wconf 86' lang='lat' dir='ltr'>desunt</span> <span class='ocrx_word' id='word_1_831' title='bbox 2298 5512 2585 5578; x_wconf 89' lang='lat' dir='ltr'>parentes,</span> <span class='ocrx_word' id='word_1_832' title='bbox 2617 5510 2715 5561; x_wconf 89' lang='lat' dir='ltr'>aut</span> <span class='ocrx_word' id='word_1_833' title='bbox 2742 5506 2867 5571; x_wconf 88' lang='lat' dir='ltr'>filii,</span> <span class='ocrx_word' id='word_1_834' title='bbox 2900 5510 2997 5558; x_wconf 92' lang='lat' dir='ltr'>aut</span> <span class='ocrx_word' id='word_1_835' title='bbox 3034 5505 3381 5575; x_wconf 90' lang='lat' dir='ltr'>quicumque</span> <span class='ocrx_word' id='word_1_836' title='bbox 3412 5504 3635 5575; x_wconf 88' lang='lat' dir='ltr'>cognati</span> <span class='ocrx_word' id='word_1_837' title='bbox 3664 5507 3755 5560; x_wconf 91' lang='lat' dir='ltr'>vel</span> 
     </span>
    </p>
   </div>
   <div class='ocr_carea' id='block_1_118' title="bbox 2061 5592 3752 5662">
    <p class='ocr_par' dir='ltr' id='par_1_118' title="bbox 2061 5592 3752 5662">
     <span class='ocr_line' id='line_1_118' title="bbox 2061 5592 3752 5662; baseline -0.001 -15"><span class='ocrx_word' id='word_1_838' title='bbox 2061 5592 2253 5662; x_wconf 89' lang='lat' dir='ltr'>amici,</span> <span class='ocrx_word' id='word_1_839' title='bbox 2277 5596 2348 5650; x_wconf 88' lang='lat' dir='ltr'>ab</span> <span class='ocrx_word' id='word_1_840' title='bbox 2398 5610 2512 5649; x_wconf 90' lang='lat' dir='ltr'>una</span> <span class='ocrx_word' id='word_1_841' title='bbox 2558 5596 2639 5649; x_wconf 89' lang='lat' dir='ltr'>eis</span> <span class='ocrx_word' id='word_1_842' title='bbox 2690 5593 3021 5648; x_wconf 82' lang='lat' dir='ltr'>exhibeatur</span> <span class='ocrx_word' id='word_1_843' title='bbox 3078 5592 3173 5662; x_wconf 87' lang='lat' dir='ltr'>pia</span> <span class='ocrx_word' id='word_1_844' title='bbox 3219 5598 3399 5647; x_wconf 88' lang='lat' dir='ltr'>matre</span> <span class='ocrx_word' id='word_1_845' title='bbox 3438 5592 3752 5647; x_wconf 90' lang='lat' dir='ltr'>communi.</span> 
     </span>
    </p>
   </div>
  </div>
