3966 6414
280 333 382 385 687

404 453 531 507 CAP.
558 451 704 506 LXV.
734 481 802 490 —-
837 453 901 505 Ut
922 452 1096 504 Missa
1124 453 1457 503 mortuorum
1480 464 1584 517 pro
1629 449 1873 502 omnibus

751 523 1083 578 Christianis
1112 524 1187 573 sit
1215 519 1509 572 cantanda.

350 612 463 681 (Ea:
493 612 652 665 dictis
691 612 942 677 Dionysii
971 614 1176 677 Areop.
1204 612 1254 661 et
1294 608 1643 674 Augustini.)
1678 604 1976 674 Dionysius

278 699 632 771 Areopagita
657 698 794 752 dicit
824 696 1208 768 blasphemias
1243 696 1357 749 Deo
1386 694 1592 759 facere,
1635 693 1734 764 qui
1784 693 1976 746 Missas

278 789 443 843 offert
476 804 578 857 pro
625 786 777 840 malo
806 785 1059 839 homine.
1088 783 1443 851 Augustinus
1475 781 1607 836 dicit
1641 797 1745 851 pro
1785 780 1977 834 omni-

276 877 382 931 bus
424 874 762 931 Christianis
801 889 920 926 esse
971 872 1294 926 faciendum
1325 870 1462 941 quia
1484 870 1573 923 vel
1616 869 1698 923 eis
1725 868 1973 940 proﬁcit,

275 968 376 1017 aut
405 962 796 1028 offerentibus,
830 964 929 1014 aut
958 959 1280 1030 petentibus
1310 957 1582 1028 proderit.

278 1070 405 1125 CAP.
462 1069 638 1122 LXVI.
689 1096 756 1107 —-
829 1068 895 1119 Ut
941 1065 1311 1119 institutiones
1365 1066 1658 1117 Missurum
1721 1064 1866 1115 sicut
1918 1064 1977 1115 in

347 1141 631 1207 metropoli
664 1137 825 1207 ﬁunt,
875 1138 953 1190 sic
998 1141 1047 1189 et
1076 1138 1135 1189 in
1164 1134 1398 1204 reliquis
1426 1133 1976 1202 comprovincialibus

345 1211 623 1265 Ecclesiis.

347 1298 458 1367 (Ea:
516 1297 700 1351 concit.
754 1294 1088 1359 Gerunden.,
1142 1294 1289 1361 cap.)
1343 1294 1417 1359 6.)
1469 1292 1540 1346 Ut
1590 1291 1976 1346 institutiones

278 1385 575 1439 Missarum
607 1384 755 1437 sicut
802 1382 863 1436 in
914 1380 1359 1450 metropolitana
1408 1380 1655 1434 Ecclesia
1700 1380 1865 1445 fiunt,
1897 1379 1977 1432 ita

274 1472 332 1525 in
381 1473 496 1526 Deo
528 1470 760 1524 nomine
791 1470 850 1522 in
881 1468 1148 1522 omnibus
1177 1467 1752 1535 comprovincialibus
1788 1467 1976 1519 Eccle-

272 1561 391 1627 siis,
448 1564 566 1613 tam
617 1558 797 1629 ipsius
837 1557 1050 1621 Missa},
1105 1555 1263 1615 ordo.
1323 1570 1497 1625 quam
1555 1555 1840 1624 psallenti,
1886 1553 1974 1606 vel

274 1646 637 1702 ministrandi
662 1644 1017 1699 consuetudo
1049 1648 1325 1696 servetur.

274 1753 414 1807 CAP.
444 1752 640 1806 LXVII.
684 1780 751 1788 —-
803 1751 869 1804 Ut
895 1764 1077 1818 preces
1108 1753 1159 1800 et
1185 1749 1535 1816 prmfationes
1568 1761 1686 1814 qua:
1718 1749 1775 1799 in
1799 1748 1976 1800 conci-

498 1824 569 1876 lio
595 1822 842 1890 probata:
867 1835 970 1873 non
999 1822 1230 1886 fuerint,
1263 1834 1368 1871 non
1394 1818 1742 1871 celebrentur.

346 1928 461 1997 (Em
501 1927 690 1981 concit.
723 1926 1020 1991 Africano,
1052 1939 1173 1991 cap.
1228 1922 1342 1991 64.)
1376 1921 1595 1976 Placuit
1623 1921 1800 1975 etiam
1848 1921 1976 1985 hoc,

277 2021 341 2069 ut
372 2031 573 2086 preces
606 2030 735 2085 quae
769 2012 1022 2084 probatte
1056 2010 1271 2064 fuerint
1300 2011 1360 2063 in
1393 2009 1654 2074 consilio,
1684 2009 1803 2062 sive
1833 2024 1979 2077 prae-

272 2104 536 2170 fationes,
614 2102 730 2156 sive
816 2098 1362 2166 commendationes,
1435 2113 1535 2151 seu
1583 2097 1983 2167 impositiones

277 2210 484 2248 manus
524 2193 593 2246 ab
648 2190 916 2244 omnibus
968 2187 1348 2242 celebrentur.
1414 2187 1526 2239 Nec
1570 2186 1699 2238 alite
1747 2185 1983 2238 omnino

277 2287 473 2335 contra
506 2279 681 2355 ﬁdem
710 2278 1101 2348 proferantur,
1138 2274 1234 2328 sed
1269 2288 1633 2343 quaecunque
1679 2289 1809 2326 cum
1841 2289 1981 2342 pru-

276 2354 635 2423 dentioribus
662 2365 878 2420 fuerint
908 2364 1133 2418 collatas
1166 2362 1452 2415 dicantur.
1666 2354 1673 2361 ’

280 2475 409 2529 CAP.
465 2472 689 2527 LXVI“.
738 2499 807 2510 —
868 2471 933 2524 Ut
994 2469 1175 2522 nullus
1216 2467 1506 2536 presbyter
1555 2466 1699 2521 solus
1757 2468 1983 2521 Missam

847 2545 1068 2594 cantare
1096 2547 1410 2607 praesumat.

353 2634 469 2701 (Ea:
525 2631 712 2686 concit.
784 2629 1132 2694 Nannetensi,
1196 2642 1316 2695 cap.
1372 2625 1483 2694 30.)
1543 2624 1811 2680 Deﬁnivit
1860 2641 1985 2678 san-

284 2726 440 2775 ctum
497 2719 800 2774 concilium
832 2723 896 2771 ut
926 2716 1119 2770 nullus
1160 2715 1463 2785 presbyter
1490 2714 1645 2767 solus
1673 2718 1986 2783 praasumat

283 2810 505 2865 Missam
522 2813 770 2862 cantare.
798 2805 899 2859 Cui
918 2805 1071 2858 enim
1096 2803 1251 2869 dicit,
1271 2825 1291 2851 ε
1320 2802 1599 2856 Dominus
1620 2801 1932 2868 vobiscum,
1950 2822 1978 2849 »

280 2902 379 2950 aut
447 2915 475 2948 α
532 2912 757 2949 sursum
812 2893 982 2947 corda
1031 2914 1084 2957 »,
1148 2892 1357 2962 gratias
1435 2905 1674 2960 agamus
1742 2888 1982 2944 Domino

281 2984 397 3038 Deo
420 2988 640 3047 nostro,
660 3002 682 3029 ι
707 2996 839 3034 cum
858 2980 1050 3033 nullus
1062 2978 1135 3031 sit
1153 2978 1251 3048 qui
1279 2976 1663 3046 respondeat?
1684 2978 1798 3030 Aut
1818 2976 1875 3029 in
1890 2993 1981 3029 ca-
2013 3006 2053 3059 Ο

281 3087 454 3137 none,
487 3074 543 3123 et
571 3069 833 3123 omnium
864 3066 1458 3136 cireumadstantium,
1491 3081 1620 3119 cum
1656 3080 1824 3119 nemo
1857 3064 1931 3117 sit
1954 3064 1983 3118 ?

280 3163 395 3213 Aut
409 3174 579 3229 quem
604 3158 809 3211 invitat
830 3156 896 3209 ad
912 3156 1251 3220 orationem,
1276 3169 1405 3207 cum
1428 3153 1567 3207 dicit
1591 3169 1650 3205 ια
1672 3154 1935 3220 Oremus,
1950 3173 1977 3202 ››

283 3262 413 3300 cum
452 3245 644 3299 nullus
674 3246 748 3298 sit
780 3244 880 3314 qui
919 3259 1110 3296 secum
1143 3243 1318 3295 oret?
1354 3243 1466 3295 Aut
1497 3257 1634 3311 ergo
1680 3240 1787 3293 ista
1816 3241 1982 3311 peni—

282 3341 376 3389 tus
408 3333 701 3387 reticenda
731 3336 884 3392 sunt,
926 3336 982 3383 et
1010 3346 1125 3383 non
1153 3330 1338 3382 solum
1365 3344 1481 3381 non
1521 3328 1631 3382 erit
1666 3328 1981 3398 perfectum

284 3420 646 3487 sacriﬁcium,
688 3435 890 3473 verum
940 3418 1114 3472 etiam
1166 3417 1422 3471 incurret
1452 3416 1711 3487 quisquis
1764 3417 1861 3471 ille
1900 3421 1984 3470 est

284 3511 443 3564 illam
470 3508 788 3563 terribilem
841 3506 1222 3561 sententiam:
1256 3505 1311 3560 Si
1346 3505 1475 3576 quis
1529 3505 1724 3559 tulerit
1754 3505 1824 3559 de
1856 3505 1980 3572 hoc,

283 3598 446 3651 tollat
482 3597 628 3650 Deus
680 3599 904 3666 partem
953 3594 1076 3663 ejus
1130 3593 1198 3647 de
1254 3592 1404 3646 libro
1455 3592 1618 3662 vitae;
1653 3596 1752 3645 aut
1785 3593 1831 3645 si
1860 3592 1984 3646 haec

283 3683 464 3738 muris
513 3688 569 3737 et
609 3682 928 3754 parietibus
955 3680 1425 3748 insusurraverit,
1448 3680 1823 3734 ridiculosum
1853 3679 1982 3745 erit,

284 3772 649 3841 Quapropter
704 3771 803 3823 illa
866 3769 1189 3839 periculosa
1263 3768 1593 3838 superstitio
1653 3768 1899 3821 maxime
1952 3783 1986 3820 a

286 3860 647 3914 monasteriis
705 3858 1122 3912 monachorum
1179 3856 1613 3910 exterminanda
1647 3862 1748 3909 est.
1783 3855 1986 3909 Praavi-

286 3950 460 4004 deant
488 3953 677 4000 autem
736 3947 957 4015 praelati
990 3951 1051 3999 ut
1079 3946 1394 4015 presbyteri
1426 3945 1485 3998 in
1531 3944 1803 3998 coenobiis
1836 3949 1893 3998 et
1925 3945 1984 3997 in

286 4036 412 4090 aliis
454 4034 711 4088 Ecclesiis
759 4038 1158 4102 cooperatores
1218 4032 1467 4085 habeant
1497 4032 1557 4085 in
1607 4031 1984 4085 celebratione

287 4125 601 4179 Missarum.
637 4122 695 4176 Si
723 4123 850 4191 quis
894 4123 1016 4175 haec
1055 4125 1440 4191 transgressus
1472 4120 1666 4187 fuerit,
1697 4121 1767 4174 ab
1797 4118 1984 4174 officio

286 4211 685 4283 suspendatur.

291 4332 630 4375 INCIPIUNT
699 4329 986 4370 DECRETA
1064 4329 1338 4369 SECUNDI
1430 4329 1687 4369 PELAGII
1778 4329 1978 4383 ΡΑΡΒ,

361 4418 785 4463 SUCCESSORIS
883 4418 1253 4467 BENEDICTI,
1345 4418 1416 4457 ET
1503 4417 1980 4459 ANTECESSORIS

360 4504 669 4547 cancoau
706 4480 901 4544 mm.

288 4600 417 4654 CAP.
446 4598 620 4653 LXIX.
663 4626 731 4635 —
767 4596 844 4648 De
868 4594 1289 4664 pra/titionibus
1335 4609 1472 4663 quas
1516 4599 1706 4649 sancta
1748 4597 1986 4650 Romana

529 4669 765 4721 Ecclesia
791 4672 840 4719 et
869 4666 1222 4730 collaudavit,
1254 4669 1303 4718 et
1324 4667 1564 4734 ﬁrmiter
1589 4671 1745 4720 tenet.

357 4758 468 4824 (Em
519 4755 718 4810 decret.
806 4754 1020 4820 Pelagii
1096 4752 1300 4822 papae.)
1371 4753 1637 4822 Pelagius
1712 4754 1985 4809 Romana;

286 4842 546 4898 Ecclesiae
606 4850 661 4897 et
711 4842 1036 4911 apostolicae
1100 4841 1251 4894 sedis
1318 4840 1638 4910 episcopus,
1701 4841 1985 4896 universis

284 4930 721 4987 Germaniarum
770 4934 940 4998 atque
971 4927 1283 4983 Galliarum
1322 4928 1626 4996 regionum
1677 4929 1980 5000 episcopis.

286 5022 427 5075 Cum
459 5019 517 5071 in
570 5015 670 5070 Dei
710 5016 947 5069 nomine
994 5015 1052 5068 in
1103 5016 1358 5069 Romana
1410 5017 1656 5071 Ecclesia
1703 5018 1983 5088 synodum

284 5108 686 5178 episcoporum
749 5103 865 5157 sive
931 5108 1272 5156 caeterorum
1333 5105 1804 5160 consacerdotum
1886 5106 1984 5160 Dei

282 5196 537 5250 fidelium
597 5196 1001 5263 congregatam
1046 5190 1464 5259 habuissemus,
1514 5199 1571 5247 et
1610 5196 1676 5247 de
1709 5194 1982 5249 Ecclesia-

284 5284 436 5339 sticis
467 5282 713 5349 statutis,
749 5285 811 5334 ut
839 5284 971 5333 sunt
1012 5280 1081 5334 ab
1114 5281 1388 5350 apostolis
1412 5288 1467 5335 et
1493 5299 1526 5335 a
1559 5284 1766 5336 sanctis
1799 5284 1984 5337 Patri-

281 5374 389 5427 bus
453 5372 682 5438 tradita,
747 5369 1082 5439 diligentius
1146 5373 1541 5437 tractaremus,
1598 5389 1982 5443 supervenere

279 5462 506 5525 litterae,
556 5465 777 5526 vestrae,
844 5464 901 5512 et
949 5463 1012 5512 ut
1066 5458 1250 5529 magis
1315 5464 1502 5513 essent
1549 5462 1979 5530 auctoritativaa,

282 5550 456 5606 etiam
486 5549 629 5605 vivae
666 5564 830 5603 voces
866 5552 1288 5619 processerunt,
1322 5552 1588 5618 rogantes
1618 5554 1680 5604 ut
1718 5552 1981 5606 ordinem

1362 324 1771 383 BURCHARIH
1810 323 2341 380 WORMACIENSIS
2379 322 2715 378 EPISCOPI.

2164 445 2495 499 eefationum
2528 461 2698 515 quem
2727 452 2919 499 sancta
2945 446 3203 500 Romana
3234 445 3481 500 Ecclesia
3510 446 3795 499 hactenus

3682 324 3791 375 688

2088 533 2342 599 haberet,
2395 533 2602 587 nostris
2645 533 2850 587 litteris
2897 534 3058 586 vobis
3106 535 3596 588 remandaremus.
3631 535 3797 589 Tunc

2087 620 2156 674 de
2199 627 2387 675 vestra
2446 622 2735 675 voluntate
2791 627 2848 675 et
2896 623 3083 676 studio
3154 627 3272 675 tam
3335 622 3488 676 bono
3541 623 3794 676 multum

2086 710 2266 779 gavisi
2307 726 2524 776 sumus,
2587 726 2813 764 sacrum
2879 711 3143 764 ordinem
3201 711 3547 775 Romanum,
3601 726 3797 764 sacra-

2086 813 2197 866 que
2228 798 2538 851 constituta
2567 803 2893 851 nostrorum
2923 804 3347 852 antecessorum
3382 800 3619 853 solerter
3641 799 3798 852 rele-

2087 891 2305 955 gentes,
2322 886 2646 939 invenimus
2669 886 2771 939 has
2784 903 2989 939 novem
3014 886 3375 957 praefationes
3388 886 3447 940 in
3468 903 3628 940 sacro
3641 892 3800 940 cata-

2086 974 2216 1043 logo
2250 973 2653 1027 tantummodo
2688 972 3065 1043 recipiendas,
3117 990 3260 1044 quas
3300 975 3472 1043 longe
3520 978 3673 1026 retro
3702 986 3801 1023 ve-

2084 1067 2284 1128 tustas,
2331 1063 2392 1115 in
2447 1064 2707 1116 Romana
2762 1061 3016 1115 Ecclesia
3068 1062 3346 1115 hactenus
3412 1061 3673 1115 servavit.
3730 1058 3797 1113 Id

2087 1155 2190 1215 est,
2224 1165 2398 1203 unam
2430 1150 2489 1203 in
2531 1150 2676 1204 albis
2708 1150 3092 1204 Paschalibus.
3125 1151 3313 1203 Aliam
3342 1149 3412 1203 de
3442 1149 3800 1203 Ascensione

2088 1237 2337 1291 Domini.
2369 1238 2618 1291 Tertiam
2666 1238 2737 1311 de
2779 1239 3129 1293 Pentecoste.
3183 1239 3455 1302 Quartam
3487 1239 3557 1291 de
3603 1235 3801 1291 Natali

2088 1324 2336 1379 Domini.
2392 1325 2662 1389 Quintam
2713 1325 2781 1379 de
2828 1326 3198 1396 Apparitione
3261 1325 3509 1381 Domini.
3561 1326 3799 1380 Sextam

2087 1414 2155 1467 de
2183 1413 2485 1483 Apostolis.
2513 1413 2828 1483 Septimam
2861 1414 2931 1467 de
2970 1419 3170 1468 sancta
3197 1414 3489 1468 Trinitate.
3523 1415 3798 1469 Octavam

2086 1501 2154 1554 de
2184 1503 2384 1555 Cruce.
2419 1502 2638 1555 Nonam
2671 1503 2739 1555 de
2783 1503 3007 1572 jejunio
3058 1502 3118 1556 in
3167 1501 3615 1571 Quadragasima
3662 1506 3793 1555 tan-

2084 1590 2385 1643 tummodo
2419 1590 2734 1643 dicendam.
2769 1590 2881 1642 Has
2921 1590 3287 1660 praefationes
3330 1596 3485 1643 tenet
3516 1595 3572 1642 et
3600 1593 3794 1643 custo-

2088 1678 2169 1732 dit
2199 1683 2389 1731 sancta
2421 1679 2677 1732 Romana
2725 1679 2986 1732 Ecclesia.
3021 1681 3131 1733 Has
3161 1679 3441 1732 tenendas
3481 1695 3600 1732 esse
3632 1677 3797 1732 vobis

2091 1767 2451 1820 mandamus.

2091 1885 2220 1938 CAP.
2270 1884 2414 1938 LXX.
2466 1912 2535 1922 —-
2586 1884 2667 1936 De
2707 1884 3075 1938 sacerdotibus
3122 1886 3416 1939 Missurum
3464 1889 3698 1953 tempore
3746 1886 3803 1939 si

2362 1954 2713 2021 aegritudinis
2742 1957 2944 2023 aliquis
2974 1961 3191 2009 eventus
3214 1957 3516 2009 accesserit.

2163 2056 2281 2125 (Ea:
2302 2058 2487 2111 concit.
2526 2059 2766 2112 Toletan.
2810 2060 2861 2111 8.
2916 2073 3036 2127 cap.
3088 2060 3161 2124 2.)
3197 2059 3349 2112 Nihil
3398 2063 3600 2112 contra
3628 2058 3799 2112 ordi-

2090 2160 2192 2197 nes
2234 2151 2509 2199 statutum
2568 2145 2907 2199 temeritatis
2955 2162 3097 2199 ausu
3144 2154 3547 2216 praesumatur,
3601 2163 3797 2216 neque

2090 2231 2188 2284 illa
2217 2248 2346 2302 quae
2376 2249 2600 2286 summa
2629 2234 2994 2287 veneratione
3042 2242 3365 2299 censentur,
3417 2236 3504 2287 vel
3552 2235 3799 2287 minimo

2089 2321 2558 2390 praesumptionis
2597 2325 2750 2374 tactu
2793 2322 3107 2389 solvantur,
3157 2339 3287 2376 cum
3337 2323 3524 2376 adhuc
3567 2328 3796 2376 tantum

2093 2408 2218 2461 fieri
2261 2408 2421 2478 jussa
2469 2415 2624 2475 sunt,
2676 2425 2782 2462 nec
2823 2410 3141 2481 interrupta
3192 2418 3529 2476 noscuntur,
3562 2427 3634 2464 ne
3666 2411 3798 2464 lan-

2091 2496 2289 2566 guoris
2321 2504 2622 2566 proventu,
2658 2498 2858 2551 robore
2886 2499 3085 2551 salutis
3118 2506 3319 2551 natura
3351 2498 3628 2568 privetur.
3667 2500 3801 2553 Non

2090 2601 2229 2655 ergo
2255 2585 2439 2638 solum
2470 2585 2764 2655 fragilitati
2803 2587 3122 2640 consulitur
3170 2587 3455 2653 humanae,
3489 2588 3586 2641 sed
3615 2586 3796 2641 etiam

2092 2673 2265 2727 sacris
2297 2674 2699 2743 mysteriorum
2753 2676 2873 2739 Dei,
2909 2674 3285 2744 providentur
3336 2676 3546 2729 habere
3589 2675 3801 2730 sollici-

2092 2762 2376 2815 tudinem.
2432 2763 2769 2816 Censuimus
2831 2763 3009 2833 igitur
3064 2764 3369 2817 convenire
3427 2769 3510 2830 ut,
3585 2780 3716 2818 cum
3762 2780 3800 2817 a

2093 2850 2480 2903 sacerdotibus
2540 2851 2832 2904 Missarum
2899 2857 3161 2922 tempore
3246 2858 3438 2905 sancta
3524 2854 3801 2922 mysteria

2093 2945 2514 3006 consecrantur,
2553 2940 2599 2991 si
2631 2940 2993 3017 aegritudinis
3018 2940 3236 2994 accidat
3265 2942 3507 3010 quilibet
3536 2947 3797 3011 eventus,

2091 3041 2205 3095 quo
2245 3032 2494 3096 cceptum
2542 3033 2790 3098 nequeat
2831 3028 3273 3082 consecrationis
3319 3030 3534 3099 expleri
3584 3035 3800 3100 myste-

2093 3115 2269 3176 rium,
2316 3116 2389 3167 sit
2438 3115 2680 3168 liberum
2724 3115 2988 3185 episcopo
3031 3116 3114 3169 vel
3166 3117 3518 3187 presbytero,
3562 3124 3622 3171 ut
3652 3120 3801 3172 alter

2090 3203 2577 3257 consecrationem
2607 3204 2835 3272 expleat
2869 3204 3039 3257 officii
3070 3205 3260 3274 C(Bpti.
3296 3207 3417 3259 Non
3450 3206 3603 3259 enim
3636 3205 3796 3259 aliud

2092 3292 2162 3344 ad
2185 3292 2651 3362 supplementum
2683 3291 2924 3345 initiatis
2951 3293 3236 3363 mysteriis
3281 3295 3569 3364 competit,
3618 3309 3796 3364 quam

2091 3384 2190 3433 aut
2229 3378 2556 3450 incipientis
2621 3384 2723 3434 aut
2765 3381 3162 3450 subsequentis
3231 3382 3573 3453 complenda
3621 3382 3797 3436 bene-

2094 3468 2345 3522 dictione
2399 3468 2729 3534 sacerdotis,
2773 3468 2908 3538 quia
2970 3485 3075 3523 nec
3121 3470 3374 3539 perfecta
3439 3469 3616 3524 videri
3666 3486 3797 3540 pos-

2092 3562 2246 3620 sunt,
2295 3557 2405 3609 nisi
2462 3557 2831 3627 perfectionis
2901 3558 3105 3612 ordine
3169 3560 3586 3628 compleantur.
3652 3560 3798 3613 Cum

2092 3645 2247 3699 enim
2268 3644 2445 3699 simus
2474 3662 2674 3699 omnes
2695 3661 2876 3699 unum
2904 3646 2963 3700 in
2993 3646 3241 3712 Christo,
3275 3647 3417 3701 nihil
3441 3648 3798 3702 contrarium

2093 3734 2388 3788 diversitas
2421 3734 2648 3801 format,
2684 3734 2781 3787 ubi
2811 3734 3121 3789 efﬁcaciam
3161 3735 3559 3806 prosperitatis
3603 3736 3798 3790 unitas

2092 3820 2227 3876 fidei
2293 3826 2683 3892 repraesentat.
2753 3822 2913 3885 Quod
2973 3823 3148 3877 etiam
3209 3825 3536 3878 consultum
3603 3825 3797 3878 cuncti

2094 3910 2312 3964 ordinis
2360 3911 2552 3964 clerici
2602 3909 2849 3964 inditum
2892 3911 2977 3964 vel
3028 3911 3317 3965 indultum
3368 3929 3489 3966 esse
3526 3913 3629 3966 sibi
3679 3929 3797 3967 non

2093 3999 2410 4068 ambigunt,
2459 3999 2578 4064 sed,
2629 4004 2714 4065 ut,
2770 4000 3131 4068 praemissum
3181 4005 3283 4066 est,
3336 4002 3797 4071 praecedentibus

2098 4088 2287 4141 statim
2338 4088 2436 4141 alii
2486 4104 2591 4157 pro
2637 4089 3061 4157 complemento
3111 4091 3433 4144 succedant.
3487 4092 3565 4144 Ne
3600 4096 3798 4145 tamen

2093 4176 2248 4247 quod
2310 4180 2529 4229 natura:
2583 4176 2877 4246 languoris
2929 4193 3098 4230 causa
3150 4178 3490 4244 consulitur,
3533 4178 3595 4232 in
3644 4194 3794 4248 prae-

2014 4278 2057 4331 1)
2097 4264 2443 4333 sumptionie
2474 4264 2785 4333 perniciem
2813 4269 3198 4332 convertatur,
3220 4267 3413 4321 nullus
3440 4272 3575 4337 post
3603 4267 3799 4322 cibum

2092 4354 2409 4420 potumque
2438 4349 2553 4403 sive
2582 4351 2876 4421 quodlibet
2915 4353 3222 4407 minimum
3259 4360 3553 4425 sumptum
3603 4356 3799 4410 Missas

2092 4438 2298 4503 facere,
2331 4440 2641 4509 nullusque
2678 4441 2898 4511 absque
2922 4442 3171 4511 patentis
3203 4449 3483 4512 proventu
3518 4444 3800 4499 molestia:

2092 4527 2356 4580 minister
2380 4528 2469 4580 vel
2500 4529 2760 4582 sacerdos
2790 4545 2921 4582 cum
2954 4530 3208 4600 cmperit.
3241 4530 3579 4601 imperfecta
3609 4532 3802 4586 ofﬁcia

2092 4621 2403 4684 praesumat
2433 4616 2669 4669 omnino
2712 4617 3060 4687 relinquere.
3108 4618 3163 4673 Si
3195 4620 3325 4689 quis
3356 4620 3478 4674 haec
3514 4625 3800 4675 temerare

2091 4704 2544 4774 praesumpserit,
2593 4706 3203 4760 excommunicationis
3236 4708 3579 4762 sententiam
3633 4710 3802 4764 susti-

2095 4791 2272 4845 nebit.

2510 4917 2638 4971 CAP.
2666 4918 2838 4973 LXXI.
2876 4949 2945 4957 —
2973 4921 3047 4973 De
3084 4918 3267 4973 eadem
3296 4934 3373 4974 re.

2165 5024 2271 5086 (Ea:
2301 5023 2497 5078 decret.
2544 5026 2802 5078 Anacleti
2846 5026 3047 5096 papae.)
3079 5027 3410 5082 Sacerdotes
3451 5010 3682 5098 quando
3716 5043 3804 5081 sa-

2092 5111 2369 5178 criﬁcant,
2431 5128 2546 5165 non
2605 5112 2713 5165 soli
2773 5113 2883 5166 hoc
2937 5130 3106 5182 agere
3180 5114 3412 5181 debent,
3478 5116 3575 5169 sed
3626 5121 3802 5170 testes

2092 5216 2285 5253 secum
2320 5200 2589 5263 habeant,
2626 5204 2686 5251 ut
2730 5201 2843 5254 Deo
2874 5201 3121 5271 perfecte
3154 5202 3212 5256 in
3268 5203 3500 5257 sacratis
3556 5204 3798 5258 Domino

2094 5288 2232 5340 locis
2290 5288 2607 5341 sacriﬁcare
2666 5288 3007 5357 probentur.
3060 5291 3152 5345 Ait
3190 5308 3440 5363 namque
3489 5294 3801 5347 auctoritas

2090 5376 2233 5444 legis
2287 5375 2532 5428 divinas:
2609 5375 2746 5429 Vide
2805 5394 2877 5431 ne
2935 5380 3141 5433 offeras
3200 5380 3531 5435 holocausta
3582 5386 3677 5434 tua
3735 5380 3800 5436 in

2091 5466 2248 5519 omni
2278 5465 2402 5519 loco
2459 5480 2629 5535 quem
2680 5464 2906 5533 videris,
2951 5468 3052 5523 sed
3082 5468 3141 5522 in
3173 5468 3299 5524 loco
3329 5486 3504 5540 quem
3554 5470 3800 5542 elegerit

2091 5553 2371 5608 Dominus
2400 5552 2551 5607 Deus
2576 5555 2727 5607 tuus.
