3966 6396
101 442 204 490 689

1100 437 1575 496 DECRETORUM
1622 441 1810 496 LIBRI
1845 441 1953 495 XX.
1988 469 2056 478 ——
2090 440 2302 495 LIBER
2341 440 2655 495 TERTIUS.

3529 450 3633 501 690

102 563 230 616 Cap.
283 561 486 636 LXXII.
533 591 603 636 ές
637 562 718 614 De
741 560 1072 630 presbyteris
1117 564 1214 636 qui
1242 563 1572 615 dwmonibus
1618 566 1817 616 variis-
1850 569 1897 617 A
1936 561 2248 632 spiritalem
2282 566 2451 632 atque
2487 563 2794 616 carnalem.
2842 563 3003 627 Quod
3045 570 3324 636 quantum
3356 567 3427 621 sit
3477 571 3639 624 omni

171 648 282 702 gae
325 633 681 700 passionibus
712 638 1003 691 verant-ur,
1056 634 1199 701 quod
1248 636 1358 686 illis
1398 650 1556 687 sacra
1591 639 1826 688 tractare

169 720 283 756 non
316 708 498 756 liceat.

177 792 302 858 (Ea:
347 791 549 844 decret.
589 793 677 846 Pii
702 806 884 861 papae,
923 807 1043 860 cap.
1079 792 1157 859 6.)
1203 793 1348 845 Bene
1384 791 1667 860 siquidem
1704 807 1823 844 ma-

103 881 299 949 jorum
357 881 574 950 regulis
628 882 928 934 deﬁnitum
980 888 1061 932 est
1093 887 1178 944 ut,
1239 882 1536 933 tlaamoniis
1583 881 1822 950 aliisque

108 970 481 1038 passionibus
546 969 805 1033 irretitis,
866 971 1138 1039 mysteria
1197 987 1353 1023 sacra
1406 977 1648 1022 tractare
1707 986 1823 1022 non

111 1060 309 1114 liceat.
373 1058 473 1112 Cui
505 1065 811 1127 prmcleplo,
865 1075 1142 1110 consensu
1191 1058 1426 1110 rationis
1456 1059 1734 1123 adhibito,
1767 1058 1822 1110 id

112 1147 505 1200 communiter
537 1147 921 1212 deﬁuivimus,
973 1150 1035 1200 ut
1065 1148 1256 1200 nullus
1289 1149 1357 1200 de
1390 1147 1476 1199 his
1511 1148 1609 1216 qui
1637 1153 1736 1198 aut
1765 1147 1825 1198 in

113 1243 329 1290 terram
384 1236 599 1304 arrepti
642 1252 674 1287 a
725 1236 1085 1288 daemonibus
1137 1237 1447 1302 eliduntur,
1506 1241 1603 1288 aut
1643 1235 1827 1304 quoli-

112 1325 208 1377 bet
237 1323 416 1378 modo
464 1324 785 1376 vexationis
836 1323 1158 1377 incursibus
1203 1325 1541 1391 efferuntur,
1598 1326 1680 1377 vel
1729 1341 1823 1376 sa-

113 1415 222 1466 cris
272 1413 522 1466 audeant
574 1412 899 1464 ministrare
947 1413 1240 1479 altaribus,
1287 1414 1374 1465 vel
1418 1411 1720 1466 indiscussi
1767 1429 1823 1464 se

113 1500 325 1553 divinis
358 1500 630 1568 ingerent
675 1499 1066 1565 sacramentis,
1115 1500 1366 1568 exceptis
1396 1499 1508 1552 illis
1556 1500 1653 1568 qui
1701 1515 1822 1552 cor-

110 1604 323 1658 porum
386 1587 963 1641 incommoditatibus
1026 1588 1223 1652 dediti,
1296 1589 1416 1640 sine
1490 1588 1823 1656 hujusmodi

112 1675 484 1745 passionihus
513 1675 572 1727 in
605 1681 820 1728 terram
869 1676 1270 1744 approbantur
1313 1676 1458 1728 elisi.
1491 1676 1598 1738 Qui
1631 1681 1824 1728 tamen

112 1771 168 1816 et
213 1765 332 1834 ipsi
365 1765 570 1817 tandiu
623 1770 786 1816 erant
831 1764 898 1816 ab
945 1764 1116 1816 ofﬁcii
1161 1765 1249 1815 sui
1283 1769 1337 1816 et
1367 1763 1566 1816 ordine
1597 1769 1655 1816 et
1700 1765 1822 1816 loco

112 1852 401 1922 suspensi,
448 1868 755 1922 quousque
806 1853 977 1905 unius
1022 1852 1158 1905 anni
1209 1852 1414 1922 spatio,
1467 1869 1568 1922 per
1616 1852 1821 1905 discre-
1859 1849 1895 1901 Β

113 1943 336 1995 tionem
387 1941 641 2010 episcopi
685 1941 1054 1994 inveniantur
1099 1941 1170 1995 ab
1209 1940 1442 1995 incursu
1493 1941 1823 1994 daemonum

109 2031 308 2084 alieni.

549 2118 678 2171 Car.
717 2117 947 2172 LXXIII.
987 2120 1061 2172 De
1098 2117 1286 2170 eadem
1317 2133 1388 2170 re.

181 2209 308 2277 (Ea:
340 2207 540 2261 decret.
590 2207 830 2262 Set/ieris
871 2221 1050 2274 papae,
1085 2221 1204 2274 cap.
1254 2209 1327 2266 8.)
1365 2206 1431 2258 Ut
1460 2205 1598 2258 illud
1645 2204 1824 2257 divini

109 2296 337 2350 oraculi
382 2296 676 2348 monentis
715 2294 926 2364 singuli
961 2299 1318 2362 praecaveant
1347 2310 1462 2363 quo
1507 2293 1774 2346 scribitur
1808 2309 1820 2346 :

108 2388 204 2439 Vae
235 2384 368 2448 soli,
423 2383 578 2453 quia,
627 2399 756 2436 cum
807 2382 1094 2447 ceciderit,
1140 2398 1258 2435 non
1305 2382 1477 2434 habet
1521 2381 1821 2434 sublevan-

107 2480 224 2528 tem
257 2490 272 2526 :
309 2487 687 2541 summopere
725 2472 1040 2524 verendum
1072 2475 1156 2524 est
1189 2471 1349 2522 nobis
1384 2476 1439 2522 et
1483 2471 1822 2534 cavendum,

108 2579 178 2616 ne
245 2561 416 2616 horis
481 2561 594 2613 illis
659 2564 829 2628 atque
895 2559 1253 2628 temporibus
1319 2558 1528 2628 quibus
1579 2559 1823 2611 Domino

107 2651 403 2722 psallitur,
448 2650 537 2702 vel
589 2648 958 2711 sacriﬁcatur,
1017 2647 1324 2716 unicuique
1370 2647 1578 2700 divinis
1635 2647 1826 2716 singu-

109 2740 311 2794 lariter
361 2737 568 2791 ofﬁciis
626 2736 932 2803 insistenti,
985 2736 1306 2806 perniciosa
1352 2736 1538 2805 passio
1570 2736 1656 2787 vel
1692 2751 1824 2787 cor—

108 2827 268 2897 poris
324 2825 604 2896 quaelibet
651 2824 914 2877 valetudo
963 2829 1240 2888 occurrat,
1295 2839 1423 2893 qua:
1477 2827 1576 2874 aut
1616 2838 1824 2891 corpus

109 2915 304 2969 subito
357 2913 560 2966 subrui
615 2911 807 2980 faciat,
863 2917 961 2964 aut
1024 2917 1280 2964 mentem
1338 2911 1682 2964 alienatione
1736 2911 1825 2963 vel

106 3011 334 3057 terrore
361 3001 696 3056 confundat.
725 3001 835 3053 Pro
866 3000 1203 3069 hujusmodi
1241 3016 1378 3068 ergo
1411 2999 1642 3052 ausibus
1674 3015 1825 3068 pra:-

105 3097 399 3154 caventes,
461 3090 848 3143 necessarium
909 3088 1174 3141 duximus
1230 3088 1528 3141 instituere
1593 3093 1670 3154 ut,
1727 3087 1822 3140 libi

103 3178 398 3249 temporis
443 3178 530 3230 vel
565 3177 694 3239 loci,
753 3175 867 3228 sive
917 3175 1054 3228 cleri
1102 3175 1264 3244 copia
1303 3176 1667 3245 suffragatur,
1718 3177 1825 3228 ha—

107 3270 244 3322 beat
273 3266 542 3337 quisquis
587 3265 683 3317 ille
714 3280 926 3317 canens
977 3265 1089 3317 Deo
1122 3270 1292 3333 atque
1321 3265 1647 3317 sacriﬁcans
1697 3271 1826 3333 post

107 3374 165 3410 se
198 3355 376 3409 vicini
409 3351 708 3406 solamims
759 3352 1081 3421 adjutorem
1113 3367 1126 3404 :
1161 3357 1225 3403 ut
1256 3351 1301 3403 si
1332 3351 1527 3420 aliquo
1559 3366 1692 3402 casu
1728 3349 1823 3402 ille

109 3445 209 3514 qui
239 3442 433 3496 ofﬁcia
464 3441 809 3509 impleturus
840 3438 1056 3492 accedit
1101 3439 1362 3492 turbatus
1393 3439 1583 3503 fuerit,
1617 3438 1702 3490 vel
1753 3438 1824 3491 ad

108 3538 327 3586 terram
360 3530 560 3593 elisus,
595 3545 628 3580 a
662 3533 826 3598 tergo
859 3543 1088 3596 semper
1118 3528 1326 3580 habeat
1357 3527 1454 3596 qui
1491 3527 1612 3595 ejus
1645 3525 1820 3577 vicem

111 3625 467 3691 exsequatur
531 3617 878 3686 intrepidus,
947 3621 1004 3670 et
1057 3616 1312 3670 ofﬁcium
1365 3617 1660 3684 inceptum
1725 3613 1822 3667 ad-

111 3711 373 3779 impleat.

112 3800 240 3853 Csp.
281 3796 508 3853 LXXIV.
542 3825 611 3834 —
648 3797 722 3848 De
769 3793 1102 3917 preslbqteris
1136 3794 1232 3862 qui
1271 3793 1373 3846 soli
1416 3794 1614 3845 Missas
1657 3790 1826 3841 solent

827 3880 880 3917 ce
905 3882 929 3916 e
969 3879 1110 3916 rare.

827 3879 1110 3918 celebrare.

186 3959 296 4023 (Ere
342 3954 547 4020 eodem,
607 3968 732 4020 cap.
794 3951 902 4021 I0.)
953 3953 1065 4004 Hoc
1117 3966 1348 4020 quoque
1409 3952 1690 4001 statutum
1743 3952 1828 4000 est

120 4050 182 4098 ut
227 4044 426 4098 nullus
473 4040 941 4111 presbyterorum
989 4038 1283 4092 Missarum
1341 4037 1620 4090 solemnia
1674 4038 1825 4088 cele-

120 4134 284 4188 brare
339 4135 677 4202 praesumat,
733 4127 842 4180 nisi
899 4128 1120 4181 duobus
1173 4126 1548 4193 praesentibus
1600 4124 1826 4194 sibique

121 4219 607 4292 respondentibus
674 4217 794 4286 ipse
862 4216 1065 4269 tertius
1128 4215 1426 4276 habeatur,
1491 4214 1628 4284 quia
1695 4229 1824 4265 cum

120 4308 424 4378 pluraliter
465 4307 534 4358 ab
573 4321 641 4358 eo
692 4303 899 4357 dicitur
931 4319 943 4355 :
982 4321 1009 4351 ‹‹
1041 4303 1315 4354 Dominus
1360 4301 1677 4363 vobiscum,
1711 4319 1738 4349 ι)
1773 4305 1828 4352 et

119 4398 252 4450 illud
287 4397 350 4449 in
398 4393 645 4449 Secretis
679 4409 693 4445 :
735 4410 762 4441 (ι
797 4391 960 4444 Orate
994 4406 1097 4458 pro
1147 4405 1258 4451 me,
1294 4408 1319 4438 ›)
1353 4389 1649 4458 aptissime
1681 4403 1821 4440 con-
1855 4407 1897 4458 ι)

121 4486 291 4551 venit,
329 4490 398 4536 ut
428 4488 486 4534 et
511 4481 694 4552 ipsius
726 4479 1142 4548 respondeatur
1171 4478 1524 4531 salutationi.

121 4576 244 4629 CAP.
282 4571 478 4627 LXXV.
511 4598 586 4610 —
619 4568 700 4621 De
731 4568 841 4619 illis
890 4567 986 4633 qui
1027 4567 1308 4631 conjugati
1347 4566 1654 4635 presbyteri
1683 4562 1828 4616 obla-

718 4642 884 4690 tiones
911 4638 1233 4705 spreverint.

189 4735 303 4800 (Ex
362 4729 554 4784 concil.
615 4726 916 4793 Agathen,
974 4740 1093 4793 cap.
1149 4725 1228 4789 8.)
1285 4719 1342 4775 Si
1394 4720 1521 4790 quis
1573 4720 1829 4773 decernit

118 4820 520 4891 presbyterum
564 4815 936 4883 conjugatum
969 4817 1242 4881 tanquam
1279 4810 1571 4862 occasione
1605 4809 1828 4878 nuptia-

118 4925 241 4962 rum
290 4905 448 4977 quod
481 4903 712 4957 offerre
743 4918 854 4954 non
903 4900 1126 4964 debeat,
1161 4903 1217 4951 et
1273 4898 1342 4951 ab
1384 4898 1507 4968 ejus
1541 4897 1828 4950 oblatione

118 4998 239 5050 ideo
273 5014 334 5048 se
367 4995 643 5051 abstinet,
680 4990 988 5042 anathema
1023 4987 1115 5040 sit.

119 5087 238 5140 CAP.
282 5083 502 5137 LXXVI.
559 5110 629 5118 —
674 5081 741 5132 Ut
803 5077 1106 5145 presbyteri
1167 5075 1552 5128 communicent
1595 5075 1829 5143 quoties-

541 5165 753 5217 cunque
783 5150 981 5202 Missas
1007 5146 1412 5199 celebraverint.

189 5246 299 5308 (Ea:
328 5240 522 5297 concil.
572 5237 918 5304 Rothomag.,
972 5251 1095 5303 cap.
1145 5235 1226 5300 2.)
1262 5234 1484 5286 Dictum
1535 5239 1621 5284 est
1664 5230 1832 5284 nobis

126 5332 273 5401 quod
308 5329 546 5400 quidam
581 5323 904 5396 presbyteri
942 5323 1224 5376 celebrata
1260 5321 1423 5375 Missa
1454 5321 1833 5374 detrectantes

126 5420 229 5489 ipsi
260 5434 491 5472 sumere
539 5414 740 5470 divina
770 5411 1042 5482 mysteria
1091 5427 1220 5480 quas
1252 5414 1678 5473 consecrarunt,
1711 5408 1835 5461 cali-

126 5525 242 5561 cem
275 5505 505 5562 Domini
540 5502 900 5557 mulierculis
931 5516 1060 5570 quae
1095 5499 1162 5552 ad
1198 5499 1392 5552 Missas
1433 5496 1682 5550 offerunt
1712 5500 1835 5549 tra-

129 5599 277 5657 dant,
333 5597 420 5649 vel
477 5590 836 5664 quibusdam
899 5588 1058 5642 laicis
1113 5586 1210 5657 qui
1267 5585 1578 5656 dijudicare
1630 5600 1835 5652 corpus

133 5685 354 5738 Domini
417 5682 718 5744 nesciunt,
773 5678 829 5732 id
888 5683 993 5744 est,
1050 5677 1370 5731 discernere
1431 5676 1581 5729 inter
1644 5675 1836 5729 cibum

1936 650 2341 703 Ecclesiasticie
2390 651 2653 719 rehgioni
2711 652 3082 715 contrarium,
3144 655 3326 724 pietas
3377 657 3634 712 ﬁdelium

1936 737 2108 790 novit.
2173 738 2329 791 Unde
2388 739 2656 791 omnibus
2714 737 3062 810 presbyteris
3121 742 3518 797 interdicimus
3576 751 3638 798 ut

1935 827 2124 878 nullus
2155 825 2211 877 in
2257 832 2546 894 posterum
2581 826 2687 878 hoc
2737 827 2919 880 facere
2950 837 3286 898 prmsumat,
3339 833 3436 885 sed
3492 834 3632 902 ipse,

1935 929 2064 966 cum
2112 914 2430 966 reverentia
2479 921 2686 977 sumat,
2744 922 2798 967 et
2844 916 3086 970 diacono
3135 925 3234 971 aut
3286 921 3634 973 subdiacono

1936 1002 2035 1070 qui
2093 1002 2342 1054 ministri
2408 1008 2540 1054 sunt
2599 1003 2794 1055 altaris
2850 1006 3170 1074 colligenda
3230 1009 3430 1061 tradat.
3492 1010 3636 1062 Illud

1936 1090 2109 1142 etiam
2156 1083 2411 1142 attendat
2461 1096 2524 1142 ut
2571 1107 2668 1142 eos
2714 1094 2947 1161 propria
3001 1110 3176 1147 manu
3225 1100 3630 1151 communicet.

1937 1178 2086 1230 Nulli
2118 1187 2308 1230 autem
2343 1179 2482 1230 laico
2513 1184 2612 1231 aut
2643 1180 2873 1233 feminae
2906 1182 3322 1237 Eucliaristiam
3355 1185 3411 1237 in
3448 1187 3632 1238 mani-

1936 1267 2039 1320 bus
2075 1273 2268 1334 ponat,
2307 1267 2402 1318 sed
2435 1273 2657 1319 tantum
2692 1268 2749 1320 in
2787 1284 2848 1320 os
2880 1271 3001 1338 ejus
3033 1287 3160 1322 cum
3193 1271 3278 1323 his
3311 1273 3497 1325 verbis
3531 1290 3634 1342 po-

1937 1361 2034 1408 nat
2067 1371 2078 1406 :
2117 1356 2333 1424 Corpus
2373 1355 2595 1407 Domini
2629 1361 2685 1408 et
2713 1357 2946 1425 sanguis
2978 1358 3159 1427 prosit
3196 1359 3299 1412 tibi
3333 1362 3399 1413 ad
3435 1361 3633 1414 remis-

1936 1445 2157 1495 sionem
2209 1448 2574 1511 peccatorum
2633 1449 2690 1496 et
2735 1445 2803 1497 ad
2834 1445 3007 1497 vitam
3060 1451 3352 1500 aeternam.
3409 1449 3466 1501 Si
3505 1450 3634 1518 quis

1937 1533 2058 1584 haec
2103 1538 2491 1601 transgressus
2533 1531 2725 1596 fuerit,
2775 1533 2908 1601 quia
2957 1533 3137 1587 Deum
3181 1535 3632 1604 omnipotentem

1935 1620 2273 1685 contemnit,
2334 1625 2387 1672 et
2428 1627 2707 1688 quantum
2758 1621 2815 1673 in
2874 1623 2997 1690 ipso
3053 1629 3136 1675 est
3179 1623 3506 1690 inhonorat,
3563 1625 3632 1678 ab

1935 1709 2101 1761 altari
2133 1714 2510 1761 removeatur.

2315 1799 2438 1850 Car.
2477 1798 2722 1852 LXXVII.
2765 1829 2832 1836 —
2864 1801 2936 1851 De
2964 1798 3145 1852 eadem
3178 1815 3252 1852 re.

2007 1886 2114 1955 (Ea:
2143 1888 2300 1955 epist.
2337 1888 2596 1939 Anacleti
2641 1903 2818 1954 papae,
2851 1902 2971 1955 cap.
3008 1890 3115 1951 l2.)
3171 1889 3398 1942 Peracta
3439 1893 3631 1943 autem

1935 1975 2361 2027 consecratione
2428 1991 2628 2027 omnes
2695 1975 3125 2028 communicent
3184 1977 3281 2045 qui
3339 1977 3632 2032 noluerint

1935 2063 2326 2115 ecclesiasticis
2374 2078 2567 2115 carere
2617 2063 2932 2116 liminibus.
2969 2063 3056 2116 Sic
3103 2064 3256 2116 enim
3296 2069 3351 2118 et
3378 2066 3635 2134 Apostoli

1936 2155 2278 2217 statuerunt,
2328 2157 2386 2204 et
2414 2157 2605 2203 sancta
2658 2152 2915 2204 Romana
2964 2155 3124 2205 tenet
3169 2153 3430 2206 Ecclesia.
3486 2154 3548 2207 Et
3585 2154 3631 2207 si

1934 2240 2041 2294 hoc
2071 2241 2446 2310 neglexerint,
2476 2241 2883 2305 degradentur.

2291 2329 2418 2382 CAP.
2454 2329 2744 2382 LXXVIII.
2777 2359 2845 2368 --
2883 2332 2958 2383 De
2983 2329 3164 2382 eadem
3194 2345 3272 2383 re.

2008 2416 2111 2485 (Ea:
2141 2418 2329 2470 concil.
2379 2418 2697 2482 Aurelian,
2753 2433 2871 2484 cap.
2917 2416 3034 2484 '10.)
3083 2417 3362 2471 Auditum
3411 2421 3494 2471 est
3525 2419 3635 2472 ali-

1935 2521 2080 2574 quos
2127 2505 2486 2574 presbyteros
2537 2505 2760 2557 Missam
2812 2505 3100 2557 celebrare
3131 2511 3186 2559 et
3218 2523 3329 2559 non
3376 2523 3632 2560 commu-

1935 2593 2144 2658 nicare,
2208 2593 2362 2663 quod
2431 2594 2670 2644 omnino
2743 2591 2801 2645 in
2869 2593 3184 2645 canonibus
3245 2595 3633 2664 apostolorum

1933 2681 2298 2734 interdictum
2344 2698 2464 2734 esse
2497 2680 2725 2750 legitur.
2777 2682 2873 2732 Vel
2908 2682 3196 2750 quomodo
3246 2683 3434 2736 dicere
3483 2689 3635 2738 recte

1933 2775 2119 2840 potest
2166 2770 2211 2822 si
2265 2785 2380 2822 non
2427 2768 2933 2821 communicaverit
2965 2784 2977 2822 :
3015 2789 3042 2818 «
3091 2770 3471 2840 Sumpsimus,
3525 2773 3632 2825 Do-

1935 2860 2107 2925 mine,
2147 2858 2598 2910 sacramenta?»
2631 2862 2739 2909 etc.

2327 2945 2452 2998 CAP.
2490 2945 2711 2999 LXXIX.
2742 2975 2810 2982 —
2838 2945 2921 2996 De
2950 2945 3134 2997 eadem
3163 2961 3238 2997 re.

2005 3035 2122 3103 (Ea:
2153 3033 2350 3097 eodem,
2383 3048 2502 3101 cap.
2543 3031 2649 3100 ll.)
2685 3032 2739 3086 Si
2766 3032 2894 3102 quis
2927 3033 3245 3102 episcopus,
3279 3037 3376 3086 aut
3406 3034 3635 3104 presby-

1858 3125 1899 3180 C
1938 3128 2038 3184 ter,
2081 3127 2180 3174 aut
2236 3121 2528 3180 diaconus,
2564 3121 2652 3172 vel
2701 3121 2942 3190 quilibet
2991 3137 3054 3173 ex
3104 3121 3439 3176 sacerdotali
3489 3126 3635 3176 cata-

1936 3213 2067 3281 logo
2100 3211 2246 3263 facta
2274 3209 2561 3262 oblatione
2585 3226 2699 3260 non
2731 3209 3258 3272 communicaverit,
3288 3216 3383 3263 aut
3404 3227 3633 3264 causam

1932 3303 2079 3355 dicat
2111 3317 2124 3353 :
2159 3306 2217 3352 et
2259 3299 2304 3351 si
2339 3299 2692 3352 rationabilis
2723 3298 2914 3365 fuerit,
2965 3299 3188 3352 veniam
3229 3306 3631 3370 consequatur,

1934 3391 2033 3439 aut
2065 3386 2109 3438 si
2142 3403 2257 3438 non
2306 3387 2533 3450 dixerit,
2571 3387 2978 3439 communione
3030 3388 3306 3457 privetur,
3357 3394 3635 3460 tanquam

1934 3474 2030 3544 qui
2060 3475 2276 3545 populo
2305 3491 2473 3527 causa
2500 3475 2748 3527 Iasionis
2781 3476 3080 3528 exstiterit.

1933 3582 2062 3635 CAP.
2100 3581 2290 3635 LXXX.
2319 3610 2387 3618 —
2424 3583 2488 3634 Ut
2521 3583 2578 3632 in
2622 3581 2869 3632 Ecclesia
2916 3581 3058 3633 nihil
3088 3581 3245 3634 aliud
3282 3587 3484 3648 agatur
3524 3585 3636 3636 nisi

2457 3650 2518 3702 id
2547 3651 2622 3702 ad
2653 3651 2795 3717 quod
2824 3653 2976 3716 facta
3015 3657 3112 3705 est.

2006 3738 2116 3806 (Ea:
2147 3737 2311 3791 dictis
2359 3737 2627 3805 August.)
2671 3737 2732 3790 In
2783 3738 3034 3790 oratorio
3077 3743 3286 3807 praeter
3323 3740 3526 3793 orandi
3579 3745 3634 3793 et

1933 3826 2214 3897 psallendi
2249 3827 2360 3879 Deo
2395 3827 2609 3878 cultum
2644 3825 2870 3895 penitus
2900 3826 3044 3878 nihil
3067 3832 3288 3894 agatur,
3323 3833 3387 3880 ut
3413 3829 3633 3881 nomini

1935 3914 2067 3967 huic
2097 3920 2154 3966 et
2183 3928 2356 3982 opera
2380 3911 2598 3982 jugiter
2627 3913 2887 3981 impensa
2913 3914 3281 3968 concordent.

2324 4001 2451 4055 CAP.
2489 4001 2704 4056 LXXXI.
2747 4033 2815 4040 —
2852 4005 2918 4055 De
2949 4003 3130 4055 eadem
3165 4019 3239 4056 re.

2006 4091 2113 4159 (Ea:
2145 4091 2304 4142 dictis
2357 4089 2677 4157 Benedicti.)
2729 4091 3051 4144 Oratorium
3097 4092 3204 4144 hoc
3236 4091 3307 4144 sit
3346 4093 3496 4163 quod
3549 4092 3634 4146 di-

1935 4177 2102 4242 citur,
2132 4193 2234 4229 nec
2281 4177 2359 4228 ibi
2391 4175 2711 4246 quidquam
2751 4178 2903 4231 aliud
2937 4187 3170 4247 geratur
3197 4185 3296 4232 aut
3333 4180 3633 4246 condatur,

1935 4282 2108 4336 quam
2142 4264 2351 4318 divinis
2385 4265 2673 4334 mysteriis
2705 4267 3027 4319 conveniat.

2317 4355 2443 4407 CAP.
2483 4353 2727 4407 LXXXII.
2762 4384 2829 4392 —
2853 4357 2926 4407 De
2959 4353 3143 4407 eadem
3172 4370 3248 4408 re.

2009 4444 2120 4509 (Ea:
2149 4442 2334 4494 concil.
2385 4441 2693 4507 Laodicea,
2726 4457 2848 4509 cap.
2879 4441 2993 4510 28.)
3039 4441 3198 4504 Quod
3234 4457 3347 4494 non
3376 4448 3638 4510 oporteat

1935 4529 1993 4582 in
2047 4528 2356 4581 domiciliis
2413 4527 2640 4591 divinis,
2705 4527 2762 4581 id
2822 4532 2923 4592 est,
2993 4529 3053 4580 in
3103 4529 3360 4581 Ecclesiis
3414 4546 3634 4600 agapen

1937 4617 2084 4680 ﬁeri,
2116 4633 2221 4670 nec
2254 4617 2403 4669 intra
2441 4617 2680 4668 domum
2731 4616 2829 4668 Dei
2860 4617 3174 4680 comedere,
3228 4619 3312 4670 vel
3344 4618 3636 4673 accubitus

1937 4711 2212 4759 sternere.

2009 4793 2136 4847 Car.
2174 4790 2442 4845 LXXXIII.
2478 4820 2542 4828 —
2579 4791 2643 4843 Ut
2672 4791 2854 4844 nullus
2878 4793 2934 4843 in
2964 4791 3206 4846 Ecclesia
3235 4795 3561 4848 conuiuatur.
3613 4827 3622 4835 -

2011 4884 2114 4949 (Ea:
2166 4880 2352 4933 concil.
2406 4879 2689 4944 Carthag..
2754 4895 2875 4947 cap.
2919 4882 3026 4945 28.)
3086 4881 3156 4934 Ut
3205 4881 3349 4934 nulli
3388 4881 3640 4951 episcopi

1939 4969 2024 5022 vel
2057 4968 2245 5022 clerici
2297 4967 2357 5019 in
2393 4966 2640 5019 Ecclesia
2678 4968 3071 5034 conviventur,
3112 4969 3223 5022 nisi
3255 4969 3399 5023 forte
3448 4976 3639 5024 trans-

1939 5063 2140 5111 euntes
2196 5055 2427 5125 hospitii
2483 5055 2819 5109 necessitate
2864 5057 2982 5110 illic
3029 5057 3378 5111 reﬁciantur.
3436 5059 3639 5128 Populi

1941 5147 2112 5199 etiam
2145 5144 2215 5198 ab
2259 5144 2590 5213 hujusmodi
2634 5145 2926 5207 conviviis,
2963 5151 3241 5217 quantum
3271 5146 3395 5199 ﬁeri
3427 5151 3635 5216 potest,

1941 5233 2384 5304 prohibeantur.

2141 5341 2405 5396 LXXXIV.
2475 5371 2543 5380 -—
2599 5343 2666 5395 Ut
2730 5343 2911 5395 nullus
2977 5345 3036 5394 in
3083 5341 3322 5395 Ecclesia
3388 5339 3639 5394 tabernas

2475 5371 2543 5380 -—-
2599 5343 2666 5395 Ut
2730 5343 2911 5395 nullus

2632 5415 2945 5466 constituat.

2015 5503 2119 5568 (Em
2161 5501 2348 5554 concil.
2421 5501 2709 5566 Turonen.,
2777 5515 2897 5568 cap.
2965 5497 3042 5567 2.)
3094 5498 3385 5551 Perlatum
3441 5502 3529 5551 est
3571 5498 3639 5551 ad

1944 5593 2197 5640 sanctam
2276 5586 2557 5655 synodum
2633 5586 2787 5654 quod
2863 5585 3100 5654 quidam
3176 5584 3499 5655 presbyteri
3581 5585 3639 5638 in

1946 5673 2206 5728 Ecclesiis
2286 5673 2388 5726 sibi
2458 5671 2778 5725 commissis
2858 5671 3165 5740 tabernas,
3255 5673 3408 5743 quod
3485 5673 3642 5726 nefas

1943 5343 2068 5396 CAP.
