3966 6396
279 408 373 461 691
1358 409 1769 465 BURCHARDI
1810 405 2345 465 WOBMACIENSIS
2383 409 2718 466 EPISCOPI.

3679 414 3787 466 692

280 537 385 603 est,
427 532 798 600 constituant,
849 531 1044 604 ibique
1090 549 1195 604 per
1242 549 1529 604 caupones
1587 532 1788 588 vinum
1839 547 1972 586 veu-
2003 534 2044 587 A
2087 532 2519 603 transmigrare,
2589 536 2873 604 quatenus
2923 536 2978 588 et
3035 532 3104 587 ab
3165 531 3496 587 hostilitatis
3551 533 3792 586 incursu

281 621 435 681 dant,
485 624 584 674 aut
632 621 879 674 vendere
927 621 1282 690 permittant,
1324 627 1381 675 et
1428 621 1525 675 ubi
1578 620 1979 675 tantummodo

281 708 569 763 orationes
611 711 668 761 et
697 708 938 761 verbum
986 707 1268 774 divinum,
1303 709 1518 779 Deique
1551 708 1674 762 laus
1716 707 1982 762 debuerit

280 813 571 862 resonare,
616 795 697 850 ibi
746 797 1185 850 comessationes
1214 802 1271 850 et
1328 796 1634 852 ebrietates
1686 797 1847 864 tiant,
1900 794 1983 850 ibi

282 886 431 939 risus
469 889 524 938 et
580 885 814 954 plausus
863 889 919 938 et
951 885 1119 938 verba
1171 884 1384 954 turpia,
1443 885 1525 938 ibi
1571 884 1711 938 rixae
1743 889 1799 938 et
1845 900 1980 938 con-

282 966 572 1026 tentiones
609 971 906 1024 resultent.
941 970 1098 1034 Quod
1147 988 1321 1042 quam
1367 971 1439 1024 sit
1474 972 1588 1025 Deo
1632 971 1983 1025 contrarium

284 1058 566 1115 Dominus
613 1059 776 1112 Iesus
824 1058 1199 1112 demonstrat.
1251 1059 1360 1123 Qui
1401 1076 1530 1113 cum
1575 1059 1886 1113 invenisset
1923 1059 1984 1112 in

283 1148 498 1218 templo
547 1147 859 1201 vendentes
899 1152 954 1200 et
1001 1154 1278 1214 ementes,
1322 1151 1380 1201 et
1428 1147 1850 1201 nummularios
1897 1163 1984 1201 se-

282 1237 481 1292 dentes
523 1236 669 1290 facto
699 1235 955 1289 funiculo
1003 1235 1073 1288 de
1122 1235 1422 1300 resticulis,
1464 1251 1664 1289 omnes
1713 1235 1883 1305 ejecit
1913 1236 1985 1290 de

285 1325 523 1395 templo.
559 1324 617 1378 Si
667 1324 824 1377 enim
853 1341 920 1378 ea
964 1340 1094 1394 quas
1141 1324 1291 1376 licite
1321 1324 1488 1377 vendi
1537 1323 1876 1378 videbantur
1924 1324 1986 1378 in

285 1415 524 1484 templo,
578 1417 635 1466 et
665 1413 734 1466 ad
764 1412 872 1466 hoc
916 1411 1278 1480 emebantur,
1323 1416 1387 1465 ut
1416 1411 1475 1464 in
1521 1411 1724 1465 eodem
1769 1413 1985 1483 templo

286 1503 629 1557 offerrentur
662 1500 924 1566 Domino,
962 1499 1086 1570 ipse
1117 1500 1269 1553 foras
1317 1499 1501 1569 ejecit,
1535 1499 1671 1570 quid
1721 1504 1886 1569 putas
1916 1501 1986 1554 de

285 1594 403 1644 tam
446 1588 719 1659 pestifera
762 1587 1211 1658 praesumptione
1259 1593 1315 1640 et
1350 1586 1448 1640 Dei
1478 1593 1812 1658 contemptu
1840 1589 1987 1643 ﬁet?

287 1680 357 1733 Et
399 1678 444 1731 si
497 1694 613 1732 non
674 1678 858 1731 solum
915 1676 1304 1729 sacerdotibus
1352 1676 1448 1729 sed
1499 1676 1669 1730 etiam
1719 1676 1986 1731 omnibus

292 1764 513 1821 clericis
556 1763 912 1835 praecipitur,
945 1779 1016 1817 ne
1064 1763 1332 1816 tabernas
1380 1763 1779 1832 ingrediantur
1812 1781 1824 1818 :
1859 1764 1987 1834 quis

288 1853 490 1908 audire
520 1857 711 1922 potest
756 1856 820 1905 ut
847 1850 1110 1905 Ecclesiae
1143 1850 1242 1904 Dei
1290 1851 1543 1905 tabernae
1573 1851 1758 1905 ﬁant?
1788 1853 1988 1923 Itaque

288 1941 581 1996 interdicit
635 1957 738 2011 per
783 1940 978 1994 omnia
1033 1939 1284 2009 synodus
1329 1955 1402 1993 ne
1433 1941 1543 1995 hoc
1588 1940 1647 1994 iu
1691 1944 1987 2010 posterum

289 2031 577 2085 ullatenus
609 2028 726 2082 ﬁat.
763 2027 926 2092 Quod
975 2026 1024 2080 si
1052 2027 1266 2080 factum
1315 2027 1505 2094 fuerit,
1538 2029 1836 2099 presbyter
1886 2029 1986 2084 de-

288 2122 557 2189 ponatur,
587 2115 714 2169 laici
741 2114 1148 2169 communione
1177 2115 1385 2184 privati
1412 2116 1483 2170 ab
1509 2116 1778 2184 Ecclesia,
1813 2133 1988 2188 quam

290 2207 832 2272 dehonestaverunt,
863 2204 1240 2273 expellantur.

675 2293 801 2347 CAP.
840 2293 1076 2347 LXXXV.
1109 2323 1177 2331 —
1215 2294 1295 2346 De
1325 2292 1509 2347 eadem
1537 2310 1613 2347 re.

365 2383 470 2452 (Ea:
497 2381 696 2448 eodem,
731 2397 866 2451 cap.
922 2382 994 2448 3.)
1028 2381 1086 2435 Si
1136 2382 1288 2434 enim
1324 2381 1531 2435 domus
1575 2383 1675 2436 Dei
1718 2382 1992 2437 orationis

293 2471 498 2527 domus
552 2474 805 2535 vocatur,
852 2469 960 2523 hoc
1007 2469 1181 2524 debet;
1228 2486 1350 2524 esse
1397 2470 1550 2540 quod
1603 2470 1811 2525 dicitur
1841 2488 1854 2526 :
1887 2487 1993 2526 nec

295 2559 375 2614 ibi
419 2558 573 2613 aliud
618 2557 785 2611 debet
832 2557 953 2627 geri
984 2561 1084 2611 aut
1128 2556 1384 2610 recondi.
1425 2555 1530 2610 Ubi
1566 2556 1723 2610 enim
1789 2573 1994 2628 corpus

295 2647 524 2702 Domini
570 2649 950 2712 consecratur,
997 2645 1080 2699 ibi
1127 2646 1468 2715 angelorum
1518 2644 1825 2716 praesentia
1877 2662 1994 2700 non

297 2735 590 2791 dubitatur
631 2735 852 2791 adesse.
891 2734 998 2789 Ubi
1029 2739 1360 2788 sanctorum
1391 2733 1654 2805 reliquias
1684 2735 1994 2789 reconditas

295 2830 662 2890 venerantur,
729 2839 798 2876 ne
853 2823 992 2894 quid
1049 2821 1421 2876 inhonestum
1481 2825 1776 2891 appareat,
1838 2823 1994 2894 quod

296 2915 488 2968 oculos
521 2913 593 2967 ad
644 2912 963 2966 orationem
1012 2912 1372 2966 venientium
1417 2909 1691 2974 offendat,
1748 2925 1817 2962 ne
1857 2908 1995 2979 quid

297 3000 379 3053 ibi
411 2999 674 3054 videatur
721 3000 874 3070 quod
907 3001 978 3054 ad
1028 3001 1249 3053 lucrum
1298 2999 1619 3069 temporale
1665 2999 1991 3068 pertineat:

2091 621 2324 675 liberior
2369 622 2606 676 existere
2653 622 2865 687 valeas,
2897 623 2968 691 {et
2999 621 3116 675 illic
3165 620 3637 676 consuetudinem
3686 637 3792 676 so-

2090 710 2370 764 lemnium
2400 710 2678 764 festorum
2705 710 2992 780 disponas.

2339 799 2465 853 CAP.
2503 799 2606 854 XC.
2641 829 2703 839 —
2739 800 2822 853 De
2849 798 3126 853 mutandis
3155 801 3358 852 sanctis
3387 799 3536 853 locis.

2165 887 2423 956 (August.
2489 888 2663 953 dicit.)
2739 887 2942 941 Tribus
3005 887 3190 941 causis
3261 888 3385 940 loca
3461 891 3795 940 sanctorum

2093 977 2529 1029 transmutauda
2559 987 2710 1029 sunt.
2770 976 2982 1040 Primo,
3032 991 3213 1046 quum
3245 974 3550 1029 necessitas
3596 990 3797 1045 perse-

2093 1068 2355 1117 cutorum
2429 1064 2555 1117 loca
2633 1080 2836 1118 eorum
2915 1063 3185 1134 gravavit.
3264 1063 3548 1128 Secundo,
3609 1079 3799 1132 quum

2092 1151 2398 1206 difficultas
2452 1153 2710 1206 locorum
2761 1152 2953 1206 fuerit.
3009 1152 3220 1220 Tertio,
3273 1168 3451 1222 quum
3507 1151 3798 1205 malorum

2093 1241 2363 1294 societate
2391 1246 2724 1310 gravantur.

2097 1347 2223 1402 CAP.
2258 1346 2400 1400 XCI.
2428 1376 2496 1386 —
2528 1347 2679 1412 Quod
2709 1348 2995 1401 translatis
3024 1347 3382 1417 martyribus,
3433 1346 3600 1400 honor
3629 1347 3803 1399 inter-

2165 1417 2294 1470 dum
2323 1433 2442 1471 cum
2470 1419 2584 1472 illis
2611 1420 2828 1486 migret,
2861 1418 3134 1471 interdum
3163 1421 3220 1470 in
3245 1419 3354 1470 loco
3382 1422 3718 1486 permaneat.

2167 1504 2276 1575 (Ea:
2349 1505 2512 1558 dictis
2599 1505 2841 1574 Hieron.)
2911 1505 3236 1559 Notandum
3302 1521 3431 1558 cum
3514 1510 3803 1558 transmu-

2095 1595 2292 1644 tantur
2337 1592 2437 1645 alii
2470 1591 2568 1661 qui
2599 1592 2669 1646 de
2701 1591 3072 1662 martyribus,
3106 1607 3234 1644 cum
3268 1591 3355 1644 his
3401 1592 3588 1645 honor
3636 1606 3804 1644 com-

2097 1680 2308 1749 migrat
2364 1696 2377 1733 :
2433 1680 2562 1733 aliis
2614 1697 2750 1734 vero
2815 1679 3208 1734 transmutatis
3284 1680 3466 1733 honor
3529 1679 3590 1732 in
3656 1679 3806 1733 locis

2099 1783 2300 1822 eorum
2334 1784 2455 1822 esse
2484 1784 2602 1822 non
2633 1773 2824 1822 cessat.

2205 1874 2334 1930 CAP.
2365 1874 2522 1929 XCII.
2555 1904 2624 1914 —-
2655 1874 2807 1940 Quod
2836 1876 3060 1941 sanguis
3091 1879 3398 1942 martyrum
3429 1879 3693 1929 consecret

2515 1946 2704 2009 locum,
2736 1960 2843 1998 non
2873 1946 3014 1999 locus
3043 1949 3381 2013 sanguinem.

2170 2033 2281 2101 (Erc
2323 2033 2483 2088 dictis
2535 2034 2802 2103 August.)
2850 2034 3093 2104 Sanguis
3140 2040 3458 2104 martyrum
3505 2037 3809 2088 consecrat

2099 2120 2310 2190 locum,
2346 2137 2462 2174 non
2494 2120 2651 2175 locus
2693 2121 3053 2191 sanguinem.
3087 2121 3144 2176 Si
3177 2121 3382 2192 aliquis
3414 2121 3654 2175 dixerit:
3680 2122 3808 2175 Mea

2101 2213 2188 2262 est
2215 2209 2480 2275 Ecclesia,
2510 2208 2664 2263 dices
2705 2209 2810 2275 illi,
2847 2209 3002 2279 quod
3031 2209 3089 2262 in
3123 2209 3352 2263 Cantico
3385 2209 3598 2279 legitur
3627 2225 3642 2263 :
3676 2210 3806 2263 Una

2101 2297 2182 2345 est
2207 2293 2473 2346 columba
2505 2308 2649 2360 mea,
2680 2297 2736 2346 et
2765 2309 2915 2346 unus
2939 2297 3020 2346 est
3050 2292 3290 2347 dilectus
3321 2309 3502 2347 meus.
3551 2294 3616 2346 Et
3647 2292 3808 2346 dices

2103 2379 2186 2432 illi
2220 2396 2233 2434 :
2262 2383 2476 2451 Aptum
2509 2385 2594 2434 est
2637 2381 2824 2434 ﬁlium
2863 2380 3040 2434 occidi
3070 2381 3132 2434 in
3180 2380 3306 2434 sinu
3339 2381 3539 2435 matris
3584 2386 3640 2434 et
3685 2397 3805 2435 nu-

2102 2467 2259 2521 tricis
2291 2485 2408 2522 suae
2430 2469 2459 2524 ?
2488 2469 2701 2522 Tamen
2729 2469 2871 2522 scias
2915 2469 3198 2523 nutricem
3241 2474 3465 2524 tantum
3496 2470 3804 2540 pollutam,

2103 2561 2160 2611 et
2210 2573 2315 2627 pro
2362 2556 2466 2611 hac
2518 2557 2842 2626 pollutione
2899 2562 3310 2623 consecratam,
3363 2559 3550 2612 filium
3607 2562 3808 2613 autem

2104 2649 2395 2699 mortuum
2427 2662 2564 2700 esse.

2460 2734 2588 2788 CAP.
2621 2734 2802 2788 XCIII.
2830 2764 2898 2772 —
2917 2733 3061 2799 Quid
3089 2737 3162 2788 sit
3192 2734 3442 2790 basilica.

2177 2820 2291 2890 (Ea:
2359 2821 2522 2876 dictis
2579 2822 2636 2877 S.
2707 2821 2929 2889 Isidor.)
3001 2821 3251 2876 Basilion
3311 2823 3638 2876 Graecorum
3703 2837 3810 2876 rex

2105 2914 2245 2964 erat.
2295 2910 2436 2964 Hinc
2467 2915 2522 2964 et
2563 2911 2794 2964 basilica
2841 2910 3071 2981 regalis,
3122 2911 3258 2981 quia
3304 2911 3364 2964 in
3410 2911 3612 2980 primis
3650 2914 3810 2964 tem-

2104 2999 2341 3068 poribus
2383 3015 2548 3068 reges
2577 3005 2802 3054 tantum
2850 2999 3278 3069 sepeliebantur
3315 2999 3375 3052 in
3406 3015 3492 3064 ea,
3543 2998 3671 3053 ideo
3701 3015 3813 3053 no-

298 3088 397 3142 sed
429 3089 624 3142 omnia
653 3095 867 3155 sancta,
903 3089 1095 3142 omnia
1135 3088 1371 3155 munda,
1404 3093 1462 3142 et
1497 3088 1898 3142 tantummodo
1928 3088 1996 3142 ad
2030 3095 2069 3149 C
2107 3103 2240 3141 men
2291 3088 2492 3141 sortita
2536 3092 2637 3141 est.
2679 3089 2819 3142 Nam
2870 3104 3022 3142 nunc
3072 3087 3348 3158 temporis
3392 3087 3583 3141 caeteri
3622 3087 3816 3141 homi-

303 3177 752 3230 Ecclesiasticum
781 3177 1164 3232 ministerium
1197 3175 1567 3246 pertinentia.

303 3282 431 3337 CAP.
495 3284 752 3337 LXXXVI.
804 3311 878 3324 —
934 3286 1003 3340 Ut
1048 3285 1341 3407 tlznicutique
1387 3285 1448 3336 in
1491 3282 1646 3337 domo
1692 3297 1794 3336 sua
1843 3298 1999 3337 orare

1076 3369 1193 3407 icea
1225 3394 1238 3407 .

1076 3369 1238 3408 weat.

371 3443 480 3508 (Em
508 3442 699 3496 concil.
733 3441 1052 3507 Aureliano,
1098 3456 1218 3510 cap.
1272 3440 1348 3511 3.)
1383 3438 1703 3510 Unicuique
1733 3439 1997 3496 ﬁdelium

301 3529 364 3583 in
405 3530 575 3583 domo
612 3545 714 3582 sua
760 3529 1080 3583 oratorium
1128 3529 1263 3583 licet
1313 3528 1544 3592 habere,
1593 3533 1650 3582 et
1701 3528 1781 3584 ibi
1812 3545 1996 3598 orare,

303 3617 495 3673 Missas
523 3620 716 3671 autem
747 3616 828 3672 ibi
855 3617 1141 3670 celebrare
1164 3632 1280 3670 non
1311 3616 1462 3670 licet.

304 3724 430 3778 CAP.
483 3723 776 3778 LXXXVII.
806 3751 878 3763 —
927 3725 994 3777 Ut
1040 3725 1311 3863 cantécutm
1342 3729 1500 3792 turpe
1546 3724 1692 3777 circa
1719 3723 1999 3778 Ecclesias

1022 3808 1128 3847 non
1201 3809 1235 3846 a
1267 3832 1280 3844 .

1022 3808 1128 3847 non
1159 3808 1280 3847 ηαδ.

376 3882 487 3950 (Em
518 3883 707 3936 concil.
749 3880 1043 3950 Carthag.)
1078 3880 1372 3936 Canticum
1420 3885 1589 3951 turpe
1635 3885 1804 3952 atque
1839 3881 2001 3936 luxu-

302 3969 520 4024 riosum
551 3970 698 4024 circa.
747 3969 1018 4023 Ecclesias
1049 3974 1220 4040 atque
1259 3970 1319 4023 in
1351 3969 1511 4024 atriis
1541 3970 1802 4023 Ecclesias
1830 3985 2000 4040 agere

303 4058 538 4113 omnino
567 4057 1030 4124 contradicimus,
1063 4058 1217 4128 quod
1246 4057 1458 4128 ubique
1487 4058 1789 4112 vitandum
1820 4063 1922 4112 est.

305 4163 436 4218 CAP.
479 4164 791 4218 LXXXVIII.
841 4193 910 4203 —
962 4165 1027 4218 Ut
1075 4168 1386 4217 sanctorum
1430 4163 1677 4231 reliquiae
1723 4167 1780 4216 in
1814 4168 2001 4217 orato-

715 4236 816 4289 riis
845 4235 1131 4288 vilioribus
1155 4249 1261 4288 non
1287 4237 1581 4302 ponantur.

378 4324 490 4393 (Ea:
530 4324 718 4378 concil.
765 4325 1094 4392 Epaonensi,
1147 4337 1266 4392 cap.
1316 4324 1425 4388 25.)
1475 4322 1807 4376 Sanctorum
1858 4320 2001 4375 reli-

306 4412 461 4484 quias
490 4411 549 4465 in
593 4411 856 4466 oratoriis
888 4410 1184 4466 villaribus
1230 4426 1348 4464 non
1378 4415 1690 4494 ponantur,
1723 4409 1838 4463 nisi
1885 4409 1999 4464 for-

308 4499 457 4554 sitan
513 4499 755 4554 clericus
813 4499 1204 4570 cujuscunque
1261 4497 1550 4568 parochiaa
1606 4497 1825 4552 vicinus
1881 4513 2002 4551 esse

308 4588 620 4658 contingat,
653 4587 754 4659 qui
787 4587 958 4641 sacris
988 4585 1326 4658 pignoribus
1360 4585 1644 4657 psallendi
1685 4585 2003 4656 frequentis

307 4675 638 4730 famuletur.

312 4765 440 4820 CAP.
511 4765 768 4820 LXXXIX.
838 4793 907 4805 —-
975 4766 1041 4818 Ut
1078 4763 1228 4818 sedes
1285 4763 1625 4833 episcopalis,
1687 4765 1738 4817 si
1799 4777 2005 4818 necesse

604 4838 795 4903 fuerit,
825 4838 883 4890 in
912 4836 1082 4889 alium
1112 4836 1282 4889 locum
1315 4836 1705 4901 transferatur.

381 4941 503 5010 (Ea:
540 4957 654 5010 reg.
688 4942 871 5013 Greg.,
905 4941 980 4995 ad
1021 4940 1281 4995 Joannem
1331 4941 1609 4995 Billitran.
1659 4938 2006 5009 episcoPum.)

309 5029 608 5100 Temporis
632 5029 874 5100 qualitas
904 5029 1174 5084 admonet
1213 5027 1613 5099 episcoporum
1655 5027 1818 5082 sedes
1856 5026 2002 5080 anti-

312 5117 504 5189 quitus
533 5117 700 5172 certis
721 5117 1042 5172 civitatibus
1071 5117 1431 5181 constitutas,
1455 5115 1526 5170 ad
1553 5115 1663 5169 alia
1692 5131 1822 5186 quae
1842 5130 2006 5169 secu-

310 5205 465 5260 riora
495 5211 764 5277 putamus
805 5205 1064 5276 ejusdem
1091 5205 1397 5260 dimceseos
1441 5204 1563 5257 loca
1605 5207 2004 5272 transponere,

311 5311 425 5366 quo
456 5300 513 5349 et
541 5295 890 5349 habitatores
918 5309 1072 5346 nunc
1092 5293 1321 5363 degere,
1355 5296 1412 5344 et
1441 5289 1808 5344 Barbaricum
1831 5291 2011 5361 possit

309 5382 626 5453 periculum
679 5381 902 5436 facilius
939 5379 1232 5434 declinari.
1283 5379 1592 5448 Propterea
1628 5380 1682 5430 te
1729 5378 2009 5431 Joannem

309 5469 545 5523 fratrem
575 5468 1095 5538 coepiscopumque
1126 5470 1385 5520 nostrum
1414 5463 1833 5518 Billitranensis
1864 5464 2008 5518 civi-

308 5554 459 5616 tatis,
494 5555 802 5625 sedemque
847 5560 1007 5608 tuam
1038 5554 1100 5608 in
1145 5555 1268 5607 loco
1300 5553 1399 5624 qui
1449 5551 1775 5622 appellatur
1804 5552 2010 5607 Renati

311 5641 382 5696 ad
415 5645 674 5696 sanctum
700 5641 990 5696 Andream
1028 5643 1353 5714 apostolum
1394 5639 1766 5712 praecipimus
1801 5639 2007 5695 exinde

2105 3191 2222 3239 nes,
2256 3175 2371 3229 sive
2411 3175 2533 3246 igni
2568 3175 2874 3241 combusti,
2907 3175 3026 3230 sive
3056 3191 3256 3230 acervo
3306 3175 3562 3246 lapidum
3594 3175 3814 3246 sepulti

2107 3267 2266 3317 sunt.

2106 3369 2234 3424 CAP.
2287 3369 2458 3424 XCIV.
2506 3400 2573 3409 —
2622 3373 2697 3425 De
2742 3371 2855 3424 illis
2897 3372 2995 3438 qui
3042 3369 3258 3424 domum
3299 3372 3394 3424 Dei
3433 3370 3812 3439 contemptibi-

2780 3442 2879 3494 lem
2899 3442 3131 3506 faciunt.

2178 3526 2286 3595 (Ea:
2313 3527 2505 3582 concil.
2533 3528 2828 3596 Gangren.,
2857 3543 2976 3596 cap.
3013 3530 3088 3593 5.)
3121 3526 3176 3582 Si
3217 3526 3345 3597 quis
3375 3527 3540 3582 docet
3567 3527 3814 3582 domum

2109 3615 2210 3670 Dei
2240 3615 2732 3686 contemptibilem
2781 3631 2920 3682 esse,
2951 3620 3007 3669 et
3035 3620 3346 3670 conventus
3377 3615 3476 3686 qui
3522 3616 3583 3669 in
3613 3631 3681 3669 ea
3718 3631 3815 3669 ce-

2108 3703 2423 3769 lebrantur,
2458 3703 2764 3758 anathema
2787 3704 2878 3758 sit.

2535 3793 2662 3846 CAP.
2696 3793 2844 3848 XCV.
2876 3822 2944 3832 —
2987 3795 3063 3848 De
3092 3791 3276 3846 eadem
3303 3808 3381 3846 re.

2181 3879 2299 3950 (Ea;
2328 3880 2529 3948 eodem,
2585 3897 2706 3949 cap.
2760 3883 2838 3946 6.)
2896 3880 2952 3935 Si
2991 3880 3120 3952 quis
3167 3885 3323 3933 extra
3371 3879 3674 3934 Ecclesiam
3732 3897 3823 3934 se—

2110 3983 2305 4022 orsum
2352 3972 2666 4023 conventus
2713 3969 2983 4037 celebrat,
3030 3973 3086 4022 et
3121 3968 3442 4038 despiciens
3483 3968 3820 4037 Ecclesiam,

2111 4073 2178 4110 ea
2227 4073 2355 4127 quae
2387 4061 2520 4110 sunt
2568 4057 2827 4112 Ecclesiae
2873 4057 3117 4110 voluerit
3163 4073 3464 4127 usurpare,
3510 4073 3630 4110 non
3679 4073 3825 4111 con-

2108 4143 2372 4198 veniente
2429 4144 2764 4214 presbytero
2807 4144 2970 4214 juxta
3009 4144 3303 4198 decretum
3349 4144 3626 4216 episcopi,
3672 4161 3826 4199 ana-

2109 4233 2306 4286 thema
2332 4233 2423 4286 sit.

2029 4370 2072 4424 D
2112 4339 2241 4394 CAP.
2291 4339 2466 4394 XCVI.
2505 4369 2573 4379 —
2624 4341 2690 4394 Ut
2718 4340 2865 4394 calta:
2895 4344 2945 4424 et
2987 4342 3188 4424 patena
3219 4355 3283 4394 ea:
3314 4355 3448 4394 auro
3495 4344 3592 4393 aut
3621 4355 3689 4394 ea:
3719 4355 3822 4394 ar-

2786 4415 2939 4477 gento
2980 4413 3135 4479 ﬁant.

2184 4498 2295 4567 (Ea:
2351 4500 2538 4554 concil.
2597 4501 2862 4566 Remensi,
2925 4514 3046 4568 cap.
3118 4498 3190 4565 5.)
3247 4499 3318 4552 Ut
3383 4498 3522 4552 calix
3583 4498 3823 4554 Domini

2113 4603 2240 4641 cum
2292 4593 2519 4656 patena,
2552 4586 2598 4640 si
2627 4603 2746 4640 non
2776 4603 2842 4640 ex
2885 4603 3025 4641 auro
3065 4586 3433 4649 omnimodis,
3481 4603 3545 4640 ex
3573 4591 3821 4657 argento

2113 4674 2232 4730 ﬁat.
2283 4676 2391 4729 Nec
2445 4680 2752 4730 causentur
2795 4674 3112 4746 presbyteri
3155 4673 3392 4727 avaritia
3438 4673 3710 4728 suadente
3743 4674 3825 4729 de

2112 4768 2451 4833 paupertate
2497 4763 2586 4816 vel
2633 4761 3117 4833 impossibilitate,
3158 4778 3288 4815 cum
3342 4765 3545 4831 quarta
3583 4778 3714 4833 pars
3746 4778 3825 4817 ex

2115 4851 2384 4906 omnibus
2437 4868 2566 4921 quae
2617 4851 2688 4904 ad
2738 4851 3048 4904 Ecclesiam
3096 4850 3410 4920 pertinent,
3472 4849 3531 4903 in
3587 4850 3835 4906 fabricis

2116 4939 2297 5010 ipsius
2357 4939 2614 4992 Ecclesiae
2672 4939 2743 4992 sit
2798 4938 3204 5008 impendenda.
3265 4937 3678 4991 Admonendus
3733 4945 3837 4993 est

2118 5027 2291 5082 etiam
2321 5025 2569 5096 populus
2598 5030 2664 5078 ut
2692 5024 2909 5094 aliquid
2945 5025 3006 5078 in
3037 5025 3290 5079 donariis
3335 5024 3564 5078 Domini
3595 5024 3832 5093 offerat,

2119 5114 2264 5168 sicut
2299 5114 2396 5168 ille
2429 5112 2701 5182 antiquus
2733 5113 2985 5182 populus
3015 5113 3120 5167 sub
3164 5115 3313 5168 Mosa
3344 5113 3404 5166 in
3450 5113 3835 5168 tabernacqu

2120 5200 2351 5256 Domini
2398 5199 2598 5254 fecisse
2647 5200 2873 5270 legitur.
2925 5200 2981 5255 Si
3024 5201 3151 5272 quis
3196 5205 3390 5255 autem
3433 5206 3550 5255 tam
3599 5217 3838 5271 pauper

2118 5294 2219 5351 est,
2273 5289 2474 5342 saltem
2529 5288 2618 5341 vel
2663 5293 2968 5342 stanneum
3018 5290 3253 5344 calicem
3297 5289 3526 5344 habeat.
3578 5291 3657 5343 De
3705 5306 3836 5346 aere

2118 5382 2313 5431 autem
2344 5392 2410 5430 ex
2439 5376 2763 5430 aurichalco
2806 5393 2919 5430 non
2947 5377 3050 5431 fiat
3079 5379 3245 5443 calix,
3280 5378 3415 5448 quia
3450 5377 3520 5432 ob
3545 5377 3662 5431 vini
3695 5379 3832 5432 vir-

2117 5469 2301 5519 tutem
2333 5464 2632 5534 eruginem
2663 5465 2834 5535 parit,
2866 5481 2996 5536 qua).
3042 5466 3325 5520 vomitum
3356 5471 3641 5536 provocat.
3673 5466 3836 5520 Nul-

2120 5552 2206 5605 lus
2262 5555 2454 5605 autem
2509 5551 2571 5606 in
2630 5551 2821 5623 ligneo
2874 5551 3066 5619 calice,
3125 5557 3223 5607 aut
3275 5552 3453 5607 vitreo
3505 5560 3837 5622 praesumat.

2119 5643 2368 5694 cantare.
