4200 6398
210 468 293 519 693
1152 465 1618 524 DECRETORUM
1662 468 1846 523 LIBRI
1883 468 1990 523 XX.
2024 496 2091 507 —-
2130 467 2348 523 LIBER
2386 468 2701 523 TERTIUS.

1902 590 1949 640 A
1977 588 2253 641 consultis
2311 587 2679 658 respondere.
2717 589 2781 642 Et
2828 588 3089 658 quamvis
3134 605 3246 642 non
3293 589 3532 659 prolixe,
3573 593 3667 647 sed

325 585 440 639 Car.
466 584 677 639 XCVII.
711 611 779 623 --
810 585 881 636 De
914 583 1248 637 observanda
1285 601 1467 639 mensa
1496 588 1725 642 Christi

264 673 357 743 (Ea.-
404 671 583 725 eodem
636 672 849 738 concil.,
892 687 1011 740 cap.
1075 675 1145 739 5.)
1199 673 1626 727 Observandum
1672 679 1757 727 est
1809 678 1869 728 ut

202 777 374 814 mensa
397 758 624 824 Christi,
660 759 715 812 id
764 763 866 825 est,
897 760 1074 812 altare
1104 760 1201 813 ubi
1245 777 1447 830 corpus
1508 762 1866 815 Dominicum

204 851 554 911 consecratur,
580 846 681 899 ubi
712 846 945 915 sanguis
1004 846 1127 916 ejus
1174 848 1453 916 hauritur,
1497 850 1594 903 ubi
1644 855 1866 903 sancto-

201 951 312 989 rum
348 933 603 1003 reliquiaz
660 933 1066 997 reconduntur,
1109 934 1208 986 ubi
1253 951 1447 1003 preces
1490 942 1546 988 et
1585 942 1712 989 vota
1764 953 1864 1006 po-

200 1022 304 1093 puli
332 1021 385 1074 in
425 1026 731 1090 conspectu
782 1020 880 1073 Dei
930 1036 962 1072 a
1009 1022 1298 1074 sacerdote
1349 1023 1686 1088 offeruntur,
1736 1040 1865 1076 cum

200 1109 340 1163 omni
367 1108 732 1162 veneratione
778 1109 1115 1173 honoratur,
1151 1114 1206 1162 et
1254 1111 1640 1163 mundissimis
1678 1111 1864 1165 linteis

198 1200 245 1249 et
270 1196 444 1266 palliis
477 1196 914 1265 diligentissime
959 1198 1340 1266 cooperiatur,
1390 1198 1648 1268 nihilque
1694 1216 1865 1269 super

202 1301 259 1336 eo
299 1288 562 1352 ponatur,
612 1283 725 1336 nisi
762 1300 944 1353 capsa:
991 1300 1118 1337 cum
1152 1291 1478 1338 sanctorum
1511 1286 1766 1355 reliquiis
1811 1291 1865 1339 et

195 1376 418 1440 quatuor
449 1372 776 1441 Evangelia,
819 1373 1047 1441 Expleta
1083 1373 1245 1425 Missa
1292 1374 1431 1426 calix
1463 1389 1589 1425 cum
1632 1379 1859 1442 pateua,

195 1464 243 1511 et
292 1464 776 1512 sacramentorum
827 1460 989 1525 liber,
1051 1477 1182 1513 cum
1231 1461 1480 1514 vestibus
1536 1463 1857 1514 sacerdota-

189 1546 324 1598 libus
354 1546 408 1599 in
436 1547 651 1599 mundo
683 1548 805 1599 loco
828 1547 931 1599 sub
954 1564 1079 1601 sera
1108 1549 1503 1602 recondantur.

191 1634 311 1686 CAP.
350 1634 572 1688 XCVIII.
625 1637 690 1688 Ut
720 1636 993 1703 corporale
1039 1652 1106 1688 ea:
1150 1638 1442 1703 purissimo
1481 1638 1637 1690 linteo
1680 1639 1769 1701 sit,
1810 1642 1860 1691 et

786 1708 949 1759 unius
977 1709 1240 1759 materiei.

248 1793 349 1857 (Ex
381 1792 577 1861 eodem,
619 1808 739 1861 cap.
803 1793 877 1863 3.)
924 1794 1226 1862 Corporale
1274 1810 1444 1864 super
1492 1795 1644 1863 quod
1700 1810 1855 1846 sacra

182 1878 378 1932 oblatio
408 1879 761 1947 immolatur,
797 1897 862 1934 ex
894 1881 1272 1935 mundissimo
1311 1888 1367 1935 et
1398 1882 1702 1951 purissimo
1740 1882 1858 1934 lin-

182 1969 263 2018 teo
293 1967 381 2032 sit,
416 1984 519 2021 nec
546 1968 606 2021 in
635 1984 702 2021 eo
738 1968 972 2023 alterius
1021 1970 1246 2038 generis
1281 1970 1514 2023 materia
1559 1970 1859 2039 pretiosior

182 2060 269 2107 aut
293 2054 458 2108 vilior
488 2056 814 2122 misceatur,
847 2061 903 2108 et
936 2072 1233 2126 nunquam
1266 2073 1436 2127 super
1466 2058 1639 2111 altare
1671 2073 1856 2110 rema-

180 2148 300 2195 neat
343 2144 449 2196 nisi
507 2144 565 2196 in
613 2149 873 2214 tempore
924 2145 1131 2209 missae,
1176 2146 1273 2198 sed
1303 2151 1401 2198 aut
1448 2145 1505 2198 in
1536 2160 1854 2197 sacramen-

180 2236 354 2285 torum
392 2231 540 2286 libro
589 2238 858 2301 ponatur,
908 2238 1008 2285 aut
1054 2249 1182 2286 cum
1229 2233 1400 2285 calice
1449 2238 1504 2286 et
1542 2238 1746 2302 patena
1798 2232 1857 2285 in

179 2320 546 2374 mundissimo
599 2321 724 2373 loco
775 2321 1161 2374 recondatur:
1212 2326 1297 2374 vel
1339 2321 1565 2390 quando
1609 2320 1858 2373 abluitur

179 2421 205 2457 a
239 2406 547 2471 sacerdote,
597 2406 835 2460 diacono
879 2407 965 2459 vel
1015 2406 1379 2472 subdiacono,
1421 2407 1607 2474 primo
1665 2407 1722 2458 in
1774 2422 1858 2458 er-

179 2492 333 2546 clesia
384 2493 442 2546 in
473 2494 598 2547 loco
653 2499 711 2547 et
748 2510 877 2547 vase
912 2494 980 2547 ad
1041 2494 1147 2546 hoc
1204 2498 1520 2563 praaparato
1570 2493 1853 2557 abluatur,

179 2596 234 2632 eo
264 2582 413 2650 quod
447 2597 517 2635 ex
562 2581 855 2635 Dominico
901 2597 1138 2651 corpore
1170 2587 1226 2635 et
1258 2586 1536 2650 sanguine
1582 2581 1855 2635 infectum

179 2669 250 2721 sit.
285 2670 413 2722 Post
445 2670 569 2723 haec
591 2686 623 2722 a
656 2669 988 2722 lavandario
1012 2669 1069 2721 in
1114 2669 1291 2722 nitido
1318 2671 1438 2722 loco
1460 2675 1709 2739 paretur.

180 2755 292 2809 3A9.
320 2757 495 2812 XCIX.
531 2788 601 2797 —
657 2760 722 2811 Ut
761 2759 1089 2825 sacriﬁcium
1138 2759 1334 2811 altaris
1394 2760 1499 2811 non
1562 2760 1619 2811 in
1689 2756 1854 2812 serico

581 2843 762 2896 panno
802 2833 898 2880 aut
931 2830 1095 2882 tincto
1124 2829 1431 2882 celebretur.

231 2916 333 2984 (E1:
353 2918 513 2984 epist.
550 2916 782 2969 Eusebii
814 2931 993 2984 papae,
1024 2931 1144 2984 cap.
1192 2916 1301 2985 51.)
1334 2915 1431 2969 Hic
1476 2915 1625 2968 inter
1652 2920 1852 2969 caetera

180 3002 429 3056 iraadicta
475 3004 742 3056 consultu
789 3004 1050 3056 omnium
1098 3003 1498 3057 constituimus
1540 3009 1603 3056 ut
1632 3004 1850 3056 sacriﬁ-

3568 473 3672 527 694

1976 676 2259 729 succincte
2291 675 2394 729 hoc
2442 690 2611 744 agere
2666 681 2905 745 propter
2934 676 3209 745 quasdam
3239 676 3375 729 alias
3422 694 3661 748 occupa-

1976 764 2159 817 tiones
2203 764 2599 817 festinaremus
2631 780 2644 816 :
2679 764 2868 817 denuo
2900 769 3088 817 tamen
3128 764 3173 817 si
3224 780 3451 819 necesse
3494 766 3666 821 fuerit

1974 852 2045 905 ob
2075 852 2175 905 has
2227 853 2313 905 vel
2353 851 2492 904 alias
2523 850 2883 905 necessitates
2923 852 3086 922 quasi
3135 852 3205 905 ad
3236 858 3405 923 caput
3441 855 3665 910 mittere

1974 940 2304 1016 charitative
2358 956 2471 992 non
2529 940 2817 1002 dubitetis,
2880 941 3015 1011 quia
3090 945 3304 994 vestras
3364 958 3558 1011 preces
3610 950 3666 999 et

1974 1044 2125 1081 nunc
2184 1033 2240 1081 et
2309 1032 2443 1081 tunc
2500 1028 2877 1097 acceptabiles
2939 1028 3234 1082 habemus.
3290 1029 3662 1099 Signiticastis

1973 1115 2126 1168 enim
2163 1115 2439 1185 quosdam
2489 1116 2807 1169 sacerdotes
2846 1116 2905 1169 in
2953 1117 3196 1170 Ecclesia
3221 1119 3451 1186 quando
3475 1120 3661 1174 Evan-

1971 1203 2122 1271 gelia
2172 1203 2442 1272 leguntur
2489 1203 2704 1269 sedere,
2762 1209 2819 1257 et
2866 1204 3089 1256 Domini
3137 1205 3432 1258 salvatoris
3493 1208 3661 1261 verba

1972 1307 2087 1343 non
2123 1294 2333 1344 stantes
2386 1292 2483 1344 sed
2516 1291 2774 1343 sedentes
2808 1292 3025 1354 audire,
3061 1297 3117 1345 et
3147 1291 3253 1344 hoc
3275 1308 3340 1345 ex
3372 1294 3661 1363 majorum

1969 1378 2273 1431 traditione
2333 1395 2390 1431 se
2440 1378 2723 1445 accepisse
2779 1384 3103 1431 narrantur.
3130 1379 3287 1442 Quod
3334 1382 3659 1435 nullatenus

1971 1466 2238 1535 deinceps
2286 1465 2410 1518 ﬁeri
2452 1466 2648 1518 sinatis
2679 1466 2993 1534 apostolica
3036 1467 3369 1520 auctoritate
3412 1470 3657 1523 manda-

1969 1568 2143 1605 mus:
2204 1552 2298 1605 sed
2333 1553 2689 1619 dumisancta
2741 1552 3126 1621 Evangeliain
3176 1555 3451 1608 Eecclesia
3508 1558 3654 1610 reci-

1967 1644 2183 1703 tantur,
2241 1640 2557 1693 sacerdotes
2609 1644 2664 1692 et
2709 1640 2899 1693 caeteri
2951 1657 3149 1693 omnes
3199 1658 3314 1694 non
3375 1643 3654 1711 sedentes,

1968 1728 2064 1781 sed
2128 1727 2525 1781 venerabiliter
2581 1728 2640 1780 in
2712 1734 3019 1797 conspectu
3082 1730 3369 1799 Evangelii
3419 1736 3654 1797 stantes,

1968 1815 2260 1867 Dominica
2291 1815 2462 1868 verba
2494 1816 2712 1867 intente
2743 1816 2975 1869 audiant
3021 1820 3078 1869 et
3116 1817 3358 1870 ﬁdeliter
3397 1820 3652 1873 adorent.

1970 1902 2094 1956 CAP.
2121 1903 2227 1957 CIV
2259 1932 2323 1940 —
2380 1904 2444 1957 Ut
2491 1904 2671 1955 nullus
2736 1904 2971 1967 calicem,
3028 1909 3299 1972 patenam,
3356 1907 3439 1959 vel
3493 1909 3655 1959 vesti-

2035 1977 2270 2025 mentum
2302 1973 2637 2028 sacerdotale
2664 1975 2722 2025 in
2771 1974 2995 2026 vadium
3049 1975 3356 2028 tabernario
3396 1982 3657 2045 praestare

2036 2048 2349 2095 prwsumat.

2036 2057 2349 2110 prwsumat.

2038 2131 2153 2194 (Ea:
2182 2131 2367 2184 concil.
2403 2132 2664 2195 Remensi,
2706 2146 2825 2198 cap.
2866 2130 2977 2199 ll.)
3011 2132 3080 2184 Ut
3123 2133 3313 2185 nullus
3359 2135 3657 2202 presbyter

1966 2224 2276 2286 prtesumat
2304 2218 2561 2282 calicem,
2610 2219 2696 2270 vel
2728 2222 3015 2287 patenam,
3047 2220 3129 2271 vel
3164 2220 3399 2286 pallium
3440 2222 3654 2287 altaris,

1965 2305 2052 2356 vel
2100 2305 2501 2357 vestimentum
2557 2305 2922 2369 sacerdotale,
2985 2308 3081 2357 aut
3131 2305 3343 2357 librum
3394 2306 3658 2359 ecclesia-

1966 2389 2170 2442 sticum
2202 2390 2543 2455 tabernario,
2574 2390 2659 2442 vel
2692 2390 3058 2460 negociatori,
3113 2396 3209 2443 aut
3240 2391 3474 2444 cuilibet
3513 2392 3655 2445 laico

1964 2478 2049 2529 vel
2080 2477 2309 2530 feminae
2348 2478 2406 2529 in
2453 2477 2681 2530 vadium
2738 2478 2892 2544 dare,
2948 2477 3057 2529 nisi
3104 2478 3420 2546 justissima
3470 2496 3659 2532 neces-

1964 2566 2127 2618 sitate
2158 2571 2422 2635 urgente,
2457 2565 2591 2634 quia
2623 2570 2780 2618 tanta
2824 2570 2903 2618 est
2957 2566 3220 2618 sanctitas
3278 2566 3421 2620 sacri
3481 2567 3657 2620 mini-

1964 2654 2138 2720 sterii,
2174 2659 2237 2706 ut
2290 2654 2440 2707 salva
2471 2654 2686 2706 altioris
2722 2654 2975 2722 mysterii
3026 2653 3421 2722 intelligentia,
3482 2655 3655 2709 etiam

1963 2758 2065 2813 per
2094 2743 2431 2812 prophetam
2457 2742 2731 2795 Dominus
2763 2740 3142 2810 prohibuerit,
3176 2756 3246 2793 ne
3278 2756 3407 2793 cum
3447 2740 3654 2792 sanctis

1963 2830 2314 2883 vestimentis
2357 2829 2616 2882 sacerdos
2665 2830 2932 2898 procedat
2967 2828 3036 2881 ad
3080 2829 3378 2897 populum,
3410 2828 3509 2881 sed
3556 2828 3655 2879 illa

1963 2916 2112 2970 intra
2143 2921 2337 2970 sancta
2365 2916 2636 2983 dimittat,
2661 2933 2690 2968 a
2737 2915 3023 2985 colloquio
3074 2914 3267 2967 divino
3300 2914 3547 2968 rediens.
3582 2916 3651 2968 Et

1962 3004 2052 3058 cui
2076 3005 2134 3058 in
2165 3005 2428 3058 tabernas
2471 3004 2538 3057 ad
2584 3004 2897 3057 bibendum
2930 3019 2962 3056 a
3003 3002 3173 3055 sacris
3214 3002 3528 3055 canonibus
3561 3002 3647 3055 in-

179 3091 308 3144 :ium
338 3092 541 3145 altaris
573 3108 689 3145 non
719 3092 778 3145 in
826 3091 1003 3145 serico
1048 3108 1256 3162 panno,
1317 3097 1417 3145 aut
1469 3092 1643 3145 tincto
1696 3093 1852 3162 quis-
1885 3130 1924 3184 C
1961 3092 2123 3162 gredi
2154 3091 2513 3161 prohibetur,
2562 3091 2910 3144 sanctiﬁcata
2954 3108 3113 3143 sacro
3172 3090 3489 3143 ministerio
3544 3106 3649 3145 nec

179 3193 327 3247 {nam
376 3179 671 3233 celebrare
713 3186 1108 3249 praesumeret,
1151 3181 1249 3233 sed
1294 3181 1351 3232 in
1395 3196 1539 3249 puro
1585 3180 1732 3233 lineo
1784 3180 1851 3233 ab

179 3267 424 3337 episcopo
478 3272 834 3333 consecrato,
881 3273 1110 3322 terreno
1155 3268 1362 3322 scilicet
1393 3269 1507 3321 lino
1557 3275 1851 3338 procreato

179 3359 325 3425 itque
357 3361 649 3422 contexto,
686 3356 830 3409 sicut
860 3372 1065 3425 corpus
1097 3356 1324 3410 Domini
1346 3357 1522 3409 nostri
1538 3359 1666 3410 Jesu
1693 3356 1850 3411 Chri-

185 3444 223 3495 ti
252 3444 311 3496 in
342 3445 611 3513 syndone
640 3445 788 3498 linea
820 3445 1033 3498 munda
1063 3446 1350 3514 sepultum
1380 3444 1507 3499 fuit.

180 3530 276 3585 Lip.
310 3533 369 3586 C.
405 3563 476 3571 —
514 3535 583 3587 Ut
638 3534 891 3587 mulieres
946 3534 1021 3585 ad
1072 3535 1244 3586 altare
1308 3548 1415 3585 non
1479 3532 1751 3598 accedant,
1803 3538 1853 3586 et

452 3605 646 3671 ofﬁciis
674 3606 914 3657 virorum
942 3618 997 3657 se
1024 3619 1129 3657 non
1166 3605 1552 3656 intromittant.

220 3691 548 3757 (Exconcil.
592 3692 934 3757 Laodicensi,
979 3707 1099 3759 cap.
1158 3693 1270 3757 43.)
1316 3691 1475 3754 Quod
1521 3707 1634 3744 non
1680 3706 1852 3760 opor-

179 3783 259 3831 eat
283 3779 568 3833 mulieres
599 3778 824 3847 ingredi
856 3779 925 3833 ad
957 3780 1151 3845 altare,
1186 3784 1242 3831 et
1270 3794 1336 3832 ea
1356 3778 1686 3848 contingere
1726 3794 1852 3848 quae

185 3865 400 3921 irorum
433 3867 643 3921 ofﬁciis
672 3867 941 3936 deputata
978 3871 1128 3920 sunt.

618 3954 745 4008 Car.
781 3955 865 4008 CI.
902 3984 971 3994 —
1002 3958 1073 4008 De
1103 3954 1285 4007 eadem
1312 3969 1387 4007 re.

215 4044 317 4107 (Ea:
368 4043 521 4097 decr.
556 4043 763 4098 Gelasii
783 4057 962 4110 papae,
994 4058 1113 4110 cap.
1154 4041 1257 4109 16.)
1308 4040 1692 4094 Nihilominus
1736 4041 1849 4093 im-

184 4129 432 4183 atienter
463 4129 812 4193 audivimus,
846 4134 1071 4182 tantum
1120 4129 1444 4182 divinarum
1484 4144 1676 4181 rerum
1724 4128 1852 4182 sub-

180 4234 271 4270 sse
324 4218 697 4288 despectum,
744 4223 807 4270 ut
855 4217 1070 4270 femina
1122 4206 1292 4270 sacris
1346 4216 1617 4269 altaribus
1673 4217 1849 4270 mini-

179 4312 319 4357 Lrare
341 4306 678 4371 ﬁrmentur,
712 4311 1030 4375 cunctaque
1064 4321 1181 4359 non
1211 4305 1320 4358 nisi
1372 4305 1622 4358 virorum
1658 4305 1847 4358 famu-

179 4394 277 4446 itui
301 4394 590 4463 deputata
610 4393 773 4447 sexui
804 4409 920 4446 non
953 4393 1222 4463 competit
1253 4392 1534 4446 exhibere.

279 4482 411 4535 Cap.
449 4482 569 4536 CII.
598 4511 667 4518 —
702 4482 769 4535 Ut
789 4482 917 4534 laici
938 4482 1107 4548 juxta
1135 4481 1308 4533 altare
1335 4495 1440 4533 non
1468 4480 1704 4533 sedeant.

234 4570 340 4638 (Ea:
372 4571 575 4623 concil.
635 4571 901 4634 Mogunt.,
944 4585 1062 4637 cap.
1120 4568 1226 4637 13.)
1274 4569 1341 4622 Ut
1388 4568 1517 4621 laici
1566 4584 1725 4621 secus
1767 4569 1846 4621 al-

179 4672 254 4709 ire
288 4674 409 4727 quo
470 4660 673 4710 sancta
730 4656 998 4726 mysteria
1053 4656 1433 4723 celebrantur,
1478 4655 1539 4708 in
1592 4656 1843 4721 clericos,

179 4762 249 4797 Lm
299 4746 373 4799 ad
436 4744 673 4814 vigilias
724 4760 899 4813 quam
954 4744 1023 4797 ad
1075 4743 1267 4797 Missas
1314 4748 1460 4796 stare
1516 4743 1602 4795 vel
1653 4743 1847 4796 sedere

179 4833 365 4886 enitus
397 4848 529 4886 non
564 4838 939 4901 praesumant,
969 4831 1067 4884 sed
1105 4846 1233 4900 pars
1278 4830 1373 4883 illa
1411 4846 1538 4900 qua:
1584 4830 1847 4884 cancellis

180 4938 199 4971 3
236 4921 409 4974 altari
464 4919 767 4984 dividitur,
802 4924 1027 4972 tantum
1065 4918 1439 4987 psallentibus
1501 4922 1689 4988 pateat
1738 4920 1846 4971 cle-

182 5009 277 5062 cis.
313 5010 405 5062 Ad
459 5008 751 5061 orandum
810 5024 939 5060 vero
998 5012 1054 5059 et
1097 5006 1639 5059 communicandum
1689 5005 1844 5059 laicis

210 5096 471 5164 feminis,
510 5095 660 5149 sicut
690 5111 816 5148 mos
853 5100 959 5160 est,
1002 5098 1236 5163 pateant
1275 5099 1468 5146 sancta
1498 5099 1839 5147 sanctorum.

180 5202 251 5237 ip.
288 5185 436 5238 CIII.
468 5212 544 5223 —
576 5185 651 5236 De
679 5183 792 5235 illis
822 5181 1187 5235 sacerdotibus
1218 5183 1314 5250 qui
1344 5184 1402 5233 in
1440 5182 1688 5235 Ecclesia
1716 5180 1844 5235 dum

378 5254 701 5319 Evangelia
731 5254 1002 5317 leguntur,
1037 5252 1217 5305 sedere
1248 5257 1598 5319 praesumunt.

196 5324 498 5390 (Anastas.
552 5325 586 5377 1
644 5338 806 5391 papa
851 5323 1080 5391 epistola
1125 5324 1387 5390 episcopis
1438 5322 1737 5376 Germania
1781 5338 1843 5375 ac

180 5413 430 5479 urgund.
515 5412 771 5478 directa.)
870 5409 1200 5464 Anastasius
1256 5409 1554 5479 episcopus
1628 5410 1843 5461 cunctis

180 5500 490 5554 armanicis
527 5503 586 5553 et
626 5498 974 5567 Burgundias
1014 5497 1263 5566 regionis
1311 5496 1591 5567 episcopis
1623 5496 1681 5549 in
1732 5498 1841 5549 Do-

184 5588 281 5640 ino
319 5590 607 5642 salutem.
644 5585 843 5655 Exegit
879 5584 1106 5638 dilectio
1136 5588 1339 5649 vestra,
1390 5584 1729 5649 charissimi,
1778 5588 1844 5636 ut

179 5694 187 5729 ;
238 5676 601 5731 auctoritate
656 5673 807 5728 sedis
850 5672 1195 5744 apostolicae,
1251 5671 1449 5725 vestris
1504 5672 1842 5726 deberemus

1962 3182 2030 3235 ad
2062 3180 2516 3248 contingendum
2566 3179 2877 3232 immundis
2912 3195 2924 3231 :
2976 3185 3189 3248 quanto
3238 3178 3427 3231 minus
3464 3178 3523 3231 in
3549 3194 3650 3230 va-

1961 3269 2117 3322 dium
2152 3267 2417 3320 exhibere
2451 3266 2660 3319 debet?
2686 3266 2839 3320 Sicut
2888 3266 3213 3335 Stephanus
3250 3272 3474 3318 sanctus
3505 3281 3653 3334 papa

1962 3357 2017 3405 et
2073 3357 2290 3421 martyr
2336 3342 2595 3404 sanetum
2646 3352 2922 3405 Hilarium
2982 3352 3039 3404 in
3107 3351 3223 3405 suis
3274 3352 3651 3405 decretalibus

1962 3440 2173 3493 docuit.

1961 3529 2086 3583 Car.
2122 3529 2230 3583 CV.
2261 3559 2328 3566 —
2380 3530 2445 3583 Ut
2490 3529 2670 3582 nullus
2708 3530 2943 3595 calicem,
2997 3534 3272 3596 patenam,
3318 3532 3413 3581 aut
3462 3527 3651 3596 aliqua

2166 3631 2303 3669 vasa
2331 3631 2489 3669 sacra
2517 3617 2590 3669 ad
2602 3617 2735 3669 alios
2758 3632 2885 3669 usus
2912 3618 3094 3681 facere
3120 3620 3433 3685 praesumat.

2029 3706 2137 3770 (Ea:
2182 3705 2369 3757 concil.
2412 3704 2811 3769 Aurelianensi,
2840 3720 2959 3772 cap.
3010 3706 3082 3767 9.)
3138 3704 3333 3756 Nullus
3392 3703 3649 3756 sacerdos

1959 3807 2056 3843 seu
2088 3790 2263 3844 laicus
2295 3789 2549 3854 calicem,
2603 3794 2696 3842 aut
2728 3794 3015 3859 patenam,
3058 3796 3157 3843 aut
3202 3790 3472 3859 quaelibet
3516 3807 3649 3843 vasa

1958 3894 2115 3931 sacra
2136 3882 2190 3929 et
2212 3876 2403 3930 divino
2435 3878 2589 3929 cultu
2649 3878 2988 3947 mancipata,
3023 3879 3088 3930 ad
3132 3877 3271 3929 alios
3328 3893 3465 3930 usus
3520 3894 3649 3931 suos

1957 3971 2290 4037 retorquere
2357 3970 2683 4035 praesumat.
2764 3966 2903 4018 Nam
2954 3965 3280 4035 quicunque
3348 3966 3417 4019 de
3477 3965 3649 4019 calice

1959 4071 2117 4108 sacro
2150 4055 2305 4107 aliud
2338 4054 2484 4107 bibit
2531 4059 2743 4123 praeter
2799 4054 3007 4108 Christi
3052 4054 3386 4123 sanguinem
3447 4055 3545 4123 qui
3593 4055 3652 4107 in

1959 4147 2308 4197 sacramento
2341 4142 2632 4212 accipitur,
2670 4147 2726 4195 et
2774 4149 3047 4212 patenam
3092 4142 3157 4195 ad
3196 4142 3347 4195 aliud
3397 4142 3651 4196 officium

1957 4233 2129 4285 habet
2180 4248 2350 4301 quam
2408 4230 2600 4284 altaris
2652 4217 3051 4290 ministerium.
3112 4230 3484 4283 deterrendus
3547 4234 3651 4283 est-

1958 4320 2217 4389 exemplo
2257 4319 2575 4383 Balthazar,
2623 4320 2723 4387 qui
2779 4318 2915 4371 dum
2969 4335 3102 4371 vasa
3152 4317 3379 4370 Domini
3424 4317 3485 4369 in
3518 4332 3651 4369 usus

1955 4422 2285 4460 communes
2339 4406 2678 4475 adsumpsit,
2750 4406 2924 4459 vitam
2989 4405 3205 4475 pariter
3272 4420 3399 4457 cum
3472 4420 3648 4473 regno

1959 4494 2168 4548 amisit.

1958 4584 2081 4636 Car.
2118 4582 2250 4635 CVI.
2286 4610 2351 4619 —
2383 4580 2544 4644 Quod
2592 4581 2797 4632 licitum
2841 4581 2914 4631 sit
2961 4578 3223 4645 episcopis
3262 4593 3380 4631 cum
3430 4579 3648 4631 consilio

2026 4654 2155 4706 cleri
2184 4651 2248 4703 de
2306 4651 2555 4704 thesauro
2598 4651 2843 4702 Ecclesia
2895 4664 3004 4702 suae
3026 4649 3255 4714 familia
3303 4650 3361 4700 in
3416 4650 3645 4701 necessi—

2026 4727 2133 4775 tate
2161 4736 2490 4775 succurrere.
3215 4734 3243 4761 ο

2025 4812 2128 4878 (Ea:
2157 4809 2339 4863 concil.
2377 4810 2696 4873 Arcentem,
2743 4821 2861 4874 cap.
2910 4804 2983 4874 5.)
3026 4805 3265 4859 Licitum
3303 4805 3375 4858 sit
3430 4806 3647 4876 episco-

1953 4896 2043 4966 pis
2088 4894 2462 4964 praesentibus
2510 4892 2857 4963 presbyteris
2902 4898 2957 4946 et
3011 4893 3343 4947 diaconibus
3397 4893 3466 4947 de
3512 4895 3647 4948 the-

1952 4999 2118 5036 sauro
2154 4982 2417 5035 Ecclesiae
2456 4981 2685 5035 familia:
2730 4987 2787 5035 et
2836 4980 3184 5051 pauperibus
3238 4981 3493 5052 ejusdem
3542 4984 3647 5036 Ec-

1951 5070 2158 5136 clesiae,
2214 5069 2529 5122 secundum
2598 5068 2931 5122 canonicam
2986 5068 3422 5134 institutionem,
3484 5069 3647 5138 juxta

1952 5158 2105 5228 quod
2138 5156 2494 5225 indiguerint
2532 5172 2787 5227 erogare.

2021 5255 2146 5307 CAP.
2180 5254 2340 5307 CVII.
2375 5284 2442 5291 —
2493 5255 2567 5309 Ne
2652 5253 2922 5377 caglavtera
2978 5252 3151 5320 pallio
3193 5252 3386 5304 altaris
3461 5254 3644 5316 coepe;

2682 5339 2713 5376 r
2738 5339 2809 5376 an
2836 5338 2921 5376 ur.

2682 5338 2921 5376 rtantur.

2023 5410 2130 5481 (Ea:
2168 5411 2365 5473 eodem,
2404 5426 2523 5479 cap.
2560 5414 2644 5464 39.
2677 5411 2775 5480 (Ne
2806 5408 3097 5478 opertorio
3138 5405 3418 5460 Dominici
3468 5422 3643 5475 corpo

1950 5498 2048 5563 ris,
2078 5500 2161 5551 vel
2193 5498 2385 5551 altaris
2417 5514 2533 5551 non
2565 5513 2819 5567 unquam
2853 5511 3059 5565 corpus
3081 5494 3217 5547 dum
3250 5494 3318 5547 ad
3356 5495 3649 5548 tumulum

1951 5585 2213 5638 evehitur
2249 5585 2572 5652 obtegatur,
2603 5599 2674 5636 ne
2735 5598 2891 5635 sacro
2943 5580 3223 5633 velamine
3277 5580 3415 5634 dum
3466 5581 3647 5635 hono-

1953 5674 2160 5725 rantur
2198 5686 2458 5740 corpora,
2489 5668 2688 5723 altaria
2712 5667 3063 5738 polluantur.
