3966 6400
334 458 438 510 695

422 576 551 633 CAP.
586 576 780 634 CVIII.
807 606 877 617 —
905 577 985 633 Ne
1014 576 1090 631 ad
1114 578 1436 647 nuptiarum
1472 582 1725 633 ornatum
1752 579 1944 634 divina

847 650 1155 702 ministeria
1178 654 1523 717 praestentur.

411 738 522 802 (Ea:
573 735 777 804 eodem,
822 751 942 804 cap.
994 736 1070 805 8.)
1118 737 1199 790 Ne
1246 736 1316 791 ad
1380 736 1717 806 nuptiarum
1769 744 2037 793 ornatum

338 824 659 877 ministeria
708 822 903 877 divina
952 828 1318 893 prastentur,
1358 829 1414 877 et
1442 824 1580 878 dum
1636 824 2032 896 improborum

334 917 492 966 tactu
519 913 607 965 vel
656 927 873 982 pompa
910 910 1199 965 saecularis
1252 911 1495 966 luxuria
1555 912 1905 982 polluantur,
1962 916 2036 970 ad

338 1000 527 1054 ofﬁcia
557 999 701 1053 sacri
733 998 989 1069 mysterii
1013 998 1313 1053 videantur
1343 1000 1604 1070 indigna.

336 1088 463 1143 CAP.
496 1088 635 1144 CIX.
671 1116 741 1127 —
775 1088 841 1141 Ut
894 1087 1134 1141 Ecclesia
1191 1088 1452 1142 ‘saculari
1511 1087 1757 1157 potentia
1816 1092 2037 1144 minime

1004 1157 1360 1225 pervadatur.

406 1245 516 1317 (Ea:
563 1246 749 1300 concil.
808 1247 1061 1314 apostol.,
1102 1260 1223 1313 cap.
1285 1247 1400 1316 31.)
1458 1245 1678 1317 Siquis
1732 1247 2037 1319 episcopus

334 1334 703 1388 sacularibus
749 1334 1131 1404 potestatibus
1163 1350 1318 1402 usus,
1378 1335 1682 1388 Ecclesiam
1732 1351 1837 1405 per
1883 1336 2036 1406 ipsas

334 1422 605 1489 obtineat,
656 1421 997 1491 deponatur,
1041 1426 1095 1476 et
1150 1427 1508 1493 segregetur,
1566 1438 1881 1494 omnesque
1932 1425 2036 1495 qui

335 1510 420 1565 illi
450 1510 896 1564 communicant.

335 1599 463 1653 CAP.
496 1598 596 1653 CX.
629 1627 697 1636 —
744 1599 817 1651 De
880 1596 1215 1666 presbyteris
1286 1598 1384 1665 qui
1434 1597 1700 1652 Ecclesias
1754 1612 1882 1653 suas
1931 1613 2035 1667 per

864 1672 1103 1736 pretium
1127 1670 1500 1736 acquisierint.

409 1759 514 1825 (Ea:
576 1756 765 1810 concil.
829 1757 1119 1821 Mogunti.,
1174 1771 1296 1824 cap.
1360 1754 1436 1825 5.)
1501 1754 1839 1825 Quicunque
1898 1770 2030 1825 pre-

1418 457 1828 515 BURCHABDI
1865 458 2401 520 WORMACIENSIS
2439 465 2772 522 EPISCOPI.

2056 586 2105 639 A

3739 474 3862 527 696

2539 588 2667 643 CAP.
2704 588 2905 645 CXVII.
2942 618 3011 628 —
3048 591 3121 643 De
3144 588 3330 643 eadem
3351 605 3428 643 re.

2217 678 2325 742 (Ea:
2354 678 2540 731 concil.
2591 678 2806 743 Aurel.,
2846 692 2966 746 cap.
3029 678 3136 746 lO.)
3172 679 3243 733 Ut
3298 679 3491 733 nullus
3539 680 3858 751 presbyter

2145 763 2214 818 ad
2246 764 2543 819 introitum
2585 766 2845 819 Ecclesia
2875 765 3044 819 xenia
3075 766 3268 820 donet.

2145 853 2273 907 CAP.
2329 854 2557 908 CXVIII.
2613 883 2682 895 —
2747 857 2820 908 De
2894 854 3221 922 presbyteris
3297 855 3440 909 nihil
3522 856 3863 910 habentibus

2695 925 2912 1007 quando
2937 926 3288 1007 ordinantur,
3462 996 3472 1005 '
3613 997 3626 1007 ι
3846 997 3858 1007 .

2214 994 2323 1064 (Ea:
2366 996 2554 1049 concil.
2615 996 2886 1061 Πιιηίυςὶ,
2941 1012 3061 1065 cap.
3117 999 3193 1057 6.)
3269 996 3734 1066 Investigandum
3801 997 3863 1050 si

2141 1082 2287 1136 nihil
2315 1082 2649 1151 patrimonii
2676 1085 2893 1136 habeas
2931 1084 3236 1154 presbyter
3274 1085 3504 1155 quando
3544 1089 3865 1155 provectus

2142 1174 2227 1224 est
2256 1171 2325 1224 ad
2352 1171 2612 1225 ordinem
2638 1170 3101 1239 ecclesiasticum,
3130 1179 3323 1242 postea
3354 1174 3558 1228 emerit
3599 1176 3862 1244 pradia,

2142 1258 2305 1329 cujus
2329 1260 2475 1329 juris
2504 1261 2638 1325 sint,
2662 1261 2936 1330 quoniam
2969 1261 3226 1315 Ecclesia
3258 1262 3327 1315 ad
3361 1278 3532 1333 quam
3578 1263 3648 1317 de
3696 1263 3865 1316 nihil

2141 1347 2386 1401 habente
2418 1354 2715 1418 promotus
2752 1354 2838 1403 est
2872 1365 2994 1403 esse
3031 1350 3265 1419 debent,
3302 1352 3468 1420 juxta
3507 1352 3859 1406 canonicam

2142 1437 2560 1491 auctoritatem.

2567 1508 2696 1563 CAP.
2731 1508 2885 1563 CXIX
2937 1537 3009 1549 —
3033 1511 3103 1562 De
3133 1510 3317 1563 eadem
3334 1526 3410 1563 re.

2214 1597 2318 1664 (Ea:
2376 1597 2562 1650 concil.
2642 1600 2935 1663 Arausico,
3000 1614 3121 1665 cap.
3172 1600 3279 1666 54.)
3338 1598 3640 1668 Presbyter
3710 1614 3858 1651 cum

2140 1684 2429 1737 dioecesim
2485 1688 2660 1743 tenet.
2713 1685 2780 1738 de
2839 1685 2929 1739 his
2989 1702 3118 1755 qua
3175 1685 3397 1752 emerit,
3457 1688 3528 1739 ad
3582 1687 3859 1740 Ecclesia

2142 1788 2353 1826 nomen
2406 1773 2749 1841 scripturam
2788 1774 2978 1837 faciat,
3035 1780 3133 1827 aut
3185 1776 3255 1828 ab
3288 1777 3409 1845 ejus
3458 1790 3633 1846 quam
3689 1780 3863 1829 tenet

332 1843 526 1916 sbyter
552 1859 656 1914 per
710 1844 960 1914 pretium
1017 1843 1312 1897 ecclesiam
1361 1844 1533 1897 fuerit
1575 1843 1836 1913 adeptus,
1887 1859 2029 1913 quo-
2063 1868 2103 1920 Β
2143 1858 2406 1913 Ecclesia,
2436 1859 2797 1913 ordinatione
2844 1860 3117 1916 discedat

334 1932 493 1987 niam
518 1938 716 1986 contra
754 1932 1161 1985 Ecclesiastica
1204 1931 1416 2001 regula
1455 1931 1818 2002 disciplinam
1859 1946 2029 2000 agere

330 2020 706 2091 dignoscitur,
755 2024 811 2074 et
848 2020 949 2091 qui
988 2020 1167 2073 alium
1208 2019 1610 2089 presbyterum
1653 2019 1909 2089 legitime
1961 2017 2028 2071 ad

335 2109 640 2164 Ecclesiam
679 2108 1011 2162 ordinatum
1047 2123 1152 2178 per
1174 2107 1481 2177 pecuniam
1523 2107 1825 2177 expulerit,
1869 2122 2029 2160 eam-

339 2213 451 2269 que
489 2197 598 2250 sibt
638 2196 830 2250 taliter
871 2195 1262 2260 vindicaverit,
1305 2194 1652 2248 omnimodis
1689 2195 2028 2265 deponatur.

339 2285 466 2339 CAP.
502 2284 631 2339 CXI.
661 2312 729 2325 —
763 2285 830 2337 Ut
875 2284 1057 2337 nullus
1115 2284 1286 2337 laicus
1339 2283 1407 2336 ab
1465 2284 1716 2337 Ecclesia
1767 2298 1869 2337 sua
1902 2298 2033 2351 pre-

773 2355 1049 2424 sbyterum
1077 2357 1264 2423 ejicere
1280 2359 1595 2421 prasamat.

408 2441 516 2513 (Em
542 2442 744 2507 eodem,
798 2458 920 2511 cap.
962 2441 1076 2511 29.)
1111 2442 1179 2495 Ut
1206 2441 1335 2495 laici
1367 2442 1728 2513 presbyteros
1769 2457 1883 2495 non
1928 2441 2031 2511 eji-

338 2528 492 2583 ciant
522 2529 592 2582 de
627 2530 906 2595 Ecclesiis,
940 2544 1127 2599 neque
1167 2528 1519 2583 constituant
1572 2530 1695 2584 sine
1752 2545 2035 2584 consensu

339 2617 740 2687 episcoporum
780 2633 1036 2671 suorum.

342 2705 471 2760 CAP.
507 2705 662 2760 CXII.
720 2735 790 2745 —
818 2707 949 2760 Item
976 2705 1043 2759 de
1105 2706 1219 2843 ifltis
1268 2706 1365 2829 qui
1388 2706 1724 2776 presbyteris
1770 2706 2036 2761 Ecclesias

1040 2791 1112 2830 au
1142 2791 1273 2829 erun
1310 2816 1322 2828 .

1040 2791 1144 2830 aur
1142 2791 1299 2829 erunt
1310 2816 1322 2828 .

413 2862 522 2933 (Em
552 2864 761 2917 conciti.
804 2863 1091 2930 Cabillon.,
1123 2879 1243 2933 cap.
1277 2865 1392 2932 42.)
1430 2864 1733 2919 Inventum
1765 2868 1852 2919 est
1882 2864 2037 2936 quod

334 2952 502 3006 multi
536 2951 762 3006 arbitrii
810 2951 897 3004 sui
955 2952 1298 3017 temeritate,
1350 2957 1405 3004 et
1455 2953 1611 3023 quod
1662 2958 1749 3007 est
1811 2953 2038 3023 gravius

334 3040 492 3094 ducti
524 3040 858 3110 cupiditate,
889 3040 1239 3110 presbyteris
1270 3040 1624 3110 quibuslibet
1649 3040 1866 3111 absque
1898 3058 2035 3094 con-

338 3143 511 3181 sensu
538 3128 939 3198 episcoporum
973 3128 1243 3181 Ecclesias
1266 3128 1404 3182 dant
1437 3130 1524 3182 vel
1555 3129 1839 3182 auferunt.
1874 3130 2034 3183 Unde
2068 3137 2109 3192 C

335 3220 566 3285 oportet
596 3221 659 3268 ut
707 3216 985 3269 canonica
1033 3217 1233 3285 regula
1278 3221 1516 3281 servata,
1567 3217 1761 3270 nullus
1820 3218 2034 3288 absque

336 3319 619 3356 consensu
696 3303 950 3374 episcopi
1030 3303 1264 3357 cuilibet
1329 3304 1660 3375 presbytero
1731 3306 2034 3360 Ecclesiam

337 3389 662 3454 det.Quam
714 3391 759 3443 si
812 3391 963 3460 juste
1014 3391 1257 3461 adeptus
1311 3392 1502 3460 fuerit,
1559 3393 1705 3447 hanc
1756 3410 1875 3447 non
1923 3394 2036 3447 nisi

336 3480 505 3549 culpa
556 3478 735 3548 gravi,
769 3484 824 3531 et
876 3494 1070 3532 coram
1106 3480 1377 3550 episcopo
1417 3480 1688 3535 canonica
1734 3484 2035 3536 severitate

336 3566 583 3619 amittat.

337 3672 467 3727 CAP.
496 3672 677 3726 CXIII.
711 3701 779 3710 —
813 3674 880 3726 Ut
902 3672 1102 3746 nullus
1120 3672 1347 3740 aliquod
1376 3689 1570 3728 munus
1601 3679 1827 3746 propter
1862 3677 2038 3732 Eccle-

760 3746 899 3796 siam
924 3758 958 3795 a
983 3744 1298 3814 prebsytero
1338 3748 1606 3813 requirat.

407 3830 524 3900 (Ea:
589 3832 775 3885 concil.
837 3833 1103 3898 Mogunt.,
1137 3848 1259 3901 cap.
1301 3833 1416 3903 30.)
1478 3834 1549 3887 Ut
1578 3835 1770 3887 nullus
1800 3836 2038 3889 omnino

337 3934 578 3973 munera
617 3920 811 3989 exigat
850 3936 881 3972 a
918 3920 1284 3990 presbyteris,
1318 3926 1555 3992 propter
1584 3923 2038 3978 commendatio—

338 4022 473 4060 nem
512 4006 792 4061 Ecclesia.

753 4095 880 4148 CAP.
913 4093 1089 4149 CXIV.
1128 4126 1194 4134 -—
1225 4098 1303 4150 De
1331 4096 1515 4151 eadem
1542 4113 1618 4150 re.

404 4181 527 4251 (Ea:
556 4182 743 4235 concil.
776 4182 1127 4252 Rothomag.,
1164 4199 1284 4251 cap.
1319 4186 1393 4252 5.)
1434 4184 1728 4239 Sancitum
1760 4190 1845 4239 est
1869 4191 2039 4259 atque

337 4268 685 4323 omnimodis
733 4269 1085 4339 prohibitum
1136 4277 1201 4325 ut
1230 4271 1277 4325 si
1317 4273 1445 4342 quis
1492 4274 1785 4344 presbyter
1835 4275 2038 4330 inven-

335 4361 426 4410 tus
474 4357 647 4410 fuerit
692 4356 863 4411 alicui
894 4358 1097 4412 clerico
1154 4364 1252 4414 aut
1279 4359 1422 4413 laico
1474 4377 1714 4415 munera
1768 4362 1903 4416 dare
1942 4368 2039 4419 aut

335 4444 578 4506 dedisse,
610 4449 707 4499 aut
737 4445 986 4516 aliquam
1024 4447 1328 4517 pecuniam
1377 4449 1649 4517 tribuere,
1694 4455 1755 4504 ut
1802 4438 2037 4506 alterius

335 4533 652 4604 presbyteri
716 4534 1020 4587 Ecclesiam
1076 4535 1369 4606 surripiat,
1430 4542 1530 4591 aut
1586 4538 1889 4594 Ecclesiam
1937 4557 2031 4594 va-

335 4625 558 4675 cantem
614 4621 796 4692 pretio
852 4622 1112 4687 redimat,
1175 4638 1280 4694 pro
1310 4624 1416 4678 hac
1455 4624 1761 4695 cupiditate
1810 4643 1914 4683 seu
1952 4644 2037 4683 ra-

334 4708 492 4779 pina,
521 4725 622 4763 seu
652 4712 1103 4781 praesumptione
1129 4712 1314 4783 turpis
1357 4712 1475 4767 luci
1501 4715 1688 4785 gratia
1736 4714 2037 4786 dejiciatur

335 4811 370 4850 a
401 4797 574 4863 clero,
607 4802 664 4852 et
692 4799 915 4863 alienus
947 4800 1153 4856 existat
1180 4816 1215 4854 a
1244 4802 1460 4871 regula.

337 4900 465 4956 CAP.
495 4900 646 4956 CXV.
672 4932 776 4976 -μ
799 4905 865 4958 Ut
932 4905 1239 4973 presbyteri
1318 4907 1497 4976 plebes
1594 4908 1920 4966 admoneant
1974 4916 2035 4965 ut

737 4973 1054 5028 linteamina
1081 4978 1276 5031 altaris
1292 4973 1625 5047 preparent.

407 5058 518 5130 (Ea:
570 5062 758 5116 concil.
816 5063 1081 5128 Remensi,
1139 5080 1262 5133 cap.
1314 5066 1392 5134 4.)
1447 5068 1516 5121 Ut
1564 5068 1882 5139 presbyteri
1929 5085 2034 5139 per

333 5147 529 5219 plebes
579 5163 710 5203 suas
775 5149 1006 5204 feminis
1066 5151 1399 5221 pradicent,
1458 5158 1522 5207 ut
1578 5155 1919 5212 linteamina
1971 5157 2033 5211 in

335 5237 539 5291 altaria
576 5242 927 5308 praparent.

335 5341 463 5397 CAP.
492 5342 666 5418 CX_VI.
686 5373 768 5418 A-A-
801 5344 869 5398 Ut
893 5346 1137 5418 episcopi
1173 5346 1515 5415 pravideant
1566 5349 1703 5416 quid
1726 5349 2034 5418 presbyteri

547 5414 783 5469 dominis
812 5416 927 5469 suis
956 5430 1056 5485 pro
1072 5414 1339 5472 ’Ecclesiis
1364 5421 1544 5485 facere
1571 5414 1818 5474 debeant.

408 5502 512 5569 (Ea:
543 5503 731 5557 concil.
796 5504 1133 5570 Arelatensi,
1176 5520 1298 5575 cap.
1353 5506 1428 5573 3.)
1462 5506 1530 5560 Ut
1585 5506 1839 5577 episcopi
1881 5522 2032 5578 pra-

334 5585 565 5643 videant
627 5605 802 5660 quem
873 5591 1155 5645 honorem
1215 5591 1533 5663 presbyteri
1607 5607 1712 5662 pro
1770 5593 2032 5650 Ecclesiis

336 5675 456 5730 suis
483 5675 670 5732 facere
698 5678 962 5733 debeant.

2568 1949 2693 2003 CAP.
2730 1950 2880 2003 CXX.
2907 1980 2976 1988 —
3016 1953 3091 2004 De
3119 1950 3310 2006 eadem
3335 1966 3412 2005 re.

2213 2037 2324 2105 (Ea:
2377 2038 2562 2090 concil.
2626 2038 2904 2105 Carthag.,
2958 2054 3078 2107 cap.
3136 2041 3254 2107 47.)
3311 2039 3530 2093 Placuit
3586 2044 3649 2093 ut
3715 2039 3861 2109 epi-

2141 2124 2316 2196 scopi,
2348 2125 2688 2196 presbyteri,
2722 2126 2967 2193 diaconi,
3004 2128 3093 2181 vel
3126 2127 3457 2198 quicunque
3488 2128 3700 2193 clerici,
3744 2129 3861 2198 qui

2140 2213 2285 2267 nihil
2315 2213 2589 2267 habentes
2633 2214 2991 2281 ordinantur,
3051 2218 3109 2269 et
3156 2220 3416 2286 tempore
3480 2215 3863 2285 episcopatus

2141 2303 2229 2356 vel
2257 2302 2554 2356 clericatus
2599 2303 2708 2369 sui,
2748 2319 2914 2372 agros
2961 2304 3046 2356 vel
3089 2320 3449 2374 quaecunque
3479 2305 3697 2374 pradia
3743 2320 3861 2357 suo

2142 2389 2365 2443 nomini
2418 2397 2776 2459 comparant,
2837 2396 3111 2461 tanquam
3168 2407 3360 2445 rerum
3422 2392 3861 2446 dominicarum

2140 2477 2451 2531 invasionis
2489 2479 2730 2532 crimine
2763 2484 3067 2533 teneantur
3095 2479 3350 2545 obnoxii,
3401 2480 3512 2533 nisi
3542 2481 3612 2533 ad
3659 2482 3859 2534 Eccle-

2144 2566 2288 2621 siam
2316 2567 2388 2621 ad
2417 2583 2591 2637 quam
2622 2567 2835 2621 titulati
2862 2574 3015 2633 sunt,
3048 2567 3249 2622 eadem
3301 2568 3425 2638 ipsa
3471 2568 3855 2621 contulerint.

2144 2655 2199 2710 Si
2231 2662 2423 2710 autem
2454 2656 2594 2725 ipsis
2617 2656 2854 2726 propria
2886 2655 3230 2709 liberalitate
3260 2656 3521 2725 alicujus,
3578 2656 3665 2708 vel
3714 2671 3856 2709 suc-

2145 2744 2395 2798 cessione
2454 2744 2816 2814 cognationis
2872 2744 3087 2815 aliquid
3151 2744 3393 2810 venerit,
3445 2744 3658 2799 faciant
3710 2743 3858 2797 inde

2146 2833 2301 2905 quod
2330 2832 2531 2887 velint.

2574 2903 2700 2957 CAP.
2724 2903 2892 2958 CXXI.
2928 2933 2995 2944 —
3026 2906 3099 2957 De
3122 2903 3308 2957 eadem
3338 2919 3414 2957 re.

2220 2992 2341 3062 (Ea:
2393 2990 2571 3045 eodem
2620 3007 2740 3059 cap.
2798 2991 2907 3059 48.)
2969 2992 3039 3045 Ut
3089 2992 3483 3063 unusquisque
3545 2992 3858 3062 presbyter

2150 3095 2239 3132 res
2268 3094 2407 3148 quas
2464 3082 2592 3147 post
2632 3078 2784 3132 diem
2829 3080 3270 3133 consecrationis
3328 3080 3681 3151 acquisierit,
3713 3097 3858 3151 pro-

2148 3167 2288 3236 pria
2317 3166 2574 3220 Ecclesia
2596 3167 2904 3237 relinquat.

2564 3257 2693 3311 CAP.
2728 3256 2930 3311 CXXII.
2961 3287 3029 3297 —
3063 3261 3136 3311 De
3158 3257 3342 3312 eadem
3371 3274 3429 3312 re

2219 3347 2330 3414 (Ea:
2397 3342 2583 3399 concil.
2674 3346 2968 3416 Toletano.)
3045 3347 3349 3412 Caterum,
3424 3346 3723 3417 presbyter
3804 3347 3856 3400 si

2145 3438 2272 3503 post
2327 3433 2745 3487 ordinationem
2802 3434 3016 3503 aliquid
3057 3435 3405 3505 acquisierit,
3454 3435 3599 3488 illud
3651 3435 3852 3489 obser-

2144 3520 2394 3574 vandum
2421 3526 2524 3588 est,
2566 3522 2718 3592 quod
2751 3521 2810 3575 in
2865 3522 3183 3577 canonibus
3215 3523 3285 3577 de
3313 3523 3657 3577 consecratis
3703 3522 3857 3577 nihil

2144 3609 2487 3664 habentibus
2516 3610 2887 3664 constitutum
2921 3616 3023 3664 est.

2147 3699 2276 3753 CAP.
2330 3698 2557 3752 CXXIII.
2590 3728 2659 3775 έ-
2689 3701 2762 3752 De
2811 3699 3145 3767 presbyteris
3188 3701 3287 3767 qui
3327 3715 3395 3753 ea:
3444 3698 3709 3753 reditibus
3742 3699 3853 3753 Ec-

2216 3788 2388 3841 clesia
2415 3788 2525 3840 sibi
2549 3802 2633 3840 res
2669 3790 3121 3855 comparaverint,
3152 3794 3203 3841 et
3230 3792 3534 3842 structuras
3571 3789 3651 3841 ibi
3697 3790 3854 3853 fece—

2216 3876 2351 3938 rint,
2382 3878 2432 3926 et
2455 3875 2706 3928 mulieres
2722 3874 2801 3927 ibi
2822 3877 3121 3943 posuerint.

2219 3962 2327 4033 (Ea:
2392 3964 2579 4017 concil.
2632 3963 2902 4029 Remensi,
2969 3979 3089 4032 cap.
3159 3963 3264 4033 l0.)
3317 3963 3738 4034 Inquirendum
3803 3962 3853 4015 si

2148 4050 2359 4121 aliquis
2386 4051 2851 4121 presbyterorum
2870 4051 2939 4105 de
2966 4052 3248 4106 reditibus
3268 4053 3546 4118 Ecclesia,
3567 4050 3654 4105 vel
3686 4050 3853 4104 obla-

2148 4139 2402 4193 tionibus
2440 4154 2502 4193 ac
2542 4139 2682 4193 votis
2713 4139 2973 4194 fidelium
3004 4140 3116 4195 alio
3148 4140 3382 4195 nomine
3422 4156 3511 4194 res
3546 4154 3854 4209 compara—

2147 4228 2310 4289 verit,
2342 4232 2399 4282 et
2421 4227 2501 4282 ibi
2531 4223 2842 4282 structuras
2879 4229 3092 4296 fecerit,
3124 4231 3208 4283 vel
3247 4245 3377 4300 qua
3416 4228 3489 4283 ad
3536 4227 3851 4283 Ecclesiam

2148 4316 2462 4386 pertinent,
2482 4316 2697 4370 ibidem
2718 4317 3098 4385 collocaverit,
3131 4322 3188 4371 et
3217 4318 3526 4372 mulierum
3573 4317 3853 4387 frequen—

2068 4407 2111 4460 ι)
2149 4404 2425 4457 tationem
2456 4404 2597 4457 inibi
2626 4404 2752 4457 fieri
2788 4405 3138 4473 permiserit,
3167 4404 3256 4459 vel
3285 4404 3441 4474 quod
3484 4403 3711 4473 turpius
3740 4412 3849 4469 est,

2146 4490 2289 4543 tales
2310 4490 2577 4543 mulieres
2607 4489 2821 4543 ibidem
2852 4490 3142 4557 habuerit,
3176 4506 3306 4560 qua
3333 4490 3650 4544 laniﬁcium
3673 4505 3850 4544 suum

2145 4583 2464 4645 exerceant,
2497 4583 2553 4632 et
2589 4594 2787 4632 curam
2815 4578 3021 4632 domus
3062 4582 3256 4649 agant,
3294 4582 3350 4632 et
3374 4578 3433 4632 in
3480 4578 3682 4632 eadem
3708 4578 3854 4650 lpre-

2144 4667 2337 4737 sbyter
2355 4667 2687 4738 frequenter
2714 4666 2949 4721 veniens
2980 4667 3275 4733 manserit,
3307 4673 3365 4722 et
3392 4672 3589 4721 contra
3618 4667 3853 4721 decreta

2143 4769 2411 4809 canonun
2443 4755 2554 4809 hoc
2605 4755 2820 4809 malum
2876 4760 3041 4825 agat;
3088 4755 3225 4826 quia
3253 4754 3399 4810 sicut
3453 4771 3559 4809 nec
3606 4771 3733 4821 suo,
3769 4756 3853 4810 ita

2143 4858 2248 4897 nec
2290 4842 2477 4897 alieno
2508 4843 2744 4897 nomine
2796 4843 3095 4915 presbyter
3140 4843 3305 4897 fenus
3359 4858 3622 4897 exercere
3655 4843 3849 4911 debet,

2141 4932 2324 4986 multo
2373 4932 2564 4985 minus
2608 4931 2872 4986 fraudem
2893 4932 3077 4986 facere
3116 4931 3187 4985 de
3246 4931 3612 4986 facultatibus
3672 4934 3851 4986 eccle-

2141 5020 2402 5087 siasticis,
2433 5019 2708 5090 quoniam
2737 5018 2847 5074 hoc
2903 5019 3270 5090 sacrilegium
3328 5024 3433 5085 est,
3497 5025 3553 5073 et
3592 5035 3693 5090 par
3734 5020 3847 5073 cri-

2142 5121 2277 5160 men
2302 5105 2462 5160 Juda
2502 5104 2646 5159 furis
2697 5104 2797 5177 qui
2847 5121 3034 5160 sacras
3062 5106 3381 5160 oblationes
3426 5105 3760 5176 asportabat
3790 5111 3849 5160 et

2140 5193 2462 5247 furabatur.

2140 5280 2267 5336 CAP.
2304 5281 2521 5338 CXXIV.
2566 5309 2634 5321 -—
2684 5283 2761 5336 De
2806 5283 3192 5353 consuetudine
3235 5282 3527 5349 servanda,
3579 5297 3698 5353 qua
3732 5298 3847 5337 non

2739 5356 2817 5406 est
2846 5357 3029 5407 ccnt‘a
3057 5352 3241 5423 ﬁdem.

2213 5422 2328 5491 (Ea:
2357 5422 2517 5490 epist.
2552 5423 2640 5477 Pii
2662 5424 2870 5492 papa.)
2901 5422 3129 5478 Petistis
3180 5423 3336 5478 enim
3388 5438 3494 5493 per
3551 5422 3846 5493 Hylarium

2139 5508 2553 5563 chartularium
2586 5513 2868 5577 nostrum,
2909 5527 2944 5564 a
2983 5512 3164 5565 beata
3218 5510 3512 5566 memoria
3546 5511 3845 5566 decessore

2140 5602 2359 5662 nostro,
2402 5601 2468 5651 ut
2509 5613 2709 5652 omnes
2740 5598 2896 5653 vobis
2937 5604 3088 5653 retro
3120 5605 3448 5670 temporum
3480 5601 3843 5655 consuetudi-

2138 5701 2241 5739 nes
2298 5689 2685 5754 servarentur,
2745 5702 2878 5758 qua
2932 5704 2965 5742 a
3016 5687 3171 5743 beati
3226 5687 3380 5743 Petri
3448 5687 3842 5759 apostolorum
