3966 6410
119 449 218 501 697
1117 437 1591 494 DECRETORUM
1635 438 1820 493 LIBRI
1858 438 1969 493 XX.
2004 466 2070 477 —
2113 435 2320 490 LIBER
2358 433 2674 489 TERTIUS.
3547 427 3650 480 698

118 568 405 641 principis
480 567 917 621 ordinationum
985 563 1168 618 initiis
1252 563 1530 616 hactenus
1591 563 1914 615 vetustasA
1954 561 2083 615 CAP.
2141 558 2378 613 CXXVII.
2439 586 2507 595 —-
2557 557 2706 641 Item
2744 555 2809 641 de
2866 549 3341 641 consuetudinibus
3402 548 3649 602 ecclesia-

118 661 294 728 longa
346 656 614 710 servavit.
673 656 739 708 Et
800 670 902 706 nos
959 652 1192 722 quidem
1245 651 1407 720 juxta
1461 650 1669 703 seriem
1701 650 1840 702 rela-
2520 630 2672 680 ετίοίε
2715 625 3082 679 “servandis-

122 706 293 728 ""U_
347 706 613 710 """'_"
674 706 734 708 ﬁ'
975 706 994 722 ι.
1245 706 1263 720 υ

122 749 298 800 tionis
383 749 599 799 nostra
703 740 1180 795 Consuetudinem
1287 738 1608 802 laudamus,
1711 753 1839 807 qua;
2025 722 2144 788 (Εω
2174 720 2335 772 dictis
2371 718 2584 782 Basilii,
2609 731 2728 782 cap.
2758 713 2870 782 27.)
2891 710 3407 765 Ecclesiasticarum
3433 706 3656 759 institu—

123 841 317 888 tamen
397 838 598 887 contra
683 831 856 884 ﬁdem
921 828 1258 882 catholicam
1333 827 1479 879 nihil
1566 795 1842 896 υεωιῐξεηοθ
1952 811 2171 863 tiouum
2203 807 2646 860 consuetudines
2677 803 2952 873 quasdam
2997 799 3325 868 Scripturis,
3376 795 3652 865 quaedam

129 923 471 976 dinoscitur.

128 1014 256 1066 CAP.
321 1011 512 1064 CXXV.
557 1038 630 1049 —
690 1010 755 1061 Ut
798 1007 1156 1059 ecclesiastica
1200 1007 1409 1056 statuta
1467 1003 1535 1055 ab
1584 1002 1842 1070 apostolis

194 1089 244 1136 et
273 1083 504 1149 reliquis
550 1079 838 1146 magistris
895 1078 1145 1131 Ecclesiae
1199 1075 1408 1127 tradita
1463 1078 1676 1141 integra
1729 1088 1842 1125 ser-

198 1161 488 1289 ἒὲξιξῗίἒον.
520 1221 829 1274 Innocentii
853 1234 1031 1286 papa,
1062 1232 1182 1284 cap.
1231 1217 1307 1285 l.)
1340 1213 1706 1268 Innocentius
1737 1215 1841 1267 De-

131 1313 341 1378 centio,
385 1310 654 1379 episcopo
713 1306 979 1376 Egobino,
1011 1305 1271 1358 salutem.
1309 1303 1365 1357 Si
1393 1303 1651 1357 instituta
1675 1303 1846 1355 eccle~

135 1400 378 1462 siastica,
415 1404 476 1450 ut
508 1401 642 1449 sunt
671 1413 703 1448 a
740 1396 920 1448 beatis
976 1393 1248 1464 apostolis
1315 1392 1544 1458 tradita,
1598 1393 1842 1460 integra,

134 1490 345 1541 vellent
377 1502 602 1540 servare
658 1483 887 1538 Domini
947 1482 1289 1548 sacerdotes,
1328 1480 1485 1533 nulla
1524 1480 1841 1544 diversitas,

135 1578 292 1630 nulla
321 1575 569 1628 varietas
604 1573 664 1626 in
698 1572 839 1642 ipsis
887 1571 1186 1624 ordinibus
1221 1575 1277 1623 et
1320 1568 1846 1622 consecrationibus

134 1666 467 1718 haberetur.
510 1663 622 1716 Sed
657 1662 796 1715 dum
820 1660 1215 1729 unusquisque
1248 1673 1365 1711 non
1397 1657 1550 1728 quod
1571 1657 1845 1710 traditum

133 1760 240 1820 est,
274 1753 376 1806 sed
405 1753 562 1822 quod
604 1750 714 1804 sibi
759 1749 940 1802 visum
991 1748 1184 1812 fuerit,
1233 1748 1343 1800 hoc
1395 1745 1682 1799 existimat
1727 1761 1846 1797 esse

129 1841 475 1903 tenendum,
509 1839 641 1893 inde
672 1838 894 1892 diversa
921 1837 982 1889 in
1015 1835 1252 1890 diversis
1287 1835 1424 1888 locis
1462 1835 1547 1887 vel
1572 1833 1840 1897 ecclesiis,
1883 1844 1919 1895 Β

128 1935 232 1984 aut
260 1929 472 1992 teneri,
535 1931 634 1980 aut
688 1925 963 1979 celebrari
1016 1925 1323 1978 videntur:
1384 1938 1449 1975 ac
1502 1921 1567 1975 tit
1623 1922 1853 1975 scanda-

126 2019 252 2072 lum
285 2015 520 2087 populis
552 2014 675 2085 qui,
711 2013 849 2067 dum
879 2011 1143 2065 nesciunt
1191 2010 1534 2064 traditiones
1587 2009 1850 2079 antiquas

127 2107 392 2160 humana
442 2102 893 2173 praesumptione
948 2105 1261 2169 correptas,
1318 2103 1523 2169 putant
1580 2098 1689 2150 sibi
1747 2101 1846 2150 aut

129 2194 411 2248 Ecclesias
444 2209 558 2246 non
580 2190 908 2255 convenire,
953 2194 1052 2242 aut
1091 2189 1159 2242 ab
1203 2187 1482 2256 apostolis
1501 2187 1588 2239 vel
1619 2193 1852 2255 aposto-

127 2282 348 2337 stolicis
407 2281 543 2333 viris
599 2279 1069 2332 contrarietatem
1125 2277 1441 2329 inductam.
1503 2275 1640 2338 Quis
1697 2275 1853 2328 enim

127 2371 352 2426 nesciat
378 2375 480 2423 aut
518 2384 635 2422 non
669 2368 928 2420 advertat
957 2366 1012 2419 id
1072 2366 1223 2435 quod
1257 2382 1289 2418 a
1325 2365 1582 2435 principe
1625 2369 1852 2433 aposto-

129 2462 329 2514 lorum
397 2459 564 2512 Petro
633 2457 907 2510 Romanis
977 2453 1240 2507 Ecclesiae
1298 2453 1573 2506 traditum
1631 2457 1735 2515 est,
1791 2467 1856 2504 ac

130 2564 290 2602 nunc
315 2562 500 2616 usque
552 2543 891 2609 custoditur,
927 2542 996 2595 ab
1041 2541 1309 2594 omnibus
1360 2541 1567 2594 debere
1615 2540 1850 2603 servari,

129 2652 237 2690 nec
267 2633 579 2704 superduci
611 2638 710 2686 aut
741 2629 1024 2684 introduci
1055 2629 1295 2698 aliquid,
1343 2629 1499 2699 quod
1530 2634 1630 2682 aut
1659 2633 1853 2681 aucto-

131 2725 369 2776 ritatem
432 2736 550 2773 non
591 2719 818 2780 habeat,
853 2724 952 2771 aut
1005 2717 1236 2771 aliunde
1289 2718 1544 2787 accipere
1593 2717 1856 2769 videatur

135 2809 496 2880 exemplum,
525 2807 842 2878 praesertim
864 2823 993 2860 cum
1027 2806 1100 2859 sit
1126 2805 1498 2859 manifestum
1529 2805 1590 2858 in
1620 2820 1854 2857 omnem

132 2900 383 2964 Italiam,
435 2896 663 2962 Gallias,
731 2895 1050 2964 Hispanias,
1099 2894 1348 2947 Africam
1395 2899 1563 2963 atque
1603 2892 1854 2947 Siciliam

137 2989 483 3056 insulasque
537 2984 964 3053 interjacentes,
1024 2983 1248 3035 nullum
1302 2981 1617 3035 instituisse
1673 2982 1858 3034 Eccle-

134 3077 274 3142 sias,
309 3075 420 3128 nisi
461 3090 559 3127 eos
611 3089 757 3143 quos
791 3071 1124 3124 venerabilis
1177 3070 1469 3140 apostolus
1503 3071 1725 3135 Petrus,
1755 3074 1852 3122 aut

132 3167 266 3234 ejus
328 3177 683 3216 successores
729 3160 1154 3213 constituerunt
1198 3158 1574 3212 sacerdotes?
1619 3162 1730 3211 Aut
1775 3160 1853 3211 le-

134 3257 303 3323 gant,
355 3251 403 3304 si
458 3252 517 3304 in
545 3251 637 3303 his
679 3248 989 3319 provinciis
1019 3248 1166 3301 alius
1215 3248 1608 3318 apostolorum
1642 3247 1857 3301 inveni-

134 3348 234 3395 tur
275 3346 376 3394 aut
433 3339 650 3409 legitur
697 3338 977 3392 docuisse.
1029 3336 1138 3400 Qui
1189 3336 1236 3389 si
1303 3352 1420 3388 non
1469 3336 1687 3405 legunt,
1723 3337 1859 3406 quia

138 3444 434 3498 nusquam
491 3425 812 3492 inveniunt,
887 3429 1112 3494 oportet
1164 3439 1260 3476 eos
1312 3423 1422 3476 hoc
1472 3424 1634 3492 sequi
1701 3424 1858 3493 quod

138 3518 395 3570 Ecclesia
461 3516 721 3569 Romana
801 3513 1054 3567 custodit
1105 3528 1136 3564 a
1183 3528 1296 3580 qua
1353 3527 1449 3564 eos
1505 3510 1858 3580 principium

143 3606 432 3675 accepisse
457 3621 574 3657 non
606 3602 847 3658 dubium
875 3606 976 3667 est,
1028 3617 1122 3666 ne,
1157 3601 1294 3654 dum
1326 3600 1649 3670 peregrinis
1676 3616 1858 3653 asser-

141 3695 402 3748 tionibus
461 3693 732 3746 studeant
808 3695 981 3759 caput
1052 3689 1484 3742 institutionum
1561 3688 1862 3742 videantur

138 3783 430 3837 omittere.
471 3778 1030 3850 Saepedilectionem
1066 3782 1224 3830 tuam
1257 3777 1327 3831 ad
1362 3778 1566 3831 urbem
1617 3776 1857 3844 venisse,

143 3888 207 3924 ac
249 3870 554 3924 nobiscum
587 3868 646 3921 in
686 3867 922 3921 ecclesia
975 3864 1309 3918 convenisse
1337 3881 1453 3918 non
1505 3865 1746 3919 dubium
1780 3869 1865 3918 est

143 3965 201 4012 et
252 3974 429 4029 quem
455 3971 698 4017 morem,
750 3956 836 4008 vel
887 3955 947 4006 in
978 3953 1379 4007 consecrandis
1437 3953 1745 4024 mysteriis,
1777 3954 1864 4007 vel

144 4049 203 4102 in
254 4046 480 4114 caeteris
531 4043 766 4114 agendis
797 4043 1018 4097 arcanis
1055 4047 1250 4096 teneat
1307 4042 1658 4111 cognovisse.
1704 4042 1864 4106 Quod

144 4136 410 4190 sufﬁcere
443 4133 752 4187 arbitrarer
795 4133 866 4187 ad
921 4130 1386 4185 informationem
1419 4131 1682 4186 Ecclesiae
1725 4135 1860 4196 tuae,

146 4226 232 4278 vel
281 4222 782 4286 reformationem,
818 4222 865 4274 si
911 4236 1286 4290 prmeessores
1325 4219 1430 4286 tui,
1489 4222 1643 4290 quod
1675 4220 1864 4272 minus

147 4313 393 4383 aliquid,
428 4316 526 4364 aut
565 4310 734 4363 aliter
779 4308 1074 4363 tenuerint
1123 4308 1260 4360 satis
1311 4312 1530 4361 certum
1592 4307 1864 4362 haberem

147 4401 255 4452 nisi
317 4399 386 4452 de
471 4397 762 4468 aliquibus
817 4395 1196 4450 consulendos
1267 4411 1369 4448 nos
1443 4412 1562 4448 esse
1603 4394 1859 4449 dixisses.
1895 4388 1936 4441 D

145 4489 367 4552 Quibus
427 4486 641 4540 idcirco
706 4485 1124 4554 respondemus
1187 4499 1303 4536 non
1353 4483 1507 4554 quod
1555 4489 1610 4537 te
1672 4483 1865 4554 aliqua

147 4578 418 4646 ignorare
465 4574 789 4641 credamus,
824 4573 922 4627 sed
971 4577 1033 4626 ut
1089 4572 1307 4642 majore
1365 4572 1721 4637 auctoritate,
1780 4572 1862 4625 vel

147 4672 273 4718 tuos
302 4663 599 4730 instituas,
644 4662 730 4714 vel
771 4661 819 4714 si
869 4660 969 4732 qui
1021 4676 1054 4714 a
1086 4662 1359 4714 Romana:
1407 4660 1664 4713 Ecclesize
1696 4658 1868 4712 insti-

147 4753 469 4807 tutionibus
500 4754 712 4817 errant,
756 4755 855 4803 aut
884 4765 1270 4815 commoneas,
1328 4753 1426 4801 aut
1454 4748 1707 4802 indicare
1754 4763 1868 4800 non

148 4843 406 4906 differas,
442 4847 504 4893 ut
529 4839 674 4893 scire
715 4839 1004 4892 valeamus
1060 4838 1160 4908 qui
1209 4838 1344 4902 sint,
1387 4837 1486 4906 qui
1518 4843 1616 4890 aut
1643 4837 1865 4891 novita-

149 4937 230 4983 tes
255 4929 565 4990 inducunt.
624 4933 725 4981 aut
758 4927 989 4980 alterius
1053 4926 1313 4980 Ecclesia:
1364 4942 1537 4994 quam
1590 4927 1865 4979 Romana:

149 5018 482 5073 existimant
506 5016 985 5070 consuetudinem
1007 5030 1128 5068 esse
1147 5015 1507 5067 servandam.

152 5109 282 5163 CAP.
364 5106 588 5161 CXXVI.
643 5132 718 5144 —
773 5105 840 5158 Ut
887 5103 1290 5157 consuetudines
1347 5102 1715 5155 ecclesiasticae
1765 5115 1867 5169 pro

747 5175 857 5241 lege
886 5177 998 5227 sint
1032 5173 1286 5226 tenendae.

223 5248 590 5317 (Augustinus
637 5244 776 5298 dicit
799 5240 888 5298 ad
944 5245 1273 5300 Casulanum
1319 5240 1744 5311 presbyterum.)
1794 5241 1860 5293 In

152 5335 242 5388 his
291 5335 445 5389 enim
480 5333 654 5388 rebus
711 5333 780 5386 de
841 5331 1050 5402 quibus
1098 5331 1244 5385 nihil
1299 5331 1439 5383 certi
1489 5330 1686 5383 statuit
1714 5329 1869 5383 Scri-

155 5429 323 5493 ptura
353 5424 569 5486 divina,
604 5437 730 5475 mos
786 5419 990 5492 populi
1025 5420 1140 5487 Dei,
1174 5421 1260 5472 vel
1291 5419 1552 5472 instituta
1584 5419 1870 5488 majorum

156 5529 258 5582 pro
311 5513 438 5583 lege
489 5510 745 5566 tenenda
792 5515 946 5576 sunt,
1003 5514 1062 5562 et
1099 5508 1245 5561 sicut
1284 5508 1751 5578 praevaricatores
1789 5507 1867 5558 le-

156 5616 293 5670 gum
357 5602 714 5664 divinarum,
766 5597 846 5651 ita
897 5602 1320 5665 contemptores
1390 5595 1871 5649 consuetudinum

157 5690 681 5745 ecclesiasticarum
710 5686 1008 5742 coercendi
1032 5690 1185 5740 sunt.

1953 915 2085 952 vero
2107 896 2410 967 apostolica
2435 893 2743 947 traditione
2781 907 2884 961 per
2938 887 3319 942 successiones
3352 885 3409 938 in
3443 889 3650 952 myste-

1954 987 2039 1040 rio
2097 986 2459 1038 conﬁrmatas
2511 981 2852 1050 accepimus,
2907 977 3128 1047 quibus
3189 989 3294 1044 par
3348 974 3550 1035 virtus,
3600 974 3657 1022 et

1954 1074 2107 1128 idem
2176 1073 2435 1141 utrisque
2494 1069 2719 1140 pietatis
2775 1067 3009 1120 effectus
3083 1065 3224 1133 quin
3281 1061 3373 1122 sit,
3444 1065 3654 1130 quotus

1955 1163 2198 1234 quisque
2253 1161 2342 1213 vel
2410 1159 2836 1228 aliquantulum
2890 1169 3176 1207 sacrarum
3220 1154 3489 1218 expertus
3531 1148 3652 1201 Sci-

1955 1258 2253 1322 pturarum
2292 1246 2681 1301 haesitaverit?
2727 1244 2784 1297 Si
2816 1244 2969 1296 enim
3009 1239 3479 1293 attentaverimus
3529 1251 3657 1288 con-

1955 1340 2291 1393 suetudines
2345 1335 2626 1399 Ecclesiae,
2665 1349 2780 1385 non
2812 1347 2913 1400 per
2962 1329 3282 1397 Scripturas
3332 1343 3364 1378 a
3398 1325 3658 1378 Patribus

1956 1428 2192 1483 traditas
2218 1426 2384 1480 nihili
2411 1424 2714 1485 mstimare,
2743 1424 3024 1490 quantum
3069 1417 3268 1485 religio
3307 1412 3658 1476 detrimenti

1957 1519 2142 1570 latura
2162 1516 2234 1567 sit
2266 1511 2711 1582 despicientibus
2742 1509 2962 1577 liquido
2993 1505 3293 1559 constabit.
3319 1504 3452 1566 Quae
3479 1501 3655 1566 enim,

1957 1611 2022 1659 ut
2051 1605 2183 1658 inde
2217 1601 2534 1665 ordiamur,
2562 1598 2856 1667 Scriptura
2883 1595 3184 1648 salutiferae
3237 1591 3420 1644 crucis
3470 1590 3661 1659 signa-

1957 1694 2083 1746 culo
2133 1693 2329 1745 lideles
2375 1688 2566 1742 docuit
2621 1685 2936 1755 insigniri?
2965 1684 3102 1746 Quae
3161 1677 3538 1733 multifariam
3572 1677 3657 1730 di-

1959 1788 2118 1849 gesta
2158 1796 2330 1849 super
2356 1793 2564 1847 panem
2624 1781 2680 1828 et
2729 1774 2958 1826 calicem
3004 1771 3240 1840 prolixae
3294 1765 3572 1820 orationis
3605 1769 3662 1817 et

1960 1867 2404 1923 consecrationis
2454 1864 2628 1917 verba
2657 1858 3110 1915 commendavit?
3160 1859 3300 1911 Nam
3332 1871 3448 1908 non
3487 1853 3658 1907 modo

1960 1958 2109 2029 quod
2145 1958 2200 2009 in
2234 1955 2542 2023 Evangelio
2566 1952 2912 2015 continetur,
2949 1949 3035 2001 vel
3086 1945 3346 2015 apostolo
3376 1943 3436 1996 in
3475 1957 3657 1995 secre-

1961 2048 2031 2100 tis
2063 2045 2325 2109 dicimus,
2352 2043 2447 2096 scd
2489 2046 2543 2094 et
2573 2040 2682 2092 alia
2711 2055 2815 2108 per
2845 2039 3012 2106 plura
3040 2035 3354 2104 adjicimus,
3389 2045 3659 2099 magnam

1961 2134 2125 2206 quasi
2156 2133 2270 2186 vim
2305 2128 2771 2185 consummandis
2813 2123 3302 2179 accommodantia
3351 2117 3658 2189 mysteriis.

1960 2225 2096 2288 Quae
2151 2221 2444 2276 Orientem
2502 2234 2696 2270 versus
2755 2233 2856 2268 nos
2915 2230 3076 2267 orare
3109 2213 3429 2264 litterarum
3478 2207 3664 2260 forma

1962 2308 2318 2382 prmstituit‘?
2367 2306 2766 2363 Benedicimus
2793 2305 3006 2357 fontem
3039 2297 3418 2370 baptismatis,
3469 2295 3662 2347 oleum

1961 2399 2270 2453 unctionis.
2323 2398 2442 2450 Huc
2502 2394 2720 2448 accedit
2767 2392 2919 2462 quod
2951 2397 3038 2443 ter
3091 2385 3490 2454 immergimus
3520 2397 3667 2452 quos

1964 2486 2342 2556 baptizamus,
2389 2483 2514 2535 oleo
2546 2480 2838 2549 ungimus,
2873 2477 3058 2530 verbis
3110 2471 3513 2526 abrenuntiare
3561 2469 3666 2522 Sa-

1963 2583 2112 2629 tanas
2144 2579 2199 2627 et
2253 2572 2474 2641 angelis
2501 2572 2624 2640 ejus
2665 2569 3063 2621 informamus.
3101 2563 3258 2617 Unde
3308 2560 3428 2613 haec
3459 2562 3512 2610 et
3557 2557 3668 2610 alia

1964 2663 2022 2716 in
2055 2663 2208 2716 hunc
2247 2660 2484 2714 modum
2530 2674 2645 2711 non
2685 2672 2884 2726 pauca.
2935 2653 3046 2706 nisi
3078 2651 3211 2721 quia
3244 2649 3413 2702 tacita
3442 2661 3505 2698 ac
3537 2661 3664 2714 my-

1964 2751 2101 2804 stica
2145 2749 2454 2803 traditione
2491 2764 2519 2798 a
2566 2745 2827 2800 Pati-ibus
2885 2740 3263 2794 ecclesiastico
3300 2751 3456 2788 more
3503 2749 3668 2785 reve-

1966 2837 2205 2892 rentiori
2233 2835 2530 2904 diligentia
2559 2838 2692 2886 sunt
2722 2833 2781 2885 in
2823 2829 3110 2898 mysteriis
3161 2827 3460 2879 observata
3492 2822 3668 2874 silen-

1965 2929 2066 2992 tio,
2101 2942 2272 2997 quam
2305 2924 2590 2993 publicata
2622 2921 2852 2986 scripto.

1966 3034 2095 3089 CAP.
2153 3031 2417 3085 CXXVIII.
2472 3058 2545 3070 —
2605 3027 2748 3092 Quid
2806 3025 3072 3091 agendum
3139 3025 3212 3075 sit
3267 3024 3324 3074 in
3378 3021 3555 3072 causis
3605 3018 3670 3070 de

2072 3105 2266 3172 quibus
2297 3109 2441 3155 certa
2470 3103 2528 3153 in
2555 3097 2847 3153 cuncnibus
2879 3097 3229 3148 inveniuntur
3253 3092 3486 3158 judicia.

2038 3196 2147 3259 (Ea:
2178 3192 2320 3245 decr.
2349 3189 2688 3246 Innnocentii
2736 3201 2910 3254 papae,
2957 3200 3077 3250 cup.
3117 3185 3225 3246 18.)
3259 3182 3335 3233 De
3387 3177 3569 3231 causis
3601 3177 3670 3230 de

1969 3282 2178 3352 quibus
2208 3281 2366 3333 nulla
2394 3277 2670 3341 solvendi,
2706 3274 3036 3345 ligandique
3065 3269 3370 3323 auctoritas
3401 3267 3458 3319 in
3511 3266 3671 3320 libris

1968 3370 2184 3424 Veteris
2247 3365 2616 3428 Testamenti,
2683 3366 2934 3434 quatuor
3006 3359 3465 3428 Evangeliorum,
3540 3370 3670 3406 cum

1970 3458 2195 3529 scriptis
2227 3457 2359 3510 totis
2408 3455 2802 3525 apostolorum
2859 3467 2971 3504 non
3006 3452 3297 3517 appareat,
3355 3446 3424 3498 ad
3481 3443 3675 3496 divina

1971 3547 2248 3601 recurrite
2278 3545 2487 3615 scripta
2517 3544 2729 3598 Griece.
2764 3540 2824 3594 Si
2876 3555 2980 3593 nec
3015 3538 3073 3590 in
3107 3537 3239 3601 illis,
3273 3535 3342 3588 ad
3378 3532 3672 3586 catholica:

1971 3635 2228 3688 Ecclesiae
2256 3632 2522 3686 historias
2556 3629 2880 3692 catholicas,
2941 3645 2970 3679 a
3005 3626 3330 3680 doctoribus
3378 3619 3674 3675 catholicis

1971 3724 2208 3792 scriptas
2239 3736 2474 3774 manum
2530 3718 2712 3772 mitte.
2745 3716 2802 3770 Si
2834 3732 2937 3768 nec
2969 3714 3027 3767 in
3064 3713 3194 3776 illis,
3255 3726 3502 3764 canones
3531 3724 3674 3776 apo-

1972 3813 2184 3865 stolicae
2243 3809 2392 3863 sedis
2462 3807 2708 3860 intuere.
2775 3804 2832 3858 Si
2891 3820 2993 3856 nec
3048 3802 3107 3854 in
3182 3801 3290 3861 his,
3345 3803 3672 3850 sanctorum

1972 3901 2234 3968 exempla
2287 3895 2690 3968 perspicaciter
2759 3893 3079 3946 recordare.
3143 3888 3303 3953 Quod
3364 3887 3411 3938 si
3482 3885 3541 3938 in
3586 3883 3675 3937 bis

1973 3988 2242 4043 omnibus
2301 3984 2570 4055 inspectis
2628 3983 2799 4052 hujus
2868 3979 3201 4051 quaestionis
3258 3975 3503 4046 qualitas
3557 3988 3676 4026 non

1972 4077 2159 4132 lucide
2186 4075 2586 4143 investigatur,
2628 4071 2883 4124 seniores
2914 4067 3220 4138 provincia:
3278 4079 3586 4134 congrege,
3620 4067 3678 4114 et

1975 4182 2072 4220 eos
2112 4165 2422 4232 interroga.
2479 4161 2718 4215 Facilius
2773 4174 3020 4228 namque
3081 4154 3390 4218 invenitur,
3459 4150 3614 4221 quod
3647 4166 3678 4203 a

1975 4253 2238 4325 pluribus
2287 4251 2666 4305 sentientibus
2724 4246 3022 4318 quaeritur.
3055 4247 3230 4298 Verus
3289 4242 3443 4294 enim
3481 4254 3675 4308 repro-

1975 4343 2183 4396 missor
2215 4340 2488 4395 Dominus
2519 4339 2624 4392 ait:
2668 4337 2726 4390 Si
2755 4337 2867 4391 duo
2896 4351 2959 4388 ex
3004 4334 3182 4398 vobis,
3216 4332 3301 4384 vel
3337 4337 3448 4383 tres
3472 4343 3676 4382 conve—

1978 4433 2142 4485 niant
2194 4445 2366 4498 super
2420 4432 2633 4480 terram
2673 4425 2733 4478 in
2796 4424 3025 4476 nomine
3081 4437 3228 4483 meo,
3284 4419 3352 4471 de
3417 4415 3578 4470 omni
3615 4430 3678 4467 re

1977 4532 2382 4590 quamcunque
2405 4513 2694 4584 petierint,
2724 4513 2823 4565 fiet
2841 4511 2954 4564 illis
2986 4527 3016 4562 a
3041 4511 3202 4562 Patre
3228 4523 3373 4559 meo.

2048 4626 2176 4679 CAP.
2214 4622 2423 4677 CXXIX.
2455 4649 2520 4659 -
2558 4621 2625 4672 Ut
2651 4621 2844 4671 cuncta
2883 4631 3001 4682 quae
3039 4616 3145 4667 Deo
3183 4613 3508 4680 offeruntur,

2488 4694 2796 4744 consecrata
2853 4687 3171 4739 habeantur.

2050 4782 2161 4852 (Ea:
2219 4781 2406 4835 concil.
2465 4779 2730 4832 Aurelian
2795 4791 2916 4842 cap.
2975 4776 3050 4840 7.)
3121 4770 3327 4826 Omnia
3378 4785 3507 4839 qua:
3566 4769 3680 4821 Deo

1978 4872 2317 4932 offeruntur,
2377 4869 2704 4918 consecrata
2753 4864 3056 4928 habentur,
3118 4861 3175 4913 in
3232 4858 3434 4925 vineis,
3495 4856 3679 4922 terris,

1980 4960 2170 5030 sylvis,
2207 4955 2572 5019 utensilibus,
2600 4951 2976 5017 vestimentis,
3013 4948 3415 5020 pecoribustet
3449 4944 3683 5014 reliquis

1977 5045 2456 5118 possessionibus,
2497 5049 2552 5096 et
2581 5058 2709 5112 quin
2739 5041 3000 5094 Εριτιρδίὶδ
3049 5039 3171 5092 sine
3217 5037 3390 5092 dubio
3437 5035 3682 5098 Christo,

1979 5136 2080 5206 qui
2111 5150 2355 5205 sponsus
2375 5147 2573 5186 earum
2609 5136 2711 5196 est,
2735 5130 3074 5183 offeruntur.

2394 5238 2521 5292 CAP.
2557 5237 2743 5290 CXXX.
2770 5265 2842 5276 —
2870 5238 2943 5288 De
2975 5233 3160 5287 eadem
3188 5247 3264 5284 re.

2055 5329 2074 5399 (
2105 5331 2192 5383 Em
2211 5329 2396 5382 concil.
2433 5328 2775 5391 Rothomag.,
2804 5339 2925 5392 cap.
2953 5323 3028 5391 3.)
3061 5322 3269 5374 Omnes
3299 5315 3533 5369 decima:
3564 5318 3682 5366 ter-

1981 5434 2082 5478 rae,
2107 5418 2220 5470 sive
2255 5417 2322 5469 de
2354 5415 2634 5485 frugibus,
2668 5413 2783 5465 sive
2815 5411 2882 5464 de
2929 5409 3117 5480 pomis
3147 5406 3416 5459 arborum
3456 5399 3686 5455 Domini

1981 5511 2134 5571 sunt,
2159 5510 2216 5557 et
2244 5503 2329 5556 illi
2359 5502 2803 5556 sanctiﬁcantur.
2838 5500 3034 5563 Boves,
3089 5500 3146 5547 et
3195 5509 3344 5558 oves,
3388 5497 3446 5545 et
3475 5505 3686 5560 capre,

1983 5611 2112 5665 quas
2145 5594 2248 5647 sub
2283 5591 2521 5663 pastoris
2555 5592 2714 5659 virga
2741 5590 3061 5648 transeunt,
3089 5583 3364 5653 quidquid
3399 5581 3686 5634 decimum

1983 5682 2225 5747 venerit,
2281 5679 2726 5734 sanctiticabitur
2791 5675 3054 5730 Domino.
3103 5674 3222 5728 Non
3283 5672 3532 5743 eligetur
3584 5683 3690 5726 nec
