3966 6404
263 407 366 458 699

1334 401 1742 458 BURCHARDI
1786 399 2316 456 WORMACIENSIS
2353 398 2692 456 EPISCOPI.

3667 404 3787 455 700

264 527 484 582 bonum
512 541 617 580 nec
647 525 879 590 malum,
913 541 1018 579 nec
1044 525 1223 580 altero
1252 525 1714 582 commutabitur.
1749 523 1806 579 Si
1835 523 1963 594 quis
1990 525 2037 577 A
2075 528 2206 591 test,
2239 523 2498 592 relevati,
2519 523 2813 578 liberiores
2842 523 2983 578 ﬁant
3004 525 3072 578 ad
3104 525 3532 580 meditationem
3564 527 3791 582 divina

264 614 589 677 mutaverit,
653 618 709 667 et
769 613 924 684 quod
991 617 1192 680 mutat,
1240 617 1295 668 et
1341 614 1496 684 quod
1541 617 1824 667 mutatum
1856 617 1961 680 est,

263 702 710 758 sanctiﬁcabitur
790 701 1050 764 Domino,
1139 708 1196 756 et
1265 718 1380 756 non
1431 701 1769 756 redimetur.
1851 701 1963 755 Sed

265 791 402 862 quia
456 791 626 844 modo
676 789 841 843 multi
900 789 1270 844 inveniuntur
1301 789 1550 844 decimas
1596 790 1731 844 dare
1762 789 1962 843 nolen-

263 885 374 940 tes,
425 879 708 932 statuinus
766 884 832 932 ut
889 879 1203 933 secundum
1275 879 1505 933 Domini
1571 879 1750 932 nostri
1817 894 1964 948 pra-

265 972 496 1039 ceptum
547 967 970 1022 admoneantur
1019 967 1220 1036 semel,
1277 973 1334 1021 et
1385 967 1636 1021 secundo
1668 972 1725 1021 et
1774 967 1964 1021 tertio.

263 1056 318 1110 Si
352 1071 471 1108 non
499 1055 952 1121 emendaverint,
995 1055 1379 1109 anathematis
1410 1055 1635 1108 vinculo
1683 1055 1962 1108 constrin-

265 1149 474 1216 gantur
493 1160 675 1214 usque
708 1144 777 1198 ad
820 1143 1283 1210 satisfactionem,
1317 1149 1374 1197 et
1413 1143 1480 1198 ad
1505 1142 1965 1197 emendationem

265 1249 601 1303 congruam.

267 1323 397 1377 CAP.
458 1321 668 1376 CXXXI.
726 1350 795 1360 —
831 1323 897 1375 Ut
952 1321 1161 1374 decima
1214 1321 1362 1374 nullo
1425 1319 1582 1373 modo
1634 1321 1962 1386 negligatur.

335 1410 443 1479 (Ea:
471 1410 658 1463 concil.
693 1411 960 1477 Mogunt.,
1015 1424 1134 1476 cap.
1192 1408 1307 1477 35.)
1359 1408 1751 1462 Admonemus
1794 1412 1965 1477 atque

264 1497 630 1570 pracipimus
661 1502 725 1551 ut
769 1497 1020 1552 decimas
1076 1499 1190 1552 Deo
1239 1496 1478 1550 omnino
1525 1497 1660 1550 dare
1720 1511 1836 1549 non
1867 1511 1965 1548 ne-

264 1587 536 1658 gligatur,
587 1602 728 1655 quas
777 1587 926 1639 Deus
966 1585 1088 1655 ipse
1138 1584 1246 1638 sibi
1307 1584 1430 1638 dari
1482 1583 1796 1651 constituit,
1830 1583 1966 1653 quia

263 1674 586 1729 timendum
615 1679 700 1728 est
725 1678 789 1727 ut
818 1673 1082 1744 quisquis
1117 1674 1229 1727 Deo
1261 1688 1428 1726 suum
1470 1672 1726 1726 debitum
1757 1672 1968 1726 abstra-

263 1759 368 1828 hit,
397 1775 468 1814 ne
516 1759 662 1813 forte
718 1759 864 1812 Deus
915 1775 1020 1829 per
1073 1763 1373 1828 peccatum
1423 1775 1592 1812 suum
1648 1757 1869 1811 auferat
1915 1757 1967 1810 ei

264 1845 585 1902 necessaria
617 1862 738 1901 sua.

365 1953 495 2007 CAP.
525 1953 758 2008 CXXXII.
781 1981 854 1993 —
879 1955 947 2006 De
968 1952 1080 2006 illis
1109 1954 1207 2022 qui
1233 1951 1468 2006 decimas
1499 1951 1632 2004 dare
1656 1951 1859 2004 nolunt.

339 2041 457 2112 (Ea:
487 2043 676 2096 concil.
714 2041 1012 2104 Cavallon.,
1067 2056 1187 2110 cap.
1226 2042 1338 2108 l8.)
1387 2039 1578 2104 Questi
1629 2043 1762 2092 sunt
1817 2055 1967 2108 pra-

264 2134 420 2184 terea
443 2129 675 2200 quidam
707 2130 926 2196 fratres,
961 2129 1118 2200 quod
1151 2135 1340 2182 essent
1389 2127 1569 2198 aliqui
1601 2127 1856 2198 episcopi
1913 2131 1969 2180 et

268 2218 520 2284 abbates,
554 2217 656 2288 qui
686 2217 935 2272 decimas
964 2233 1081 2271 non
1109 2218 1366 2271 sinerent
1391 2217 1528 2270 dare
1561 2217 1628 2270 ad
1674 2215 1965 2280 Ecclesias,

266 2306 366 2360 ubi
397 2305 482 2359 illi
512 2306 702 2360 coloni
725 2306 947 2359 Missam
971 2304 1230 2359 audiunt.
1268 2305 1512 2358 Proinde
1539 2304 1784 2359 decrevit
1813 2319 1970 2358 sacer

268 2395 378 2448 iste
415 2399 751 2461 conventus,
796 2399 859 2448 ut
910 2393 1164 2464 episcopi
1217 2399 1275 2447 et
1321 2393 1550 2448 abbates
1608 2393 1677 2447 de
1733 2392 1884 2461 agris
1914 2395 1970 2445 et

269 2481 470 2548 vineis,
497 2497 627 2552 qua
659 2481 726 2534 ad
757 2496 926 2534 suum
958 2481 1046 2534 vel
1075 2480 1316 2534 fratrum
1347 2479 1696 2550 stipendium
1734 2479 1967 2543 habent,

266 2569 516 2623 decimas
554 2569 622 2623 ad
667 2569 939 2623 Ecclesiae
983 2568 1192 2624 deferri
1246 2567 1476 2622 faciant.
1539 2567 1790 2622 Familia
1838 2582 1969 2620 vero

266 2657 347 2712 ibi
378 2658 516 2712 dent
563 2657 813 2711 decimas
844 2673 995 2723 suas,
1044 2657 1144 2710 ubi
1171 2657 1416 2710 infantes
1447 2673 1648 2711 eorum
1682 2657 1971 2726 baptizan-

266 2751 380 2813 tur,
441 2751 498 2800 et
552 2745 652 2800 ubi
690 2761 794 2816 per
830 2749 1018 2800 totum
1071 2745 1212 2799 anni
1267 2745 1545 2800 circulum
1604 2745 1806 2800 missas
1862 2761 1972 2798 au-

275 2834 459 2889 diunt.

269 2941 396 2996 CAP.
432 2941 691 2996 CXXXIII.
720 2968 792 2981 —
813 2940 970 3005 Quod
999 2939 1216 2994 decima
1243 2939 1311 2993 ab
1358 2940 1605 2994 omnibus
1644 2940 1972 2996 Christianis

727 3026 796 3066 ea:
825 3010 1002 3065 debito
1026 3013 1235 3080 reposci
1263 3011 1506 3064 debeant.

340 3101 450 3168 (Ea:
481 3101 669 3154 concil.
728 3101 1030 3165 Mogunti.,
1079 3115 1200 3167 cap.
1234 3100 1283 3164 8)
1332 3098 1586 3152 Decimae
1619 3099 1732 3152 Deo
1780 3101 1836 3151 et
1875 3113 1968 3150 sa-
2008 3109 2048 3164 α

275 3186 601 3242 cerdotibus
654 3187 754 3241 Dei
787 3187 1020 3253 dandas,
1058 3186 1348 3241 Abraham
1395 3185 1578 3252 factis,
1633 3186 1802 3241 Jacob
1838 3201 1971 3255 pro-

271 3276 458 3330 missis
521 3275 795 3330 insinuat.
839 3274 1056 3328 Deinde
1105 3275 1195 3327 lex
1257 3273 1471 3338 statuit,
1525 3289 1724 3326 omnes
1779 3273 1972 3327 docto-

272 3381 364 3418 res
403 3363 586 3417 sancti
628 3365 1103 3416 commemorant.
1151 3363 1220 3416 Et
1259 3361 1514 3432 profecto
1555 3361 1794 3430 dignum
1854 3364 1976 3415 erat

273 3457 338 3507 ut
370 3451 634 3506 Israelita
689 3450 936 3505 decimas
979 3466 1268 3520 pecorum,
1311 3454 1368 3503 et
1419 3449 1674 3520 frugum,
1735 3455 1791 3502 et
1847 3466 1971 3502 om-

272 3540 435 3594 nium
466 3539 841 3610 pecuniarum
874 3538 1118 3592 Domino
1151 3538 1374 3601 darent,
1409 3537 1510 3607 qui
1541 3553 1636 3590 eos
1694 3536 1976 3591 liberave-

272 3633 363 3684 rat
396 3645 428 3682 a
453 3629 648 3683 decem
688 3627 892 3698 plagis,
927 3626 1135 3698 quibus
1168 3627 1444 3696 percussit
1475 3625 1788 3696 £gyptios,
1825 3631 1882 3680 et
1912 3627 1972 3679 in

273 3717 584 3772 novissima
607 3717 777 3787 plaga
807 3715 1193 3786 primogenita
1219 3721 1556 3769 cunctorum
1612 3714 1972 3784 disperdidit,

273 3807 634 3878 gratiamque
707 3804 823 3858 suis
876 3804 1161 3875 prastitit,
1244 3807 1305 3857 ut
1357 3803 1681 3874 impetratis
1716 3802 1972 3872 pecuniis

272 3895 586 3967 spoliarent
624 3896 949 3964 Egyptum.
984 3894 1061 3948 De
1092 3891 1301 3963 quibus
1342 3892 1574 3946 decimis
1621 3891 1974 3962 Augustinus

275 3985 475 4038 doctor
523 3982 864 4037 venerabilis
893 3981 1077 4036 dicit:
1133 3981 1378 4034 Decima
1429 3996 1497 4034 ex
1544 3980 1738 4034 debito
1787 3980 1976 4051 requi-

275 4077 500 4126 runtur.
555 4070 700 4134 Quid
750 4070 797 4124 si
853 4069 1066 4124 diceret
1117 4071 1281 4133 Deus,
1343 4085 1551 4140 nempe
1592 4085 1754 4122 meus
1818 4085 1896 4135 es,
1938 4085 1971 4122 o

275 4161 470 4226 homo,
504 4175 631 4212 mea
677 4163 761 4212 est
783 4162 937 4212 terra
989 4173 1163 4226 quam
1213 4157 1372 4225 colis,
1405 4173 1531 4211 mea
1562 4161 1694 4210 sunt
1752 4155 1972 4210 semina

276 4265 405 4320 qua
431 4246 671 4317 spargis,
714 4261 843 4300 mea
890 4245 1162 4299 animalia
1215 4261 1344 4316 qua
1386 4245 1614 4314 fatigas,
1673 4260 1838 4298 meus
1890 4249 1975 4297 est

278 4337 412 4390 solis
441 4337 627 4401 calor;
662 4340 716 4389 et
745 4350 875 4388 cum
922 4335 1114 4388 omnia
1145 4349 1274 4388 mea
1315 4334 1448 4397 sint,
1508 4339 1573 4386 tu
1629 4332 1728 4404 qui
1780 4331 1971 4386 minus

277 4425 692 4491 accommodas,
764 4424 943 4477 solam
1003 4423 1281 4476 decimam
1341 4421 1673 4487 mercbaris,
1729 4421 1826 4474 sed
1888 4435 1971 4472 re-

279 4531 439 4569 servo
467 4513 573 4568 tibi
601 4529 831 4578 novem,
859 4513 931 4566 da
963 4511 1105 4566 mihi
1147 4511 1452 4566 decimam.
1480 4510 1537 4564 Si
1587 4525 1704 4562 nou
1751 4506 1974 4562 dederis

276 4603 420 4658 mihi
474 4603 778 4669 decimam,
806 4601 1060 4655 auferam
1094 4616 1322 4654 novem.
1352 4599 1409 4653 Si
1441 4597 1668 4652 dederis
1700 4596 1843 4650 mihi
1875 4595 1973 4649 de-

277 4691 508 4758 cimam,
557 4691 950 4761 multiplicabo
995 4705 1221 4743 novem.
1268 4689 1410 4744 Cum
1459 4686 1652 4756 itaque
1708 4685 1976 4739 Iudaicus

275 4783 526 4851 p0pulus
571 4783 947 4851 [praeceptum
1032 4778 1385 4832 decimarum
1443 4781 1601 4829 tanta
1675 4773 1978 4844 diligentia

279 4869 624 4934 observaret,
684 4873 748 4922 ut
801 4869 871 4922 de
947 4867 1201 4920 minimis
1250 4865 1573 4936 quibusque
1642 4861 1974 4927 holusculis,

281 4962 412 5010 ruta
485 4954 768 5022 videlicet,
841 4959 1035 5008 menta
1105 4959 1162 5008 et
1233 4953 1466 5018 cimino,
1543 4956 1607 5006 ut
1677 4951 1799 5020 ipse
1867 4951 1977 5004 Do-

279 5045 472 5099 minus
490 5047 750 5105 testatur,
785 5041 1034 5096 decimas
1064 5041 1243 5107 daret,
1268 5056 1370 5094 cur
1400 5055 1515 5092 non
1561 5038 1764 5108 majori
1791 5037 1979 5092 studio

281 5132 443 5204 plebs
475 5129 818 5200 Evangelica
847 5127 1110 5182 eamdem
1141 5129 1380 5198 impleat
1400 5126 1762 5198 jnssionem?
1791 5126 1894 5182 Cui
1925 5131 1981 5180 et

282 5222 468 5291 major
505 5234 780 5273 numerus
820 5223 905 5271 est
949 5217 1329 5283 sacerdotum,
1379 5221 1435 5270 et
1477 5215 1754 5270 sincerior
1795 5217 1980 5269 cultus

282 5306 809 5365 sacramentorum?
839 5306 972 5360 Ideo
1006 5321 1142 5375 ergo
1175 5305 1376 5359 danda
1417 5308 1568 5370 sunt,
1603 5309 1668 5358 nt
1698 5304 1802 5357 hac
1835 5304 1982 5356 Deus

281 5399 587 5455 devotione
631 5398 904 5467 placatus,
948 5395 1162 5464 largius
1211 5398 1441 5464 prastet
1487 5409 1616 5462 qua
1665 5390 1984 5446 necessaria

283 5491 436 5551 sunt,
467 5485 613 5540 sicut
659 5483 923 5554 superius
957 5481 1332 5536 ostendimus.
1366 5481 1434 5533 Et
1481 5484 1542 5533 ut
1571 5480 1890 5532 sacerdotes
1921 5495 1983 5530 ac

281 5573 529 5629 ministri
555 5572 812 5626 Ecclesia
864 5587 1001 5624 cura
1033 5576 1091 5624 et
1140 5568 1528 5623 sollicitudine
1581 5567 1983 5621 necessitatum

281 5657 690 5730 corporalium,
725 5659 847 5713 sine
879 5658 1086 5729 quibus
1139 5659 1261 5713 hac
1309 5657 1422 5710 vita
1465 5655 1705 5726 transigi
1731 5671 1850 5710 non
1879 5671 1985 5725 po-

2078 612 2218 683 legis
2249 618 2306 667 et
2361 613 2635 666 doctrina
2667 612 3247 682 administrationem,
3296 620 3470 687 atque
3500 616 3794 686 spiritalis

2075 701 2288 756 servitii
2319 702 2698 756 voluntariam
2744 702 3146 772 expletionem.
3210 705 3273 757 Et
3329 709 3392 758 ut
3441 721 3649 758 munus
3680 723 3798 776 po-

2077 790 2198 861 puli
2232 791 2292 844 in
2314 791 2652 860 quotidiana
2683 791 2966 845 oblatione
3000 792 3242 846 Domino
3281 793 3632 862 immoletur,
3676 810 3798 848 nec

2077 895 2193 933 non
2219 880 2533 934 secundum
2594 885 2802 933 statuta
2859 881 3131 934 canonica
3180 882 3239 934 in
3298 883 3788 936 sustentationem

2076 984 2421 1040 pauperum,
2457 973 2511 1022 et
2540 970 3015 1023 restaurationem
3077 969 3442 1023 ecclesiarum
3489 970 3787 1040 proficiat.

2077 1059 2334 1123 Quatuor
2363 1059 2513 1112 enim
2543 1065 2732 1129 partes
2773 1060 2934 1129 juxta
2965 1076 3210 1113 canones
3239 1060 3365 1114 fieri
3421 1061 3490 1114 de
3519 1061 3793 1114 fidelium

2077 1147 2459 1202 oblationibus
2503 1148 2732 1215 debent,
2788 1164 2903 1202 una
2962 1148 3035 1202 sit
3091 1148 3360 1219 episcopi,
3417 1149 3595 1202 altera
3665 1149 3792 1203 cle-

2077 1237 2345 1301 ricorum,
2382 1235 2548 1289 tertia
2604 1252 2942 1308 pauperum,
2999 1242 3202 1307 quarta
3250 1237 3654 1291 restaurationi
3685 1252 3790 1290 ec-

2077 1324 2378 1378 clesiarum
2411 1329 2683 1378 servetur.

2079 1414 2206 1467 CAP.
2244 1413 2497 1467 CXXXIV.
2538 1416 2721 1496 —.De
2759 1414 2870 1498 illis
2919 1415 3303 1498 quidecinmm
3347 1415 3480 1469 dare
3507 1416 3793 1470 noluerint

2573 1486 2685 1537 nisi
2712 1487 2884 1550 pretio
2914 1485 3275 1541 redimantur.

2151 1556 2262 1624 (Ea:
2318 1555 2504 1608 concil.
2589 1555 3034 1616 Mediomatricis.
3087 1573 3207 1624 cap.
3269 1557 3345 1626 3.)
3399 1558 3477 1610 De
3542 1555 3792 1610 decimis

2077 1657 2220 1712 quas
2251 1641 2499 1711 populus
2557 1640 2691 1694 dare
2739 1658 2857 1695 non
2905 1644 3042 1709 vult,
3079 1644 3188 1696 nisi
3237 1643 3496 1713 quolibet
3540 1659 3792 1696 munere

2077 1730 2148 1784 ab
2178 1745 2244 1782 eo
2277 1728 2653 1795 redimantur,
2687 1730 2755 1783 ab
2787 1730 3068 1800 episcopis
3125 1732 3554 1801 prohibendum
3590 1736 3679 1784 est
3711 1747 3793 1784 ne

2002 1815 2041 1868 Β
2079 1818 2198 1871 fiat.

2076 1907 2207 1962 CAP.
2252 1907 2486 1960 CXXXV.
2538 1934 2611 1946 —
2666 1909 2732 1961 Ut
2787 1907 2996 1962 decima
3029 1910 3133 1962 Dei
3182 1922 3366 1962 census
3419 1911 3791 1974 nuncupatur.

2151 1995 2261 2064 (Ea:
2285 1995 2471 2048 concil.
2509 1997 2837 2063 Agrippin.,
2867 2012 2986 2063 cap.
3023 1995 3096 2062 6.)
3153 1996 3314 2063 Item,
3355 1994 3505 2064 quod
3537 1993 3790 2054 decima,

2078 2097 2203 2152 qua
2234 2098 2267 2134 a
2306 2082 2570 2136 fidelibus
2601 2083 2786 2150 datur,
2818 2084 2916 2138 Dei
2939 2099 3142 2137 census
3172 2083 3558 2153 nuncupanda
3587 2086 3692 2147 est,
3731 2086 3795 2133 et

2077 2170 2208 2224 ideo
2242 2186 2305 2223 ex
2339 2170 2564 2238 integro
2611 2172 2920 2226 reddenda.
2956 2174 3130 2243 Cujus
3186 2173 3352 2226 tertia
3401 2188 3531 2241 pars
3571 2185 3792 2222 secun-

2079 2258 2216 2312 dum
2247 2274 2525 2312 canonem
2571 2260 2931 2326 Toletanum,
2973 2262 3374 2330 episcoporum
3434 2275 3556 2313 esse
3585 2258 3786 2312 debet.

2082 2347 2194 2400 Nos
2227 2363 2356 2400 vero
2385 2347 2490 2400 hac
2520 2353 2802 2417 potestate
2835 2349 2919 2401 uti
2950 2350 3240 2413 nolumus,
3272 2349 3367 2402 sed
3419 2352 3643 2401 tantum
3669 2346 3791 2399 sin-

2078 2434 2229 2505 gulis
2260 2433 2428 2489 annis
2453 2442 2716 2504 quartam
2748 2443 2969 2505 partem
3005 2453 3104 2490 usu
3138 2437 3534 2491 Romanorum
3584 2434 3788 2504 ponti-

2079 2523 2274 2588 ﬁcum,
2309 2528 2365 2576 et
2407 2523 2771 2578 observantia
2823 2529 3033 2578 sancta
3093 2525 3353 2579 Ecclesia
3407 2525 3680 2578 Romana
3715 2521 3791 2573 de

2081 2611 2281 2665 eadem
2313 2611 2521 2665 habere
2571 2612 2852 2666 volumus.
2907 2613 3068 2678 Quod
3117 2613 3163 2665 si
3216 2613 3344 2683 quis
3390 2610 3793 2665 contentiosus

2080 2699 2212 2754 inde
2264 2704 2525 2769 repertus
2578 2701 2771 2766 fuerit,
2831 2701 2947 2754 sive
2995 2701 3254 2766 clericus,
3289 2701 3406 2754 sive
3459 2700 3556 2752 ille
3606 2697 3792 2751 laicus

2082 2788 2176 2855 sit,
2229 2787 2638 2843 communione
2699 2790 3038 2860 privabitur,
3097 2795 3155 2844 et
3231 2788 3491 2859 synodali
3543 2802 3792 2840 censura

2075 2877 2447 2946 judicabitur.

2084 2966 2212 3020 CAP.
2245 2966 2504 3020 CXXXVI.
2541 2995 2609 3007 —
2643 2969 2723 3020 De
2751 2967 3110 3021 oblationibus
3159 2967 3574 3036 parochitarum
3629 2963 3794 3032 cujus

2741 3054 2851 3091 esse
2881 3039 3124 3092 debeant.

2151 3123 2270 3193 (Ere
2293 3124 2482 3179 concil.
2519 3125 2824 3195 Toletano.)
2883 3127 2957 3181 De
3012 3125 3101 3180 his
3127 3143 3257 3197 qua
3287 3126 3359 3180 ad
3389 3123 3792 3196 parochitanas

2082 3212 2344 3265 ecclesias
2393 3212 2737 3278 offeruntur,
2808 3213 2869 3267 in
2952 3215 3140 3280 terris,
3194 3215 3396 3280 vineis,
3457 3211 3787 3281 mancipiis,

2081 3300 2339 3371 peculiis,
2377 3301 2751 3372 antiquorum
2800 3319 3087 3358 canonum
3142 3304 3404 3357 instituta
3463 3305 3786 3364 serventur,

2083 3390 2148 3440 ut
2174 3387 2368 3440 omnia
2423 3388 2482 3441 in
2538 3389 2791 3458 episcopi
2841 3395 3118 3458 potestate
3170 3389 3498 3442 consistant.
3561 3388 3635 3440 De
3692 3384 3789 3438 his

2082 3482 2272 3531 autem
2305 3493 2433 3547 qua
2463 3479 2738 3531 altaribus
2779 3478 3120 3541 offeruntur,
3157 3478 3327 3532 tertia
3376 3493 3506 3547 pars
3537 3475 3790 3528 fideliter

2083 3565 2362 3635 episcopis
2391 3566 2699 3632 deferatur,
2731 3567 2859 3620 dua
2913 3567 3132 3620 clericis
3181 3567 3411 3620 decima
3475 3568 3665 3618 autem
3697 3579 3788 3614 se.-

2082 3654 2331 3708 cundum
2381 3655 2658 3725 quosdam
2706 3656 2945 3724 singulis
2979 3654 3142 3707 annis
3173 3654 3340 3708 tertia
3388 3669 3535 3724 pars,
3581 3656 3676 3704 aut
3727 3652 3792 3704 in

2079 3744 2250 3796 tertio
2279 3748 2417 3797 tota.
2451 3744 2560 3798 Sed
2589 3747 2782 3797 tamen
2824 3760 2926 3796 nos
2981 3748 3288 3813 sequentes
3349 3743 3658 3806 Romanos,
3680 3739 3793 3793 sin-

2081 3831 2230 3898 gulis
2262 3831 2426 3885 annis
2468 3838 2756 3902 quartam_
2782 3838 3022 3903 partem,
3083 3837 3180 3884 aut
3231 3831 3292 3884 iu
3358 3830 3581 3902 quarto)
3606 3835 3788 3882 totam

2082 3919 2331 3989 episcopi
2355 3920 2652 3990 recipiant.

2081 4008 2218 4063 CAP.
2255 4009 2517 4062 CXXXVII
2571 4040 2638 4047 —
2683 4009 2839 4072 Quod
2893 4010 2951 4060 in
3007 4023 3333 4076 unaquaque
3391 4007 3629 4061 Ecclesia
3677 4010 3791 4059 tam

2153 4079 2218 4131 de
2247 4079 2512 4202 it'editibus
2543 4095 2706 4146 quam
2737 4079 3098 4132 oblationibus
3131 4085 3365 4146 quatuor
3413 4077 3640 4132 debeant
3667 4078 3794 4144 fieri

2153 4164 2250 4202 por
2278 4164 2448 4202 tones.

2147 4164 2421 4218 portiones
2434 4188 2448 4203 .

2154 4239 2258 4298 (Ea:
2287 4239 2440 4305 epist.
2500 4238 2708 4290 Gelasii
2741 4252 2919 4306 papae,
2953 4253 3073 4306 cap.
3130 4236 3244 4306 27.)
3295 4237 3547 4300 Quatuor
3593 4240 3788 4289 autem

2081 4329 2199 4378 tam
2248 4325 2316 4378 de
2363 4323 2644 4378 reditibus
2705 4341 2877 4394 quam
2937 4326 3006 4379 de
3065 4324 3450 4378 oblationibus
3503 4323 3788 4391 fidelium,

2083 4417 2254 4483 prout
2297 4413 2602 4483 cujuslibet
2673 4415 2930 4467 Ecclesia
3003 4415 3238 4467 facultas
3306 4413 3576 4478 admittit,
3642 4413 3790 4465 sicut

2082 4501 2300 4556 dudum
2350 4501 2766 4556 rationabiliter
2822 4507 2903 4555 est
2963 4501 3278 4565 decretum,
3344 4500 3609 4554 convenit
3661 4499 3790 4553 fieri

2082 4589 2393 4660 portiones.
2443 4590 2697 4652 Quarum
2729 4590 2801 4643 sit
2832 4606 2945 4643 una
2977 4589 3288 4659 pontificis,
3340 4589 3518 4642 altera
3548 4587 3782 4642 clerico-

2086 4693 2236 4744 rum,
2268 4678 2435 4732 tertia
2478 4694 2822 4748 pauperum,
2878 4682 3083 4748 quarta
3140 4677 3368 4731 fabricis
3419 4675 3784 4746 applicanda.

2089 4768 2167 4821 De
2209 4767 2415 4838 quibus
2445 4767 2592 4821 sicut
2639 4767 2948 4821 sacerdotis
2978 4765 3242 4820 intererit
3292 4765 3576 4834 integram
3610 4765 3789 4817 mini-

2087 4855 2216 4908 stris
2266 4854 2520 4908 Ecclesia
2575 4859 2953 4909 memoratam
3009 4854 3335 4923 dependere
3385 4853 3793 4923 quantitatem,

2088 4944 2167 4997 sic
2219 4945 2404 4997 clerus
2485 4943 2808 5014 delegatam
2879 4943 2988 4997 sibi
3069 4957 3354 4996 summam
3415 4941 3560 4994 nihil
3637 4941 3791 4994 inso-

2086 5031 2271 5086 lenter
2293 5032 2512 5086 noverit
2564 5032 2963 5102 expetendum.
3000 5031 3076 5084 Ea
3106 5047 3238 5084 vero
3295 5046 3423 5100 qua
3454 5029 3796 5083 ecclesiasti-

2088 5122 2166 5176 cis
2223 5121 2484 5176 aditiciis
2505 5121 2778 5174 attributa
2801 5126 2952 5185 sunt,
2985 5119 3120 5174 huic
3153 5119 3313 5190 operi
3335 5119 3612 5172 veraciter
3653 5134 3802 5187 pra-

2089 5215 2309 5280 rogata,
2341 5211 2603 5264 locorum
2635 5210 2834 5263 doceat
2873 5208 3212 5262 instauratio
3249 5207 3549 5261 manifesta
3582 5211 3802 5260 sancto-

2091 5315 2240 5364 rum,
2275 5298 2411 5368 quia
2461 5297 2620 5350 nefas
2677 5297 2834 5351 estsi
2891 5297 3064 5350 sacris
3119 5297 3335 5350 adibus
3391 5294 3680 5349 destitutis
3738 5295 3803 5348 in

2092 5387 2314 5440 lucrum
2360 5402 2529 5439 suum
2560 5387 2766 5454 prasul
2796 5386 3092 5455 impendia
3120 5385 3209 5438 his
3239 5385 3537 5454 designata
3562 5399 3803 5437 conver-

2092 5479 2194 5528 tat.
2230 5477 2419 5544 Ipsam
2461 5474 2834 5527 nihilominus
2856 5474 3161 5543 ascriptam
3194 5473 3543 5543 pauperibus
3575 5473 3804 5540 portio-

2094 5580 2247 5630 nem,
2322 5563 2584 5634 quamvis
2662 5563 2870 5616 divinis
2940 5561 3258 5616 rationibus
3326 5577 3384 5614 se
3441 5561 3807 5629 dispensasse

2095 5657 2516 5707 monstraturus
2560 5668 2680 5708 eSse
2734 5651 3013 5714 videatur,
3045 5655 3238 5704 tamen
3261 5649 3430 5720 juxta
3459 5649 3610 5719 quod
3668 5649 3807 5703 scri-
