3966 6404
90 414 168 464 701
1049 406 1530 466 DECRETORUM
1574 411 1765 466 LIBRI
1804 411 1912 466 XX.
1954 440 2024 450 —
2068 410 2274 465 LIBER
2313 408 2631 464 TERTIUS.

3501 410 3605 462 702

89 538 230 602 ptum
278 535 364 584 est
400 546 414 584 :
456 534 523 584 ut
552 529 786 585 videant
825 545 1002 601 opera
1039 534 1225 584 vestra
1269 533 1439 598 bona,
1476 536 1532 586 et
1571 533 1786 604 gloriﬁ-
1819 534 1866 586 Α
1906 532 2150 588 Domino
2190 532 2435 587 tradita.
2478 530 2533 586 Si
2587 530 2716 602 quis
2758 534 2969 599 autem,
3020 532 3173 602 quod
3224 531 3389 597 absit,
3443 548 3605 587 secus

94 624 203 673 cent
233 620 463 672 Patrem
495 622 754 673 vestrum
785 618 885 689 qui
916 618 975 672 in
1006 618 1161 673 calis
1192 624 1294 686 est,
1342 625 1567 691 oportet
1608 621 1783 675 etiam

100 707 315 779 pasenti
346 707 760 762 testiﬁcatione
789 706 1114 777 pradicari,
1163 711 1221 761 et
1246 709 1414 763 bona
1442 709 1610 764 fama
1640 726 1784 779 pra-

99 797 251 851 coniis
279 811 399 849 non
429 796 630 849 taceri.

99 888 206 941 CAP.
248 885 572 939 CXXXVIII.
608 916 677 924 —
722 887 853 938 Item
889 884 1034 952 quod
1072 884 1137 937 de
1175 884 1397 940 decimis
1429 892 1665 956 quatuor
1702 887 1790 941 de-

620 956 781 1009 beant
808 958 931 1024 ﬁeri
954 957 1248 1024 portiones.

158 1049 267 1113 (EI:
322 1045 522 1101 concil.
568 1046 918 1110 Nannetensi,
982 1061 1102 1114 cap.
1151 1044 1230 1115 6.)
1286 1044 1609 1099 Instruendi
1655 1049 1790 1099 sunt

106 1135 425 1205 presbyteri,
456 1133 795 1203 pariterque
825 1133 1194 1201 admonendi,
1214 1138 1495 1204 quatenus
1527 1134 1790 1187 noverint

105 1222 327 1276 decimas
384 1227 445 1276 et
515 1221 832 1275 oblationes
888 1238 1030 1291 quas
1074 1239 1107 1275 a
1148 1222 1416 1275 ﬁdelibus
1476 1223 1787 1292 accipiunt,

104 1328 399 1380 pauperum
436 1316 498 1363 et
528 1310 819 1379 hospitum
852 1314 908 1362 et
934 1310 1376 1380 peregrinorum
1410 1326 1530 1363 esse
1571 1311 1786 1380 stipen-

104 1399 193 1464 dia,
238 1405 291 1452 et
331 1415 460 1452 non
502 1398 667 1468 quasi
707 1398 843 1465 suis,
889 1398 986 1452 sed
1032 1399 1195 1469 quasi
1234 1398 1650 1452 commendatis
1682 1398 1788 1451 uti.

102 1489 165 1541 De
192 1489 395 1557 quibus
441 1486 719 1540 omnibus
758 1486 940 1540 sciant
981 1504 1039 1540 se
1081 1488 1366 1541 rationem
1408 1488 1699 1557 posituros
1730 1486 1790 1540 in

102 1582 385 1646 conspectu
421 1577 551 1643 Dei,
580 1581 638 1629 et
670 1576 777 1629 nisi
810 1591 905 1628 eas
936 1576 1182 1629 ﬁdeliter
1217 1576 1571 1646 pauperibus
1612 1580 1670 1630 et
1698 1576 1788 1629 his

102 1665 183 1734 qui
230 1663 519 1734 pramissi
564 1666 698 1716 sunt
744 1663 1292 1729 administraverint,
1338 1664 1548 1717 damna
1596 1681 1789 1735 passu-

100 1767 196 1805 ros.
226 1752 484 1816 Qualiter
527 1767 662 1805 vero
706 1751 1025 1821 dispensari
1064 1751 1326 1816 debeant,
1369 1766 1615 1804 canones
1656 1766 1785 1803 san-

101 1847 173 1894 cte
209 1841 541 1895 instituunt.
584 1839 827 1905 Scilicet,
872 1844 935 1894 ut
964 1844 1213 1910 quatuor
1239 1844 1430 1910 partes
1460 1840 1592 1893 inde
1624 1839 1785 1905 ﬁant,

100 1945 197 1983 una
223 1930 289 1983 ad
321 1928 606 1983 fabricam
639 1927 890 1981 ecclesia
919 1928 1310 1993 relevandam,
1360 1929 1543 1982 altera
1583 1944 1793 1998 panpe-

99 2019 235 2071 ribus
261 2017 690 2081 distribuenda,
723 2016 894 2070 tertia
932 2017 1267 2087 presbytero
1298 2032 1430 2069 cum
1473 2015 1591 2070 suis
1629 2016 1791 2070 cleri-

100 2107 165 2159 cis
206 2105 491 2170 habenda,
545 2110 749 2176 quarta
788 2104 1059 2174 episcopo
1112 2105 1473 2172 reservanda,
1524 2109 1587 2158 ut
1630 2105 1794 2175 quid-

102 2196 219 2266 quid
247 2194 451 2249 exinde
478 2193 736 2263 jusserit,
769 2192 1043 2262 prudenti
1073 2193 1316 2247 concilio
1348 2193 1465 2247 fiat.

103 2283 210 2337 CAP.
258 2284 527 2337 CXXXIX.
569 2311 641 2322 —
696 2281 796 2336 Ubi
839 2284 1125 2335 terminari
1170 2282 1399 2336 debeant
1437 2284 1793 2337 contentiones

592 2357 723 2407 orta
754 2356 896 2406 inter
921 2353 1283 2408 Christianos.

161 2442 247 2495 Ex
293 2442 440 2495 decr.
490 2441 737 2496 Marcelli
766 2455 947 2508 papae,
991 2454 1110 2508 cap.
1147 2440 1220 2507 3.)
1258 2439 1625 2511 Quacunque
1657 2456 1792 2511 ergo

106 2530 477 2584 contentiones
508 2528 659 2583 inter
691 2528 1041 2582 Christianos
1070 2532 1213 2581 orta
1243 2528 1473 2591 fuerint,
1506 2529 1575 2583 ad
1608 2530 1795 2583 Eccle-

107 2618 224 2670 siam
254 2618 543 2683 deferant,
590 2624 647 2671 et
684 2617 756 2671 ab
796 2616 1190 2670 ecclesiasticis
1220 2616 1357 2670 viris
1392 2618 1792 2671 terminentur.

108 2706 158 2758 Et
190 2705 233 2759 si
281 2706 527 2760 obedire
567 2704 881 2766 noluerint,
927 2720 1230 2775 quousque
1260 2705 1531 2759 obediant
1557 2722 1589 2758 a
1637 2705 1792 2759 limi-

109 2795 251 2847 nibus
275 2802 493 2849 sancta
530 2793 793 2848 Ecclesia
823 2793 1215 2848 excludantur.

108 2882 214 2936 CAP.
247 2883 396 2938 CXL.
428 2912 502 2922 —
531 2885 609 2936 De
655 2883 739 2935 his
785 2884 880 2950 qui
913 2881 1207 2935 oblationes
1257 2887 1546 2950 parentum
1582 2888 1680 2936 aut
1718 2888 1794 2936 te—

161 2959 441 3017 stamenta,
486 2953 572 3005 vel
618 2952 763 3021 quod
809 2954 919 3021 ipsi
971 2952 1297 3007 donaverint
1334 2954 1607 3020 Ecclesiis,
1664 2956 1791 3007 reti-

163 3041 276 3079 nere
305 3030 403 3077 aut
436 3026 663 3089 auferre
688 3028 973 3077 conantur.

1896 621 2093 691 egerit,
2124 620 2314 675 videat
2345 637 2416 674 ne
2477 620 2911 674 damnationem
2955 621 3193 674 Ananiae
3247 625 3303 673 et
3333 620 3605 691 Saphyra

1896 708 2199 779 percipiat,
2255 712 2311 760 et
2338 723 2469 761 reus
2503 706 2792 777 sacrilegii
2823 707 3104 760 etticiatur
3136 707 3281 760 sicut
3328 708 3409 760 illi
3456 709 3612 761 face-

1895 801 2033 850 runt
2063 797 2163 867 qui
2208 796 2396 867 pretia
2444 797 2857 866 praedictarum
2899 813 3090 850 rerum
3139 797 3499 863 fraudabant,
3533 798 3602 851 de

1898 885 2105 956 quibus
2139 886 2197 938 in
2230 886 2518 956 pradictis
2550 885 2764 954 legitur
2789 886 3183 955 apostolorum
3215 886 3466 940 Actibus.

2345 992 2475 1046 CAP.
2511 991 2735 1045 CXLIV.
2768 995 2842 1046 De
2874 992 3058 1045 eadem
3082 1008 3158 1046 re.

1970 1080 2102 1145 (Em
2135 1080 2330 1134 concil.
2378 1080 2674 1147 Gangren.,
2728 1095 2848 1147 cap.
2886 1080 2969 1144 7.)
3024 1079 3081 1133 Si
3112 1080 3241 1149 quis
3284 1079 3604 1133 oblationes

1898 1165 2164 1219 Ecclesia
2210 1172 2362 1218 extra
2406 1166 2709 1219 Ecclesium
2760 1164 3017 1235 accipere
3047 1167 3135 1219 vel
3180 1166 3316 1219 dare
3361 1167 3605 1221 voluerit

1897 1256 2110 1321 prater
2141 1252 2550 1304 conscientiam
2585 1250 2836 1322 episcopi
2887 1252 2973 1303 vel
3025 1250 3148 1319 ejus
3191 1252 3281 1304 cui
3331 1251 3602 1321 hujusce-

1900 1340 2057 1394 modi
2090 1340 2279 1394 ofticia
2310 1340 2613 1394 commissa
2645 1345 2799 1405 sunt,
2846 1354 2951 1393 nec
3006 1354 3135 1391 cum
3188 1338 3311 1407 ejus
3359 1335 3605 1389 voluerit

1901 1444 2067 1498 agere
2098 1429 2357 1495 consilio,
2392 1430 2697 1482 anathema
2727 1428 2815 1481 sit.

2308 1517 2435 1571 CAP.
2468 1517 2659 1571 CXLV.
2691 1545 2764 1556 —
2794 1519 2867 1569 De
2897 1515 3081 1568 eadem
3113 1529 3188 1567 re.

1968 1605 2078 1672 (Ea:
2108 1605 2309 1671 eodem,
2348 1621 2468 1673 cap.
2523 1605 2598 1675 8.)
2647 1605 2703 1659 Si
2744 1603 2870 1673 quis
2918 1601 3142 1656 dederit
3190 1601 3275 1653 vel
3321 1598 3605 1667 acceperit

1901 1693 2090 1747 oblata
2121 1698 2327 1764 prater
2356 1696 2690 1763 episcopum
2726 1693 2811 1744 vel
2845 1708 2975 1744 eum
3006 1691 3105 1760 qui
3138 1689 3480 1742 constitutus
3520 1692 3604 1740 est

1826 1815 1864 1868 Β
1902 1783 1973 1835 ab
2020 1798 2086 1835 eo
2141 1783 2207 1835 ad
2246 1782 2691 1851 dispensandam
2737 1780 3187 1834 misericordiam
3231 1776 3602 1849 pauperibus,

1904 1874 1959 1923 et
1988 1870 2089 1940 qui
2119 1870 2214 1923 dat
2246 1875 2303 1923 et
2341 1869 2441 1940 qui
2471 1870 2696 1939 accipit,
2734 1870 3041 1922 anathema
3064 1868 3153 1922 sit.

1902 1977 2030 2030 CAP.
2094 1977 2305 2030 CXLVI.
2348 2006 2420 2015 ——-
2482 1979 2549 2030 Ut
2610 1991 2786 2029 omnes
2841 1976 3097 2029 Ecclesia
3148 1976 3230 2027 vel
3276 1974 3493 2027 decimae
3544 1972 3603 2025 in

2257 2050 2626 2115 episcopo-rum
2650 2051 2912 2115 potestate
2931 2049 3244 2099 consistant.

1975 2136 2081 2204 (Ea:
2111 2136 2280 2189 concil
2355 2135 2654 2201 Cabillon.,
2696 2150 2817 2201 cap.
2874 2136 2949 2203 1.)
3002 2134 3066 2187 In
3120 2137 3313 2185 sancto
3356 2130 3605 2185 Cabillo-

1903 2225 2067 2277 nensi
2095 2223 2337 2276 concilio
2369 2223 2661 2276 decretum
2696 2227 2780 2276 est
2832 2227 2890 2275 ut
2935 2238 3134 2275 omnes
3176 2218 3434 2274 Ecclesiae
3474 2233 3603 2271 cum

1904 2311 2134 2366 dotibus
2163 2311 2280 2365 suis
2310 2317 2366 2365 et
2397 2311 2654 2379 decimis,
2699 2315 2755 2364 et
2801 2311 3070 2364 omnibus
3124 2309 3293 2362 rebus
3348 2307 3485 2373 suis,
3545 2306 3604 2359 in

1904 2401 2154 2471 episcopi
2183 2400 2403 2471 proprii
2434 2404 2712 2470 potestate
2753 2400 3091 2465 consistant,
3145 2404 3317 2468 atque
3348 2396 3415 2450 ad
3450 2394 3605 2448 ordi-

1904 2489 2201 2543 nationem
2230 2490 2319 2542 vel
2348 2489 2783 2559 dispositionem
2814 2504 2975 2541 suam
3012 2503 3239 2556 semper
3260 2485 3603 2555 pertineant.

1906 2579 2031 2633 CAP.
2066 2578 2314 2633 CXLVII.
2347 2605 2417 2619 —
2437 2578 2594 2641 Quod
2617 2579 2931 2631 tricennalis
2960 2578 3222 2645 possessio
3251 2578 3413 2643 ﬁrma
3440 2575 3531 2628 sit.

1977 2668 2097 2734 (Ecc
2147 2666 2334 2720 concil.
2380 2667 2617 2721 Toletan.
2667 2682 2720 2731 v,
2773 2682 2891 2735 cap.
2956 2667 3069 2732 35.)
3118 2664 3274 2719 Sicut
3317 2659 3607 2717 dioecesim

1905 2754 2150 2808 alienam
2180 2754 2511 2807 tricennalis
2542 2754 2820 2822 possessio
2864 2754 3031 2820 tollit,
3062 2753 3136 2805 ita
3168 2749 3443 2805 territorii
3474 2765 3607 2803 con-

1903 2848 2139 2897 ventum
2193 2859 2311 2896 non
2360 2842 2601 2896 admitit.
2664 2842 2912 2912 Ideoque
2968 2841 3213 2895 basilica
3257 2855 3385 2910 qua
3442 2854 3607 2891 nova

1905 2932 2147 2986 condita
2176 2931 2413 2997 fuerint,
2446 2931 2515 2984 ad
2535 2946 2667 2984 eum
2691 2931 2889 2999 procul
2921 2930 3094 2983 dubio
3126 2928 3460 2998 episcopum
3485 2942 3607 2997 per-

1904 3021 2193 3087 tinebunt,
2224 3021 2387 3089 cujus
2417 3025 2726 3073 conventus
2756 3036 2876 3072 esse
2907 3018 3242 3072 constiterit.

164 3113 271 3181 (Ea:
318 3113 518 3168 concil.
565 3112 751 3166 habito
772 3111 923 3181 apud
965 3112 1264 3177 Valentias,
1304 3127 1427 3180 cap.
1469 3110 1549 3180 4.)
1593 3110 1793 3166 Clerici

1957 3142 2036 3179 AP.
2073 3126 2347 3181 CXLVIII.
2405 3156 2473 3163 —
2518 3127 2584 3179 Ut
2636 3126 2983 3191 singularum
3029 3124 3389 3178 Ecclesiarum
3436 3122 3608 3175 rusti-

108 3201 258 3253 etiam
310 3202 401 3255 vel
453 3200 780 3265 saeculares,
844 3199 942 3270 qui
990 3199 1307 3253 oblationes
1357 3205 1661 3269 parentum
1697 3204 1796 3253 aut

109 3288 346 3358 donatas,
396 3295 502 3343 aut
550 3288 905 3343 testamentis
962 3287 1188 3341 relictas
1232 3287 1483 3341 retinere
1531 3287 1792 3357 perstite-

111 3378 222 3446 rint,
255 3384 351 3432 aut
380 3379 437 3432 id
474 3378 631 3448 quod
664 3376 773 3446 ipsi
813 3376 1154 3430 donaverint
1187 3376 1445 3430 Ecclesiis
1483 3377 1569 3429 vel
1603 3392 1796 3430 mona-

112 3466 275 3519 steriis
313 3466 671 3521 crediderint
706 3464 1106 3531 auferendum,
1141 3464 1288 3518 sicut
1317 3464 1573 3534 synodus
1604 3470 1797 3518 sancta

112 3556 401 3621 constituit,
437 3556 599 3609 velut
639 3560 930 3608 necatores
968 3570 1310 3624 pauperum,
1346 3569 1644 3625 quousque
1675 3553 1798 3607 red-

114 3642 227 3697 dant
256 3644 322 3698 ab
354 3644 624 3698 Ecclesiis
653 3643 1047 3697 excludantur.

171 3733 287 3787 CAP.
325 3734 510 3787 CXLI.
543 3763 611 3772 --
642 3735 715 3786 De
761 3733 877 3786 illis
908 3734 1005 3802 qui
1032 3732 1206 3785 Deum
1258 3730 1518 3786 haredem
1556 3732 1791 3797 faciunt.

172 3821 239 3889 (S.
270 3823 482 3877 Isidor.
525 3821 705 3890 dicit.)
761 3820 1115 3892 Augustinus
1142 3820 1220 3873 ait
1238 3819 1299 3872 in
1324 3819 1471 3873 libro
1496 3819 1565 3872 de
1605 3821 1797 3873 Hare-

117 3908 298 3965 dibus:
338 3910 469 3965 Noli
518 3910 627 3964 sub
658 3909 908 3980 imagine
947 3908 1175 3980 pietatis
1213 3924 1423 3978 augere
1474 3908 1795 3977 pecuniam,

116 3997 280 4053 dicens
314 4017 326 4055 :
365 4000 528 4055 Filiis
556 3999 699 4052 meis
729 4014 892 4051 servo
935 3998 1037 4051 has
1071 4013 1182 4051 res.
1231 3996 1417 4061 Quare
1459 4013 1573 4050 non
1608 3996 1799 4066 potius

119 4103 281 4141 servas
320 4088 405 4142 illi
451 4087 553 4158 qui
600 4093 655 4140 te
712 4102 777 4140 ex
825 4085 1006 4141 nihilo
1058 4085 1209 4151 fecit,
1268 4085 1369 4155 qui
1417 4090 1472 4139 te
1508 4085 1709 4155 pascit,
1745 4090 1801 4138 et

118 4173 245 4230 ﬁlios
279 4178 506 4231 servat?
540 4176 743 4229 Nonne
772 4175 978 4229 melius
1019 4173 1262 4227 creatori
1301 4179 1399 4227 tuo
1448 4173 1799 4226 thesauriza-

118 4261 190 4315 bis
215 4281 382 4334 quam
414 4263 594 4319 ﬁliis?
626 4265 764 4317 Item
796 4263 951 4317 idem
984 4279 996 4316 :
1037 4263 1159 4326 Qua
1192 4260 1378 4315 fronte
1404 4261 1800 4315 hareditatem

2075 3213 2222 3251 cana
2240 3198 2513 3266 parochia
2537 3212 2744 3265 semper
2764 3200 3017 3249 maneant
3047 3197 3390 3248 inconcussa.

1976 3288 2084 3355 (Ea:
2124 3287 2312 3340 concil.
2365 3285 2638 3349 Chalced.,
2672 3300 2793 3353 cap.
2832 3286 2943 3351 17.)
2995 3283 3366 3352 Singularum
3416 3280 3603 3333 Eccle-

1906 3374 2121 3428 siarum
2162 3374 2402 3427 rusticas
2452 3373 2750 3443 parochias
2800 3373 2889 3425 vel
2948 3371 3335 3441 possessiones
3375 3383 3608 3422 manere

1906 3462 2275 3515 inconcussas
2311 3461 2422 3514 illis
2454 3460 2735 3530 episcopis
2789 3459 2887 3529 qui
2928 3476 3023 3512 eas
3067 3458 3314 3512 retinere
3367 3472 3610 3510 noscun-

1906 3554 2022 3609 tur,
2048 3555 2105 3603 et
2135 3549 2383 3602 maxime
2416 3549 2462 3601 si
2494 3564 2597 3618 per
2628 3547 2971 3601 tricennium
2997 3563 3091 3599 eas
3123 3547 3337 3615 absque
3376 3545 3431 3598 vi
3463 3543 3612 3597 obti-

1905 3642 2131 3705 nentes,
2177 3638 2283 3691 sub
2336 3636 2760 3705 dispensatione
2802 3638 3093 3687 rexerunt.
3145 3633 3303 3697 Quod
3364 3634 3411 3685 si
3459 3632 3613 3685 intra

1904 3726 2252 3779 tricennium
2300 3725 2448 3778 facta
2488 3723 2664 3777 fuerit
2698 3723 2768 3776 de
2804 3722 2893 3776 his
2946 3721 3260 3787 altercatio,
3308 3720 3476 3774 licere
3533 3719 3614 3772 eis

1909 3815 2007 3885 qui
2039 3831 2096 3868 se
2127 3814 2294 3867 lasos
2338 3816 2624 3880 asserunt,
2670 3811 2820 3880 apud
2863 3814 3116 3862 sanctam
3162 3809 3440 3879 synodum
3484 3824 3614 3877 pro-

1908 3901 2109 3956 vincia
2143 3902 2212 3956 de
2244 3901 2330 3955 his
2359 3916 2587 3954 movere
2617 3904 2908 3953 certamen
2947 3898 3318 3951 decrevimus.

1910 4010 2037 4064 CAP.
2086 4009 2301 4063 CXLIX.
2336 4038 2401 4047 —
2434 4006 2591 4072 Quod
2631 4007 2945 4059 tricennalis
2989 4007 3272 4073 possessio,
3315 4005 3363 4057 si
3403 4006 3614 4057 intacta

2296 4080 2622 4149 permansit,
2654 4079 2861 4133 mutari
2885 4092 2990 4130 non
3018 4077 3224 4129 debeat.

1980 4170 2089 4239 (Ea:
2118 4171 2276 4237 epist.
2313 4168 2515 4224 Gelasii
2536 4182 2714 4235 papa,
2748 4182 2868 4235 cap.
2924 4164 3031 4235 ll.)
3064 4164 3206 4218 [llud
3240 4164 3412 4216 etiam
3447 4163 3617 4217 adne-

1912 4258 1987 4311 cti
2034 4257 2252 4327 placuit
2280 4262 2343 4310 ut
2374 4257 2441 4324 si,
2477 4256 2628 4326 quod
2673 4255 2838 4319 absit,
2874 4254 3169 4308 facultates
3200 4253 3479 4318 Ecclesia,
3516 4267 3620 4305 nec

120 4366 145 4403 a
186 4352 397 4408 Christo
449 4352 688 4425 quaris,
746 4367 926 4422 quum
976 4350 1266 4406 Christum
1313 4355 1414 4404 tua
1462 4350 1798 4405 haereditate
1828 4374 1870 4427 ο
1912 4363 2028 4401 non
2060 4352 2119 4400 et
2151 4345 2421 4400 dioeceses
2451 4345 2520 4398 ab
2564 4344 2688 4397 aliis
2720 4343 3045 4413 quibusque
3094 4340 3460 4410 possidentur
3505 4339 3620 4409 epi-

121 4438 485 4496 traudaveris?
537 4440 648 4505 Qui
684 4440 870 4495 dixit:
910 4438 1311 4494 Thesaurizate
1360 4438 1522 4492 vobis
1559 4439 1797 4493 thesau-

122 4541 197 4580 ros
220 4529 276 4582 in
299 4530 441 4585 calo
455 4529 484 4583 ?

123 4614 228 4670 CAP.
252 4618 444 4674 CXLlI.
479 4646 552 4657 —
580 4618 653 4670 De
682 4616 767 4670 his
815 4617 913 4684 qui
943 4616 1236 4669 oblationes
1292 4614 1669 4679 defunctorum
1708 4619 1805 4669 aut

476 4692 683 4755 negant
712 4690 809 4741 aut
838 4687 1141 4754 difﬁculter
1158 4685 1415 4740 reddunt.

181 4780 277 4841 (Ea:
302 4780 491 4834 concil.
527 4777 680 4845 apud
726 4777 1022 4841 Valentius,
1064 4790 1185 4843 cap.
1238 4776 1314 4839 4.)
1347 4773 1455 4837 Qui
1485 4773 1803 4828 oblationes

122 4860 500 4919 defunctorum
538 4869 639 4918 aut
677 4868 890 4934 negant
930 4861 1209 4925 Ecclesiis,
1246 4867 1345 4915 aut
1390 4878 1521 4915 cum
1554 4862 1803 4916 difﬁcul-

121 4952 215 5005 tate
258 4955 523 5021 reddunt,
568 4956 845 5024 tanquam
885 4951 1180 5023 egentium
1236 4955 1532 5005 necatores
1583 4965 1804 5004 excom-

121 5041 483 5097 municentur.

492 5131 624 5185 CAP.
660 5129 886 5184 CXLIII.
921 5157 988 5170 —
1010 5128 1091 5183 De
1110 5127 1294 5181 eadem
1316 5142 1394 5180 re.

179 5217 271 5278 (Ea:
294 5217 437 5272 decr.
472 5218 686 5273 Urbani
710 5232 889 5285 papa,
925 5230 1046 5285 cap.
1088 5215 1168 5284 4.)
1200 5215 1326 5283 Ipse
1358 5212 1511 5267 enim
1545 5228 1635 5265 res
1666 5211 1802 5266 ﬁde-

122 5299 258 5369 lium,
298 5305 623 5361 oblationes
657 5304 1042 5375 appellantur,
1086 5303 1224 5374 quia
1268 5301 1515 5357 Domino
1544 5301 1798 5354 offerun-

123 5390 211 5443 tur.
241 5393 358 5448 Non
387 5411 528 5465 ergo
558 5394 771 5449 debent
796 5393 857 5446 in
887 5393 1029 5447 alios
1068 5408 1207 5445 usus
1240 5406 1413 5461 quam
1463 5388 1799 5444 ecclesiasti-

122 5490 212 5542 cos,
238 5494 287 5536 et
312 5484 730 5553 pradictorum
760 5481 1221 5537 Christianorum
1251 5480 1494 5534 fratrum
1529 5478 1615 5532 vel
1646 5478 1792 5531 indi-

120 5569 345 5632 gentium
371 5571 657 5637 converti,
694 5570 830 5642 quia
858 5575 989 5625 vota
1021 5574 1154 5624 sunt
1199 5568 1482 5634 fidelium,
1525 5573 1581 5620 et
1610 5566 1795 5637 pretia

120 5664 473 5728 peccatorum,
526 5666 702 5732 atque
748 5659 815 5714 ad
865 5658 1205 5731 pradictum
1256 5673 1398 5729 opus
1446 5655 1791 5727 explendum

1909 4436 2115 4506 scopis,
2149 4435 2282 4504 jure
2331 4434 2443 4489 sibi
2492 4433 2785 4487 vindicent
2822 4430 2973 4501 quod
3008 4429 3332 4482 tricennalis
3372 4430 3458 4481 lex
3488 4444 3622 4481 con'

1914 4523 2099 4590 clusit,
2136 4522 2270 4593 quia
2301 4528 2357 4576 et
2388 4522 2537 4575 ultra
2568 4520 2804 4589 triginta
2834 4534 3014 4571 annos
3045 4517 3189 4569 nulli
3225 4516 3389 4569 liceat
3419 4531 3525 4585 pro
3548 4531 3618 4569 eo

1913 4612 2225 4682 appellare,
2256 4610 2408 4681 quod
2439 4610 2631 4678 legum
2651 4613 2879 4676 tempus
2910 4605 3177 4659 excludit.

1914 4719 2043 4774 CAP.
2079 4717 2182 4772 CL.
2217 4746 2283 4757 —
2337 4715 2480 4770 Idem
2538 4714 2603 4767 de
2651 4713 2815 4795 rebus.
2866 4727 2965 4781 per
3006 4712 3235 4777 triginta
3273 4724 3442 4764 annos
3486 4723 3615 4781 pos-

2680 4798 2859 4837 888815.

1981 4878 2092 4946 (Ea:
2130 4876 2317 4930 concil.
2352 4876 2657 4939 Matiscen.,
2715 4887 2834 4941 cap.
2885 4871 2965 4941 7.)
3003 4871 3070 4925 Ut
3110 4870 3179 4924 de
3210 4869 3385 4923 rebus
3433 4869 3619 4923 Eccle-

1911 4966 2125 5019 siarum
2177 4979 2307 5034 qua
2348 4962 2417 5016 ab
2475 4962 2558 5015 eis
2603 4977 2707 5032 per
2754 4960 2991 5030 triginta
3039 4975 3325 5015 annorum
3372 4958 3619 5028 spatium

1911 5053 2033 5108 sine
2080 5053 2196 5107 ulla
2240 5051 2700 5122 interpellatione
2758 5066 3034 5120 possessa
3080 5053 3236 5117 sunt,
3289 5047 3620 5102 testimonia

1910 5159 2025 5197 non
2052 5141 2421 5210 recipiantur,
2454 5139 2552 5193 sed
2583 5156 2651 5193 eo
2684 5139 2853 5193 modo
2887 5138 3313 5201 contineantur,
3360 5136 3505 5189 sicut
3529 5151 3620 5189 res

1914 5231 1985 5286 ad
2017 5232 2218 5285 fiscum
2252 5228 2606 5283 dominicum
2633 5228 2990 5297 pertinentes
3019 5224 3301 5281 contineri
3333 5223 3538 5276 solent.

2033 5321 2163 5375 CAP.
2194 5319 2324 5374 CLI.
2358 5348 2426 5357 —
2454 5320 2527 5372 De
2546 5317 2683 5454 illis],
2721 5319 2818 5401 qui
2846 5316 2913 5441 ite
2933 5316 3165 5370 ecclesiis
3189 5314 3494 5368 cameleria

2680 5403 2840 5441 aczun
2872 5429 2883 5440 .

2680 5404 2761 5441 ac:
2770 5403 2883 5441 unt.

1982 5478 2094 5547 (Ea:
2123 5479 2308 5532 concil.
2344 5476 2626 5541 Meldensi,
2660 5490 2780 5544 cap.
2816 5476 2893 5540 9.)
2922 5471 3210 5541 Antiquus
3238 5469 3297 5522 in
3330 5468 3416 5521 his
3440 5467 3623 5538 regio-

1908 5567 2075 5621 nibus
2147 5566 2206 5619 in
2262 5565 2502 5619 Ecclesia
2552 5562 3017 5634 sepeliendorum
3064 5563 3424 5613 mortuorum
3484 5573 3621 5610 usus

1910 5656 2037 5721 fuit,
2071 5659 2126 5709 et
2160 5654 2506 5725 plerumque
2538 5654 2659 5707 loca
2697 5650 2891 5705 divino
2941 5649 3117 5703 cultui
3168 5647 3515 5718 mancipata,
3562 5650 3621 5700 et
