3966 6406
301 424 405 475 703

1390 420 1796 476 BURCHARDI
1838 418 2369 477 WORMACIENSIS
2407 417 2737 475 EPISCOPl.

3714 418 3834 473 70's

300 543 372 599 ad
420 543 741 598 offerendas
782 545 897 598 Deo
939 543 1154 598 hostias
1178 548 1499 615 praeparata
1520 546 1843 599 casmeteria
1886 545 2001 598 sive
2032 549 2073 599 A
2115 548 2340 598 aetatem
2399 544 2749 614 decrepitam
2796 543 2938 597 levis
2989 559 3053 597 ac
3098 543 3348 597 lubricus
3413 544 3649 611 exstitit,
3703 560 3838 598 mo-

296 633 638 703 polyandria
668 633 815 686 facta
844 639 994 687 sunt.
1045 634 1204 688 Unde
1237 635 1501 687 volumus
1550 639 1614 687 ut
1661 635 1729 687 ab
1783 634 1889 688 hac
1942 650 2003 687 re

302 721 572 791 deinceps
603 721 972 781 abstineatur.
1000 726 1062 776 ut
1092 737 1263 775 nemo
1303 722 1363 775 in
1396 723 1640 776 Ecclesia
1672 724 2000 793 sepeliatur,

302 810 415 865 nisi
441 809 584 863 forte
617 810 745 862 talis
794 811 863 863 sit
913 826 1159 881 persona
1200 811 1529 878 sacerdotis,
1572 816 1670 865 aut
1701 811 2007 881 cujuslibet

300 898 442 969 justi
475 898 743 961 hominis,
773 899 873 968 qui
916 914 1018 968 per
1054 900 1183 952 vitae
1232 899 1502 953 meritum
1548 901 1720 953 talem
1764 900 2006 953 vivendo

304 1004 407 1040 suo
440 986 664 1057 corpori
710 986 976 1041 defuncto
1016 988 1202 1041 locum
1246 988 1561 1058 acquisivit.
1596 988 1846 1059 Corpora
1876 1005 2008 1042 vero

307 1090 436 1144 quae
469 1074 790 1144 antiquitus
824 1075 881 1129 in
912 1076 1176 1130 Ecclesiis
1206 1077 1428 1146 sepulta
1453 1082 1604 1142 sunt,
1640 1093 2007 1147 nequaquam

304 1162 701 1232 proiiciantur,
739 1163 849 1217 nisi
895 1165 1008 1218 sint
1052 1181 1433 1235 paganorum,
1478 1166 1573 1218 sed
1627 1165 1836 1218 tumuli
1907 1164 2008 1235 qui

306 1255 585 1321 apparent
615 1251 950 1322 profundius
1001 1253 1059 1306 in
1103 1258 1317 1306 terram
1375 1254 1696 1319 mittantur,
1750 1259 1805 1307 et
1849 1254 2007 1325 pavi-

307 1343 500 1393 mento
530 1339 777 1409 desuper
808 1341 953 1395 facto
985 1343 1145 1395 nullo
1171 1343 1530 1395 tumulorum
1562 1342 1803 1411 vestigio
1834 1358 2009 1412 appa-

306 1433 491 1496 rente,
556 1429 814 1482 Ecclesiae
871 1430 1195 1484 reverentia
1251 1437 1640 1485 conservetur.
1709 1432 1813 1485 Ubi
1873 1447 2006 1484 vero

306 1521 465 1569 tanta
503 1521 587 1570 est
638 1517 949 1571 multitudo
1003 1519 1365 1585 cadaverum,
1409 1525 1471 1572 ut
1502 1520 1609 1572 hoc
1638 1520 1821 1572 facere
1854 1520 2006 1573 diffi-

306 1606 411 1659 cile
443 1605 536 1673 sit,
588 1606 747 1659 locus
802 1607 899 1660 ille
941 1591 1046 1677 pro
1094 1606 1423 1661 cmmeterio
1472 1608 1770 1674 habeatur,
1818 1608 2007 1662 ablato

306 1693 438 1748 inde
491 1694 758 1764 altari,et
778 1694 834 1748 in
890 1696 1001 1748 alio
1055 1695 1179 1748 loco
1226 1696 1552 1761 constituto,
1603 1696 1702 1749 ubi
1743 1696 2007 1767 religiose

305 1787 362 1836 et
391 1798 534 1853 pure
579 1784 691 1837 Deo
723 1782 1062 1838 sacriﬁcium
1097 1784 1289 1837 offerri
1320 1784 1525 1837 valeat.

308 1889 437 1945 CAP.
474 1889 632 1943 CLII.
667 1921 735 1929 —
776 1892 853 1945 De
885 1890 995 1944 illis
1044 1892 1141 1959 qui
1182 1892 1241 1943 in
1278 1893 1451 1945 sacris
1500 1892 1627 1945 locis
1674 1906 1728 1945 se
1783 1894 2008 1961 sepelire

1014 1963 1293 2029 petierint.

378 2047 642 2118 (August.
676 2047 857 2117 dicit.)
904 2047 1121 2111 Quibus
1167 2053 1397 2117 peccata
1452 2049 1686 2103 dimissa
1726 2065 1844 2103 non
1876 2054 2010 2104 sunt

308 2151 341 2189 a
403 2135 576 2188 sacris
624 2136 762 2189 locis
808 2141 938 2205 post
980 2141 1224 2190 mortem
1268 2137 1527 2207 adjuvari
1572 2154 1691 2191 non
1744 2144 2004 2208 possunt,

307 2224 446 2295 quia
475 2240 620 2293 quos
643 2228 873 2292 peccata
906 2224 1101 2293 gravia
1151 2225 1503 2295 deprimunt,
1539 2225 1585 2277 si
1625 2225 1686 2279 in
1716 2225 1887 2278 sacris
1917 2226 2009 2279 lo-

306 2312 384 2365 cis
414 2312 657 2381 sepelire
684 2328 743 2365 se
776 2312 1031 2379 faciunt;
1069 2318 1241 2367 restat
1257 2319 1321 2367 ut
1346 2314 1416 2367 de
1433 2330 1533 2367 sua
1554 2314 2007 2383 praesumptione

301 2399 654 2470 judiCentur.
709 2406 991 2471 quatenus
1042 2418 1137 2456 eos
1187 2418 1344 2456 sacra
1390 2404 1515 2457 loca
1562 2419 1677 2457 non
1739 2404 2006 2469 liberant,

312 2488 410 2543 sed
438 2488 605 2559 culpa
633 2489 973 2543 temeritatis
1003 2496 1248 2544 accusat.

719 2578 848 2632 CAP.
884 2578 1068 2634 CLIII.
1103 2609 1172 2620 —
1203 2580 1285 2633 De
1312 2580 1495 2634 eadem
1523 2596 1597 2633 re.

385 2664 628 2735 (Gregor.
662 2665 801 2720 dicit
837 2668 895 2720 in
923 2666 1139 2734 dialogo
1178 2668 1321 2734 suo.)
1353 2668 1493 2722 Cum
1542 2667 1734 2737 gravia
1778 2672 2011 2737 peccata

307 2768 427 2806 non
458 2751 813 2821 deprimunt,
870 2752 977 2806 hoc
1016 2754 1248 2823 prodest
1281 2754 1524 2808 mortuis
1555 2755 1599 2807 si
1633 2756 1691 2808 in
1750 2756 2010 2809 Ecclesiis

312 2840 681 2910 sepeliantur,
712 2841 864 2912 quod
902 2858 1104 2895 eorum
1139 2842 1386 2912 proximi
1434 2844 1655 2913 quoties
1708 2844 1775 2898 ad
1810 2845 2010 2898 eadem

312 2930 435 2983 loca
485 2946 644 2983 sacra
694 2929 954 2996 veniunt,
1017 2947 1276 2998 suorum,
1331 2947 1579 3001 quorum
1654 2934 2008 3003 sepulturam

309 3017 613 3088 aspiciunt,
684 3019 1041 3085 recordatur,
1091 3025 1148 3073 et
1214 3036 1320 3089 pro
1371 3021 1453 3073 eis
1514 3020 1758 3075 Domino
1813 3038 2010 3093 preces

308 3107 578 3161 fundunt.
611 3108 754 3161 Nam
784 3124 928 3178 quos
958 3114 1188 3178 peccata
1231 3109 1427 3178 gravia
1474 3109 1826 3179 deprimunt,
1890 3127 2004 3165 non
2041 3096 2081 3151 Ο

310 3195 379 3249 ad
411 3195 833 3249 absolutionem
864 3197 1059 3264 potius
1091 3212 1263 3265 quam
1300 3196 1369 3250 ad
1391 3197 1777 3251 damnationis
1809 3214 2009 3253 cumu-

309 3284 431 3337 lum
465 3285 762 3353 majorem,
796 3299 996 3337 eorum
1023 3300 1266 3354 corpora
1300 3286 1359 3337 in
1404 3286 1662 3339 Ecclesiis
1698 3292 2009 3356 ponuntur.

312 3371 471 3436 Quod
529 3372 735 3425 melius
784 3372 1162 3437 ostendimus,
1204 3372 1251 3426 si
1295 3389 1362 3427 ea
1392 3389 1517 3444 qum
1564 3374 1764 3428 diebus
1808 3376 2013 3429 nostris

312 3465 469 3530 gesta
498 3464 633 3514 sunt
663 3460 912 3515 breviter
941 3476 1295 3515 enarremus.
1336 3462 1434 3516 Vir
1463 3477 1713 3533 namque
1748 3464 1875 3518 vitae
1925 3481 2014 3518 ve-

314 3548 584 3602 nerabilis
645 3549 799 3603 Felix
846 3546 1172 3603 Portuensis
1225 3550 1544 3621 episcopus,
1596 3551 1658 3605 in
1715 3553 2011 3607 Sabineusi

311 3637 607 3706 provincia
647 3642 805 3691 ortus
848 3642 1022 3708 atque
1085 3639 1367 3693 enutritus
1394 3646 1497 3700 est.
1548 3639 1649 3710 qui
1699 3642 2010 3711 quamdam

313 3725 808 3781 sanctimonialem
840 3726 1115 3781 feminam
1142 3727 1201 3781 in
1240 3728 1361 3781 loco
1389 3729 1587 3782 eodem
1627 3729 1801 3783 fuisse
1839 3736 2011 3784 testa-

311 3818 425 3880 tur,
476 3829 607 3884 quas
646 3813 836 3868 carnis
882 3814 1116 3885 quidem
1162 3815 1580 3869 continentiam
1636 3817 1858 3884 habuit,
1912 3818 2013 3872 sed

314 3901 528 3972 linguae
556 3904 962 3971 procacitatem
993 3908 1164 3973 atque
1200 3903 1625 3974 stultiloquium
1675 3921 1789 3959 non
1838 3906 2013 3959 decli-

316 3989 489 4044 navit.
524 3990 657 4044 Hzec
685 3990 864 4060 igitur
890 3990 1176 4058 defuncta,
1209 3997 1380 4062 atque
1434 3991 1493 4045 in
1523 3993 1767 4046 Ecclesia
1791 3995 2016 4063 sepulta

317 4084 422 4133 est.
470 4079 641 4132 Nocte
692 4084 881 4132 autem
927 4081 1129 4133 eadem
1181 4080 1434 4149 ejusdem
1519 4082 1775 4135 Ecclesia:
1825 4090 2015 4137 custos

318 4182 423 4237 per
474 4167 883 4221 revelationem
956 4167 1116 4233 vidit,
1179 4167 1315 4237 quia
1379 4167 1551 4222 ducta
1603 4174 1738 4222 ante
1789 4186 2014 4226 sacrum

322 4256 499 4310 altare
548 4271 653 4326 per
699 4255 955 4309 medium
1001 4254 1318 4321 secabatur,
1359 4272 1493 4325 pars
1537 4272 1653 4309 uua
1700 4256 1853 4311 illius
1892 4258 2017 4328 igni

2035 1819 2075 1873 Β
2113 1815 2385 1868 nerabilis
2440 1820 2603 1884 pater
2672 1815 2978 1868 Venentius

2111 634 2365 703 dumque
2396 634 2511 685 suis
2542 632 2911 703 pravitatibus
2943 648 3158 702 ponere
3202 634 3565 703 contempsit.
3610 634 3834 687 Eadem

2111 738 2244 775 vero
2266 728 2430 775 nocte
2466 738 2580 791 qua
2621 723 2876 790 sepultus
2907 726 3010 787 est,
3057 722 3256 774 beatus
3308 722 3612 774 Faustinus
3663 735 3827 774 mar-

2113 816 2223 880 tyr,
2276 810 2337 863 in
2393 811 2555 879 cujus
2608 810 2847 863 Ecclesia
2912 826 3118 879 corpus
3173 811 3297 877 ejus
3350 810 3458 863 fuit
3506 811 3821 863 humatum

2115 899 2335 953 custodi
2364 915 2468 952 suo
2499 900 2767 969 apparuit
2810 898 3002 951 dicens
3035 914 3049 952 :
3092 899 3243 951 Vade
3299 903 3353 950 et
3382 898 3471 951 dic
3518 899 3830 968 episcopo,

2114 986 2381 1056 projiciat
2408 987 2539 1039 hinc
2573 988 2815 1039 fetentes
2844 1002 3043 1038 carnes
3083 1002 3225 1055 quas
3255 985 3347 1039 hic
3397 986 3609 1054 posuit,
3657 984 3833 1056 quia,

2116 1074 2161 1128 si
2194 1092 2310 1128 non
2349 1074 2560 1138 fecerit,
2618 1074 2737 1145 ipse
2791 1074 2881 1127 die
2931 1074 3229 1143 trigesimo
3283 1074 3579 1127 morietur.
3632 1074 3833 1137 Quam

2117 1162 2393 1216 visionem
2425 1168 2614 1216 custos
2642 1164 2913 1233 episcopo
2973 1162 3167 1215 timuit
3212 1162 3494 1229 conﬁteri,
3525 1168 3579 1215 et
3620 1177 3831 1214 rursus

2116 1253 2447 1305 admonitus
2474 1252 2799 1305 declinavit.
2851 1252 2951 1305 Die
2983 1256 3174 1304 autem
3210 1251 3526 1321 trigesimo,
3556 1251 3830 1319 ejusdem

2117 1341 2357 1394 civitatis
2387 1341 2708 1412 episcopus,
2741 1355 2869 1393 cum
2904 1340 3229 1408 vespertina
3268 1339 3411 1392 hora
3442 1356 3613 1391 sanus
3643 1343 3832 1408 atque

2116 1429 2423 1483 incolumis
2489 1429 2557 1482 ad
2609 1429 2819 1482 lectum
2865 1428 3128 1493 redisset,
3180 1427 3366 1480 subita
3417 1431 3471 1479 et
3520 1425 3836 1496 inopinata

2119 1522 2297 1572 morte
2330 1518 2459 1572 defu
2472 1521 2634 1571 nctus
2665 1522 2771 1570 est.

2533 1622 2662 1676 CAP.
2696 1622 2846 1676 CLV.
2884 1651 2951 1661 —
2987 1623 3067 1675 De
3105 1622 3293 1675 eadem
3317 1636 3393 1673 re.

2190 1728 2346 1797 (Item
2380 1726 2563 1797 Greg.)
2626 1728 2800 1781 Adest
2830 1743 3061 1797 quoque
3107 1726 3168 1779 in
3215 1726 3480 1796 praesenti
3512 1740 3682 1777 senex
3713 1740 3832 1777 ve-

3057 1814 3332 1868 Lunensis
3392 1813 3716 1885 episcopus,
3768 1815 3834 1865 et.

2116 1902 2458 1974 magniﬁcus
2487 1902 2743 1960 Liberius
2784 1903 2870 1956 vir
2921 1903 3307 1956 nobilissimus
3366 1908 3538 1972 atque
3578 1899 3827 1954 veracis-

2116 1992 2315 2058 simus,
2374 1993 2474 2063 qui
2530 2008 2590 2046 se
2649 1992 2791 2045 scire
2859 2006 3105 2060 suosque
3177 1990 3439 2043 homines
3493 1988 3830 2042 interfuisse

2115 2087 2399 2138 testantur
2429 2081 2481 2134 ei
2515 2080 2620 2146 rei,
2667 2096 2840 2150 quam
2888 2084 3126 2133 narrant
3175 2095 3363 2147 nuper
3409 2077 3468 2131 in
3523 2076 3826 2133 Genuensi

2115 2172 2259 2227 urbe
2289 2170 2614 2237 contigisse.
2640 2169 2722 2223 Ibi
2749 2184 3017 2238 namque.
3052 2173 3113 2219 ut
3135 2167 3347 2229 dicunt,
3366 2165 3699 2219 Valentinus
3725 2181 3830 2218 no-

2118 2260 2271 2315 mine
2303 2258 2735 2313 Mediolanensis
2773 2257 3037 2309 Ecclesia;
3078 2256 3345 2309 defensor
3376 2255 3679 2307 defunctus
3710 2259 3825 2319 est,

2113 2348 2200 2402 vir
2253 2348 2415 2401 valde
2467 2346 2741 2411 lubricus,
2803 2350 2861 2398 et
2915 2345 3133 2398 cunctis
3191 2344 3516 2396 levitatibus
3571 2357 3826 2412 occupa-

2114 2443 2227 2502 tus,
2260 2437 2423 2505 cujus
2451 2451 2660 2504 corpus
2689 2435 2748 2486 in
2799 2434 3035 2486 ecclesia
3078 2432 3229 2486 beati
3261 2432 3529 2501 martyris
3559 2431 3685 2501 Syri
3736 2447 3830 2484 se-

2115 2528 2342 2597 pultum
2398 2529 2502 2589 est,
2549 2524 2719 2576 Nocte
2759 2527 2951 2575 autem
2997 2521 3185 2574 media
3241 2520 3300 2573 in
3349 2520 3545 2572 eadem
3586 2518 3833 2571 ecclesia

2115 2615 2280 2668 factae
2310 2617 2443 2666 sunt
2495 2627 2679 2678 voces,
2729 2627 2794 2664 ac
2830 2610 2876 2663 si
2922 2611 3052 2680 quis
3085 2610 3366 2662 violenter
3388 2626 3454 2660 ex
3488 2624 3550 2661 ea
3582 2608 3831 2677 repelle-

2117 2708 2276 2759 retur
2308 2718 2373 2756 ac
2402 2702 2729 2755 traheretur
2776 2700 2949 2753 foras.
2994 2699 3076 2751 Ad
3131 2713 3273 2768 quas
3326 2696 3601 2749 nimirum
3656 2712 3830 2747 voces

2118 2792 2425 2847 currebant
2467 2790 2749 2852 custodes,
2801 2793 2857 2840 et
2914 2787 3182 2840 viderunt
3234 2786 3377 2838 duos
3414 2785 3689 2854 quosdam
3738 2788 3827 2835 te-

2116 2883 2386 2935 terrimos
2415 2879 2673 2949 spiritus,
2717 2876 2816 2945 qui
2847 2877 3104 2945 ejusdem
3140 2874 3421 2927 Valentini
3470 2874 3643 2941 pedes
3676 2888 3821 2942 qua-

2118 2971 2250 3024 dam
2308 2969 2555 3037 ligatura
2602 2965 2970 3031 strinxerant,
3019 2968 3075 3015 et
3115 2979 3243 3016 eum
3288 2964 3357 3015 ab
3426 2962 3661 3015 ecclesia
3710 2961 3824 3012 cla-

2120 3064 2371 3113 mantem
2410 3073 2473 3110 ac
2529 3055 2776 3108 nimium
2836 3053 3245 3106 vociferantem
3285 3053 3437 3104 foras
3492 3050 3821 3103 trahebant.

2125 3147 2234 3212 Qui
2292 3144 2557 3199 videlicet
2625 3142 2840 3208 territi,
2887 3141 2955 3194 ad
3019 3158 3121 3193 sua
3179 3145 3352 3191 strata
3406 3138 3619 3191 reversi
3666 3141 3818 3189 sunt.

2125 3237 2284 3290 Mane
2339 3238 2527 3287 autem
2575 3232 2744 3295 facto,
2796 3234 3147 3299 aperuerunt
3196 3228 3522 3297 sepulcrum
3582 3227 3641 3280 in
3700 3242 3818 3295 quo

2121 3324 2275 3377 idem
2328 3320 2662 3375 Valentinus
2733 3318 2952 3389 positus
3001 3323 3139 3383 erat,
3186 3318 3420 3386 ejusque
3468 3332 3674 3385 corpus
3707 3331 3825 3367 non

2118 3412 2482 3466 invenerunt.
2540 3409 2798 3478 Cumque
2845 3417 3002 3461 extra
3050 3407 3313 3457 ecclesias
3353 3408 3675 3474 quaererent
3729 3403 3826 3455 ubi

2121 3500 2437 3573 projectum
2500 3502 2666 3561 esset,
2718 3496 3064 3549 invenerunt
3112 3495 3215 3547 hoc
3274 3494 3329 3544 in
3382 3494 3640 3561 sepulcro
3714 3491 3827 3544 alio

2121 3589 2390 3661 positum,
2423 3586 2611 3656 ligatis
2638 3585 2821 3637 adhuc
2855 3584 3091 3653 pedibus
3135 3583 3279 3633 sicut
3328 3582 3394 3633 de
3428 3580 3662 3633 ecclesia
3711 3580 3822 3632 fuit

2122 3678 2486 3732 abstractum.
2529 3675 2601 3728 Ex
2632 3690 2744 3744 qua
2775 3689 2853 3738 re,
2905 3674 3085 3733 Petre,
3135 3670 3357 3733 collige,
3406 3670 3538 3739 quia
3583 3670 3640 3721 hi
3683 3685 3831 3738 quos

2120 3768 2351 3834 peccata
2388 3761 2583 3832 gravia
2630 3760 2983 3828 deprimunt,
3028 3758 3076 3810 si
3125 3758 3182 3810 in
3216 3773 3376 3809 sacro
3421 3758 3537 3807 loco
3585 3756 3829 3824 sepelire

2122 3868 2182 3906 se
2239 3851 2467 3916 faciant,
2516 3853 2693 3902 restat
2745 3851 2807 3900 ut
2877 3846 3049 3899 etiam
3101 3847 3170 3898 de
3227 3861 3327 3897 sua
3372 3843 3830 3912 praesumptione

2117 3940 2469 4011 judicentur,
2504 3944 2787 4009 quatenus
2820 3952 2917 3987 eos
2950 3951 3106 3987 sacra
3140 3935 3259 3986 loca
3292 3950 3400 3985 non
3432 3934 3691 3994 liberent,
3722 3931 3822 3984 sed

2124 4029 2296 4083 etiam
2328 4028 2497 4097 culpa
2518 4024 2856 4079 temeritatis
2889 4028 3128 4076 accuset.

2542 4149 2671 4204 Car.
2704 4148 2877 4202 CLVI.
2910 4176 2981 4187 —
3008 4149 3078 4199 De
3111 4145 3295 4198 eadem
3324 4160 3396 4197 re.

2197 4256 2352 4324 (Item
2386 4257 2576 4319 Greg.)
2612 4255 2750 4305 Nam
2794 4252 2934 4322 quid
2967 4266 3197 4319 quoque
3229 4250 3285 4302 in
3339 4250 3441 4302 bac
3479 4248 3617 4300 urbe
3650 4246 3831 4300 conti-

318 4344 697 4411 cremabatur,
724 4360 857 4414 pars
879 4349 1071 4398 autem
1093 4343 1493 4398 alteraintacta
1515 4346 1809 4399 remansit.
1841 4347 2012 4401 Cum-
2046 4375 2087 4428 ι)
2127 4345 2296 4415 gerit,
2346 4344 2660 4397 tinctorum
2706 4340 2805 4411 qui
2856 4340 2946 4392 hic
2993 4339 3256 4391 habitant
3299 4337 3605 4390 multitudo
3644 4341 3830 4428 testa-

317 4447 429 4502 que
459 4432 567 4485 hoc
594 4448 834 4501 surgens
881 4448 1051 4486 mane
1098 4432 1371 4486 fratribus
1429 4438 1711 4501 narraret,
1742 4438 1798 4487 et
1829 4436 2014 4490 locum

318 4520 488 4573 vellet
517 4520 813 4575 ostendere
838 4520 901 4574 in
940 4537 1052 4591 quo
1085 4522 1269 4573 fuerat
1316 4521 1450 4590 igne
1489 4530 1846 4592 consumpta,
1896 4524 2020 4593 ipsa

317 4607 566 4662 ﬂamma:
596 4608 916 4663 combustio
942 4609 1025 4662 ita
1053 4614 1184 4663 ante
1205 4610 1383 4662 altare
1404 4610 1672 4679 apparuit
1689 4610 1747 4663 iu
1766 4626 2018 4665 marmo-

318 4697 498 4762 ribus,
531 4714 595 4751 ac
624 4698 671 4751 si
702 4697 819 4751 illic
859 4698 1061 4752 eadem
1094 4698 1309 4751 femina
1338 4714 1615 4768 corporeo
1655 4698 1857 4752 fuisset
1887 4684 2020 4769 igne

318 4790 698 4839 concremata.
732 4787 811 4840 Ex
833 4802 947 4857 qua
977 4803 1036 4839 re
1069 4792 1267 4856 aperte
1295 4787 1463 4840 d'ltlll‘
1493 4786 1763 4856 intelligi,
1798 4787 1934 4855 quia
1960 4788 2021 4841 hi

320 4874 532 4944 quibus
561 4879 788 4942 peccata
818 4875 1053 4928 dimissa
1083 4892 1198 4928 non
1222 4875 1456 4941 fuerint,
1483 4875 1552 4928 ad
1584 4875 1911 4929 evitandum
1932 4875 2021 4945 ju-

319 4961 535 5016 dicium
566 4961 739 5015 sacris
770 4962 907 5015 locis
938 4968 1063 5032 post
1083 4969 1324 5016 mortem
1358 4979 1471 5016 non
1504 4964 1692 5016 valent
1740 4963 2019 5032 adjuvari.

729 5049 859 5103 CAP.
894 5050 1069 5105 CLIV.
1107 5054 1268 5104 —-De
1306 5051 1490 5104 eadem
1527 5066 1603 5105 re.

390 5137 560 5206 (Item
587 5137 772 5208 Greg.)
814 5139 1064 5192 Joannes
1107 5154 1338 5209 quoque
1388 5138 1730 5207 magniﬁcus
1779 5137 1840 5191 in
1917 5140 2024 5193 hac

317 5225 459 5279 urbe
521 5225 706 5279 locum
762 5224 1149 5296 perfectorum
1211 5241 1462 5291 servans,
1544 5226 1707 5296 cujus
1766 5225 2024 5281 veritatis

322 5318 492 5383 atque
522 5313 815 5383 gravitatis
845 5313 919 5367 sit
970 5313 1255 5375 novimus,
1306 5313 1407 5383 qui
1458 5313 1598 5366 mihi
1629 5317 1867 5367 testatus
1915 5320 2019 5381 est,

322 5402 687 5457 Valerianum
712 5402 1016 5472 patricium
1046 5402 1101 5454 in
1154 5402 1380 5455 civitate
1429 5418 1557 5472 qua:
1592 5402 1755 5455 Brixa
1812 5403 2024 5456 dicitur

322 5490 498 5544 fuisse
540 5491 892 5545 defunctum.
958 5490 1062 5544 Cui
1110 5491 1368 5559 ejusdem
1417 5490 1667 5543 civitatis
1720 5490 2024 5560 episcopus

323 5585 556 5647 accepto
604 5581 785 5650 pretio
838 5581 1025 5633 locum
1079 5580 1137 5631 in
1200 5579 1438 5632 Ecclesia
1486 5579 1753 5648 prwbuit,
1806 5579 1864 5632 in
1911 5594 2024 5645 quo

324 5667 554 5737 sepeliri
584 5667 890 5722 debuisset.
924 5667 1034 5734 Qui
1062 5667 1328 5721 videlicet
1378 5667 1712 5721 Valerianus
1740 5682 1923 5738 usque
1952 5667 2023 5720 ad

2125 4439 2265 4489 tur:
2300 4432 2449 4502 quod
2483 4431 2718 4501 quidam
2772 4428 2908 4480 artis
2938 4443 3138 4479 eorum
3182 4426 3402 4495 primus
3451 4439 3579 4477 cum
3627 4423 3831 4476 defun-

2129 4527 2253 4576 ctus
2283 4520 2499 4585 fuisset,
2523 4520 2686 4588 juxta
2715 4517 3010 4569 ecclesiam
3042 4516 3192 4568 beati
3222 4511 3477 4567 Januarii
3540 4510 3827 4580 martyris,

2122 4611 2286 4681 juxta
2311 4613 2533 4679 portam
2565 4606 2747 4660 sancti
2802 4604 3092 4658 Laurentii
3123 4620 3156 4655 a
3209 4602 3454 4670 conjuge
3486 4615 3589 4652 sua
3644 4600 3834 4668 sepul-

2128 4704 2219 4751 tus
2250 4701 2353 4750 est.
2411 4696 2685 4765 Sequenti
2719 4699 2906 4745 autem
2956 4697 3119 4745 nocte.
3172 4706 3236 4743 ex
3281 4688 3577 4758 sepultura
3604 4687 3828 4750 eadem,

2130 4786 2400 4840 audiente
2434 4784 2686 4845 custode,
2752 4783 2874 4851 ejus
2927 4781 3165 4851 spiritus
3209 4778 3380 4847 coepit
3403 4777 3651 4829 clamare
3682 4792 3694 4828 :
3731 4779 3834 4827 Ar-

2128 4874 2257 4938 deo,
2292 4872 2482 4926 ardeo.
2507 4871 2647 4926 Cum
2672 4886 2804 4923 vero
2840 4869 2939 4921 has
2988 4868 3084 4921 diu
3119 4882 3281 4918 voces
3311 4863 3618 4929 emitteret,
3643 4869 3834 4915 custos

2130 4962 2237 5016 hoc
2267 4961 2390 5031 ejus
2438 4959 2725 5013 nuntiavit
2766 4957 2947 5011 uxori.
3000 4956 3149 5010 Uxor
3199 4969 3333 5006 vero
3386 4951 3542 5004 illius
3590 4966 3685 5002 eos
3730 4950 3831 5020 qui

2130 5052 2437 5119 diligenter
2482 5048 2830 5118 inspicerent
2860 5046 3115 5115 ejusdem
3147 5042 3290 5095 artis
3316 5041 3469 5093 viros
3513 5039 3837 5092 transmisit

2130 5139 2202 5192 ad
2223 5138 2538 5203 ecclesiam,
2570 5136 2767 5188 volens
2808 5147 3154 5204 cognoscere
3187 5130 3435 5201 qualiter
3465 5143 3673 5197 corpus
3706 5126 3830 5197 ejus

2131 5232 2279 5280 esset
2313 5226 2373 5279 iu
2421 5226 2681 5295 sepulcro
2729 5223 2799 5277 de
2849 5239 2962 5292 quo
3007 5221 3146 5274 talia
3191 5220 3483 5272 clamaret.
3538 5215 3647 5279 Qui
3700 5230 3833 5284 ape-

2130 5316 2341 5369 rientes
2383 5315 2734 5383 sepulcrum,
2764 5312 3100 5364 vestimenta
3143 5322 3375 5379 quoque
3414 5305 3626 5358 intacta
3668 5320 3834 5373 repe~

2130 5408 2351 5467 rerunt,
2385 5417 2515 5472 quas
2542 5417 2695 5454 nunc
2726 5416 2908 5469 usque
2936 5400 2996 5451 in
3018 5398 3218 5451 eadem
3243 5393 3503 5457 ecclesia,
3538 5408 3643 5462 pro
3670 5392 3827 5461 ejus-

2131 5492 2262 5545 dem
2295 5505 2476 5543 causas
2506 5488 2834 5541 testimonio
2877 5492 3206 5549 servantur;
3252 5499 3462 5552 corpus
3494 5496 3626 5532 vero
3683 5479 3836 5532 illius

2132 5579 2370 5633 omnino
2424 5593 2539 5630 non
2588 5577 2949 5643 invenerunt,
2998 5591 3062 5628 ac
3115 5573 3163 5626 si
3216 5572 3277 5624 in
3315 5569 3520 5622 eodem
3578 5568 3836 5638 sepulcro

2134 5667 2387 5739 positum
2416 5682 2535 5719 non
2564 5665 2782 5719 fuisset.
2816 5664 2897 5718 Ex
2929 5679 3044 5734 qua
3070 5678 3132 5716 re
3161 5658 3547 5729 colligendum
3593 5661 3679 5710 est
3726 5671 3839 5726 qua
