3966 6418
88 355 182 402 70:;
1067 337 1548 404 DECRETORUM
1593 350 1780 404 LIBRI
1817 349 1926 405 XX.
1969 377 2036 386 ——
2081 348 2291 404 LIBER
2331 349 2644 405 TERTIUS.

3509 361 3611 409 706

91 477 308 529 ultione
341 474 539 526 anima
572 472 695 539 ejus
719 470 990 523 damnata
1018 470 1108 535 sit,
1142 469 1306 538 cujus
1345 475 1402 523 et
1449 485 1580 522 caro
1615 475 1700 522 est
1728 469 1797 522 ab
1829 470 1873 521 A
1915 468 2044 522 CAP.
2092 469 2294 523 CLXII.
2353 469 2588 534 Quorum
2654 485 2799 522 mens
2874 485 2986 523 una
3054 474 3258 537 fuerat,
3330 474 3614 542 sepultura

89 564 324 616 ecclesia
362 563 594 630 rejecta.
637 557 783 622 Quid
825 558 1001 627 igitur
1032 575 1191 610 sacra
1234 559 1353 611 loca
1398 557 1636 627 sepultis
1669 574 1799 627 pro-

89 655 238 710 sunt,
289 648 525 718 quando
569 647 663 700 hic
693 646 792 716 qui
830 646 1055 715 indigni
1105 650 1238 699 sunt
1268 646 1336 698 ab
1367 646 1581 699 eisdem
1627 646 1800 698 sacris

91 738 222 790 locis
251 735 535 790 divinitus
567 735 975 804 projiciuntur.

93 827 215 880 CAP.
253 825 470 880 CLVII.
528 855 598 863 —-
657 826 723 878 Ut
764 839 992 892 corpora
1044 823 1424 887 defunctorum
1477 823 1536 874 in
1577 822 1802 876 ecclesia

695 910 800 948 non
839 897 1191 961 sepeliantur.

160 985 282 1055 (Ex
306 985 498 1038 concil.
548 985 810 1051 Bragga.,
862 999 981 1052 cap.
1029 981 1104 1051 4.)
1148 983 1288 1034 Item
1332 980 1544 1052 placuit
1583 985 1646 1033 ut
1675 996 1796 1033 cor-

92 1090 226 1142 pora
259 1073 665 1126 defunctorum
696 1072 855 1124 nullo
903 1071 1072 1124 modo
1117 1071 1264 1124 intra
1305 1069 1597 1123 basilicam
1630 1085 1798 1137 sepe-

95 1162 324 1225 liantur,
384 1161 481 1214 sed
541 1160 586 1212 si
636 1175 865 1212 necesse
919 1164 1004 1211 est
1052 1158 1120 1211 de
1170 1157 1309 1211 foris
1359 1157 1508 1210 circa
1567 1173 1800 1209 murum

93 1249 362 1302 basilicae.
448 1250 591 1302 Nam
649 1248 694 1301 si
766 1247 1163 1300 ﬁrmissimum
1239 1246 1348 1299 hoc
1429 1245 1796 1315 privilegium

95 1355 272 1409 usque
304 1354 458 1390 nunc
490 1338 734 1390 retinent
787 1337 981 1390 Gallias
1024 1336 1303 1404 civitates,
1344 1341 1406 1388 ut
1436 1336 1594 1388 nullo
1627 1334 1798 1388 modo

95 1427 237 1479 intra
288 1427 572 1479 ambitum
623 1441 922 1478 murorum
962 1423 1280 1485 civitatum,
1346 1423 1653 1493 cujuslibet
1699 1423 1797 1475 de-

95 1516 266 1569 functi
294 1533 507 1584 corpus
556 1514 629 1567 sit
676 1514 1000 1578 humatum,
1058 1519 1274 1582 quanto
1331 1512 1514 1581 magis
1558 1528 1797 1565 venera-

94 1604 290 1656 bilium
323 1609 641 1672 martyrum
669 1603 838 1654 debet
869 1602 1187 1653 reverentia
1217 1599 1513 1653 obtineri?

557 1693 685 1743 CAP.
728 1690 934 1742 CLVII.
967 1691 1038 1742 De
1067 1689 1251 1741 eadem
1278 1704 1354 1740 re.

162 1781 286 1846 (Ea:
315 1781 510 1834 concil.
545 1779 830 1846 Meldensi,
878 1794 996 1845 cap.
1038 1778 1145 1846 lO.)
1182 1778 1249 1830 Ut
1279 1791 1448 1829 nemo
1483 1775 1799 1845 quemlibet
1828 1745 1868 1798 Β

95 1875 385 1920 mortuum
439 1869 494 1919 in
546 1867 781 1919 ecclesia
840 1867 1003 1935 quasi
1071 1863 1435 1918 hmreditario
1482 1863 1632 1934 jure,
1685 1863 1797 1916 nisi

92 1973 264 2026 quem
302 1956 606 2024 episcopus
636 1962 735 2008 aut
775 1955 1071 2024 presbyter
1111 1970 1213 2022 pro
1244 1953 1521 2022 qualitate
1557 1968 1796 2005 conver—

92 2045 328 2097 sationis
359 2051 414 2097 et
461 2043 591 2096 vitae
624 2043 862 2112 dignum
898 2042 1142 2106 duxerit,
1177 2041 1420 2111 sepelire
1461 2045 1794 2110 praesumat,

98 2151 202 2187 nec
235 2134 544 2203 quicquam
598 2149 721 2184 ossa
791 2131 1096 2200 cujuslibet
1148 2130 1360 2183 mortui
1416 2130 1485 2183 de
1536 2131 1797 2198 sepulcro

92 2240 190 2274 suo
241 2221 472 2289 ejicere,
525 2224 622 2272 aut
683 2220 1038 2290 sepulturam
1085 2219 1428 2288 cujusquam
1491 2218 1798 2271 temerario

91 2326 227 2360 ausu
276 2324 513 2378 quoquo
560 2307 730 2360 modo
777 2307 1010 2366 violare,
1074 2307 1168 2359 sed
1219 2322 1693 2376 unumquemque
1739 2306 1798 2358 in

92 2397 277 2449 loculo
330 2396 436 2447 sibi
463 2412 494 2447 a
541 2397 652 2448 Deo
692 2401 891 2464 parato
940 2400 1112 2464 atque
1156 2411 1445 2460 concesso,
1490 2395 1800 2448 adventum

93 2486 174 2537 sui
201 2485 412 2554 judieis
447 2484 770 2552 prmstolari
803 2483 1100 2537 concedat.

94 2576 216 2627 CAP.
291 2573 459 2626 CLIX.
521 2602 592 2612 —
647 2575 710 2626 Ut
741 2588 890 2625 nemo
936 2588 1036 2639 pro
1093 2572 1416 2638 sepeliendis
1466 2575 1799 2624 mortuorum

411 2643 727 2710 corporibus
755 2643 976 2711 aliquid
1006 2647 1243 2696 muneris
1273 2648 1474 2707 exigat.

163 2734 265 2796 (Ea:
335 2733 521 2785 concil.
599 2733 899 2785 Nanneten.
977 2747 1096 2799 cap.
1176 2735 1284 2792 11.)
1341 2730 1799 2798 Ρτίιιοὶρίρηάυω

95 2822 403 2874 secundum
438 2835 722 2871 canonum
769 2820 1192 2885 auctoritatem,
1228 2825 1290 2872 ut
1327 2819 1396 2871 de
1437 2819 1712 2888 sepulcris
1745 2823 1802 2871 et

93 2910 424 2962 hominibus
475 2908 818 2976 sepeliendis
877 2909 1019 2961 nihil
1077 2908 1334 2960 muneris
1389 2908 1638 2976 exigant,
1692 2907 1801 2960 nisi

93 2999 236 3051 forte
270 2998 370 3067 qui
403 2997 698 3065 sepelitur,
745 2997 938 3049 vivens
966 2996 1202 3065 jusserit
1229 2996 1504 3060 ecclesiae,
1541 2997 1599 3048 in
1639 2995 1801 3064 cujus
1835 3017 1875 3072 ο
1914 3035 1966 3084 te

91 3089 238 3139 atrio
272 3087 570 3154 sepelitur,
626 3086 693 3137 de
754 3086 872 3137 suis
924 3087 1091 3138 rebus
1130 3085 1346 3154 aliquid
1379 3085 1650 3144 tribuere,
1706 3091 1802 3137 aut

93 3175 267 3227 etiam
333 3181 459 3243 post
522 3178 768 3225 mortem
838 3174 992 3226 illius
1049 3175 1254 3242 quibus
1295 3172 1660 3225 commissum
1714 3178 1802 3225 est

92 3266 214 3333 ejus
275 3265 700 3332 eleemosynam
753 3262 960 3326 facere,
1016 3261 1086 3315 de
1153 3262 1323 3314 rebus
1380 3261 1535 3314 illius
1583 3261 1799 3330 aliquid

95 3354 229 3405 dare
285 3356 490 3420 sponte
539 3349 864 3403 voluerint:
909 3355 1101 3403 tamen
1150 3350 1536 3404 nullatenusa
1565 3350 1800 3418 presby-

94 3441 228 3493 teris
262 3439 375 3492 illis
418 3438 638 3508 aliquid
682 3438 966 3507 exigatur,
1013 3437 1130 3491 sive
1168 3438 1238 3491 ab
1288 3438 1401 3490 illis
1435 3437 1534 3507 qui
1575 3437 1712 3490 locis
1745 3444 1802 3491 et

93 3527 229 3581 vicis
263 3531 539 3596 praesunt.
575 3525 1002 3579 Prohibendum
1052 3526 1226 3580 etiam
1269 3526 1583 3578 secundum
1620 3526 1798 3595 majo-

95 3631 222 3670 rum
255 3615 538 3680 instituta,
579 3620 643 3668 ut
690 3615 749 3667 in
779 3614 1014 3667 ecclesia
1051 3614 1375 3667 nullatenus
1425 3614 1797 3683 sepeliantur,

94 3705 189 3757 sed
222 3703 284 3756 in
315 3703 482 3769 atrio,
525 3707 623 3756 aut
659 3702 719 3755 in
749 3704 994 3772 porticu,
1042 3707 1139 3756 aut
1171 3702 1229 3755 in
1263 3702 1486 3754 exedris
1526 3702 1796 3756 ecclesiae.

96 3793 249 3846 Infra
299 3790 596 3844 ecclesiam
659 3807 813 3857 vero,
871 3795 970 3843 aut
1025 3806 1205 3860 prope
1236 3792 1413 3843 altare
1462 3790 1560 3842 ubi
1597 3805 1801 3858 corpus

99 3880 330 3934 Domini
374 3886 430 3932 et
483 3879 717 3949 sanguis
783 3879 1102 3944 coniicitur,
1169 3879 1497 3932 nullatenus
1551 3878 1803 3931 habeant

99 3969 387 4022 licentiam
411 3969 743 4037 sepeliendi.

101 4059 223 4111 CAP.
259 4057 408 4113 CLX.
472 4060 549 4111 De
620 4058 903 4124 sepultura
975 4057 1390 4178 gonjugatorum
1470 4058 1529 4108 in
1601 4057 1801 4124 primis

796 4142 969 4178 connu
1011 4143 1096 4178 tlS.

796 4142 1096 4180 connuous.

170 4199 432 4264 (Hieron.
485 4197 664 4267 dicit.)
713 4198 902 4251 Ebron
954 4197 1165 4250 dicitur
1191 4213 1314 4250 esse
1361 4197 1559 4250 civitas
1620 4197 1799 4250 trium

96 4288 376 4355 virorum,
411 4288 545 4358 quia
577 4287 639 4340 in
681 4303 748 4340 ea
795 4285 1003 4356 sepulti
1051 4291 1184 4339 sunt
1211 4290 1327 4338 tres
1371 4285 1710 4355 patriarcha:
1738 4286 1797 4338 in
1827 4301 1872 4355 ι)

98 4379 370 4448 spelunca
418 4376 634 4446 duplici
683 4392 812 4429 cum
849 4375 1034 4428 tribus
1088 4373 1357 4428 uxoribus
1401 4374 1538 4440 suis,
1585 4374 1643 4428 id
1693 4379 1797 4440 est,

97 4467 387 4519 Abraham
438 4471 496 4518 et.
541 4465 699 4529 Sara,
761 4465 915 4517 Isaac
967 4467 1024 4516 et
1073 4462 1344 4526 Rebecca,
1396 4462 1656 4524 Jacobfet
1680 4462 1795 4528 Lia,

95 4561 305 4623 praeter
328 4554 522 4624 ipsum
566 4553 751 4608 Adam
801 4556 856 4605 et
905 4553 1073 4604 Evam
1106 4567 1340 4604 uxorem
1381 4566 1563 4604 suam.
1598 4550 1801 4604 Tobias

94 4643 226 4697 dicit
257 4643 329 4696 ad
373 4643 558 4696 tilium
599 4658 764 4694 suum
797 4657 808 4694 :
858 4641 996 4693 Cum
1039 4640 1323 4707 acceperit
1369 4641 1515 4692 Deus
1546 4639 1799 4693 animam

95 4747 304 4798 meam,
335 4747 544 4800 corpus
585 4746 778 4783 meum
832 4729 1094 4798 sepelies,
1133 4733 1187 4781 et
1235 4729 1515 4782 honorem
1563 4727 1800 4781 habebis

95 4821 263 4874 matri
323 4827 440 4874 tua:
490 4819 759 4872 omnibus
798 4818 1024 4886 diebus,
1093 4822 1148 4872 et
1206 4833 1336 4870 cum
1380 4817 1504 4887 ipsa
1553 4816 1801 4885 comple-

92 4909 236 4963 verit
269 4913 522 4979 tempus,
572 4907 815 4976 sepelies
865 4923 992 4961 eam
1042 4907 1199 4976 juxta
1231 4922 1320 4959 me
1363 4906 1423 4959 in
1473 4921 1586 4959 uno
1617 4904 1802 4974 sepul-

90 5015 206 5051 cro.
524 5065 651 5120 CAP.
679 5066 850 5121 CLXI.
886 5095 952 5105 —
978 5066 1058 5118 De
1086 5065 1270 5118 eadem
1294 5079 1370 5117 re.

159 5159 313 5223 (Item
371 5155 574 5224 ejusd.)
621 5155 770 5217 Quos
845 5142 1141 5222 conjunxit
1193 5169 1373 5206 unum
1443 5150 1795 5222 conjugium,

90 5248 407 5316 conjungat
450 5261 626 5296 unum
674 5243 1042 5312 sepulcrum:
1091 5242 1225 5311 quia
1275 5258 1391 5295 una
1429 5257 1560 5294 caro
1610 5245 1712 5308 est,
1747 5245 1802 5294 et

91 5337 240 5406 quod
275 5336 420 5388 Deus
462 5332 778 5401 conjunxit,
813 5332 986 5385 homo
1023 5346 1138 5383 non
1172 5335 1415 5400 separet.

520 5420 648 5474 CAP.
677 5421 874 5475 CLXII.
903 5423 1064 5474 —De
1085 5419 1269 5472 eadem
1296 5435 1370 5472 re.

161 5515 416 5582 (August.
471 5511 652 5576 dicit.)
724 5510 1092 5581 Unaquaeque
1140 5509 1350 5562 mulier
1396 5511 1672 5579 sequatur
1716 5504 1799 5560 vi-

90 5621 216 5659 rum
247 5620 443 5670 suum,
476 5600 596 5655 sive
616 5600 673 5654 in
702 5601 838 5669 vita,
863 5600 980 5656 sive
1011 5600 1072 5654 in
1098 5603 1303 5654 morte.

2569 555 2676 594 non
2722 547 2956 608 separet.

1984 628 2147 693 (Item
2190 629 2454 698 August.)
2489 629 2662 683 Soror
2718 629 2899 682 sancti
2952 630 3233 683 Benedicti
3266 631 3489 701 sepulta
3531 637 3614 686 est

1912 715 1970 769 in
2020 718 2281 786 sepulcro
2338 717 2491 787 quod
2545 717 2666 787 ipse
2727 718 2830 771 sibi
2883 725 3303 788 praeparaverat
3351 725 3412 774 ut
3470 738 3612 791 quo-

1909 821 2038 858 rum
2070 821 2233 858 mens
2263 821 2377 858 una
2404 821 2632 875 semper
2677 805 2787 858 fuit
2831 808 2886 860 in
2939 807 3203 873 Domino,
3238 825 3436 862 eorum
3470 827 3614 878 quo-

1911 909 2022 964 que
2074 909 2317 964 corpora
2361 894 2655 962 sepultura
2694 910 2808 946 non
2841 901 3149 965 separaret.
3200 897 3280 948 Ita
3311 897 3369 949 in
3426 899 3614 967 primo

1909 982 2196 1034 connubio
2227 980 2536 1050 conjuncti,
2585 980 2721 1051 quia
2766 997 2884 1034 una
2912 987 2968 1035 et
3008 984 3209 1037 eadem
3241 1000 3371 1038 caro
3419 990 3522 1053 est,
3558 986 3617 1039 in

1911 1088 2027 1124 uno
2061 1071 2320 1141 sepulcro
2341 1071 2717 1140 sepeliantur.

2042 1178 2171 1231 CAP.
2199 1178 2418 1232 CLXIV.
2444 1207 2512 1217 —
2545 1178 2628 1231 De
2651 1178 2810 1232 rebus
2842 1178 3206 1233 immobilibus
3234 1181 3503 1234 Ecclesiae.

1973 1265 2082 1335 (Em
2145 1267 2334 1320 concil.
2393 1266 2544 1334 apud
2594 1265 2954 1333 sylvanectim
3019 1273 3283 1335 praesente
3343 1269 3614 1324 Ludovico

1908 1368 2052 1420 rege,
2076 1354 2298 1422 cap._5.)
2328 1340 2668 1406 Nntli‘liceat
2693 1353 2944 1406 alienare
2967 1370 3088 1407 rem
3121 1354 3481 1409 immobilem
3514 1358 3614 1410 Ec-

1909 1440 2118 1506 clesiae,
2153 1441 2267 1493 sive
2300 1440 2561 1509 domum,
2614 1440 2730 1494 sive
2776 1457 3001 1511 agrum,
3054 1443 3169 1496 sive
3205 1444 3460 1508 hortum,
3497 1445 3612 1499 sive

1909 1528 2184 1581 rusticum
2242 1527 2617 1598 mancipium,
2679 1544 2864 1598 neque
2921 1529 3296 1583 creditoribus
3351 1532 3613 1600 specialis

1908 1616 2242 1686 hypothecze
2305 1617 2470 1669 titulo
2517 1617 2793 1686 obligare.
2843 1617 3215 1670 Alienationis
3263 1623 3451 1671 autem
3494 1635 3613 1672 ver-

1908 1705 2046 1758 bum
2094 1705 2384 1758 contineat
2425 1704 2838 1772 conditionem,
2884 1705 3275 1770 donationem,
3318 1712 3608 1776 permuta-

1908 1792 2121 1846 tionem
2148 1797 2203 1846 et
2241 1792 2676 1862 emphyteoscos
2706 1799 3051 1863 perpetuum
3084 1799 3459 1848 contractum.
3503 1795 3613 1850 Sed

1906 1898 2105 1935 omnes
2156 1880 2395 1934 omnino
2465 1880 2791 1934 sacerdotes
2859 1881 2928 1935 ab
2999 1881 3330 1950 hujusmodi
3397 1882 3613 1936 aliena-

1906 1970 2062 2022 tione
2115 1970 2462 2034 abstineant,
2529 1985 2728 2038 poenas
2775 1969 3066 2038 timentes,
3136 1987 3276 2041 quas
3331 1972 3615 2025 Leoniana

1908 2058 2240 2111 constitutio
2271 2056 2541 2111 minatur.

2302 2147 2429 2201 CAP.
2474 2146 2669 2200 CLXV.
2711 2177 2779 2185 —-
2821 2149 2891 2200 De
2931 2147 3115 2200 eadem
3152 2165 3228 2201 re.

1981 2235 2092 2302 (Ea:
2143 2234 2342 2299 eodem,
2377 2249 2496 2302 cap.
2559 2235 2635 2304 6.)
2689 2263 2756 2275 --
2806 2235 2860 2287 Si
2910 2235 3176 2304 princeps
3216 2237 3459 2291 voluerit
3495 2254 3614 2291 rem

1908 2322 2264 2375 immobilem
2300 2323 2509 2375 sanctis
2539 2322 2680 2376 locis
2728 2329 3000 2393 praestare
3033 2329 3087 2376 et
3142 2325 3398 2393 accipere
3445 2326 3516 2378 ab
3547 2343 3614 2379 eo

1909 2412 2079 2464 aliam
2127 2411 2485 2464 immobilem
2516 2427 2658 2478 rem,
2713 2417 2768 2465 et
2809 2428 2875 2465 eo
2924 2414 3095 2466 modo
3129 2414 3614 2482 permutationem

1907 2500 2269 2566 contrahere,
2317 2500 2484 2552 liceat
2531 2500 2640 2552 hoc
2692 2501 2871 2554 facere
2911 2501 2961 2553 ei
3009 2501 3214 2554 devina
3261 2503 3617 2572 pragmatica

1909 2589 2200 2642 sanctione
2224 2589 2293 2641 ab
2326 2605 2393 2642 eo
2417 2590 2804 2658 promulgata.

1911 2695 2037 2748 CAP.
2071 2694 2296 2748 CLXVI.
2345 2723 2413 2730 —
2459 2695 2532 2746 De
2581 2695 2888 2760 praestariis
2938 2693 3292 2746 viduatarum
3342 2695 3613 2749 Ecclesia-

2468 2779 2589 2816 rum
2620 2769 2679 2816 ut
2708 2779 2813 2816 non
2843 2764 3077 2816 valeant.

1983 2853 2090 2919 (Ea:
2117 2867 2255 2903 conc
2293 2851 2444 2918 apud
2493 2851 2798 2917 Belvacum,
2833 2853 2920 2902 cui
2959 2850 3260 2904 Ludovicus
3319 2854 3618 2920 imperator

1912 2943 2192 3005 intererat,
2222 2955 2342 3007 cap.
2379 2940 2484 3006 10.)
2547 2941 2614 2994 Ut
2676 2939 2948 3009 precaria:
2999 2945 3054 2992 et
3110 2941 3614 3008 commutationes,

1974 3045 2173 3098 mpore
2232 3029 2598 3081 viduatarum
2655 3028 3028 3081 Ecclesiarum
3079 3029 3262 3093 factae,
3296 3030 3366 3082 ab
3398 3029 3485 3082 his
3516 3029 3618 3100 qui

1910 3119 2036 3172 loca
2094 3117 2494 3187 episcoporum
2571 3122 3004 3186 occupaverant,
3080 3119 3502 3185 rescindantur,
3563 3123 3618 3172 et

1911 3223 2040 3261 cum
2074 3205 2380 3259 autoritate
2431 3204 2838 3272 Ecclesiastica,
2887 3205 2977 3259 vel
3017 3205 3189 3272 civili,
3240 3206 3288 3259 si
3343 3206 3615 3261 facienda:

1913 3302 2045 3349 sunt
2074 3295 2233 3350 ﬁant.

2320 3382 2450 3436 CAP.
2476 3381 2724 3437 CLXVII.
2749 3412 2818 3420 —
2842 3382 2914 3436 De
2939 3381 3122 3435 eadem
3143 3396 3219 3435 re.

1984 3472 2094 3539 (Em
2124 3471 2322 3532 eodem,
2364 3486 2484 3539 cap.
2533 3469 2644 3538 lt.)
2690 3471 2964 3523 Precarire
2997 3488 3028 3522 a
3055 3469 3286 3532 nemine
3331 3471 3398 3525 de
3448 3471 3618 3525 rebus

1913 3558 2317 3613 Ecclesiasticis
2366 3558 2490 3612 ﬁeri
2539 3563 2981 3628 praesumantur,
3053 3558 3163 3611 nisi
3209 3563 3487 3628 quantum
3548 3560 3617 3612 de

1911 3648 2187 3718 qualitate
2244 3646 2612 3700 convenienti
2685 3647 2854 3699 datur
2910 3662 2976 3699 ex
3034 3646 3292 3715 proprio,
3373 3647 3618 3716 duplum

1910 3736 2220 3807 accipiatur
2272 3751 2340 3788 ex
2400 3735 2570 3787 rebus
2631 3734 2915 3801 Ecclesiae,
2960 3734 3022 3787 in
3077 3751 3179 3787 suo
3241 3739 3463 3788 tantum
3517 3735 3620 3805 qui

1912 3824 2135 3878 dederit
2199 3821 2457 3888 nomine,
2529 3822 2575 3875 si
2630 3838 2720 3875 res
2774 3823 3040 3892 proprias
3093 3827 3149 3875 et
3204 3823 3619 3877 Ecclesiasticas

1915 3929 2021 3965 usu
2051 3910 2365 3965 fructuario
2407 3915 2602 3964 tenere
2633 3911 2896 3964 voluerit.
2927 3911 2980 3964 Si
3013 3915 3206 3964 autem
3239 3928 3328 3964 res
3358 3912 3618 3982 proprias

1913 4002 1980 4054 ad
2015 4016 2267 4071 praesens
2298 3999 2603 4062 dimiserit,
2638 4015 2702 4052 ex
2735 4000 2906 4053 rebus
2955 4000 3350 4053 ecclesiasticis
3378 4001 3615 4071 triplum

1914 4089 2227 4145 fructuario
2256 4105 2384 4154 usu,
2439 4088 2497 4141 in
2533 4105 2634 4142 suo
2665 4093 2890 4142 tantum
2949 4089 3078 4159 quis
3120 4091 3355 4142 nomine
3405 4096 3615 4158 sumat,

1915 4179 2051 4249 quia
2080 4178 2158 4231 sic
2187 4194 2282 4230 eas
2311 4192 2604 4248 quemque
2655 4182 2919 4244 tractare,
2969 4181 3028 4230 ut
3061 4178 3383 4232 alienarum
3423 4195 3620 4234 rerum

1914 4268 2367 4338 dispensatorem
2394 4266 2679 4333 convenit,
2712 4282 2831 4320 non
2862 4265 3228 4336 propriarum
3275 4282 3472 4321 rerum
3505 4269 3618 4322 lar-

1911 4357 2178 4428 gitorem.

2280 4445 2406 4497 CAP.
2443 4441 2714 4497 CLXVIII.
2763 4472 2824 4480 —
2859 4443 2940 4495 De
2968 4442 3153 4496 eadem
3183 4458 3260 4495 re.

1984 4534 2091 4603 (Ea:
2146 4533 2326 4586 eodem
2401 4532 2612 4597 concil.,
2677 4547 2794 4600 cap.
2871 4531 2980 4600 1'2.)
3035 4533 3081 4584 A
3127 4531 3284 4584 nulla
3336 4535 3619 4600 potestate

1912 4624 2039 4694 quis
2112 4625 2351 4690 cogatur
2414 4619 2598 4673 facere
2670 4617 2988 4687 precariam
3048 4618 3116 4672 de
3175 4619 3346 4672 rebus
3402 4620 3516 4674 Deo
3564 4624 3621 4674 et

1910 4709 2117 4765 sanctis
2173 4709 2297 4778 ejus
2356 4708 2582 4774 dicatis,
2644 4723 2774 4760 cum
2833 4707 2979 4760 ratio
3039 4712 3097 4760 et
3152 4723 3289 4760 usus
3338 4707 3617 4774 obtineat,

1911 4799 2202 4853 neminem
2251 4796 2342 4849 cui
2398 4811 2516 4848 non
2550 4797 2691 4856 vult,
2739 4799 2936 4848 contra
2980 4795 3290 4851 utilitatem
3334 4801 3392 4850 et
3439 4798 3618 4852 ratio-

1912 4903 2066 4953 nem,
2100 4883 2420 4956 praestitum
2452 4883 2521 4936 de
2560 4882 2794 4952 proprio
2825 4883 3012 4937 facere
3038 4883 3402 4940 beneficium.

2216 4971 2223 4980 ’
2310 4973 2438 5026 CAP.
2473 4971 2691 5026 CLXIX.
2724 5000 2798 5011 —
2823 4974 2896 5025 De
2926 4971 3111 5026 eadem
3137 4989 3212 5027 re.

1983 5063 2101 5132 (Em
2130 5060 2329 5128 eodem,
2365 5076 2486 5130 cap.
2519 5061 2626 5125 l3.)
2660 5061 2726 5115 Ut
2771 5061 3064 5130 precariae,
3114 5062 3183 5116 de
3218 5063 3619 5134 quinquennio

1911 5151 1970 5204 in
1994 5149 2456 5221 quinquennium
2483 5149 2800 5204 secundum
2819 5150 3115 5221 antiquam
3141 5154 3616 5208 consuetudinem

1912 5247 1966 5295 et
1997 5242 2392 5294 auctoritatem
2423 5247 2795 5294 renoventur.

1913 5348 2041 5402 CAP.
2103 5348 2294 5402 CLXX.
2343 5375 2415 5388 —
2488 5350 2556 5400 De
2623 5347 2930 5408 donatione,
3009 5347 3092 5398 vel
3156 5346 3480 5414 venditione,
3537 5350 3625 5403 vel

2307 5421 2710 5471 commutatione
2727 5419 3099 5470 ecclesiastica:
3125 5420 3224 5470 rei.

1985 5508 2092 5579 (Ea:
2145 5508 2331 5562 concil.
2390 5508 2573 5561 habito
2631 5505 2783 5575 apud
2853 5506 3155 5568 Vale-nitas,
3219 5520 3340 5574 cap.
3382 5505 3493 5576 50.)
3535 5507 3620 5562 Ir-

1910 5596 2022 5653 rita
2079 5595 2191 5651 erit
2247 5595 2650 5667 episcoporum
2719 5592 2978 5660 donatio,
3030 5593 3119 5648 vel
3190 5595 3466 5664 venditio,
3532 5597 3620 5652 vel
