3966 6410
364 379 466 430 ’707

1448 374 1853 430 BURCHABDI
1897 373 2428 429 WORMACIENSIS
2468 374 2797 431 EPISCOPI.

3774 378 3894 429 708

362 496 736 552 commutatio
788 496 869 550 rei
914 496 1328 562 ecclesiastica,
1377 495 1591 566 absque
1633 494 2050 550 collaudatione
2091 498 2136 550 A
2171 496 2525 566 mancipium
2553 497 2701 567 juris
2743 497 3023 565 Ecclesia,
3075 513 3190 552 non
3222 502 3444 552 retento
3497 498 3896 553 ecclesiastico

363 591 419 640 et
449 585 868 656 subscriptione
898 585 1255 639 clericorum.

365 694 475 748 CAP
526 692 748 748 CLXXI.
848 721 917 729 —
981 694 1056 745 De
1116 690 1617 745 commutationibus
1663 705 1845 744 rerum
1901 690 2065 744 eccle-

1036 764 1399 815 siasticarum.

437 852 556 922 (Ea:
583 852 769 905 concil.
800 849 951 918 apud
1008 851 1309 904 Belvacum.
1369 863 1489 917 cap.
1545 850 1624 917 5.)
1675 848 1746 902 Ut
1798 864 2059 901 commu-

364 941 610 994 tationes
653 955 842 992 rerum
898 938 1402 991 ecclesiasticarum
1447 936 1605 989 valde
1649 941 1978 1001 caveantur,
2010 940 2068 990 et

365 1027 734 1081 subtilissime
761 1026 807 1078 si
838 1025 1031 1095 aliquo
1056 1024 1227 1077 modo
1249 1024 1373 1076 ﬁeri
1404 1023 1636 1089 debent,
1661 1023 2061 1093 inspicientur.

363 1114 502 1178 Qua
528 1121 720 1169 autem
746 1113 1084 1167 inconsulta
1132 1111 1293 1165 facta
1351 1116 1504 1177 sunt,
1562 1112 1727 1181 juxta
1771 1112 2066 1166 decretum

365 1205 704 1259 canonicum
734 1202 927 1256 Hilarii
968 1217 1153 1270 papa,
1196 1217 1338 1270 quas
1386 1201 1584 1255 illicite
1637 1201 1899 1255 decessor
1951 1201 2068 1272 epi-

365 1309 570 1364 scopus
603 1290 914 1357 admiserit,
947 1291 1033 1342 vel
1067 1290 1137 1343 ab
1169 1289 1292 1342 aliis
1333 1289 1526 1344 illicite
1557 1290 1877 1344 commissa
1909 1295 2063 1356 sunt,

365 1384 436 1438 ab
467 1398 534 1435 eo
567 1381 666 1450 qui
695 1393 984 1432 successor
1013 1382 1098 1430 est
1129 1378 1527 1431 emendentur.

739 1467 866 1520 CAP.
903 1466 1145 1520 CLXXII.
1182 1494 1252 1506 —
1294 1469 1366 1520 De
1397 1466 1580 1519 eadem
1607 1481 1683 1519 re.

431 1560 549 1629 (Em
591 1557 780 1610 concit.
814 1557 1117 1621 Matisccn.,
1177 1570 1296 1623 cap.
1356 1556 1433 1618 4.)
1490 1557 1534 1608 Α
1589 1559 1782 1608 sancta
1844 1554 2061 1625 synodo

359 1633 646 1702 decretum
689 1649 793 1710 est,
837 1649 892 1697 et
938 1643 1254 1713 imperialis
1285 1643 1596 1696 auctoritas
1636 1643 1957 1709 denuntiat,
1990 1659 2062 1698 ne

359 1733 836 1790 commutationes
869 1747 1081 1792 rerum,
1133 1731 1219 1784 vel
1252 1731 1676 1800 mancipiorum
1714 1731 2059 1785 ecclesiasti-

358 1839 556 1878 corum
608 1821 882 1891 qualibet
929 1835 1175 1889 persona
1228 1819 1348 1872 sine
1400 1820 1629 1873 licentia
1686 1825 1741 1873 et
1780 1836 2061 1873 consensu

357 1912 516 1983 regio
541 1913 858 1980 prasnmat
888 1909 1093 1961 facere.

522 2002 650 2053 CAP.
688 1998 956 2052 CLXXIII.
985 2027 1054 2036 —
1087 1997 1166 2048 De
1189 1997 1565 2051 ecclesiasticis
1594 1999 1906 2065 mancipiis.

429 2090 548 2159 (Ea:
631 2088 818 2141 concil.
893 2085 1044 2154 apud
1098 2085 1468 2149 Carisiacum,
1544 2100 1677 2153 cap.
1740 2087 1817 2149 2.)
1866 2085 2062 2154 Neque

358 2175 648 2246 mancipia
695 2172 1067 2226 ecclesiastica
1116 2172 1444 2241 quisquam,
1490 2171 1598 2224 nisi
1637 2171 1704 2225 ad
1739 2171 2062 2224 libertatem

357 2267 691 2329 commutet,
751 2261 1015 2315 videlicet
1075 2265 1136 2313 ut
1183 2260 1470 2330 mancipia
1528 2275 1656 2330 qua
1709 2275 1814 2329 pro
1879 2261 2062 2312 eccle-

359 2354 582 2407 siastico
629 2349 864 2405 homine
943 2349 1253 2414 dabuntur,
1318 2348 1376 2400 in
1457 2347 1707 2401 ecclesia
1792 2347 2062 2401 servitute

359 2445 754 2514 permaneant,
805 2444 861 2492 et
902 2437 1314 2491 ecclesiasticus
1359 2436 1535 2490 homo
1589 2436 1689 2506 qui
1741 2442 2062 2490 commuta-

359 2537 476 2597 tur,
524 2534 798 2600 perpetua
843 2526 1105 2580 libertate
1151 2525 1390 2578 fruatur.
1439 2525 1601 2588 Quod
1669 2525 1824 2578 enim
1887 2524 2063 2578 semel

366 2619 608 2674 Domino
666 2621 1056 2670 consecratum
1119 2619 1224 2679 est,
1294 2614 1362 2668 ad
1425 2614 1710 2667 humanos
1757 2630 1891 2667 usus
1941 2613 2063 2683 jam

359 2705 655 2762 transferri
691 2720 807 2758 non
840 2709 1042 2774 potest.
1101 2703 1193 2755 Ait
1223 2702 1375 2754 enim
1432 2703 1556 2755 lex:
1591 2701 1649 2756 Si
1695 2702 1826 2772 quis
1875 2705 2062 2756 muta-

359 2795 525 2860 verit,
559 2793 791 2863 etquod
825 2796 1030 2857 mutat,
1071 2795 1126 2844 et
1158 2790 1315 2860 quod
1367 2793 1650 2844 mutatum
1708 2794 1810 2856 est,
1854 2790 2061 2843 sancti-

361 2883 628 2938 ticabitur
655 2881 919 2936 Domino.

745 2971 873 3024 CAP.
909 2969 1173 3024 CLXXIV.
1207 2997 1275 3008 —-
1304 2971 1376 3021 De
1397 2967 1580 3020 eadem
1607 2981 1684 3020 re.

436 3062 551 3131 (Ea:
581 3059 760 3113 eodem
809 3073 928 3125 cap.
988 3059 1066 3126 3.)
1101 3057 1378 3124 Injustum
1430 3055 1660 3109 videtur
1706 3058 1764 3108 et
1792 3053 2062 3123 impium,
2096 3058 2135 3113 C

365 3157 427 3204 ut
467 3147 752 3217 mancipia
781 3161 910 3216 qua
947 3145 1144 3199 ﬁdeles
1175 3144 1281 3197 viri
1329 3161 1426 3196 seu
1472 3142 1702 3196 femina
1734 3159 1839 3212 pro
1871 3159 2065 3196 reme-

363 3239 460 3294 dio
507 3237 713 3290 anima
753 3249 871 3287 sua.
933 3235 1045 3286 Deo
1102 3237 1158 3286 et
1205 3232 1414 3285 sanctis
1461 3233 1584 3300 ejus
1639 3234 2060 3284 consecrarunt.

365 3328 757 3397 cujuscunque
790 3322 1044 3375 muneris
1072 3321 1259 3390 pretio
1288 3321 1376 3373 vel
1407 3319 1873 3374 commutationis
1910 3336 2063 3373 com-

367 3414 597 3479 mercio,
630 3413 835 3466 iterum
871 3409 930 3462 in
964 3410 1277 3462 secularem
1327 3408 1660 3462 servitutem
1707 3407 2062 3478 redigantur,

365 3520 496 3558 cum
550 3500 822 3555 canonica
873 3498 1182 3552 auctoritas
1239 3513 1431 3550 servos
1487 3495 1756 3565 fugitivos
1810 3500 2065 3548 tantum-

367 3592 539 3646 modo
600 3586 838 3643 distrahi
895 3586 1212 3657 permittat,
1269 3598 1325 3639 et
1366 3584 1496 3638 ideo
1563 3599 1764 3637 omnes
1818 3588 2068 3636 rectores

369 3677 745 3733 Ecclesiarum
794 3690 1158 3745 summopere
1207 3677 1459 3738 caveant,
1505 3688 1576 3725 ne
1624 3671 1796 3726 unius
1827 3672 2070 3724 eleemo-

368 3784 508 3838 syna
559 3764 794 3820 alterius
847 3770 1144 3835 peccatum
1220 3763 1339 3816 ﬁat.
1399 3763 1468 3815 Et
1516 3765 1601 3814 est
1640 3760 1950 3815 absurdum
2007 3764 2070 3813 ut

369 3855 758 3911 Ecclesiastica
831 3853 1113 3924 dignitate
1175 3867 1370 3905 servus
1435 3849 1732 3911 decedens,
1800 3848 2068 3901 humana

366 3944 650 4000 obnoxius
679 3943 754 3996 sit
783 3941 1071 3996 servituti.

371 4052 498 4107 CAP.
541 4051 779 4106 CLXXV.
839 4079 908 4089 —
960 4051 1036 4102 De
1084 4045 1359 4113 regalibus
1407 4045 1690 4114 praeceptis
1742 4058 1905 4113 super
1939 4057 2066 4112 pre-

1143 4119 1336 4171 staria.

441 4209 562 4280 (Em
612 4208 800 4263 concil.
833 4206 907 4261 ad
937 4207 993 4261 S.
1047 4205 1390 4272 Medardum,
1443 4219 1560 4272 cap.
1618 4206 1727 4270 Η.)
1780 4203 2072 4270 Praecpta

370 4298 587 4368 regalia
637 4313 811 4367 super
849 4294 1124 4366 precariis
1175 4292 1577 4347 Ecclesiasticis
1615 4291 1740 4345 ﬁeri
1773 4306 1877 4344 nec
1921 4289 2068 4343 ratio

368 4387 526 4456 sinit,
561 4403 668 4441 nec
705 4384 1016 4439 auctoritas
1066 4382 1324 4453 quolibet
1382 4381 1555 4435 modo
1586 4379 1884 4451 permittit.
1916 4379 2068 4442 Quo-

368 4477 525 4530 niam
591 4477 878 4544 pracepta
925 4471 988 4525 in
1027 4471 1160 4541 jure
1200 4468 1576 4523 ecclesiastico
1634 4468 1865 4521 ﬁrmare
1921 4467 2070 4521 indi-

370 4580 550 4635 gnum
590 4563 902 4633 judicatnr,
934 4575 1165 4613 necesse
1223 4563 1307 4612 est
1348 4562 1414 4611 ut
1453 4556 1720 4627 majestas
1761 4555 1917 4626 regia
1958 4571 2073 4609 non

370 4654 483 4707 nisi
531 4652 602 4706 ab
663 4649 1044 4706 ecclesiastico
1097 4651 1316 4701 rectore
1363 4650 1611 4716 petatur.
1670 4644 1827 4698 Idem
1880 4648 2074 4698 autem

370 4746 558 4794 custos
612 4737 876 4792 Ecclesia
933 4734 1304 4789 solertissime
1363 4738 1578 4799 caveat,
1613 4748 1686 4786 ne
1735 4731 1824 4785 sui
1855 4731 2073 4785 ordinis

371 4835 427 4884 et
456 4826 861 4882 Ecclesiastica
882 4823 1304 4879 communionis
1344 4823 1488 4877 forte
1520 4822 1844 4888 immemor,
1874 4825 2075 4874 contra

373 4918 766 4972 auctoritatem
814 4919 1170 4984 praceptum
1203 4912 1426 4982 regium
1457 4927 1560 4981 pro
1599 4925 1944 4980 quacunque
1985 4925 2070 4962 as-

373 5005 694 5061 sentatione
733 5002 858 5056 ﬁeri
896 5005 1069 5071 petat.
1104 4999 1212 5064 Qui
1245 4999 1350 5053 etsi
1381 4998 1595 5064 fecerit,
1625 5014 1737 5051 non
1779 4997 2074 5051 audiatur-

373 5095 427 5150 Si
487 5098 677 5147 autem
737 5097 792 5144 et
849 5089 1183 5154 obtinuerit,
1247 5088 1403 5158 regia
1459 5086 1824 5150 discretione,
1877 5090 1935 5139 et
1959 5085 2075 5155 epi-

373 5181 588 5253 scopali
634 5179 852 5251 judicio
903 5178 1056 5232 idem
1115 5177 1488 5237 rescindatur,
1539 5179 1596 5229 et
1655 5173 1868 5244 petitor
1920 5172 2072 5241 inju-

372 5278 492 5326 stus
521 5287 622 5342 pro
671 5268 950 5340 principis
1007 5267 1222 5337 injusta
1272 5267 1639 5337 suggestione
1688 5265 1863 5334 digne
1901 5261 2075 5316 corri-

371 5361 584 5432 piatur.

373 5468 502 5523 CAP.
539 5464 802 5522 CLXXVI.
855 5492 923 5503 —
971 5465 1043 5516 De
1081 5463 1324 5531 episcopo
1369 5463 1468 5531 qui
1513 5460 1850 5527 mancipium
1888 5455 2072 5511 Eccle-

845 5536 941 5589 sia
961 5535 1274 5588 manumitti
1307 5532 1606 5586 desiderat.

445 5624 560 5693 (Ea:
615 5623 805 5679 concil.
859 5622 1098 5676 Toletan.
1156 5635 1210 5688 v,
1271 5635 1393 5690 cap.
1451 5617 1569 5687 68.)
1631 5616 1946 5687 Episcopus
1972 5613 2074 5685 qui

2173 586 2516 655 patrocinio,
2564 587 2894 640 manumitti
2953 587 3259 653 desiderat,
3307 588 3450 641 duos
3495 589 3687 642 meriti
3733 589 3901 659 ejus-

2175 673 2305 727 dem
2338 679 2393 728 et
2432 674 2648 745 peculii
2674 691 2865 730 coram
2910 676 3152 730 concilio
3194 676 3452 730 Ecclesia
3481 675 3573 730 cui
3614 674 3902 747 praemi-

2173 768 2290 826 net,
2345 779 2450 834 per
2502 765 3015 818 commutationem
3061 765 3552 818 subscribentibus
3612 765 3899 818 sacerdo-

2175 849 2324 904 tibus
2363 852 2584 917 oﬁ'erat,
2647 857 2707 905 ut
2755 857 2877 904 rata
2925 857 2981 906 et
3030 853 3187 922 justa
3235 852 3561 906 inveniatur
3615 852 3897 906 deﬁnitio

2173 940 2656 993 commutationis.
2703 940 2860 994 Tunc
2891 941 3045 994 enim
3087 941 3328 994 liberam
3363 941 3894 995 manumissionem

2175 1028 2296 1080 sine
2361 1028 2679 1098 patrocinio
2753 1029 3010 1082 Ecclesia
3088 1029 3398 1082 concedere
3445 1029 3679 1100 poterit,
3738 1030 3898 1100 quia

2174 1131 2306 1169 eum
2347 1132 2520 1186 quem
2557 1116 2806 1170 libertati
2864 1117 3088 1171 tradere
3135 1117 3409 1188 disponit,
3434 1119 3552 1188 jam
3597 1119 3899 1188 juripro-

2173 1204 2300 1273 prio
2350 1205 2669 1275 acquisivit.
2707 1204 3045 1274 Hujusmodi
3095 1210 3287 1258 autem
3347 1206 3550 1259 liberto
3601 1208 3893 1260 adversus

2176 1293 2502 1358 Ecclesiam,
2528 1292 2689 1362 cujus
2710 1293 2859 1364 juris
2910 1293 3148 1352 exstitit,
3201 1293 3507 1346 accusandi
3548 1294 3632 1346 vel
3665 1291 3897 1346 testifi—

2173 1379 2337 1432 candi
2395 1380 2712 1450 denegetur
2759 1380 3008 1434 licentia.
3089 1381 3251 1445 Quod
3305 1381 3350 1434 si
3418 1381 3893 1452 prasumpserit,

2173 1469 2359 1538 placet
2399 1473 2482 1537 ut,
2517 1474 2700 1523 stante
2729 1469 3198 1534 commutatione,
3252 1469 3312 1522 in
3357 1470 3691 1523 servitutem
3741 1485 3897 1538 pro—

2172 1558 2358 1627 priam
2393 1558 2652 1611 Ecclesia
2680 1563 2996 1612 revocetur.

2173 1663 2300 1716 CAP.
2335 1663 2627 1718 CLXXVII.
2666 1693 2726 1701 —
2774 1663 2853 1717 De
2901 1662 3290 1726 sacerdotibus,
3339 1664 3437 1731 qui
3466 1677 3550 1717 res
3581 1678 3708 1717 suas
3763 1663 3892 1717 Ec—

2758 1734 2931 1787 clesia
2957 1735 3291 1801 relinquunt.

2247 1840 2383 1904 (Em.
2427 1838 2608 1892 eodem
2655 1840 2844 1892 concit.
2903 1854 2956 1903 v,
3014 1854 3135 1906 cap.
3167 1837 3280 1907 69.)
3326 1837 3652 1892 Consensus
3700 1837 3894 1891 totius

2173 1926 2400 1980 concilii
2451 1925 2711 1979 deﬁnivit
2779 1930 2841 1978 ut
2891 1925 3233 1990 sacerdotes,
3289 1925 3387 1994 qui
3441 1929 3540 1978 aut
3597 1941 3686 1978 res
3747 1941 3894 1978 suas

2174 2015 2437 2068 Ecclesia
2463 2014 2819 2084 relinquunt,
2871 2019 2970 2067 aut
3017 2013 3160 2066 nihil
3205 2013 3504 2078 habentes,
3556 2013 3750 2083 aliqua
3795 2018 3890 2066 tu-

2173 2119 2306 2156 men
2356 2101 2590 2172 pradia,
2639 2106 2738 2154 aut
2794 2101 3038 2154 familias
3091 2101 3349 2154 Ecclesiis
3384 2100 3499 2153 suis
3527 2101 3895 2171 conquirunt

2174 2190 2339 2244 liceat
2385 2189 2498 2242 illis
2528 2189 2752 2258 aliquos
2782 2189 2850 2242 de
2900 2188 3130 2241 familiis
3161 2188 3417 2257 ejusdem
3469 2189 3728 2241 Ecclesia
3764 2205 3893 2242 ma-

2173 2278 2504 2344 numittere,
2541 2278 2702 2347 juxta
2732 2276 2817 2330 rei
2863 2277 3084 2330 collata
3129 2276 3383 2339 modum,
3437 2293 3609 2346 quem
3652 2276 3892 2347 antiqui

2174 2381 2421 2420 canones
2462 2366 2856 2428 decreverunt,
2900 2363 2981 2417 ita
3028 2367 3092 2417 ut
3138 2380 3269 2417 cum
3320 2363 3544 2432 peculio
3591 2370 3645 2416 et
3677 2371 3889 2432 poste-

2173 2454 2340 2508 ritate
2367 2469 2488 2518 sua,
2531 2453 2578 2505 si
2623 2451 2864 2522 ingenui
2917 2457 3066 2517 sunt,
3120 2450 3223 2504 sub
3264 2450 3583 2521 patrocinio
3618 2452 3890 2505 Ecclesia

2175 2547 2466 2606 maneant,
2500 2541 2778 2594 utilitates
2807 2540 3092 2610 iujunctas
3136 2539 3243 2592 sibi
3277 2541 3445 2610 juxta
3478 2540 3630 2609 quod
3663 2545 3890 2610 potue-

2175 2631 2292 2685 rint
2320 2634 2751 2700 prosequentes.

2176 2736 2306 2791 CAP.
2342 2735 2657 2790 CLXXVIII.
2694 2763 2764 2773 ——
2799 2735 2864 2786 Ut
2893 2733 3196 2801 presbyteri
3225 2748 3338 2786 rem
3378 2734 3622 2786 Ecclesia
3649 2733 3892 2787 vendere

2777 2820 2883 2857 non
2908 2808 3266 2873 prasumant.

2248 2894 2368 2964 (Ea:
2431 2894 2617 2947 concit.
2671 2893 2955 2958 Carthag.,
2999 2907 3118 2960 cap.
3179 2892 3291 2959 33.)
3349 2892 3488 2946 Item
3555 2890 3769 2962 placuit
3818 2896 3892 2945 ut

2176 2982 2494 3054 presbyteri
2525 2997 2642 3035 non
2669 2980 2921 3035 vendant
2961 2995 3080 3033 rem
3116 2979 3396 3045 Ecclesia,
3440 2979 3535 3033 ubi
3557 2985 3702 3050 sunt
3741 2996 3890 3032 eon~

2175 3071 2382 3138 stituti,
2450 3069 2837 3124 nescientibus
2911 3067 3194 3138 episcopis
3251 3067 3410 3120 suis:
3469 3067 3761 3137 quomodo
3828 3073 3891 3121 et

2175 3159 2454 3232 episcopis
2485 3174 2600 3213 non
2639 3158 2807 3213 liceat
2849 3157 3093 3211 vendere
3131 3156 3348 3226 pradia
3392 3157 3674 3222 Ecclesia,
3725 3157 3892 3226 igno-

2175 3253 2337 3303 rante
2385 3247 2626 3302 concilio
2695 3247 2782 3300 vel
2859 3245 3206 3316 presbyteris
3273 3245 3410 3298 suis.
3470 3247 3593 3299 Non
3645 3245 3891 3299 habenti

2177 3353 2311 3407 ergo
2353 3335 2768 3401 necessitatem,
2812 3350 2916 3388 nec
2963 3334 3230 3403 episcopo
3281 3333 3448 3387 liceat
3484 3333 3736 3388 matricis
3787 3335 3890 3388 Ec-

2176 3425 2380 3492 clesia,
2415 3441 2517 3479 nec
2546 3423 2880 3495 presbytero
2911 3439 3032 3475 rem
3067 3422 3220 3476 tituli
3249 3421 3337 3475 sui
3376 3438 3675 3493 usurpare.

2177 3532 2306 3586 CAP.
2343 3532 2604 3587 CLXXIX.
2647 3560 2716 3568 —
2772 3532 2838 3584 Ut
2894 3529 3075 3582 nullus
3127 3528 3414 3582 ordinatus
3453 3528 3518 3581 de
3563 3530 3889 3582 ministeriis

2490 3603 2749 3656 Ecclesia
2773 3600 2993 3668 aliquid
3020 3599 3246 3652 vendere
3274 3603 3591 3668 prasumat.

2248 3712 2358 3776 (Ea:
2387 3710 2571 3763 concil.
2617 3709 2917 3773 Braggar.,
2975 3720 3096 3774 cap.
3149 3707 3254 3771 30.)
3301 3704 3358 3758 Si
3407 3703 3536 3774 quis
3582 3703 3890 3774 presbyter

2178 3802 2277 3851 aut
2307 3797 2580 3851 diaconus
2607 3796 2873 3848 inventus
2921 3792 3097 3846 fuerit
3153 3793 3222 3846 de
3273 3793 3892 3862 eleemosynis.Eccle-

2179 3887 2279 3940 sia
2321 3885 2537 3955 aliquid
2587 3883 2962 3947 venundasse,
2995 3881 3132 3952 quia
3166 3881 3531 3952 sacrilegium
3570 3881 3886 3944 commisit,

2180 3974 2397 4045 placuit
2434 3990 2566 4026 eum
2598 3973 2656 4025 in
2699 3971 3062 4025 ordinatione
3102 3969 3360 4024 Ecclesia
3398 3986 3515 4023 non
3546 3969 3766 4024 haberi.
3819 3972 3888 4024 In

2177 4063 2394 4135 judicio
2419 4067 2610 4115 tamen
2643 4059 2895 4130 episcopi
2923 4059 3355 4125 dimittendum,
3397 4058 3512 4112 sive
3538 4057 3746 4128 dignus
3787 4058 3882 4124 sit,

2182 4151 2298 4205 sive
2322 4150 2596 4220 indignus
2628 4148 2687 4202 in
2715 4166 2817 4201 suo
2847 4147 3019 4217 recipi
3054 4147 3256 4217 gradu.

2184 4258 2311 4312 CAP.
2363 4257 2600 4312 CLXXX.
2633 4285 2701 4294 —
2739 4258 2813 4309 De
2854 4254 3182 4323 presbyteris
3228 4255 3326 4322 qui
3354 4252 3419 4307 de
3451 4253 3578 4322 jure
3619 4253 3766 4306 tituli
3796 4255 3890 4307 sui

2737 4326 2954 4394 aliquid
2982 4324 3318 4378 distrahunt.

2255 4436 2373 4500 (Ea:
2419 4433 2618 4498 eodem,
2663 4448 2783 4501 cap.
2815 4434 2927 4498 31.)
2955 4431 3294 4500 Quicunque
3344 4430 3645 4500 presbyter
3663 4429 3733 4483 de
3749 4431 3887 4500 jure

2181 4522 2335 4576 tituli
2361 4521 2451 4575 sui
2481 4519 2741 4591 quolibet
2781 4519 2950 4573 modo
2982 4534 3210 4584 aurum,
3245 4521 3570 4588 argentum,
3601 4517 3690 4570 vel
3721 4533 3887 4588 gem-

2182 4627 2324 4677 mas,
2372 4614 2555 4664 vestes
2589 4623 2840 4679 quoque,
2875 4607 2922 4660 si
2950 4611 3103 4673 sunt,
3131 4607 3218 4660 vel
3246 4605 3295 4658 si
3327 4605 3662 4659 accesserint
3691 4607 3889 4677 aliqua

2183 4699 2417 4754 mobilia
2445 4699 2514 4752 ad
2549 4701 2888 4752 ornamenta
2929 4695 3142 4763 divina,
3194 4694 3410 4766 aliquid
3443 4694 3504 4747 in
3533 4701 3888 4765 perpetuum

2183 4789 2431 4842 alienare
2483 4786 2808 4852 tentaverit,
2855 4784 3122 4852 donator,
3167 4785 3450 4838 alienator
3480 4799 3544 4837 ac
3597 4784 3884 4851 venditor,

2181 4875 2418 4930 honoris
2447 4875 2538 4929 sui
2565 4874 2869 4928 amissione
2897 4873 3219 4926 mulctetur.

2560 4979 2689 5033 CAP.
2726 4978 2988 5033 CLXXXI.
3021 5008 3090 5016 —
3119 4979 3193 5031 De
3215 4975 3405 5030 eadem
3430 4991 3506 5029 re.

2255 5090 2359 5156 (Ea:
2388 5086 2587 5150 eodem,
2640 5101 2760 5154 cap.
2822 5085 2935 5154 32.)
2968 5084 3027 5139 Si
3075 5083 3204 5154 quis
3254 5082 3558 5153 episcopus
3614 5082 3774 5136 nulla
3801 5100 3886 5137 ec-

2183 5177 2511 5232 clesiastica
2571 5174 2811 5226 rationis
2865 5172 3200 5227 necessitate
3255 5171 3604 5240 compulsus,
3666 5170 3724 5223 in
3782 5188 3882 5224 suo

2183 5265 2356 5329 clero,
2391 5267 2489 5316 aut
2518 5261 2617 5315 ubi
2663 5262 2809 5315 forte
2841 5277 2958 5315 non
3008 5266 3091 5314 est
3128 5259 3444 5330 presbyter,
3478 5257 3548 5311 de
3595 5258 3767 5311 rebus
3795 5276 3884 5313 ec-

2183 5345 2512 5401 clesiasticis
2559 5345 2778 5415 aliquid
2810 5346 3244 5415 prasumpserit
3276 5345 3536 5404 vendere.
3578 5358 3670 5395 res
3711 5343 3883 5412 ipsas,

2186 5433 2445 5489 Ecclesia
2501 5432 2751 5503 propria
2806 5439 3128 5486 restaurare
3187 5435 3445 5501 cogatur,
3478 5434 3536 5484 et
3583 5429 3644 5483 in
3665 5430 3883 5500 judicio

2184 5525 2583 5592 episcoporum
2623 5519 2925 5591 dejiciatur
2954 5521 3206 5589 auditus,
3228 5525 3286 5574 et
3304 5523 3582 5591 tanquam
3620 5517 3762 5573 furti
3788 5523 3885 5574 aut

2182 5610 2468 5665 latrocinii
2489 5625 2620 5664 reus
2645 5625 2749 5665 suo
2778 5609 3040 5680 privetur
3067 5609 3310 5665 honore.
