3966 6446
129 384 201 435 709
1041 373 1519 431 DECRETORUM
1564 374 1751 430 LIBRI
1792 376 1897 430 XX.
1941 404 2009 413 ——
2049 375 2257 430 LIBER
2299 374 2619 432 TERTIUS.

127 504 220 555 CAP.
251 497 533 552 CLXXXII.
568 498 721 561 Quod
768 502 1031 565 quantum
1074 498 1371 551 remedium
1415 500 1583 552 venia
1632 498 1778 551 obla-
1805 508 1851 558 Α
1891 499 2018 552 CAP.
2086 498 2407 553 CLXXXVI.
2476 502 2545 553 De
2611 499 2851 560 libertis,

180 576 238 625 tio
291 572 647 623 ecclesiastica
706 570 897 620 tiibuit
961 572 1278 635 conferenti,
1349 574 1563 623 tantum
1629 569 1779 622 dam-

176 658 277 695 num
301 644 577 709 praparat
604 639 914 704 fundatori.

182 734 269 797 (Eu:
310 728 494 783 concil.
557 729 822 793 Toletum,
865 742 985 796 cap.
1041 726 1153 796 33.)
1204 728 1404 781 Omnis
1457 727 1653 797 itaque
1700 726 1780 779 rei

132 818 468 872 ecclesiastica
496 817 811 887 quantitas,
846 816 991 869 sicut
1016 816 1336 869 remedium
1368 816 1547 869 venia
1582 816 1783 870 tribuit

132 906 424 971 conferendi,
472 905 552 958 ita
601 906 877 959 damnum
938 906 1045 958 rite
1102 911 1392 974 praparat
1447 905 1779 958 fraudatori.

62 1024 65 1045 τ
132 997 179 1049 Et
222 996 327 1048 ideo
384 994 582 1047 nullus
641 994 1026 1059 sacerdotum,
1094 994 1183 1047 vel
1253 994 1648 1047 ministrorum
1716 1010 1783 1046 ex

130 1086 259 1137 rebus
298 1083 569 1143 Ecclesia,
623 1099 752 1153 qua
807 1083 867 1136 in
908 1083 1347 1153 quibuscunque
1389 1083 1526 1135 locis
1564 1100 1597 1135 a
1636 1082 1783 1135 tide-

133 1172 244 1225 libus
285 1174 621 1241 largiuntur,
675 1172 895 1241 aliquid
945 1172 1187 1237 auferat,
1242 1176 1299 1225 et
1345 1171 1464 1241 juri
1514 1187 1637 1235 suo,
1686 1174 1786 1223 aut

131 1261 355 1315 cathedra
401 1261 653 1331 propria
688 1261 898 1313 unitati
948 1264 1268 1315 connectat.
1305 1260 1534 1324 Verum,
1577 1265 1640 1312 ut
1670 1259 1785 1311 hu—

127 1350 197 1418 jus
230 1349 297 1401 rei
343 1349 598 1401 soliditas
646 1349 839 1418 potior
896 1349 1194 1417 habeatur,
1245 1348 1586 1419 propinquis
1639 1348 1783 1417 ejus,

130 1438 204 1507 qui
231 1443 658 1491 construxerunt
704 1438 789 1490 vel
820 1438 1148 1491 ditaverunt
1178 1437 1509 1500 Ecclesiam,
1563 1436 1785 1489 licitum

132 1527 183 1577 sit
220 1526 341 1579 hanc
384 1527 553 1579 bona
584 1526 921 1580 intentionis
980 1526 1191 1579 habere
1237 1526 1549 1587 solertiam,
1603 1530 1689 1591 ut,
1740 1524 1786 1577 si

129 1615 427 1668 sacerdotem
515 1632 611 1667 seu
702 1616 1030 1667 ministrum
1118 1615 1336 1685 aliquid
1424 1631 1491 1667 ex
1566 1613 1786 1667 collatis

129 1703 261 1755 rebus
309 1704 674 1773 praviderint
727 1704 1093 1767 defraudare,
1163 1707 1259 1756 aut
1316 1702 1787 1756 commonitionis

124 1790 326 1845 honesta
353 1793 731 1845 conventione
780 1797 1166 1861 compescant,
1200 1795 1296 1844 aut
1326 1791 1461 1844 talia
1493 1790 1784 1860 episcopo,
1824 1792 1861 1843 Β

125 1880 381 1948 autjudici
432 1881 777 1949 corrigenda
832 1880 1193 1933 denuntient.
1236 1879 1393 1943 Quod
1425 1878 1471 1931 si
1500 1878 1634 1931 talia
1668 1878 1787 1947 epi-

125 1984 290 2037 scopus
333 1985 503 2039 agere
558 1974 760 2033 tentat,
819 1970 1264 2037 metropolitano
1304 1968 1427 2036 ejus
1478 1968 1599 2019 hac
1646 1966 1792 2019 insi-

126 2072 270 2109 nuare
331 2063 658 2128 procurent.
719 2058 775 2111 Si
848 2063 1039 2110 autem
1110 2056 1590 2126 metropolitanus
1656 2054 1793 2108 talia

123 2146 261 2211 gerit,
312 2148 458 2216 regis
516 2146 638 2199 hac
693 2146 929 2199 auribus
980 2146 1273 2199 insinuare
1325 2161 1440 2197 non
1501 2144 1788 2198 differant.

124 2234 239 2301 Ipsis
278 2239 467 2289 tamen
510 2235 837 2288 haredibus
868 2236 925 2287 in
959 2235 1172 2287 eisdem
1226 2234 1396 2287 rebus
1437 2249 1554 2286 non
1605 2233 1790 2298 liceat,

123 2322 254 2390 quasi
286 2324 428 2392 juris
480 2323 698 2393 proprii
740 2328 1082 2393 potestatem
1127 2323 1417 2392 praferre,
1471 2338 1586 2374 non
1634 2321 1794 2389 rapi-

124 2425 248 2469 nam.
280 2428 391 2465 non
446 2412 711 2466 fraudem
758 2412 1041 2481 ingerere,
1078 2428 1195 2464 non
1226 2411 1559 2464 violentiam
1591 2426 1794 2480 quam-

123 2514 312 2569 cunque
359 2517 736 2570 prasumere.
787 2501 842 2555 Si
892 2501 1021 2571 quis
1069 2501 1191 2553 hac
1242 2499 1462 2552 monita
1513 2502 1794 2552 temerare

125 2591 541 2660 praesumpserit,
592 2596 647 2643 et
681 2591 828 2643 male
873 2594 1037 2658 rapta
1067 2605 1197 2641 cum
1244 2588 1577 2641 confusione
1627 2587 1792 2640 resti-

125 2680 235 2740 tuet,
266 2684 318 2731 et
350 2678 967 2733 excommunicationis
1000 2693 1207 2730 annua
1249 2676 1589 2729 sententiam
1622 2675 1794 2728 susti-

125 2764 273 2817 nebit.

124 2867 227 2923 CAP.
278 2872 606 2928 CLXXXIII.
676 2874 750 2925 De
816 2873 1025 2925 clericis
1080 2874 1177 2940 qui
1222 2872 1559 2937 documenta,
1601 2870 1796 2939 quibus

338 2947 577 2998 ecclesia
605 2944 866 3012 possessio
895 2946 1171 3010 ﬁrmatur,
1207 2942 1544 2996 distrahunt.

178 3029 281 3097 (Ea:
309 3034 499 3086 concil.
548 3034 844 3100 Agat/tem,
890 3047 1009 3100 cap.
1033 3031 1111 3100 5.)
1146 3031 1199 3085 Si
1234 3032 1362 3101 quis
1394 3047 1527 3083 vero
1578 3030 1646 3084 de
1677 3030 1793 3083 cle-

120 3117 227 3170 ricis
273 3120 643 3185 documenta,
696 3121 904 3190 quibus
955 3120 1212 3174 Ecclesia
1262 3120 1545 3189 possessio
1600 3119 1794 3172 firma-

123 3209 201 3259 tur
250 3214 343 3263 aut
407 3210 794 3280 supprimere,
846 3214 946 3263 aut
1011 3226 1242 3279 negare,
1311 3214 1409 3262 aut
1463 3207 1798 3263 adversariis

119 3293 330 3351 fortasse
383 3300 633 3364 tradere,
694 3298 1009 3352 damnabili
1067 3304 1123 3351 et
1188 3298 1479 3369 punienda
1543 3297 1798 3351 obstina-

120 3384 253 3438 tione
298 3387 753 3457 prasumpserit,
802 3386 1084 3457 quidquid
1120 3403 1223 3455 per
1270 3386 1586 3439 absentiam
1618 3385 1800 3439 docu—

118 3480 421 3528 mentorum
454 3475 653 3529 damni
684 3474 946 3527 Ecclesia
981 3474 1206 3527 illatum
1238 3478 1339 3539 est,
1367 3480 1423 3526 et
1452 3474 1520 3526 de
1552 3472 1801 3542 propriis

118 3558 459 3616 facultatibus
480 3564 700 3630 reddat,
726 3568 781 3616 et
800 3563 1206 3616 communione
1220 3563 1493 3633 privetur.
1520 3562 1584 3614 Hi
1605 3568 1798 3615 autem

116 3648 197 3715 qui
257 3650 313 3703 in
363 3652 646 3704 damnum
702 3650 966 3703 Ecclesia
1026 3656 1314 3720 pracepta
1359 3656 1415 3703 et
1472 3648 1801 3703 testimonia

116 3743 298 3791 sancta
329 3741 590 3794 Ecclesia.
618 3739 796 3809 impie
827 3740 1117 3792 sollicitati
1147 3756 1179 3792 a
1210 3738 1585 3792 traditoribus
1617 3753 1799 3790 susce-

115 3832 323 3891 perunt,
357 3829 485 3898 pari
518 3828 799 3881 sententia
829 3828 1127 3881 feriantur.

116 3926 226 3983 CAP.
275 3933 604 3988 CLXXXIV.
651 3936 723 3987 De
772 3934 1001 3999 libertis,
1057 3936 1154 4001 qui
1197 3950 1231 3985 (ι
1267 3935 1571 4001 patrocinio
1628 3933 1799 3985 Eccle-

697 4007 791 4059 sia
820 4006 1202 4058 discesserunt.

174 4091 271 4151 (Ex
318 4094 511 4147 concil.
577 4094 739 4146 Tolet.
806 4109 857 4158 v,
918 4108 1037 4161 cap.
1096 4094 1207 4161 ’71.)
1263 4091 1474 4145 Liberti
1515 4090 1800 4158 Ecclesia,

115 4177 198 4243 qui
239 4194 270 4233 a
309 4176 638 4251 patroCinio
686 4181 810 4251 ejus
849 4181 1231 4251 discedentes,
1281 4181 1632 4249 quibuslibet
1676 4196 1803 4251 per-

113 4267 247 4319 sonis
325 4270 717 4334 adhaserunt,
800 4270 847 4323 si
916 4270 1197 4324 admoniti
1276 4270 1463 4323 redire
1541 4274 1801 4323 contem-

111 4355 330 4423 pserint,
378 4358 763 4412 manumissio
794 4374 993 4413 eorum
1033 4359 1196 4411 irrita
1226 4358 1319 4427 sit,
1365 4357 1500 4428 quia
1531 4373 1633 4427 per
1663 4357 1799 4412 obe-
1834 4351 1876 4404 Ι)

111 4442 323 4497 dientia
357 4451 763 4517 contemptum
787 4446 999 4517 ingrati
1036 4448 1256 4501 actione
1283 4452 1571 4501 tenentur.

375 4553 511 4608 CAP.
555 4552 842 4607 CLXXXV.
890 4553 971 4606 De
1000 4554 1215 4607 libertis
1244 4553 1515 4607 Ecclesia.

170 4656 273 4721 (Ea:
317 4660 506 4714 eodem
565 4660 758 4713 concil.
808 4675 862 4725 v,
908 4676 1030 4729 cap.
1090 4658 1210 4729 70.)
1260 4658 1468 4712 Liberti
1519 4658 1801 4727 Ecclesia,

107 4744 226 4811 quia
266 4763 575 4819 nunquam
624 4748 867 4801 moritur
896 4764 1099 4802 eorum
1150 4752 1390 4818 patrona
1423 4765 1453 4799 a
1482 4746 1802 4816 patrocinio

107 4834 341 4900 ejusdem
391 4854 700 4909 nunquam
735 4838 1049 4903 discedant,
1101 4852 1203 4890 nec
1232 4836 1536 4906 posteritas
1568 4834 1803 4906 quidem

105 4936 309 4991 eorum,
371 4927 529 4981 sicut
581 4926 802 4996 priores
861 4942 1107 4979 canones
1159 4930 1552 4979 decreverunt.
1615 4926 1679 4978 Et
1733 4940 1804 4978 ne

105 5010 237 5066 forte
297 5016 543 5069 libertas
606 5030 807 5069 eorum
852 5015 912 5067 in
960 5013 1151 5067 futura
1208 5014 1369 5083 prole
1435 5029 1551 5066 non
1590 5016 1801 5082 pateat,

104 5097 329 5173 ipsaque
397 5103 714 5175 posteritas
780 5102 1026 5157 naturali
1096 5102 1458 5172 ingenuitate
1521 5101 1804 5169 obtinens,

104 5202 209 5240 sese
239 5191 309 5243 ab
363 5192 635 5245 Ecclesia
682 5190 1006 5259 patrocinio
1058 5206 1173 5243 non
1226 5188 1539 5254 subtrahat,
1575 5204 1804 5241 necesse

105 5278 175 5323 est
204 5278 315 5328 tam
372 5276 556 5329 iidem
605 5274 813 5341 liberti,
874 5290 1048 5345 quam
1091 5274 1160 5329 ab
1195 5274 1275 5328 eis
1331 5273 1622 5344 progeniti
1670 5288 1803 5343 pro-

103 5359 393 5419 fessionem
450 5365 726 5436 episcopo
760 5381 862 5418 suo
894 5364 1127 5431 faciant,
1177 5379 1281 5434 per
1330 5379 1500 5433 quam
1535 5379 1591 5416 se
1624 5378 1688 5416 ex
1721 5364 1804 5415 fu-

104 5449 245 5504 milia
293 5455 567 5507 Ecclesia
618 5453 829 5507 liberos
874 5452 1105 5507 effectos
1151 5468 1273 5506 esse
1304 5452 1610 5515 fateantur,
1647 5452 1804 5520 ejus-

102 5554 201 5607 que
230 5543 629 5613 patrocinium
675 5558 791 5597 non
823 5542 1179 5613 relinquant,
1216 5543 1314 5597 sed
1339 5542 1504 5612 juxta
1535 5543 1804 5595 virtutem

102 5642 249 5686 suam
279 5631 639 5706 obsequium
664 5631 733 5698 ei,
770 5632 856 5688 vel
889 5630 1277 5687 obedientiam
1306 5630 1623 5702 prabeant.

3499 384 3602 433 710

2921 504 3018 569 qui
3092 519 3124 554 a
3192 504 3602 572 quibuscunque

1998 572 2322 623 manumissi
2348 571 2595 624 Ecclesia
2622 574 2927 639 patrocinio
2958 575 3317 627 commendati
3340 582 3489 629 sunt.

1966 658 2076 724 (Ea:
2107 658 2285 711 eodem
2334 674 2387 723 v,
2438 674 2557 727 cap.
2594 658 2711 728 7‘2.)
2758 660 2989 726 Liberti,
3038 662 3135 731 qui
3185 679 3216 715 a
3247 663 3600 732 quibuscum-

1894 760 2005 814 que
2075 745 2413 798 manumissi
2481 751 2657 812 sunt,
2717 752 2887 817 atque
2955 748 3217 802 Ecclesia
3276 751 3597 819 patrocinio

1894 832 2279 885 commendati
2326 833 2596 899 existunt,
2648 835 2795 887 sicut
2826 837 3038 905 regula
3088 838 3459 908 antiquorum
3494 842 3600 893 Pa-

1894 927 2047 974 trum
2092 922 2535 989 constituerunt,
2588 924 2924 977 sacerdotali
2979 925 3312 979 defensione
3340 944 3374 980 a
3421 929 3605 998 cujus-

1897 1010 2037 1063 libet
2067 1010 2371 1063 insolentia
2412 1016 2809 1082 protegantur,
2862 1013 2979 1065 sive
3030 1014 3088 1067 in
3119 1021 3270 1069 statu
3319 1017 3601 1071 libertatis

1894 1115 2113 1164 eorum,
2146 1115 2246 1152 seu
2279 1100 2337 1152 in
2369 1100 2595 1169 peculio
2629 1101 2781 1170 quod
2813 1101 3023 1156 habere
3056 1111 3395 1159 noscuntur.

2062 1190 2189 1243 CAP.
2226 1188 2562 1242 CLXXXVII.
2604 1190 2682 1243 De
2711 1193 3060 1244 manumissis
3086 1194 3143 1245 in
3175 1195 3434 1247 Ecclesia.

1968 1278 2076 1345 (Ea:
2123 1278 2311 1330 concil.
2362 1280 2643 1338 Arausic.,
2698 1293 2820 1346 cap.
2872 1280 2951 1345 6.)
2984 1279 3047 1331 In
3104 1281 3349 1334 Ecclesia
3389 1297 3600 1335 manu-

1896 1365 2121 1429 missos,
2159 1366 2242 1417 vel
2274 1381 2376 1435 per
2403 1371 2818 1419 testamentum
2849 1367 3113 1421 Ecclesia
3144 1370 3596 1437 commendatos,

1899 1454 1945 1507 si
1976 1454 2106 1525 quis
2138 1454 2197 1507 in
2234 1454 2589 1520 servitutem,
2626 1455 2709 1508 vel
2740 1456 2798 1508 in
2831 1456 3193 1526 obsequium,
3225 1459 3313 1511 vel
3346 1459 3413 1512 ad
3447 1460 3602 1512 colo-

1899 1543 2118 1595 nariam
2162 1543 2547 1595 conditionem
2600 1543 2934 1612 imprimere
2968 1547 3287 1612 lentaverit,
3336 1547 3604 1600 animad-

1898 1631 2158 1684 versione
2190 1632 2567 1685 ecclesiastica
2596 1633 2971 1686 coercebitur.

1970 1718 2099 1771 CAP.
2131 1719 2493 1773 CLXXXVIII.
2529 1722 2597 1773 De
2633 1724 2889 1786 fugitivis
2922 1723 3296 1777 ecclesiasticis
3334 1726 3526 1777 servis.

1972 1804 2087 1872 (Ea:
2169 1805 2350 1857 eodem
2433 1808 2708 1874 Toletan.)
2794 1808 3083 1877 Fugitivos
3165 1809 3337 1862 etiam
3410 1826 3603 1863 servos

1898 1892 2306 1945 ecclesiasticos
2356 1894 2559 1946 domos
2609 1911 2760 1959 suas,
2809 1901 2908 1948 aut
2954 1896 3201 1949 familias
3253 1898 3598 1965 deserentes,

1900 1981 1999 2050 qui
2054 1980 2228 2035 etiam
2269 1982 2314 2033 si
2358 1982 2607 2034 revocati
2652 1982 2885 2048 fuerint,
2935 1984 3121 2037 teneri
3180 2002 3296 2039 non
3338 1992 3604 2056 possunt,

1901 2069 2075 2122 simili
2125 2070 2345 2123 ratione
2405 2071 2474 2123 ab
2525 2072 2815 2141 episcopo,
2871 2073 2919 2125 si
2969 2074 3235 2139 voluerit,
3287 2080 3386 2128 aut
3438 2076 3484 2129 si
3527 2076 3606 2130 ita

1900 2154 1983 2206 illi
2015 2156 2351 2221 meruerint,
2386 2157 2798 2212 distrahantur.

1900 2243 2030 2296 ΟΑΡ.
2090 2243 2392 2297 CLXXXIX.
2446 2248 2518 2298 De
2569 2249 2859 2314 episcopis,
2918 2250 3014 2313 qui
3070 2249 3213 2301 nihil
3254 2252 3369 2302 suis
3418 2250 3606 2303 Eccle-

1970 2317 2071 2367 siis
2129 2317 2435 2438 conﬂigunt,
2494 2321 2544 2369 et
2589 2324 2767 2371 tamen
2806 2333 2869 2371 ea:
2911 2320 3132 2383 familia
3180 2320 3374 2373 liberos
3426 2323 3606 2385 facere

1971 2401 2280 2438 nrasumun
2313 2428 2324 2438 .

1968 2401 2324 2452 prasumum.

1973 2473 2087 2538 (Ea:
2134 2473 2366 2542 eodem.)
2418 2474 2705 2544 Episcopi,
2764 2475 2864 2545 qui
2919 2476 3064 2531 nihil
3115 2492 3181 2530 ex
3225 2477 3459 2547 proprio
3505 2494 3607 2532 suo

1903 2560 2158 2613 Ecclesia
2209 2560 2415 2613 Christi
2449 2562 2776 2631 conferunt,
2812 2563 3024 2616 liberos
3056 2557 3134 2616 ex'
3154 2566 3386 2618 familiis
3418 2566 3609 2618 Eccle-

1904 2650 2005 2701 sia
2054 2649 2123 2701 ad
2177 2649 2719 2703 condemnationem
2766 2667 2929 2703 suam
2983 2652 3168 2705 facere
3216 2669 3333 2705 non
3388 2668 3607 2714 prasu-

1904 2743 2082 2791 mant.
2128 2738 2373 2808 Impium
2419 2746 2503 2792 est
2550 2740 2705 2792 enim
2756 2745 2819 2792 ut
2867 2740 2967 2807 qui
3024 2757 3113 2793 res
3162 2757 3290 2793 suas
3351 2741 3609 2794 Ecclesiae

1905 2825 2113 2881 Christi
2165 2842 2283 2879 non
2340 2828 2664 2893 contulerit,
2724 2827 3001 2881 damnum
3058 2829 3315 2882 Ecclesia
3375 2829 3609 2888 inferat.

1904 2915 2066 2968 Tales
2129 2914 2305 2984 igitur
2358 2914 2595 2968 libertos
2657 2932 2945 2968 successor
3008 2917 3327 2986 episcopus,
3391 2917 3608 2987 absque

1907 3003 2097 3073 aliqua
2130 3002 2489 3072 oppositione
2518 3003 2704 3073 adjus
2737 3003 2996 3056 Ecclesia
3033 3005 3336 3057 revocabit.

1831 3067 1871 3123 Ο
1909 3067 2039 3146 CAP.
2076 3067 2224 3146 CXC:
2258 3095 2427 3158 -οε
2464 3067 2731 3160 illis,'qui
2758 3107 2857 3160 pro
2887 3094 3073 3160 aliquo
3099 3098 3255 3146 reatu
3282 3094 3510 3160 fugiunt
3536 3092 3611 3146 ad

2601 3164 2916 3217 Ecclesium.

1982 3252 2091 3319 (Ea:
2122 3252 2309 3305 concil.
2349 3253 2664 3316 Aureliam,
2699 3266 2818 3320 cap.
2859 3250 2967 3321 IO.)
3006 3253 3067 3305 In
3095 3252 3311 3322 synodo
3344 3251 3611 3305 Aurelia-

1909 3341 2073 3393 nensi
2122 3341 2311 3410 prima
2366 3341 2470 3394 sub
2521 3340 2804 3395 Clodoveo
2856 3357 3006 3411 rege,
3062 3341 3121 3394 in
3169 3358 3281 3411 qua
3339 3342 3614 3395 sederunt

1911 3429 2165 3499 episcopi
2195 3429 2399 3500 viginti
2428 3436 2684 3500 quatuor,
2721 3430 2789 3483 de
2822 3430 2909 3483 his
2945 3430 3044 3500 qui
3078 3430 3144 3483 ad
3172 3431 3475 3484 Ecclesiam
3509 3445 3612 3500 pro

1911 3518 2164 3571 reatibus
2213 3518 2329 3571 suis
2376 3518 2629 3588 fugiunt,
2677 3518 2731 3572 id
2766 3518 3139 3571 constitutum
3173 3524 3258 3572 est
3303 3520 3612 3573 observan-

1910 3606 2069 3671 dum,
2103 3607 2254 3675 quod
2299 3606 2522 3676 antiqui
2574 3622 2820 3659 canones
2849 3606 3240 3672 decreverunt,
3276 3613 3331 3659 et
3363 3606 3448 3659 lex
3496 3607 3615 3659 Ro-

1912 3710 2081 3747 mana
2147 3695 2467 3762 constituit,
2525 3699 2588 3747 ut
2638 3694 2706 3747 ab
2761 3694 3023 3756 Ecclesia,
3084 3694 3172 3746 vel
3230 3693 3297 3746 ab
3354 3693 3613 3747 Ecclesia

1911 3784 2092 3850 atriis,
2126 3784 2213 3836 vel
2246 3800 2278 3836 a
2308 3784 2478 3837 domo
2518 3782 2775 3853 episcopi
2823 3784 2909 3835 vel
2943 3800 2975 3836 a
3005 3783 3274 3841 claustro,
3325 3784 3462 3853 quia
3491 3782 3615 3835 hac

1911 3889 2016 3942 pro
2065 3872 2379 3925 emunitate
2414 3871 2717 3935 habentur,
2772 3888 2870 3925 eos
2918 3871 3171 3924 abstrahi
3218 3872 3453 3925 omnino
3500 3886 3615 3924 non

1912 3960 2095 4027 liceat,
2133 3959 2229 4013 sed
2283 3976 2385 4013 nec
2416 3958 2580 4013 alteri
2629 3959 2976 4028 consignari,
3018 3958 3126 4011 nisi
3176 3958 3248 4011 ad
3309 3956 3617 4027 Evangelia

1913 4049 2056 4102 datis
2102 4049 2491 4113 sacramentis,
2542 4048 2612 4102 de
2655 4053 2860 4115 morte,
2909 4053 2964 4101 et
3003 4047 3320 4117 debilitate,
3352 4052 3410 4101 et
3455 4047 3615 4101 omni

1882 4154 2213 4208 poenarum
2263 4154 2474 4209 genere
2524 4138 2638 4190 sint
2694 4137 2899 4204 securi,
2954 4137 3051 4201 ita,
3111 4140 3174 4189 ut
3223 4137 3274 4189 ei
3339 4135 3432 4189 cui
3485 4152 3617 4189 reus

1915 4226 2087 4281 fuerit
2137 4226 2501 4295 criminosus,
2549 4227 2617 4280 de
2650 4225 3032 4280 satisfactione
3081 4225 3403 4279 conveniat.
3456 4224 3619 4288 Quod

1915 4315 1962 4369 si
2029 4318 2382 4369 sacramenta
2443 4330 2545 4367 sua
2609 4314 2900 4368 convictus
2956 4313 3132 4367 fuerit
3177 4313 3439 4377 violasse,
3486 4328 3619 4366 reus

1916 4404 2155 4476 perjurii
2184 4421 2301 4457 non
2332 4404 2518 4457 solum
2556 4418 2585 4455 a
2614 4402 3021 4456 communione
3055 4401 3336 4467 Ecclesia,
3372 4402 3457 4454 vel
3492 4418 3618 4455 om-

1916 4494 2079 4547 nium
2128 4492 2488 4556 clericorum,
2542 4506 2741 4543 verum
2796 4488 2991 4550 etiam,
3028 4493 3085 4541 et
3123 4504 3156 4541 a
3203 4488 3618 4542 catholicorum

1914 4581 2171 4636 convivio
2231 4582 2546 4648 separetur.
2595 4576 2755 4641 Quod
2809 4576 2854 4628 si
2886 4575 2977 4629 cui
3034 4592 3167 4630 reus
3209 4582 3317 4641 est,
3370 4576 3621 4630 noluerit

1914 4669 2021 4723 sibi
2076 4667 2395 4722 intentione
2458 4665 2697 4719 faciente
2749 4664 3040 4733 componi,
3098 4669 3154 4718 et
3200 4664 3318 4735 ipse
3367 4680 3497 4719 reus
3547 4666 3618 4720 de

1914 4758 2160 4812 Ecclesia
2215 4762 2374 4810 actus
2426 4755 2634 4808 timore
2679 4752 3023 4818 discesserit,
3075 4752 3146 4807 ab
3198 4752 3457 4806 Ecclesia
3505 4754 3617 4807 cle-

1914 4847 2044 4900 ricis
2075 4863 2187 4899 non
2220 4844 2567 4915 requiratur.

1915 4937 2041 4990 CAP.
2096 4934 2267 4989 CXCI.
2297 4962 2370 4974 —
2403 4933 2483 4986 De
2513 4935 2752 5001 raptore,
2785 4932 2835 4983 si
2864 4945 2983 4985 cum
3013 4936 3179 5001 rapta
3208 4932 3283 4985 ad
3323 4933 3619 4987 Ecclesium

2603 5004 2931 5070 confugerit.

1988 5095 2091 5163 (Ea:
2139 5093 2338 5155 eodem,
2389 5107 2510 5161 cap.
2569 5090 2647 5161 2.)
2700 5092 2775 5144 De
2830 5090 3160 5161 raptoribus
3216 5096 3408 5145 autem
3453 5091 3619 5145 femi-

1915 5200 2118 5237 narum
2174 5184 2230 5237 id
2283 5181 2749 5236 constituendum
2781 5196 2904 5234 esse
2952 5180 3302 5247 censuimus,
3357 5185 3417 5233 ut
3472 5180 3518 5232 si
3548 5180 3619 5233 ad

1917 5272 2213 5326 ecclesiam
2244 5276 2439 5342 raptor
2487 5286 2616 5323 cum
2657 5274 2820 5340 rapta
2863 5270 3207 5339 confugerit,
3256 5276 3311 5321 et
3343 5267 3621 5320 feminam

1917 5360 2101 5430 ipsam
2144 5360 2476 5413 violentiam
2522 5360 2824 5429 pertulisse
2875 5358 3209 5419 constiterit,
3256 5354 3445 5407 statim
3482 5354 3621 5407 libe-

1917 5455 2074 5503 retur
2099 5450 2167 5502 de
2216 5454 2490 5519 potestate
2546 5447 2815 5516 raptoris,
2862 5452 2919 5498 et
2960 5444 3299 5515 parentibus
3327 5442 3620 5510 reddatur,

1917 5542 1973 5592 et
2001 5543 2197 5608 raptor
2226 5538 2448 5603 mortis,
2491 5536 2576 5589 vel
2607 5549 2914 5606 poenarum
2964 5531 3306 5604 impunitate
3336 5546 3622 5598 concessa,

1915 5627 2158 5684 liberam
2207 5627 2417 5682 habeat
2458 5624 2632 5680 eundi
2683 5623 3032 5679 facultatem.
3086 5620 3147 5676 Si
3189 5636 3326 5678 vero
3358 5626 3628 5693 parentes
