4200 6398
753 336 848 387 7H
1833 330 2236 387 BURCHARDI
2279 328 2806 385 WORMACIENSIS
2843 329 3178 386 EPISCOPI.

756 454 1010 511 mulieris
1061 453 1454 509 ecclesiasticis
1509 453 1647 508 viris
1704 452 1934 507 obedire
1990 452 2298 517 noluerint,
2356 467 2449 504 ex-
2480 454 2526 506 Α
2565 467 2789 505 servum
2840 468 3028 520 suum,
3065 453 3150 506 vel
3183 468 3357 524 quem
3408 452 3530 525 ipse
3567 458 3904 524 persecutus
3949 456 4181 522 fuerit,

677 564 684 570 ·
753 543 1272 599 communicentur.
2561 541 2706 594 atrio
2757 543 3034 609 Ecclesim,
3069 543 3154 595 Vel
3191 543 3261 596 de
3315 543 3633 613 porticibus
3675 546 4154 616 quomodolibet

755 651 886 706 CAP.
919 650 1116 704 CXC".
1158 678 1228 688 __
1280 649 1360 702 De
1392 663 1560 715 servo,
1595 650 1645 701 si
1669 663 1771 716 pro
1804 647 2042 714 ηηαιεδρε
2069 647 2230 714 culpa
2278 646 2449 699 don";
2561 629 2746 682 clesim
2791 631 3216 682 adlirrrentibus
3268 647 3370 700 per
3414 632 3527 686 vim
3560 633 3927 699 abstraxerit,
3980 639 4050 688 et
4105 636 4196 688 De

1097 735 1225 774 num
1246 735 1402 773 suum
1433 720 1506 772 ad
1538 722 1826 773 Ecclesiam
1850 721 2076 784 fugerit.
2561 719 3014 786 omnipotentem
3070 720 3126 771 in
3168 719 3271 772 hoc
3317 723 3751 791 contempserit,
3786 739 3894 792 pro
3950 726 4200 778 emunit

827 810 939 880 (Ea:
969 809 1166 870 eodem.
1202 824 1324 876 cap.
1359 810 1437 873 3.)
1477 809 1682 861 Servus
1727 806 1827 876 qui
1858 806 1924 859 ad
1979 805 2280 859 Ecclesiam
2316 823 2448 859 cou-
2564 807 2626 859 D.
2663 806 2853 862 CCCC.
2893 808 3105 859 solidos
3135 808 3402 877 episcopo
3434 815 3760 878 componat,
3796 812 4004 881 etipse
4047 815 4200 882 pubi

750 898 966 968 fugerit
993 915 1099 968 pro
1121 898 1375 968 qualibet
1406 897 1594 966 culpa,
1624 895 1672 948 si
1702 911 1735 948 a
1763 895 1996 947 domino
2019 911 2120 964 pro
2149 896 2451 948 commissa
2558 894 2894 962 paenitentia
2935 895 3095 964 juxta
3138 897 3422 965 judicium
3473 898 3726 969 episcopi
3754 900 4075 967 multetur,
4133 911 4196 956 ut

749 988 920 1058 culpa
964 985 1327 1040 ecclesiastici
1371 989 1790 1038 sacramentum
1839 983 2213 1052 susceperint,
2255 984 2448 1036 statim
2558 981 2742 1034 honor
2796 983 2891 1035 Dei
2943 989 3000 1036 et
3047 986 3363 1038 reverentia
3397 992 3750 1052 sanctorum,
3800 993 3860 1042 et
3899 992 3966 1042 ut
4023 989 4200 1043 Eccle

751 1074 822 1128 ad
865 1074 1160 1128 servitium
1185 1072 1406 1126 domini
1435 1071 1520 1124 sui
1551 1071 1736 1125 redire
1766 1075 2022 1136 cogatur.
2053 1070 2116 1122 Et
2146 1074 2448 1138 postquam
2559 1071 2657 1124 Dei
2692 1088 2917 1140 semper
2945 1072 3152 1126 invicta
3187 1081 3540 1144 permaneat.

749 1161 880 1216 dato
925 1165 1280 1215 sacramento
1330 1160 1565 1212 domino
1612 1175 1714 1211 suo
1747 1157 1918 1210 fuerit
1963 1157 2356 1222 consignatus,
2403 1157 2447 1209 si
2629 1159 2754 1212 CAP.
2790 1161 3055 1215 CXCVIII.
3091 1192 3158 1202 —
3188 1163 3335 1227 Quid
3361 1166 3417 1216 in
3441 1165 3680 1218 Ecclesia
3712 1166 3811 1218 Dei
3839 1166 3950 1232 legi
3978 1166 4200 1220 debeat

752 1251 968 1321 aliquid
1003 1266 1186 1320 parum
1228 1266 1333 1320 pro
1385 1249 1585 1302 eadem
1617 1249 1784 1318 culpa
1815 1263 1930 1317 qua
1973 1253 2271 1300 accusatur
2315 1262 2446 1316 pro-
2626 1250 2734 1312 (Ea:
2799 1248 2988 1302 concil.
3052 1251 3368 1316 Aureliano,
3437 1268 3559 1320 cap.
3621 1254 3694 1317 3.)
3761 1253 3917 1307 Nihil
3987 1255 4173 1308 aliud

753 1339 919 1394 batus
969 1339 1142 1392 fuerit
1189 1338 1509 1408 pertulisse,
1563 1353 1668 1407 pro
1707 1341 2041 1406 contemptu
2082 1336 2358 1402 Ecclesiie,
2393 1340 2447 1388 et
2557 1335 2798 1388 Ecclesia
2832 1337 3053 1405 legatur
3071 1344 3167 1391 aut
3196 1344 3477 1406 cantetur,
3509 1340 3619 1394 nisi
3648 1357 3715 1395 ea
3737 1358 3868 1412 qum
3899 1344 4200 1396 auctoritz

751 1426 1214 1496 praevaricatione
1261 1425 1393 1479 ﬁdei
1424 1441 1457 1477 a
1485 1425 1894 1477 communione
1943 1428 2001 1476 et.
2046 1422 2303 1476 convivio
2349 1438 2444 1474 ca-
2553 1423 2759 1478 divinm
2790 1431 2941 1490 sunt,
2995 1432 3051 1479 et
3084 1428 3314 1482 Patrum
3347 1429 3794 1484 orthodoxorum
3841 1432 4046 1484 sanxit
4081 1449 4195 1485 auc

748 1515 1108 1574 tholicorum,
1140 1514 1284 1566 sicut
1317 1515 1579 1582 superius
1607 1513 2089 1582 comprehensum
2125 1516 2228 1574 est,
2257 1515 2442 1562 extra-
2553 1514 2709 1577 ritas,
2763 1530 2865 1566 nec
2914 1514 3051 1567 falsa
3099 1517 3437 1584 angelorum
3495 1518 3732 1571 nomina
3780 1520 4001 1582 colant,
4063 1522 4171 1574 sed

748 1622 890 1660 neus
935 1605 1234 1659 habeatur.
1285 1605 1340 1658 Si
1397 1620 1530 1657 vero
1590 1619 1784 1656 servus
1836 1619 1940 1670 pro
1991 1601 2159 1670 culpa
2209 1617 2311 1653 sua
2373 1600 2442 1652 ab
2554 1606 2774 1654 tantum
2810 1619 2938 1672 qua:
2971 1604 3304 1674 prophetica
3336 1609 3391 1658 et
3434 1606 3772 1674 Evangelica
3803 1609 3978 1662 docet
4007 1611 4200 1679 Script

746 1694 989 1748 Ecclesia
1078 1694 1425 1757 defensatus,
1501 1697 1857 1746 sacramenta
1929 1690 2150 1743 domini
2224 1689 2440 1742 clericis
2473 1729 2512 1782 Β
2551 1707 2636 1750 ra,
2665 1691 2719 1744 id
2752 1699 2837 1744 est
2863 1693 3119 1756 Michael,
3155 1693 3402 1760 Gabriel,
3439 1695 3714 1765 Raphael.

743 1782 1107 1873 exigentibus
1136 1782 1205 1834 de
1236 1781 1578 1873 ίπηριιηίίεξίο
1606 1778 2126 1850 Ρθνεθῐιθτίῑνειίνε
2152 1779 2441 1831 nolentem
2473 1778 2507 1782 ”
2549 1797 2678 1850 Co.
2727 1797 2940 1852 CXCIX.
2992 1828 3059 1839 —
3112 1800 3177 1852 τί
3223 1802 3730 1854 οπόοηινηυηὶσαηάί
3781 1805 3897 1856 sint
3947 1804 4059 1873 qui
4109 1805 4200 1856 ut;

737 1887 772 1924 a
801 1871 1031 1925 domino
1063 1871 1229 1924 liceat
1258 1869 1545 1938 orcupari.
3141 1873 3376 1935 famosos
3407 1873 3653 1938 legerint.

1143 1959 1272 2014 CAP.
1298 1958 1526 2012 CXCIII.
1559 1987 1626 1997 —
1649 1959 1720 2010 Dc
1745 1956 1934 2010 eadem
1963 1971 2039 2008 re.
2621 1959 2728 2020 (Er
2755 1957 2895 2010 decr.
2949 1957 3190 2010 Adriani
3241 1975 3414 2027 papas,
3472 1976 3594 2029 cap.
3641 1962 3723 2030 2.)
3775 1961 3842 2014 Ili
3876 1963 3980 2033 qui
4047 1963 4200 2016 iuver

815 2047 922 2116 (Ea:
960 2047 1166 2110 eodem,
1200 2062 1321 2114 cap.
1369 2048 1448 2113 5.)
1485 2045 1760 2098 Similiter
1791 2045 1847 2096 in
1882 2042 2194 2098 Matiscensi
2225 2042 2439 2112 synodo
2547 2045 2760 2099 fuerint
2794 2046 2966 2098 libros
2997 2046 3247 2099 famosos
3286 2053 3342 2100 et
3381 2047 3609 2116 ignotos
3649 2049 3706 2102 in
3741 2050 4002 2105 Ecclesia
4049 2052 4200 2120 Iech

743 2137 1036 2190 decretum
1091 2140 1170 2187 est
1205 2140 1265 2187 ut
1308 2133 1369 2187 hi
1423 2133 1523 2203 qui
1571 2133 1800 2199 fugiunt
1831 2149 1964 2185 suos
2011 2132 2291 2197 inimicos,
2341 2135 2439 2183 aut
2548 2135 2632 2187 vel
2659 2141 2908 2200 cantare,
2942 2136 3528 2190 excommunicentur.

745 2224 805 2278 in
837 2224 1164 2288 Ecclesiam,
1200 2227 1298 2275 aut
1329 2223 1385 2274 in
1426 2222 1635 2274 atrium
1670 2222 1952 2288 Ecclesim,
1983 2226 2083 2273 aut
2113 2221 2169 2274 in
2201 2221 2434 2273 domum
2748 2223 2875 2276 Car.
2909 2224 3010 2277 CC.
3044 2253 3114 2263 —
3145 2227 3218 2278 De
3247 2227 3358 2277 illis
3391 2241 3509 2292 qua:
3538 2227 3677 2279 clam
3708 2231 4054 2296 concipiunt.

746 2313 1022 2382 episcopi,
1083 2316 1180 2364 aut
1235 2311 1292 2363 in
1347 2311 1660 2364 claustrum
1731 2309 2087 2379 regularium
2141 2325 2253 2361 non
2306 2307 2435 2360 inde
2615 2308 2722 2368 (Er
2752 2311 2938 2362 concil.
2983 2313 3288 2376 Matiscmi.,
3337 2328 3456 2380 cap.
3491 2313 3566 2378 ϐ.)
3596 2314 3660 2367 In
3705 2314 3810 2367 hoc
3857 2322 4070 2369 sancto
4121 2333 4200 2369 C0!

743 2399 1168 2466 abstrahamur,
1220 2401 1327 2454 nisi
1376 2401 1533 2469 prius
1579 2416 1750 2470 super
1799 2416 1955 2452 sacra
2002 2404 2226 2468 accepta
2282 2415 2437 2451 secu-
2543 2396 2672 2448 cilio
2705 2397 2999 2451 decretum
3045 2405 3222 2452 estut
3262 2401 3660 2471 unusquisque
3711 2403 4020 2472 presbyter
4051 2405 4113 2458 in
4157 2423 4200 2457 Sl

742 2495 911 2544 ritate
961 2507 994 2543 a
1025 2490 1484 2560 persecutoribus
1529 2489 1599 2542 de
1651 2493 1851 2554 morte,
1904 2489 1972 2541 de
2017 2489 2329 2552 debilitate,
2380 2493 2435 2540 ct
2542 2485 2705 2553 plebe
2756 2487 2982 2554 publice
3028 2488 3352 2556 annuntiet,
3404 2493 3466 2542 ut
3496 2489 3541 2541 si
3576 2489 3768 2560 aliqua
3818 2491 4047 2546 femina
4095 2495 4200 2545 clar

743 2579 902 2632 omni
937 2595 1236 2648 pugnarum
1291 2595 1520 2646 genere,
1563 2577 1673 2631 sint
1722 2577 1951 2631 securi:
1987 2579 2159 2630 etiam
2211 2577 2253 2629 si
2287 2577 2432 2630 servi
2542 2573 2670 2625 culo
2702 2581 2968 2644 corrupta
3012 2578 3361 2644 conceperit,
3410 2582 3467 2630 et
3505 2579 3822 2647 pepererit,
3879 2597 4200 2651 nequaqual

742 2667 858 2720 sint
906 2667 1160 2731 illorum,
1195 2666 1293 2736 qui
1341 2683 1438 2718 eos
1485 2666 1883 2734 insequuntur,
1935 2665 2010 2717 ita
2044 2670 2105 2717 ut
2135 2665 2185 2718 ei
2229 2665 2320 2717 cui
2352 2665 2430 2717 rei
2542 2661 2768 2714 diabolo
2799 2668 3086 2716 coactante
3131 2666 3336 2729 tilium,
3375 2671 3472 2718 aut
3501 2666 3678 2720 ﬁliam
3719 2683 3884 2721 suam
3918 2669 4198 2721 interliCIa

737 2755 1026 2810 criminosi
1070 2755 1282 2808 fuerint
1315 2755 1386 2807 de
1427 2754 1804 2808 satisfactione
1850 2753 2208 2806 conveniant.
2268 2755 2430 2817 Quod
2543 2751 2635 2801 sed
2670 2767 3015 2821 quocunque
3050 2754 3320 2821 pra-valet
3348 2754 3602 2820 ingenio,
3637 2761 3770 2808 ante
3808 2758 4026 2824 januas
4069 2759 4200 2811 Eccb

737 2844 783 2897 si
814 2844 860 2898 is
905 2844 1004 2915 qui
1037 2860 1208 2914 super
1239 2859 1389 2896 sacra
1443 2843 1600 2912 prius
1642 2843 1954 2912 juraverat,
1989 2847 2116 2912 post
2142 2843 2432 2895 convictus
2543 2838 2638 2889 size
2685 2845 2911 2906 partum
2949 2841 3260 2910 deportari,
3307 2841 3504 2911 ibique
3539 2843 3675 2912 poni
3704 2844 3897 2910 faciat,
3948 2851 4016 2898 ut
4055 2863 4200 2898 cura:

732 2933 906 2987 fuerit
954 2932 1344 3002 juramentum
1399 2931 1657 2996 violasse,
1711 2947 1842 2984 reus
1890 2931 2128 3001 perjurii
2166 2947 2428 2984 commu-
2543 2928 2836 2981 sacerdote
2895 2928 2953 2982 in
3011 2931 3321 2984 crastinum
3383 2931 3627 2997 delatus,
3695 2933 3768 2986 ab
3821 2934 4022 3004 aliquo
4088 2936 4193 2986 ﬁde

734 3021 906 3074 nione
936 3019 1215 3090 privetur,
1243 3036 1545 3090 quousque
1577 3020 1902 3072 satisfaciat.
2463 3009 2504 3062 (Σ
2543 3015 2884 3084 suscipiatur
2928 3022 2984 3070 et
3036 3017 3343 3080 nutriatur,
3378 3024 3430 3071 et
3487 3020 3587 3072 tali
3615 3036 3679 3073 ex
3730 3036 3900 3074 causa
3947 3023 4190 3075 homiciti

1124 3108 1252 3162 CAP.
1287 3107 1505 3161 CXCIV.
1543 3108 1720 3160 —De
1747 3107 1929 3158 eadem
1961 3123 2037 3160 re.
2540 3112 2763 3156 reatum
2825 3110 2900 3169 et,
2969 3106 3120 3176 quod
3177 3107 3363 3174 majus
3429 3111 3514 3160 est
3570 3108 3947 3176 parricidium
4017 3111 4200 3162 evade:

807 3195 915 3265 (Ea:
943 3197 1129 3249 concil.
1171 3195 1320 3262 apud
1357 3195 1653 3248 Theodonis
1696 3194 1913 3261 villam,
1944 3211 2063 3264 cap.
2105 3199 2214 3262 Η.)
2247 3196 2426 3249 Reum
2541 3192 2677 3245 Nam
2711 3193 2808 3262 qui
2840 3194 3043 3259 tilium,
3073 3199 3174 3248 aut
3202 3195 3378 3248 ﬁliam
3411 3195 3700 3260 interﬁcit,
3734 3197 4025 3266 parricida
4053 3214 4197 3251 omni

734 3281 1169 3352 confugientem
1215 3281 1281 3335 ad
1315 3281 1638 3347 Ecclesiam,
1673 3298 1772 3335 seu
1801 3283 1860 3335 in
1910 3283 2118 3336 atrium
2149 3284 2426 3350 Ecclesiae,
2540 3281 2726 3334 modis
2759 3287 3004 3335 tenetur.

735 3370 949 3460 autin
977 3368 1236 3460 ofﬁcinas
1276 3369 1644 3460 τεξιςυιειζίυωί
1671 3370 1933 3460 fratrum.
1970 3371 2056 3424 vel
2085 3372 2155 3460 in
2211 3373 2426 3425 curiam
2539 3387 2667 3440 Cir.
2719 3386 2849 3442 CCI.
2884 3419 2952 3427 —
3003 3391 3072 3442 De
3102 3389 3409 3453 infantibus
3455 3392 3512 3442 in
3547 3391 3818 3445 adulterio
3863 3396 4037 3460 natis,
4087 3403 4194 3447 etc:

732 3463 834 3513 aut
863 3459 924 3512 in
961 3458 1195 3512 domum
1241 3457 1514 3528 episcopi,
1549 3459 1685 3528 quia
1717 3459 1837 3513 haec
1870 3459 1929 3513 in
1978 3459 2228 3530 antiquis
2257 3478 2424 3513 cano-
3079 3462 3377 3514 Ecclesiam
3404 3465 3690 3528 expositis.

731 3547 903 3602 nibus
931 3562 1037 3618 pro
1068 3545 1382 3600 emunitate
1415 3551 1703 3612 tenentur,
1752 3563 1920 3600 nemo
1959 3547 2286 3600 abstrahere
2326 3567 2426 3599 uu-
2610 3548 2721 3613 (Ea:
2766 3549 2950 3601 concil.
2998 3549 3296 3610 Arelatem,
3347 3565 3467 3618 cap.
3531 3552 3608 3619 5.)
3655 3550 3711 3603 Si
3759 3552 4056 3621 expositus
4107 3557 4188 3606 aut

727 3636 876 3703 deat,
911 3651 1100 3706 neque
1129 3634 1262 3688 inde
1307 3635 1520 3688 donare
1565 3637 1635 3689 ad
1667 3652 1896 3706 poenam
1925 3637 2011 3689 vel
2056 3636 2125 3689 ad
2157 3642 2423 3697 mortem.
2538 3634 2842 3688 Ecclesiam
2871 3637 3284 3708 cujuscumque
3323 3638 3498 3691 fuerit
3531 3639 3898 3693 miseratione
3940 3644 4186 3695 collectis

725 3729 792 3780 ut
833 3725 1024 3780 honor
1063 3724 1161 3778 Dei
1194 3728 1252 3778 et
1296 3728 1622 3778 sanctorum
1675 3726 1797 3794 ejus
1828 3741 1946 3795 prae
1981 3725 2250 3778 omnibus
2297 3742 2427 3778 cou-
2535 3724 2962 3775 contestationis
2995 3735 3170 3792 ponat
3212 3725 3540 3794 epistolam,
3585 3733 3648 3780 ut
3676 3729 3722 3780 si
3757 3728 3804 3780 is
3834 3728 3936 3798 qui
3965 3732 4183 3782 collecta

726 3817 1004 3873 servetur,
1045 3813 1142 3866 sed
1192 3819 1438 3866 rectores
1469 3813 1835 3867 ecclesiarum
1885 3830 2083 3884 pacem
2117 3819 2175 3867 et
2225 3813 2422 3878 vitam,
2536 3816 2621 3862 est
2671 3811 2817 3864 intra
2849 3811 2897 3864 X
2949 3813 3068 3865 dies
3121 3814 3412 3883 quaesitus,
3465 3816 3810 3887 agnitusque
3861 3833 3982 3870 non
4041 3817 4180 3876 fuerit

726 3917 794 3955 ac
831 3901 1092 3955 membra
1139 3901 1190 3954 ei
1246 3917 1375 3955 cum
1423 3901 1753 3971 juramento
1800 3902 2059 3956 obtinere
2111 3903 2422 3956 studeant:
2536 3915 2766 3951 securus
2813 3900 3020 3953 habeat
3067 3902 3167 3972 qui
3215 3904 3462 3972 collegit.
3523 3905 3692 3969 Sane,
3749 3905 3851 3975 qui
3902 3913 4031 3976 post
4077 3919 4178 3975 pri

727 3989 826 4043 sed
855 3993 1049 4042 tamen
1080 3989 1336 4058 legitime
1387 3995 1713 4060 componat,
1761 3990 2045 4060 quidquid
2087 3990 2286 4060 inique
2336 3991 2419 4044 fe-
2535 3987 2749 4040 dictum
2796 3994 3022 4058 tempus
3070 3992 3448 4044 calumniator
3487 3992 3789 4059 exstiterit,
3842 4000 3908 4047 ut
3944 3993 4175 4069 homini

627 4075 645 4095 ’
729 4082 885 4132 cerat
916 4093 932 4131 :
966 4081 1022 4132 et
1071 4077 1117 4130 si
1165 4077 1507 4148 insequutor
1560 4078 1848 4147 magistris
1893 4079 2142 4133 ecclesia:
2191 4079 2422 4133 Obcdire
2533 4077 2908 4129 ecclesiastica
2955 4078 3307 4133 districtione
3357 4081 3747 4147 damnabitur,
3806 4083 3952 4136 sicut
3995 4086 4172 4138 Patnl

729 4165 998 4228 noluerit,
1032 4165 1302 4220 canonice
1333 4165 1776 4236 constringatur.
2533 4164 2717 4217 sanxit
2747 4166 3068 4220 auctoritas.

1147 4255 1277 4345 CAP.
1310 4255 1499 4309 CXCV.
1532 4225 1908 4345 insertam
1936 4271 2012 4345 re.
2069 4343 2154 4345 __
2225 4343 2232 4345 ξ
2311 4344 2317 4345 ί
2461 4291 2504 4345 D
2634 4342 2669 4345 _
2897 4343 2905 4345 4
2957 4255 3085 4309 Car.
3120 4255 3274 4309 CCII.
3310 4285 3377 4296 —
3410 4256 3700 4311 Deeadem
3729 4273 3804 4312 re.
4158 4225 4167 4345 _I'

798 4341 906 4414 (Ea:
936 4343 1124 4397 concil.
1158 4343 1449 4407 Arausico,
1486 4358 1608 4412 cap.
1641 4343 1717 4412 5.)
1751 4343 1855 4396 Eos
1887 4344 1984 4414 qui
2017 4343 2086 4398 ad
2119 4343 2420 4397 Ecclesiam
2461 4341 2494 4345 ⁷
2601 4342 2710 4405 (Ea:
2738 4343 2926 4396 concil.
2991 4345 3237 4409 Vasensi,
3290 4360 3411 4413 cap.
3468 4348 3547 4412 9.)
3601 4346 3678 4399 De
3737 4347 4028 4417 expositis,
4086 4363 4122 4415 qi
4157 4343 4164 4416 ᾗ

724 4431 1106 4502 confugerint,
1166 4432 1317 4485 tradi
1365 4448 1477 4487 non
1525 4431 1754 4494 debere,
1807 4433 1904 4486 sed
1948 4433 2057 4486 loci
2103 4436 2422 4489 reverentia
2531 4431 2733 4484 collata
2782 4433 2853 4485 ab
2901 4433 3168 4486 omnibus
3221 4435 3456 4504 querela
3508 4435 3809 4504 processit,
3850 4452 3948 4489 eos
3995 4453 4096 4489 non
4157 4421 4162 4492 ἰ

722 4524 778 4574 et
834 4519 1244 4575 intercessione
1292 4519 1542 4574 defendi.
1601 4520 1660 4574 Si
1709 4521 1838 4590 quis
1892 4527 2083 4576 autem
2134 4523 2422 4592 mancipia
2531 4519 2982 4594 misericordiam
3028 4521 3170 4590 jam,
3204 4522 3302 4575 sed
3331 4522 3569 4576 canibus
3620 4524 3854 4593 exponi,
3887 4541 4028 4596 quos
4067 4543 4115 4576 Cu

721 4609 1054 4664 clericorum
1097 4625 1205 4680 pro
1255 4610 1373 4664 suis
1417 4609 1719 4680 mancipiis
1758 4610 1830 4664 ad
1871 4611 2195 4676 Ecclesiam,
2229 4613 2418 4666 confu-
2531 4623 2666 4676 gere
2692 4609 3114 4663 calumniarum
3153 4617 3334 4677 metu,
3355 4611 3619 4681 quamvis
3649 4612 3907 4667 infe-lixa
3936 4630 4114 4684 prece}

723 4698 1010 4768 gientibus
1053 4699 1360 4754 crediderit
1389 4699 1741 4769 occupanda,
1773 4715 1876 4770 per
1905 4717 2102 4755 omnes
2148 4701 2422 4756 Ecclesias
2531 4697 2938 4750 misericordiae
2988 4713 3150 4751 mens
3193 4699 3449 4753 humana
3494 4699 3792 4765 detractet,
3843 4701 3900 4755 id
3931 4703 4111 4756 observ.

725 4785 1139 4841 districtissima
1169 4787 1537 4842 damnatione
1568 4787 1829 4843 feriatur.
2531 4785 2669 4839 dum
2714 4791 2799 4840 est
2850 4792 2917 4842 ut
2977 4787 3290 4841 secundum
3339 4792 3554 4843 statuta
3604 4788 4062 4846 ﬁdelissimorum
4099 4803 4109 4842 λ

981 4873 1107 4928 Car.
1143 4873 1358 4928 CXCVI.
1392 4903 1460 4916 --
1481 4877 1553 4929 De
1581 4877 1873 4930 emunitate
1892 4877 2160 4931 Ecclesia.
2529 4878 2826 4942 gustorllm
2860 4914 2876 4942 ,
2951 4875 3462 4947 piissimorumque
3535 4876 3896 4948 principum,
3969 4881 4106 4951 quisq

761 4948 906 5030 ’(Εω
961 4961 1143 5014 concil.
1195 4961 1461 5029 Triburi.,
1527 4978 1645 5030 cap.
1716 4965 1824 5030 30.)
1873 4964 1930 5018 Si
1978 4965 2110 5034 quis
2167 4965 2228 5018 in
2274 4964 2421 5018 atrio
2529 4963 2847 5032 expositum
2893 4964 3146 5033 colliget,
3197 4965 3502 5019 Ecclesiam
3534 4969 3907 5034 contestetur,
3945 4948 4104 5022 conte:-

726 5047 990 5106 Ecclesiaa
1039 5063 1296 5119 pugnam
1343 5049 1669 5117 committit,
1707 5058 1806 5104 aut
1836 5052 2212 5108 homicidium
2263 5054 2415 5115 facit.
2529 5051 2744 5104 tionem
2776 5053 3035 5122 collegat.
3073 5053 3463 5107 Nihilominus
3501 5053 3571 5106 de
3603 5054 3772 5108 altari
3810 5056 4080 5110 Dominico

721 5137 1004 5210 quidquid
1059 5153 1162 5206 pro
1214 5137 1531 5191 emunitate
1583 5139 1791 5192 violata
1839 5142 2264 5196 emendandum
2314 5147 2421 5209 est,
2530 5139 2790 5192 minister
2834 5140 3133 5194 annuntiet
3185 5142 3255 5195 ab
3302 5142 3686 5195 ecclesiastico
3735 5145 4098 5213 expositume

720 5226 927 5281 altario
960 5225 1233 5289 solvatur,
1262 5224 1653 5294 cujuscunque
1684 5225 1856 5279 fuerit
1885 5227 2130 5280 Ecclesia
2159 5229 2276 5282 illa.
2528 5228 2851 5294 collectum,
2902 5234 2968 5283 ut
3004 5229 3158 5282 intra
3216 5231 3336 5283 dies
3373 5231 3566 5284 decem
3600 5231 3670 5284 ab
3714 5234 4066 5300 expositionis

864 5315 993 5369 CAP.
1023 5313 1265 5368 CXCVII.
1299 5342 1368 5352 —
1402 5315 1470 5367 De
1498 5314 1836 5380 fugientibus
1869 5315 1940 5368 ad
1968 5317 2276 5370 Ecclesiam.
2529 5319 2850 5385 expositum
2900 5318 3156 5388 recipiat,
3193 5319 3240 5372 si
3280 5319 3406 5390 quis
3437 5335 3496 5373 se
3547 5320 3880 5389 probaverit
3910 5340 4092 5392 agnovi.

791 5403 914 5470 (Ea:
955 5403 1144 5457 concil.
1199 5401 1647 5467 Mediomatricis,
1706 5418 1827 5471 cap.
1881 5403 1957 5472 ‘2.)
2007 5403 2065 5457 Si
2110 5405 2236 5473 quis
2278 5421 2421 5458 con—
2529 5404 2842 5457 collectiori
2908 5421 3010 5475 pro
3075 5404 3336 5475 ipsorum
3396 5405 3446 5460 X
3508 5406 3733 5462 dierum
3802 5409 4090 5463 misericor-f

722 5492 919 5544 tumax
959 5491 1047 5544 vel
1087 5489 1372 5562 superbus
1415 5489 1685 5545 timorem
1739 5489 1864 5552 Dei,
1912 5491 1997 5545 vel
2046 5494 2419 5547 reverentiam
2529 5498 2700 5564 prout
2726 5493 2989 5562 valuerit,
3021 5493 3094 5548 ad
3137 5511 3387 5566 praesens
3430 5495 3736 5563 retribuat,
3771 5503 3870 5553 aut
3917 5499 3975 5554 in
4011 5514 4086 5569 per

724 5577 1098 5634 Ecclesiarum
1147 5583 1473 5634 sanctarum
1524 5594 1641 5635 non
1671 5578 1960 5646 habuerit,
2009 5584 2067 5635 et
2101 5581 2419 5652 fugientem
2529 5587 2695 5637 tuum
2726 5598 2858 5638 cum
2903 5582 3003 5640 Dei
3031 5584 3235 5656 gratia,
3265 5584 3318 5640 si
3355 5585 3621 5654 voluerit,
3654 5587 3960 5657 possideat.
4003 5589 4084 5655 Sig
