4200 6402
215 381 248 432 3
1130 381 1604 438 DECRETORUM
1645 385 1833 439 LIBRI
1871 384 1975 439 XX.
2020 414 2084 423 —
2126 384 2334 439 LIBER
2371 386 2686 441 TERTIUS.

3549 398 3654 451 714

213 503 556 571 positorum
608 502 717 557 hoc
761 504 960 557 ordine
1009 505 1380 560 collectorum
1428 508 1726 575 repetitor,
1770 508 1859 559 vel
1888 510 1933 560 Α
1964 506 2284 576 episcopus,
2345 509 2661 577 presbyteri
2711 511 3100 579 vendiderunt,
3160 516 3373 583 placuit
3420 519 3653 573 rescisso

207 592 561 661 .lumniator
588 592 888 654 exstiterit,
929 598 991 646 ut
1016 593 1302 647 homicida
1328 595 1619 648 habendus
1648 602 1751 649 est.

411 681 543 734 CAP.
578 681 759 736 CCIII.
790 711 860 719 —
881 684 955 734 De
982 684 1222 734 avaritia
1250 682 1608 737 sacerdotum.

213 768 331 835 (Ea:
411 768 607 821 concil.
690 769 953 833 Toletum,
1005 784 1125 836 cap.
1193 771 1308 837 33.)
1383 769 1628 823 Avaritia
1698 770 1859 823 radix

215 861 499 908 notorum
552 856 862 919 malorum,
912 856 1075 924 cujus
1126 856 1245 908 sitis
1296 856 1469 909 etiam
1504 858 1855 910 sacerdotum

207 948 382 995 entes
412 942 653 997 obtinet.
693 944 850 996 Multi
883 944 1035 997 enim
1074 944 1335 997 ﬁdelium
1369 944 1429 997 in
1469 960 1664 997 amore
1698 945 1861 998 Chri-

207 1048 214 1079 ι
246 1034 311 1081 et
362 1034 708 1099 martyrum,
750 1030 808 1083 in
849 1031 1133 1100 parochiis
1163 1032 1563 1100 episcoporum
1602 1032 1859 1086 basilicas

208 1122 527 1182 instruunt,
638 1118 955 1171 oblationes
1050 1120 1439 1183 conscribunt,
1544 1120 1859 1173 sacerdotes

207 1220 273 1257 ec
325 1204 623 1271 auferunt,
674 1210 844 1276 atque
894 1207 953 1259 in
984 1223 1120 1259 usus
1160 1223 1291 1259 suos
1323 1212 1677 1261 convertunt.
1724 1208 1859 1261 Inde

212 1297 231 1344 t
260 1292 425 1361 quod
462 1293 709 1347 cultores
739 1310 1032 1347 sacrorum
1078 1295 1370 1359 deficiunt,
1404 1295 1539 1348 dum
1577 1295 1861 1365 stipendia

208 1396 250 1431 .a
275 1380 557 1449 perdunt.
598 1381 734 1434 Inde
773 1381 1091 1435 labentium
1121 1382 1485 1436 basilicarum
1534 1383 1717 1436 ruinae
1747 1399 1858 1437 non

214 1472 529 1535 parantur,
585 1467 721 1537 quia
772 1468 1010 1521 avaritia
1065 1468 1399 1521 sacerdotali
1462 1469 1654 1521 omnia
1700 1469 1856 1523 aufe-

208 1560 387 1607 ‘ntur.
440 1556 551 1607 Pro
585 1571 698 1625 qua
727 1571 787 1609 re
830 1555 1199 1609 constitutum
1230 1560 1313 1608 est
1342 1572 1371 1608 a
1418 1557 1683 1625 praesenti
1722 1574 1857 1611 con-

208 1642 302 1706 lio,
337 1642 646 1712 episcopos
678 1644 754 1696 ita
796 1643 1066 1697 diceceses
1106 1660 1235 1697 suas
1274 1660 1493 1712 regere,
1527 1650 1588 1698 ut
1616 1645 1756 1697 nihil
1792 1661 1857 1698 ex

208 1746 355 1783 rum
401 1731 535 1800 jure
580 1736 936 1801 praesumant
976 1731 1201 1784 auferre
1237 1748 1248 1785 :
1284 1731 1381 1784 sed
1403 1732 1563 1800 juxta
1600 1731 1857 1800 priorum

207 1818 559 1871 ictoritatem
638 1820 1034 1883 conciliorum,
1121 1824 1235 1871 tam
1307 1820 1376 1872 de
1454 1819 1857 1887 oblationibus,

208 1922 330 1959 iam
384 1907 455 1960 de
487 1906 742 1972 decimis,
787 1912 843 1961 et
880 1907 949 1960 de
982 1906 1210 1959 tributis
1243 1922 1304 1959 ac
1339 1906 1603 1975 frugibus
1634 1907 1859 1960 tertiam

216 1998 606 2064 nsequantur.
667 1995 830 2058 Quod
896 1994 943 2047 si
1012 1994 1256 2064 amplius
1309 1994 1604 2064 quippiam
1658 1995 1727 2048 ab
1781 1996 1860 2048 eis

207 2089 585 2152 msumptum
639 2083 937 2149 exstiterit,
982 2099 1083 2152 per
1141 2083 1443 2136 concilium
1488 2088 1858 2151 restauretur,

208 2170 596 2239 ipellantibus
640 2170 781 2241 ipsis
811 2170 1227 2237 conditoribus,
1276 2176 1373 2223 aut
1413 2175 1563 2223 certe
1619 2170 1860 2240 propin-

208 2258 283 2310 1is
328 2273 562 2324 eorum,
598 2257 647 2311 si
669 2258 789 2328 jam
822 2257 905 2311 illi
932 2274 965 2311 a
990 2259 1195 2311 saeculo
1228 2258 1629 2312 discesserunt.
1673 2259 1861 2311 Nove-

207 2352 267 2398 nt
318 2352 522 2400 autem
571 2346 895 2399 conditores
958 2346 1323 2399 basilicarum
1375 2346 1434 2399 in
1489 2347 1658 2400 rebus
1719 2363 1860 2415 quas

209 2435 377 2487 sdem
411 2434 668 2488 ecclesiis
726 2434 1048 2502 conferunt,
1098 2435 1314 2487 nullam
1362 2438 1702 2504 potestatem
1752 2435 1859 2487 ha—

208 2536 309 2586 ere,
348 2520 450 2573 sed
479 2520 646 2589 juxta
690 2535 975 2573 canonum
1029 2519 1311 2584 instituta,
1364 2519 1511 2571 sicut
1541 2519 1857 2585 ecclesiam,

208 2625 229 2661 ι
261 2613 322 2663 et
393 2609 589 2663 dotem
634 2609 757 2677 ejus
798 2609 867 2662 ad
924 2608 1343 2662 ordinationem
1393 2608 1643 2677 episcopi
1683 2609 1859 2677 perti-

208 2713 313 2750 are.

259 2784 375 2838 CAP
440 2784 612 2838 CCIV.
639 2812 712 2825 —
736 2786 809 2837 De
825 2785 936 2837 illis
977 2786 1071 2852 qui
1108 2785 1354 2838 ecclesias
1393 2783 1749 2837 incenderint.

223 2875 335 2935 (Ea:
418 2871 564 2925 decr.
626 2873 766 2926 Julii
826 2872 1027 2940 pzpae.)
1085 2872 1142 2925 Si
1190 2871 1318 2941 quis
1373 2871 1666 2925 ecclesiam
1726 2870 1858 2939 igne

207 2959 470 3025 imburit,
502 2960 591 3013 XV
620 2975 801 3013 annos
821 2959 1115 3028 poeniteat,
1144 2964 1200 3012 et
1221 2975 1346 3013 eam
1367 2959 1558 3013 sedule
1580 2958 1855 3023 restituat,

208 3088 211 3098 ι
240 3048 503 3117 pretium
536 3062 704 3100 suum
735 3046 1038 3101 distribuat
1066 3047 1431 3116 pauperibus.

208 3150 287 3187 AP.
335 3134 492 3189 CCV.
545 3164 614 3173 ——
663 3136 738 3187 De
785 3134 1021 3202 quodam
1068 3136 1255 3187 clerico
1302 3150 1336 3187 a
1383 3132 1598 3188 diabolo
1645 3138 1857 3189 vexato.

227 3224 341 3290 (Ea:
372 3222 594 3287 dialogo
647 3223 811 3289 Greg.
854 3223 1056 3291 papa.)
1105 3222 1180 3274 Ex
1227 3221 1425 3275 eodem
1457 3236 1686 3290 quoque
1717 3227 1859 3274 tem-

209 3326 294 3363 )re
348 3309 594 3380 quidam
639 3309 985 3379 Aquinensis
1018 3308 1271 3361 Ecclesiae
1313 3308 1549 3361 clericus
1581 3307 1861 3360 daemonio

210 3398 495 3461 :xabatur,
528 3396 630 3467 qui
661 3414 694 3450 a
731 3396 1043 3450 venerabili
1084 3396 1205 3449 viro
1236 3395 1563 3449 Constantio
1605 3395 1860 3448 Ecclesiae

218 3503 281 3538 us
308 3484 600 3539 anstistite
626 3500 728 3553 per
745 3484 926 3537 multa
949 3484 1056 3537 fuit
1085 3488 1396 3552 martyrum
1422 3483 1545 3535 loca
1574 3485 1863 3535 transmis-

210 3591 272 3640 IS,
315 3577 383 3627 ut
441 3572 633 3626 sanari
679 3576 888 3641 posset.
944 3572 1049 3625 Sed
1077 3570 1256 3624 sancti
1296 3570 1395 3629 Dei
1438 3575 1710 3639 martyres
1761 3588 1861 3623 no-

209 3666 402 3715 ierunt
452 3661 506 3714 ei
536 3659 794 3714 sanitatis
825 3660 1041 3713 donum
1081 3659 1357 3724 tribuere,
1384 3662 1448 3711 ut
1479 3662 1694 3728 quanta
1719 3663 1863 3711 esset

211 3769 218 3801 ι
283 3748 595 3803 Benedicto
653 3748 837 3817 gratia
894 3748 1371 3801 demonstrarent.
1436 3747 1642 3799 Ductus
1671 3746 1861 3815 itaque

211 3844 241 3891 st
273 3839 343 3891 ad
393 3836 809 3906 omnipotentis
838 3835 936 3889 Dei
988 3835 1269 3889 famulum
1321 3834 1709 3896 Benedictum,
1764 3833 1861 3904 qui

211 3943 289 3979 esu
355 3926 586 3981 Christo
644 3923 887 3978 Domino
958 3939 1154 3993 preces
1219 3923 1486 3986 fundens,
1559 3922 1858 3991 antiquum

212 4019 387 4067 ostem
446 4014 519 4068 de
570 4012 798 4066 obsesso
851 4011 1084 4065 homine
1145 4010 1403 4080 protinus
1459 4009 1696 4078 expulit.
1759 4010 1860 4063 Cui

211 4107 357 4155 inato
390 4100 669 4172 praecepit
719 4099 910 4154 dicens
944 4115 955 4151 :
1000 4098 1169 4163 Vade,
1210 4103 1265 4151 et
1293 4102 1421 4167 post
1463 4097 1585 4150 hazc
1632 4113 1860 4151 carnem

212 4206 271 4243 3n
303 4188 598 4254 comedas,
633 4191 689 4242 et
736 4188 806 4242 ad
852 4202 1076 4241 sacrum
1121 4187 1380 4240 ordinem
1423 4200 1719 4255 nunquam
1766 4201 1859 4239 ac-

214 4279 360 4331 :dere
417 4292 756 4348 presumas.
818 4275 1167 4345 Quacunque
1236 4279 1426 4327 autem
1484 4272 1575 4326 die
1635 4288 1859 4326 sacrum

214 4365 421 4419 rdinem
444 4369 728 4419 temerare
759 4361 1208 4433 prmsumpseris,
1243 4360 1435 4414 statim
1476 4359 1596 4429 juri
1647 4360 1861 4414 diaboli

214 4470 372 4507 erum
423 4451 791 4522 manciparis.
847 4450 1110 4504 Discessit
1167 4449 1360 4519 itaque
1408 4447 1645 4501 clericus
1692 4464 1863 4502 sanus

214 4542 399 4596 :sicut
442 4546 661 4595 terrere
708 4539 852 4593 solet
899 4538 1154 4592 animum
1184 4552 1355 4606 pcena
1397 4551 1615 4601 recens,
1643 4551 1709 4589 ea
1734 4552 1863 4606 qua:

213 4630 253 4682 ir
283 4631 383 4684 Dei
431 4627 708 4700 praecepit
753 4626 986 4679 interim
1016 4624 1335 4679 custodivit.
1388 4623 1529 4677 Cum
1570 4638 1705 4693 ergo
1737 4629 1865 4693 post

215 4734 344 4771 unos
373 4717 593 4771 multos
638 4729 836 4768 omnes
878 4712 1100 4783 priores
1146 4711 1299 4765 illius
1329 4710 1398 4765 de
1448 4710 1553 4763 hac
1582 4710 1706 4764 luce
1760 4710 1864 4764 mi-

215 4811 443 4873 rassent,
472 4809 531 4859 et
552 4804 805 4857 minores
835 4817 967 4855 suos
992 4800 1221 4853 sibimet
1249 4799 1559 4869 superponi
1588 4798 1648 4852 in
1692 4800 1865 4853 sacris

216 4894 470 4948 rdinibus
525 4892 805 4953 cerneret,
863 4888 1036 4941 verba
1090 4887 1198 4940 viri
1243 4888 1345 4940 Dei
1393 4886 1555 4957 quasi
1585 4902 1653 4939 ex
1696 4887 1863 4956 longo

216 4992 428 5047 ampore
464 4976 680 5030 oblitus
708 4975 1051 5044 postposuit,
1106 4978 1278 5044 atque
1307 4974 1379 5027 ad
1431 4989 1654 5027 sacrum
1708 4972 1864 5027 ordi-

218 5080 303 5117 em
359 5063 616 5118 accessit.
674 5061 855 5124 Quem
912 5076 1044 5113 mox
1100 5060 1148 5113 is
1187 5059 1286 5130 qui
1340 5059 1571 5130 reliquit
1607 5059 1867 5113 diabolus

216 5152 369 5217 iuuit,
401 5166 653 5221 eumque
684 5164 884 5203 vexare
916 5163 1216 5219 quousque
1259 5147 1513 5202 animam
1544 5146 1667 5215 ejus
1701 5163 1864 5201 excu-

217 5245 333 5307 eret,
366 5256 484 5294 non
509 5238 768 5292 cessavit.

218 5364 303 5399 κιρ,
339 5346 512 5400 CCVI.
536 5374 607 5382 —
639 5346 711 5397 De
736 5342 895 5395 rebus
924 5342 1173 5396 Ecclesia
1202 5356 1339 5408 quae,
1366 5345 1574 5394 mortuo
1600 5342 1864 5409 episcopo,

554 5431 591 5468 a
610 5413 952 5483 presbyteris
989 5412 1220 5465 vendita:
1256 5413 1484 5477 fuerint.

251 5506 330 5557 Ex
373 5504 559 5559 concil.
622 5503 920 5569 Ancirano,
966 5515 1088 5569 cap.
1143 5502 1242 5563 14.)
1301 5500 1379 5552 De
1432 5497 1521 5552 his
1579 5515 1707 5569 qua:
1737 5513 1867 5568 per-

217 5591 368 5648 inent
417 5593 491 5649 ad
552 5588 884 5655 Ecclesiam,
940 5602 1318 5659 quaecunque,
1368 5600 1498 5642 cum
1549 5602 1663 5641 non
1720 5589 1869 5641 esset

530 5698 815 5762 PATROL.
867 5693 1038 5760 CXL.

1969 600 2261 647 contractu
2292 596 2362 648 ad
2403 596 2536 664 jura
2581 598 2957 651 ecclesiastica
3005 603 3279 657 revocari.
3336 605 3407 657 In
3437 606 3654 673 judicio

1970 687 2158 735 autem
2191 684 2297 736 erit
2340 684 2613 753 episcopi,
2656 685 2703 737 si
2749 687 2998 755 pretium
3057 689 3259 743 debeat
3313 693 3487 762 recipi
3530 711 3658 749 nec-

1970 786 2039 822 ne
2072 786 2085 822 :
2118 770 2251 840 quia
2290 771 2627 841 plerumque
2656 788 2851 827 rerum
2884 775 3265 831 districtarum
3297 780 3511 834 reditus
3533 799 3651 836 am-

1967 858 2207 927 pliorem
2238 875 2521 912 summam
2554 876 2656 929 pro
2680 861 2865 930 pretio
2888 863 3019 915 dato
3038 865 3369 920 reddiderit.

1969 946 2092 1026 CAP.
2129 946 2328 1000 CCVII.
2360 978 2428 986 —
2451 951 2544 1027 _De_
2562 964 2618 1001 eo
2668 952 2766 1027 qui
2804 954 3012 1027 spernit
3051 953 3387 1027 ablutionem
3428 959 3654 1027 presby-

2442 1020 2561 1081 teri,
2594 1023 2689 1087 qui
2718 1036 2939 1074 umorem
2970 1022 3175 1077 habuit.

2040 1104 2149 1173 (Ea:
2194 1106 2380 1159 concil.
2438 1107 2729 1173 Gangrm.,
2780 1124 2897 1176 cap.
2945 1110 3029 1174 4.)
3077 1113 3414 1184 Quicunque
3445 1116 3655 1171 discer-

1968 1190 2054 1243 nit
2083 1208 2114 1244 a
2145 1192 2476 1262 presbytero
2507 1194 2606 1263 qui
2636 1210 2871 1249 uxorem
2896 1195 3119 1265 habuit,
3162 1202 3318 1269 quod
3348 1218 3461 1257 non
3495 1221 3659 1274 opor-

1968 1280 2104 1343 teat,
2138 1294 2203 1330 eo
2233 1279 2612 1347 ministrante,
2641 1282 2709 1335 de
2754 1282 3037 1336 oblatione
3069 1286 3380 1357 percipere,
3418 1292 3655 1345 anathe-

1969 1380 2063 1418 ma
2092 1365 2183 1418 sit.

1969 1452 2096 1507 CAP.
2132 1453 2353 1509 CCVIII.
2396 1483 2469 1496 —
2526 1456 2683 1519 Quod
2727 1471 2833 1510 non
2875 1462 3266 1525 permittuntur
3310 1465 3657 1521 ecclesiastici

2258 1525 2332 1577 ad
2359 1529 2654 1579 caemeteria
2692 1528 3059 1582 haereticorum
3097 1532 3360 1586 accedere.

2038 1612 2146 1679 (Ea:
2193 1614 2377 1665 concil.
2430 1614 2736 1680 Laodicen.,
2796 1632 2915 1684 cap.
2960 1618 3035 1685 8.)
3069 1618 3229 1681 Quod
3264 1637 3377 1674 non
3415 1626 3655 1691 permit-

1967 1701 2161 1751 tantur
2216 1700 2576 1754 ecclesiastici
2607 1702 2675 1755 ad
2726 1702 3122 1759 haereticorum
3181 1710 3518 1776 caemeteria,
3570 1715 3657 1766 vel

1891 1782 1930 1836 Β
1967 1786 2037 1839 ad
2069 1802 2135 1838 ea
2193 1803 2321 1857 quas
2376 1788 2446 1841 ab
2494 1789 2572 1841 eis
2616 1792 2978 1859 appellantur
3026 1796 3315 1865 martyris,
3384 1801 3657 1854 orationis

1968 1889 2133 1926 causa
2165 1874 2249 1927 vel
2310 1876 2564 1929 sanitatis
2618 1878 2902 1931 accedere.
2963 1880 3072 1933 Sed
3128 1883 3459 1952 liujusmodi
3506 1888 3553 1939 si
3590 1888 3657 1941 ti-

1967 1961 2121 2013 deles
2174 1962 2406 2030 fuerint,
2438 1970 2591 2017 certo
2650 1970 2907 2034 tempore
2941 1972 3344 2025 communione
3392 1974 3604 2043 privari
3640 1992 3653 2029 :

1964 2049 2306 2116 paenitentes
2352 2057 2543 2105 autem
2574 2059 2630 2105 et
2668 2054 3002 2107 confitentes
3033 2072 3090 2108 se
3156 2058 3479 2128 deliquisse,
3512 2079 3657 2116 con-

1968 2138 2118 2191 venit
2163 2139 2392 2209 suscipi.

1968 2225 2094 2279 CAP.
2161 2226 2326 2280 CCIX.
2367 2255 2439 2266 —
2479 2228 2631 2293 Quod
2675 2244 2780 2281 non
2837 2236 3077 2297 oporteat
3125 2233 3192 2285 ab
3242 2235 3503 2290 haereticis
3548 2242 3651 2291 ‘eu-

2578 2300 2746 2364 leg/ias
2796 2304 3052 2369 accipere.

2038 2384 2155 2447 (Ea:
2184 2384 2379 2448 eodem,
2415 2401 2533 2453 cap.
2569 2388 2681 2453 32.)
2715 2387 2869 2450 Quod
2908 2404 3035 2442 non
3082 2395 3342 2459 oporteat
3372 2394 3441 2446 ab
3470 2394 3654 2448 haere-

1964 2470 2088 2524 ticis
2163 2472 2417 2540 eulogias
2472 2473 2751 2541 accipere,
2820 2492 2947 2545 quae
3025 2483 3159 2530 sunt
3213 2479 3656 2549 ;maledictiones

1967 2558 2153 2628 potius
2186 2576 2360 2629 quam
2399 2559 2504 2613 bcn
2516 2561 2841 2615 edictiones.

2037 2663 2163 2716 CAP.
2209 2663 2358 2717 CCX.
2418 2664 2572 2728 Quod
2652 2666 2832 2741 nullus
2894 2668 3236 2741 Christianus
3294 2672 3367 2725 ad
3416 2677 3651 2741 pseudo-

2496 2740 2763 2804 martyres
2796 2739 2873 2789 ire
2905 2738 3109 2792 debeat.

2038 2822 2148 2884 (ΕΙ)
2183 2820 2379 2886 eodem,
2440 2836 2558 2889 cup.
2617 2823 2728 2891 34.)
2784 2823 2943 2886 Quod
2998 2843 3225 2881 omnem
3258 2830 3649 2887 Christianum

1966 2924 2081 2961 non
2114 2914 2375 2977 oporteat
2420 2908 2679 2963 deserere
2731 2917 3007 2981 martyres
3058 2914 3287 2982 Christi,
3345 2923 3401 2970 et
3460 2920 3540 2973 ire
3583 2923 3653 2975 ad

1966 2996 2483 3065 pseudomartyres,
2520 2997 2573 3050 id
2605 3002 2709 3065 est,
2760 2998 3176 3065 haereticorum,
3228 3009 3283 3056 et
3333 3021 3472 3074 quos
3502 3006 3655 3077 ipsos

1972 3088 2189 3137 constat
2232 3083 2527 3137 haereticos
2610 3086 2905 3140 exstitisse.
2969 3088 3037 3141 Hi
3103 3106 3349 3161 namque
3429 3094 3656 3149 alienati

1972 3177 2106 3225 sunt
2136 3187 2168 3224 a
2207 3172 2338 3224 Deo.
2388 3171 2512 3226 Sint
2567 3172 2742 3242 igitur
2785 3175 3087 3229 anathema
3134 3179 3232 3248 qui
3277 3180 3345 3233 ad
3378 3183 3516 3236 tales
3562 3201 3654 3238 ac-

1971 3258 2262 3313 cesserint.

1972 3347 2098 3401 CAP.
2153 3347 2323 3400 CCXI.
2371 3354 2460 3385 -’
2489 3348 2643 3425 Quod
2695 3364 2801 3425 non
2864 3356 3104 3418 oporteat
3131 3354 3363 3421 plebeios
3416 3359 3661 3425 psalmos

2496 3422 2551 3470 in
2598 3421 2833 3473 Ecclesia
2880 3425 3125 3476 recitare.

2043 3504 2163 3570 (Ea:
2189 3504 2366 3557 eodem
2417 3508 2653 3569 concilio,
2698 3523 2816 3575 cap.
2860 3510 2971 3578 59.)
3021 3510 3182 3573 Quod
3229 3528 3343 3567 non
3397 3522 3658 3584 oporteat

1969 3590 2224 3659 plebeios
2309 3593 2556 3661 psalmos
2608 3594 2666 3645 in
2724 3595 2967 3649 Ecclesia
3028 3600 3265 3666 cantari,
3326 3616 3429 3654 nec
3483 3603 3657 3658 libros

1968 3682 2180 3747 praeter
2221 3694 2500 3731 canonem
2551 3680 2679 3748 legi,
2710 3682 2806 3734 sed
2835 3683 2953 3735 sola
2979 3699 3138 3737 sacra
3192 3686 3486 3742 volumina
3518 3691 3655 3745 Novi

1967 3765 2307 3818 Testamenti
2338 3767 2423 3817 vel
2460 3767 2692 3821 Veteris.

1970 3870 2097 3924 Car.
2132 3870 2422 3945 CCXII._—
2464 3875 2536 3923 De
2588 3873 2697 3924 illis
2747 3874 2844 3939 qui
2895 3881 3198 3942 conventus,
3253 3881 3349 3945 qui
3405 3881 3480 3934 ad
3524 3898 3655 3938 con-

2214 3943 2470 4006 fessiones
2508 3948 2811 4009 martyrum
2838 3948 2993 4011 ﬁunt,
3036 3943 3437 4004 abominantur.

2040 4029 2149 4098 (Ea:
2204 4029 2389 4081 concil.
2448 4030 2722 4094 Antioch.,
2757 4047 2875 4099 cap.
2922 4034 3029 4099 20.)
3087 4034 3141 4087 Si
3189 4036 3315 4105 quis
3373 4040 3655 4108 superbia:

1970 4132 2106 4169 usus
2142 4115 2365 4181 attectu,
2415 4122 2726 4171 conventus
2756 4119 3120 4175 abominetur
3173 4124 3273 4193 qui
3318 4126 3390 4179 ad
3438 4130 3655 4184 confes-

1970 4204 2155 4257 siones
2182 4207 2497 4273 martyrum
2546 4205 2925 4270 celebrantur,
2987 4213 3042 4262 et
3071 4210 3383 4266 ministeria
3428 4231 3556 4285 quae
3596 4218 3656 4272 in

1891 4325 1935 4379 Β
1974 4291 2054 4345 eis
2103 4290 2249 4344 ﬁunt
2295 4290 2467 4345 simul
2522 4308 2651 4346 cum
2706 4310 2904 4348 eorum
2959 4298 3251 4351 memoriis
3311 4309 3654 4370 exsecratur,

1972 4378 2277 4433 anathema
2317 4379 2405 4432 sit.

1973 4468 2099 4521 CAP.
2141 4467 2364 4543 CCXIII.
2406 4496 2474 4506 —
2508 4469 2597 4543 _Ut_
2641 4470 2928 4543 victusub
2970 4474 3243 4543 eqorcistis
3288 4483 3655 4543 energumenis

2234 4540 2290 4590 in
2316 4538 2468 4590 domo
2505 4540 2597 4591 Dei
2622 4539 2924 4593 sedentibus
2963 4542 3389 4598 administretur.

2042 4625 2150 4695 (Ea:
2194 4625 2380 4678 concil.
2447 4624 2729 4691 Carthag.,
2785 4641 2904 4694 cap.
2962 4628 3073 4697 9t.)
3138 4630 3547 4701 Energumenis
3594 4638 3654 4692 in

1973 4712 2144 4767 domo
2204 4712 2304 4765 Dei
2329 4711 2658 4765 sedentibus
2702 4712 2884 4766 victus
2934 4716 3299 4783 quotidianus
3347 4737 3449 4790 per
3492 4740 3654 4779 exor-

1972 4800 2139 4854 cistas
2168 4804 2492 4870 Opportuno
2524 4804 2781 4870 tempore
2805 4802 3178 4858 ministretur.
3600 4811 3609 4819 ‘

1973 4906 2110 4961 CAP.
2161 4905 2378 4960 CCXIV.
2421 4932 2523 4987 —_
2551 4907 2819 4988 Utsacra
2847 4923 2980 4988 vasa
3026 4925 3139 4988 non
3174 4911 3242 4965 ab
3274 4914 3403 4969 aliis
3432 4933 3593 4985 quam
3623 4937 3657 4975 a

2378 4980 2549 5028 sacris
2587 4980 2722 5030 viris
2746 4982 2976 5032 tractari
3003 4980 3246 5036 debeant.

2044 5067 2151 5129 (Ea:
2180 5063 2323 5117 decr.
2385 5065 2557 5133 δῃωιὶ
2613 5080 2793 5133 papae,
2848 5082 2973 5137 cap.
3030 5069 3142 5136 49.)
3193 5071 3511 5142 Cognoscat
3564 5094 3652 5131 sa-

1972 5151 2191 5223 pientia
2220 5155 2427 5219 vestra,
2457 5151 2659 5205 fratres
2698 5153 3038 5221 charissimi,
3070 5157 3204 5227 quia
3234 5159 3293 5211 in
3334 5161 3438 5214 hac
3466 5169 3658 5218 sancta

1974 5238 2287 5309 apostolica
2316 5238 2448 5292 sede
2497 5256 2530 5292 a
2585 5240 2748 5293 nobis
2778 5246 2835 5294 et
2854 5243 3089 5312 reliquis
3138 5246 3439 5316 episcopis,
3490 5256 3657 5304 caete-

1976 5326 2166 5397 risque
2211 5327 2438 5380 Domini
2489 5328 2896 5395 sacerdotibus,
2949 5335 3225 5384 statutum
3258 5340 3342 5387 est
3393 5340 3455 5389 ut
3500 5353 3660 5393 sacra

1974 5430 2108 5467 vasa
2152 5430 2269 5468 non
2320 5414 2390 5467 ab
2438 5414 2563 5467 aliis
2609 5432 2781 5485 quam
2827 5433 2858 5469 a
2897 5418 3126 5471 sacratis
3174 5420 3527 5493 Dominoque
3567 5426 3662 5480 di-

1977 5501 2116 5554 catis
2145 5505 2570 5555 contrectentur
2601 5502 2949 5556 hominibus.
2980 5503 3282 5572 Indignum
3314 5510 3467 5565 enim
3500 5514 3662 5569 valde

1978 5590 2066 5641 est
2094 5592 2158 5642 ut
2185 5602 2343 5642 sacra
2375 5588 2601 5642 Domini
2632 5604 2778 5653 vasa,
2824 5604 3181 5660 qumcunque
3212 5600 3364 5664 sunt,
3397 5597 3663 5656 humanis

3242 5706 3355 5803 '23
