3966 6418
328 369 433 421 ’715

1399 363 1802 418 BURCHARDI
1843 360 2374 419 WORMACIENSIS
2413 362 2753 418 EPISCOPI.

3749 361 3867 414 ’716

335 490 532 543 usibus
561 487 832 550 serviant,
867 491 966 540 aut
996 487 1068 541 ab
1107 485 1234 540 aliis
1263 502 1435 557 quam
1467 503 1500 539 a
1551 485 1796 540 Domino
1844 485 2028 539 famu-
2059 489 2106 539 A
2213 485 2403 540 Tobiae
2435 485 2581 539 liber
2620 500 2790 539 unus.

333 577 585 631 lantibus
613 574 780 645 eique
803 575 1003 629 dicatis
1031 578 1349 629 tractentur
1377 573 1532 640 viris,
1573 590 1645 627 ne
1693 590 1796 644 pro
1826 572 2032 626 talibus

333 663 880 737 prmsumptionibus
928 664 1106 716 iratus
1167 663 1441 716 Dominus
1485 663 1715 732 plagam
1769 651 2033 730 imponat

333 754 545 824 populo
570 769 695 819 suo,
728 756 786 806 et
810 752 871 806 hi
909 751 1010 822 qui
1059 752 1231 805 etiam
1268 767 1385 804 non
1440 755 1842 820 peccaverunt,
1882 750 2033 803 mala

333 841 650 914 patiantur.
702 844 802 894 aut
844 845 1084 910 pereant
1119 855 1133 892 :
1166 839 1302 910 quia
1334 840 1484 910 perit
1504 840 1694 908 justus
1719 837 2035 907 saepissime

334 946 440 1000 pro
469 929 669 998 impio.
699 928 1006 994 Attendite,
1035 928 1254 989 fratres,
1289 943 1358 980 ne
1378 927 1727 980 taliavestris
1757 926 1818 979 in
1851 927 2038 979 Eccle-

335 1019 434 1072 siis
449 1016 792 1088 permittatis
806 1016 1073 1085 deinceps
1086 1015 1233 1083 ﬁeri,
1245 1031 1318 1068 ne
1337 1030 1472 1084 grex
1491 1015 1742 1084 pretioso
1755 1014 2036 1084 sanguine

336 1104 548 1161 Christi
572 1104 918 1174 redemptus,
951 1103 1012 1156 in
1040 1102 1445 1172 prmcipitium,
1473 1103 1628 1173 quod
1657 1102 1803 1156 absit
1826 1100 1838 1155 l
1884 1105 2030 1155 ruat.

339 1211 466 1266 CAP.
506 1210 699 1265 CCXV.
739 1239 808 1249 -—
860 1211 938 1263 De
985 1211 1217 1263 sacratis
1242 1211 1482 1275 foraminis
1533 1225 1652 1277 quae
1689 1223 1850 1262 sacra
1904 1222 2038 1262 vasa

569 1286 617 1334 et
640 1282 826 1349 pallas
859 1282 1054 1333 altaris
1086 1285 1320 1333 tractare
1337 1282 1802 1349 praesumpserint.

411 1368 527 1439 (Ea:
577 1368 719 1421 decr.
772 1368 1012 1422 Sotheris
1061 1383 1244 1437 papa,
1312 1383 1431 1437 cap.
1496 1367 1611 1437 46.)
1643 1367 1898 1421 Sacratas
1921 1366 2034 1419 Deo

338 1456 600 1512 fmminas
657 1456 743 1509 vel
766 1457 1074 1509 monachas
1105 1472 1264 1510 sacra
1311 1472 1462 1522 vasa,
1496 1456 1584 1508 vel
1633 1471 1819 1509 sacras
1859 1454 2039 1524 pallas

338 1561 514 1615 penes
569 1560 670 1596 vos
730 1543 1082 1614 contingere,
1136 1549 1191 1597 et
1229 1544 1527 1598 incensum
1575 1544 1791 1598 circum
1841 1541 2040 1596 altaria

340 1633 560 1688 deferre
609 1633 895 1702 perlatum
947 1638 1032 1686 est
1082 1633 1151 1686 ad
1206 1633 1573 1702 apostolicam
1631 1633 1846 1686 sedem.
1900 1631 2036 1695 Quae

338 1721 534 1776 omnia
588 1720 1038 1790 reprehensione
1093 1725 1149 1774 et
1205 1721 1625 1791 vituperatione
1688 1721 1863 1790 plena
1916 1735 2038 1773 esse

337 1809 484 1863 nulli
531 1812 681 1861 recte
728 1793 1076 1878 sapientium
1133 1807 1373 1861 dubium
1407 1812 1508 1862 est.
1543 1808 1904 1878 Quapropter
1940 1807 2043 1859 hu-

333 1898 426 1968 jus
457 1901 665 1949 sanctae
689 1895 836 1948 sedis
863 1896 1203 1949 auctoritate
1227 1897 1348 1949 haec
1373 1897 1569 1949 omnia
1597 1895 1758 1948 vobis
1787 1909 2042 1948 resecare

339 1985 616 2050 funditus,
683 1983 1028 2053 quantocius
1094 1983 1377 2053 poteritis,
1444 1998 1791 2037 censemus:
1853 1986 1911 2036 et
1970 1998 2042 2035 ne

339 2073 518 2143 pestis
562 2072 684 2124 haec
729 2071 902 2124 latius
943 2071 1289 2140 divulgetur,
1335 2087 1440 2141 per
1477 2086 1680 2124 omnes
1721 2069 2042 2140 provincias

343 2158 593 2228 abstergi
621 2156 945 2211 diutissime
978 2157 1337 2210 mandamus.

343 2263 453 2320 CAP
502 2263 718 2317 CXXVI.
750 2291 820 2300 ——-
852 2264 927 2315 De
981 2264 1128 2316 vasis
1182 2264 1373 2328 sacris,
1429 2261 1495 2315 de
1522 2263 1689 2331 pallis
1744 2263 1941 2315 altaris
1994 2264 2044 2313 et

410 2335 544 2387 velis
582 2333 831 2397 ecclesia,
876 2335 926 2386 si
972 2338 1240 2388 vetustate
1283 2338 1600 2402 consumpta
1644 2334 1874 2399 fuerint,
1908 2331 2044 2401 quid

416 2404 544 2458 inde
576 2403 890 2465 faciendum
917 2405 1010 2457 sit.

412 2491 520 2562 (Em
577 2493 735 2559 epist.
779 2491 1062 2556 Clementis
1105 2506 1285 2560 papae,
1316 2507 1435 2560 cap.
1467 2490 1585 2562 56.)
1616 2491 1694 2544 De
1728 2489 1874 2543 vasis
1907 2505 2043 2544 sane

341 2579 513 2633 sacris
565 2579 644 2632 ita
694 2579 1015 2648 gerendum
1065 2585 1199 2633 est:
1254 2579 1461 2633 Altaris
1519 2580 1692 2649 palla,
1751 2577 2039 2645 cathedra,

341 2667 772 2734 candelabrum,
831 2671 886 2720 et
930 2668 1144 2733 velum,
1206 2667 1252 2720 si
1308 2668 1524 2720 fuerint
1570 2670 1851 2720 vetustate
1903 2681 2044 2719 con-

340 2759 590 2826 sumpta,
624 2754 888 2809 incendio
919 2756 1129 2809 dentur
1161 2771 1174 2808 :
1208 2756 1484 2826 quoniam
1519 2771 1635 2808 non
1666 2755 1798 2808 licet
1816 2771 1884 2808 ea
1911 2770 2039 2825 quae

339 2843 399 2898 in
431 2843 676 2898 sacrario
722 2843 976 2912 fuerunt,
1010 2845 1158 2898 male
1193 2844 1445 2911 tractari,
1488 2844 1585 2898 sed
1611 2843 1876 2897 incendio
1909 2843 2042 2896 uni-

337 2948 500 2986 versa
546 2931 868 2986 tradentur.
906 2932 1138 2987 Cineres
1169 2949 1399 3005 quoque
1429 2948 1630 2986 eorum
1675 2932 1736 2985 in
1767 2931 2040 3002 baptiste-

341 3020 492 3074 rium
534 3020 878 3086 inferantur,
939 3020 1034 3074 ubi
1092 3021 1288 3074 nullus
1318 3021 1590 3074 transitus
1642 3020 1941 3086 habeatur,
1980 3020 2042 3073 in
2077 3035 2116 3090 ο

341 3106 578 3177 pariete,
635 3112 734 3161 aut
793 3107 855 3160 in
902 3107 1068 3161 fossis
1115 3107 1583 3178 pavimentorum
1625 3107 1932 3177 jactentur,
1973 3123 2046 3161 ne

341 3195 757 3249 introeuntium
815 3195 1058 3264 pedibus
1106 3195 1504 3266 inquinentur.
1569 3197 1753 3250 Pallas
1804 3211 1936 3249 vero
1991 3199 2050 3248 et

342 3283 465 3336 vela
493 3299 620 3353 qua:
647 3282 709 3336 in
756 3283 1066 3337 sanctuarii
1114 3284 1402 3337 sordidata
1444 3283 1658 3337 fuerint
1706 3282 2044 3349 ministerio,

341 3370 565 3425 diaconi
632 3386 764 3424 cum
819 3371 1133 3424 humilibus
1187 3371 1465 3425 ministris
1534 3371 1686 3425 intra
1733 3370 2047 3425 sacrarium

342 3459 553 3526 lavent,
622 3475 738 3512 non
783 3458 1073 3528 ejicientes
1121 3459 1272 3513 foras
1332 3476 1365 3512 a
1443 3459 1690 3513 sacrario
1764 3460 2048 3514 velamina

345 3546 653 3600 Dominicae
685 3562 922 3610 mensae,
957 3563 1030 3601 ne
1062 3547 1205 3601 forte
1241 3547 1427 3618 pulvis
1471 3547 1753 3602 Dominici
1792 3549 2047 3618 corporis

345 3636 492 3689 male
523 3634 766 3701 decidat,
817 3635 1075 3705 syndone
1115 3635 1254 3689 foris
1284 3637 1490 3702 delata,
1515 3641 1572 3690 et
1617 3637 1725 3690 erit
1764 3637 1874 3690 hoc
1903 3652 2047 3707 ope-

345 3724 498 3777 ranti
540 3729 858 3793 peccatum,
902 3724 1118 3778 Idcirco
1149 3725 1210 3778 in
1239 3723 1486 3778 sacrario
1537 3723 1817 3778 ministris
1840 3725 2043 3794 praeci-

343 3811 536 3882 pimus
582 3827 714 3866 cum
769 3812 1068 3882 diligentia
1111 3813 1414 3868 custodire.
1461 3814 1632 3868 Pallae
1671 3812 1734 3866 in
1766 3813 1872 3867 alia
1893 3813 2045 3883 pelvi

344 3899 626 3968 laventur,
677 3899 739 3953 in
767 3900 880 3954 alia
909 3901 1054 3956 vela.

344 4021 626 4060 INCIPIUNT
699 4010 936 4060 DECRE‘PA
1011 4022 1079 4060 DE
1152 4021 1507 4071 RECIPIENDIS,
1566 4023 1670 4061 VEL
1727 4025 1838 4063 NON
1891 4024 2043 4064 RECI-

417 4093 626 4130 PIENDIS
667 4093 857 4141 LIBRIS,
900 4093 1110 4130 SCRIPTA
1147 4095 1182 4131 Δ
1222 4093 1446 4132 GELASIO
1484 4093 1636 4140 PAPA,
1679 4095 1786 4132 CUM
1827 4097 2045 4135 εεΡτυΑ-

417 4162 584 4200 ϐῙΝΤΑ
640 4162 1022 4200 EBUDITISSIMIS
1083 4165 1350 4202 EPISCOPIS
1407 4165 1463 4201 IN
1529 4165 1659 4202 SEDE
1713 4166 2042 4206 APOSTOLICA

418 4217 928 4291 panisaomsﬁEm
964 4218 1106 4274 decr.
1157 4221 1362 4275 G-elasii
1397 4235 1558 4288 papae
1602 4220 1667 4274 de
1712 4223 2041 4291 recipiendis

415 4289 591 4342 libr-is.

485 4303 591 4341 iris.

485 4286 618 4430 CAP?
640 4376 797 4429 XVII.
833 4407 903 4415 —-
929 4379 1004 4430 De
1031 4377 1221 4432 ordine
1253 4379 1517 4434 librorum
1546 4381 1754 4434 Veteris

1019 4450 1362 4504 Testamenti.

412 4533 644 4588 Genesis
660 4532 806 4587 liber
837 4549 1003 4588 unus.

408 4621 584 4676 Exodi
614 4621 759 4676 liber
797 4638 964 4675 unus.

409 4709 642 4764 Levitici
671 4710 817 4764 liber
843 4727 1016 4764 unus.

413 4798 647 4852 Numeri
677 4798 823 4852 liber
853 4815 1020 4853 unus.

405 4886 833 4940 Deuteronomii
859 4887 1006 4941 liber
1035 4903 1202 4942 unus.

402 4975 537 5028 Jesu
567 4975 716 5028 Nave
740 4975 885 5030 liber
913 4992 1082 5030 unus.

402 5061 665 5116 Judicum
692 5061 841 5115 liber
871 5079 1039 5116 unus.

400 5151 623 5220 Regum
661 5150 795 5204 libri
842 5155 1106 5221 quatuor.

401 5239 556 5294 Ruth
583 5240 729 5292 liber
757 5255 935 5292 unus.

397 5327 881 5398 Paralipomenon
911 5325 1040 5379 libri
1079 5325 1195 5379 duo

394 5417 754 5470 Psalmorum
788 5415 935 5468 liber
965 5429 1138 5468 unus.

395 5504 716 5559 Salomonis
742 5503 876 5558 libri
905 5501 1184 5574 quinque.

394 5593 422 5646 J
427 5591 500 5644 ob
538 5591 684 5645 liber
712 5607 882 5647 unus.

2072 1763 2114 1817 Β

2216 575 2445 629 Hesdrae
2479 575 2622 628 liber
2649 590 2818 628 unus.

2217 663 2417 716 Hester
2447 662 2594 716 liber
2623 678 2789 716 unus.

2213 751 2408 804 Judith
2435 751 2577 804 liber
2610 767 2777 804 unus.

2221 838 2683 892 Machabaeorum
2722 837 2855 892 libri
2879 839 3017 892 duo.

2188 955 2195 959 -
2287 927 2418 982 CAP.
2446 927 2715 980 CCXVIII.
2749 956 2818 965 —
2838 930 2911 981 De
2939 926 3127 981 ordine
3151 928 3563 996 prophetarum.

2218 1013 2393 1067 Esaia
2426 1014 2570 1068 liber
2599 1030 2772 1069 unus.

2218 1101 2540 1168 Hieremiae,
2590 1118 2720 1157 cum
2763 1102 2992 1172 Cinoth,
3055 1102 3116 1157 id
3160 1106 3264 1158 est
3326 1103 3868 1158 Lamentationibus

2147 1189 2284 1254 suis,
2317 1189 2461 1244 liber
2493 1207 2659 1244 unus.

2221 1278 2528 1332 Ezechielis
2558 1279 2703 1332 liber
2735 1295 2905 1333 unus.

2221 1365 2472 1419 Danielis
2504 1365 2651 1420 liber
2676 1381 2848 1420 unus.

2217 1453 2375 1507 Oseee
2405 1453 2548 1506 liber
2577 1469 2747 1508 unus.

2219 1543 2393 1595 Amos
2425 1543 2571 1596 liber
2600 1558 2768 1596 unus.

2221 1630 2452 1685 Micheai
2482 1631 2627 1684 liber
2655 1646 2826 1684 unus.

2216 1719 2339 1772 Joel
2369 1719 2515 1772 liber
2546 1734 2714 1772 unus.

2223 1806 2423 1860 AbditB
2455 1807 2601 1860 liber
2632 1823 2802 1860 unus.

2224 1895 2378 1947 Iona:
2414 1895 2558 1947 liber
2580 1910 2747 1948 unus.

2225 1983 2408 2036 Naum
2439 1982 2586 2036 liber
2616 1998 2785 2036 unus.

2223 2069 2450 2123 Abacuc
2479 2070 2624 2123 liber
2655 2086 2828 2125 unus.

2224 2157 2527 2228 Sophonim
2558 2158 2702 2212 liber
2726 2174 2893 2212 unus.

2224 2246 2424 2317 Aggaai
2443 2247 2588 2300 liber
2615 2263 2782 2300 unus.

2221 2335 2504 2389 Zachariae
2531 2336 2679 2389 liber
2709 2351 2878 2390 unus.

2225 2424 2514 2478 Malachiee
2537 2423 2681 2477 liber
2708 2440 2880 2479 unus.

2154 2529 2281 2584 CAP.
2333 2530 2549 2584 CCXIX.
2622 2532 2694 2584 De
2763 2529 2951 2582 ordine
2990 2529 3252 2582 librorum
3311 2531 3450 2586 Novi
3511 2531 3859 2593 Testamenti,

2224 2615 2356 2669 quos
2382 2606 2572 2654 sancta
2606 2603 2844 2654 Romana
2878 2601 3127 2653 Ecclesia
3167 2604 3326 2666 tenet,
3375 2605 3424 2654 et
3471 2615 3604 2669 quos
3633 2603 3864 2654 univer—

2223 2673 2358 2725 salis
2389 2673 2631 2725 Ecclesia
2658 2672 2924 2724 observat.

2224 2775 2660 2845 Evangeliorum
2695 2775 2826 2829 libri
2853 2781 3118 2845 quatuor.

2223 2863 2550 2918 Secundum
2574 2865 2899 2918 Mattheeum
2933 2863 3079 2916 liber
3111 2879 3278 2918 unus.

2224 2951 2552 3006 Secundum
2582 2953 2830 3006 Marcum
2869 2951 3014 3006 liber
3042 2967 3213 3005 unus.

2227 3040 2553 3094 Secundum
2585 3041 2791 3094 Lucam
2821 3040 2968 3094 liber
2991 3055 3158 3093 unus.

2227 3128 2551 3182 Secundum
2580 3130 2858 3182 Joannem
2889 3128 3034 3182 liber
3075 3145 3240 3182 unus.

2227 3218 2402 3270 Actus
2433 3217 2807 3286 apostolorun
2838 3216 2983 3269 liber
3017 3232 3187 3270 unus.

2572 3306 2829 3373 Epistolz
2855 3305 3014 3358 Pauli
3038 3320 3259 3359 numero
3290 3307 3434 3361 XIV.

2227 3393 2309 3448 Ad
2344 3395 2630 3447 Romanos
2663 3393 2908 3462 epistola
2939 3408 3072 3446 una.

2223 3481 2308 3536 Ad
2338 3481 2662 3536 Corinthios
2692 3481 2949 3550 epistolae
2977 3481 3126 3535 duas.

2223 3569 2309 3624 Ad
2344 3571 2567 3623 Galatas
2594 3569 2837 3640 epistola
2868 3585 3004 3622 una.

2224 3659 2309 3712 Ad
2335 3658 2609 3728 Ephesios
2658 3657 2901 3728 epistola
2940 3673 3075 3710 una.

2223 3745 2310 3800 Ad
2341 3746 2736 3817 Philippenses
2766 3745 3007 3816 epistola
3043 3761 3180 3800 una.

2221 3833 2308 3888 Ad
2335 3834 2695 3888 Colossenses
2725 3834 2971 3904 epistola
3010 3850 3144 3888 una.

2221 3921 2309 3976 Ad
2338 3923 2867 3977 Thessalonicenses
2892 3922 3135 3991 epistola
3165 3938 3300 3976 una.

2221 4010 2302 4064 Ad
2329 4011 2696 4064 Timotheum
2731 4009 2986 4078 epistolae
3020 4010 3167 4064 duas.

2221 4098 2304 4152 Ad
2325 4099 2516 4152 Titum
2547 4098 2804 4167 epistolae
2831 4097 2981 4151 duae.

2219 4186 2306 4240 Ad
2338 4187 2731 4240 Philemonem
2766 4186 3010 4255 epistola
3036 4200 3172 4238 una.

2219 4275 2304 4329 Ad
2335 4276 2603 4330 Hebraeos
2624 4274 2865 4344 epistola
2894 4290 3027 4327 una.

2216 4362 2587 4434 Apocalypsis
2614 4361 2853 4416 Joannis
2883 4362 3028 4415 liber
3056 4378 3224 4416 unus.

2325 4451 2452 4506 CAP.
2487 4451 2676 4505 CCXX.
2709 4449 2851 4504 Ordo
2888 4451 3010 4504 VII
3044 4451 3398 4518 epistolarum
3426 4454 3668 4508 eanonic.

2218 4539 2369 4593 Petri
2398 4539 2640 4608 apostoli
2669 4538 2927 4609 epistolae
2959 4540 3108 4593 duas.

2215 4628 2408 4682 Jacobi
2437 4629 2684 4698 apostoli
2712 4630 2952 4698 epistola
2986 4647 3121 4685 una.

2215 4715 2452 4769 Joannis
2484 4717 2727 4786 apostoli
2749 4717 3004 4788 epistolae
3034 4723 3172 4774 tres.

2214 4803 2373 4857 Judze
2402 4804 2604 4858 Zelotis
2636 4811 2814 4876 apost.
2844 4808 3090 4874 epistola
3122 4824 3260 4862 una.

2216 4891 2334 4961 (Ea:
2364 4892 2507 4945 decr.
2539 4893 2823 4961 ejusdem.)
2847 4896 2981 4948 Post
3011 4894 3374 4965 propheticas
3405 4897 3462 4947 et
3491 4896 3842 4966 evangelicas

2145 4982 2318 5049 atque
2347 4980 2690 5048 apostolicas
2735 4981 3078 5052 Scripturas,
3126 4982 3339 5053 quibus
3372 4983 3618 5037 Ecclesia
3647 4985 3835 5037 catho-

2145 5067 2253 5120 lica
2269 5084 2372 5137 per
2397 5068 2642 5138 gratiam
2674 5069 2775 5124 Dei
2800 5070 3038 5124 fundata
3068 5076 3175 5138 est,
3206 5072 3382 5124 etiam
3410 5071 3552 5125 illud
3580 5071 3839 5126 intiman-

2143 5154 2282 5209 dum
2321 5157 2667 5225 putavimus,
2701 5159 2853 5228 quod
2900 5159 3160 5229 quamvis
3192 5159 3474 5213 universa:
3506 5176 3611 5229 per
3649 5160 3837 5213 orbem

2143 5243 2364 5298 diffusae
2383 5245 2678 5299 catholicas
2715 5247 2977 5300 Ecclesiae
3000 5263 3152 5300 unus
3190 5248 3480 5301 thalamus
3513 5248 3718 5302 Christi
3747 5250 3834 5314 sit,

2143 5337 2337 5386 sancta
2366 5339 2560 5387 tamen
2593 5335 2850 5388 Romana
2880 5335 3161 5389 catholica
3208 5339 3265 5389 et
3309 5336 3620 5406 apostolica
3669 5337 3838 5391 Eccle-

2144 5419 2229 5474 sia
2287 5421 2463 5474 nullis
2539 5422 2826 5492 synodicis
2903 5424 3231 5478 constitutis
3305 5425 3525 5478 caeteris
3586 5427 3837 5480 Ecclesiis

2142 5509 2382 5578 prmlata
2427 5513 2528 5577 est,
2581 5511 2679 5564 sed
2723 5512 3058 5582 Evangelica
3098 5529 3236 5568 voce
3292 5513 3832 5569 DominiSalvatoris

2143 5596 2322 5650 nostri
2370 5597 2688 5668 primatum
2732 5599 2984 5656 obtinuit
3017 5617 3032 5655 :
3063 5601 3150 5656 Tu
3179 5617 3240 5656 es
3290 5601 3511 5670 Petrus,
3544 5599 3823 5672 inquiens,
