4200 6392
194 410 256 459 ΙΤ
942 366 947 369 Δ
1151 409 1621 465 DECRETORUM
1664 411 1851 466 LIBRI
1889 411 1998 465 XX.
2040 438 2111 450 —
2148 410 2352 464 LIBER
2390 409 2709 464 TERTIUS.

3560 418 3666 468 718

193 536 207 583 t
237 548 431 602 super
461 533 614 587 hanc
646 537 872 602 petram
908 531 1198 585 tediﬁcabo
1244 532 1548 585 Ecclesiam
1581 548 1786 597 meam,
1821 536 1878 585 et
1910 534 1953 585 A
1995 530 2325 600 giosissimi.
2360 531 2501 583 Item
2549 530 2787 599 epistola
2818 530 2876 583 Β.
2914 530 3111 584 Leonis
3150 548 3312 602 papas
3358 535 3426 587 ad
3458 535 3674 588 Flavia-

196 626 353 673 ortae
394 621 569 674 inferi
599 637 717 674 non
760 621 1154 690 praevalebunt
1198 621 1465 673 adversus
1494 636 1641 681 eam,
1675 626 1727 673 et
1774 620 1877 673 tibi

194 707 311 759 abo
350 709 546 761 claves
597 708 762 778 regni
801 708 1096 761 caelorum.
1133 709 1197 760 Et
1227 723 1580 777 quaecunque
1612 708 1877 777 ligaveris

194 810 340 863 iper
373 799 619 858 terram,
654 800 825 848 erunt
856 794 1028 864 ligata
1063 798 1118 847 et
1148 794 1209 846 in
1236 794 1397 848 coelo.
1429 796 1490 848 Et
1522 811 1877 865 quaecunque

194 883 416 935 )Iveris
468 898 646 952 super
677 887 912 947 terram,
946 887 1114 935 erunt
1159 882 1343 934 soluta
1375 887 1426 935 et
1472 883 1531 935 in
1565 885 1721 937 coelo.
1777 884 1878 937 Cui

196 975 297 1023 ata
328 976 421 1023 est
452 972 630 1024 etiam
662 971 900 1024 societas
934 969 1247 1023 beatissimi
1284 971 1439 1023 Pauli
1466 974 1707 1040 apostoli
1735 973 1877 1026 vasis

193 1058 498 1124 lectionis,
536 1058 637 1128 qui
685 1074 802 1111 non
833 1057 1071 1121 diverso,
1107 1057 1252 1110 sicut
1297 1058 1549 1111 haeretici
1595 1060 1877 1129 garriunt,

193 1147 256 1199 ed
294 1163 425 1200 uno
474 1153 757 1216 tempore,
804 1162 919 1199 uno
949 1147 1266 1215 eodemque
1300 1146 1389 1199 die
1420 1147 1665 1215 gloriosa
1695 1154 1877 1202 morte

193 1251 293 1288 um
328 1236 507 1288 Petro
554 1235 616 1287 in
646 1234 789 1287 urbe
822 1235 1004 1287 Roma
1042 1234 1145 1285 sub
1180 1235 1398 1286 Czesare
1424 1234 1645 1286 Nerone
1678 1234 1877 1304 agoni-

193 1339 301 1376 ans
356 1328 673 1376 coronatus
708 1327 812 1387 est,
846 1327 902 1375 et
943 1321 1161 1391 pariter
1201 1322 1581 1390 supradictam
1628 1329 1876 1376 sanctam

193 1418 503 1465 tomanam
562 1410 869 1463 Ecclesiam
914 1409 1135 1463 Christo
1170 1409 1410 1462 Domino
1458 1416 1876 1477 consecrarunt,

194 1515 448 1568 .ancque
499 1498 770 1552 omnibus
819 1497 1052 1551 urbibus
1099 1498 1156 1551 in
1204 1499 1466 1551 universo
1515 1500 1727 1552 mundo
1779 1516 1880 1553 sua

194 1586 516 1651 irazsentia,
559 1591 732 1655 atque
780 1586 1104 1638 venerando
1152 1586 1443 1655 triumpho
1482 1588 1875 1654 praetulerunt.

193 1674 263 1725 Ist
296 1689 448 1742 ergo
485 1673 675 1741 prima
707 1672 859 1724 Petri
895 1671 1136 1740 apostoli
1164 1672 1323 1724 sedes
1354 1672 1609 1725 Romana
1640 1674 1879 1726 Ecclesia

1986 635 2125 672 num
2212 618 2905 688 Constantinopolitanum
2978 620 3304 690 episcopum
3371 622 3670 676 destinata.

1988 708 2159 775 Cujus
2189 712 2407 759 textum
2444 706 2726 776 quispiam
2760 708 2801 759 si
2829 724 3007 777 usque
3034 707 3102 761 ad
3133 724 3311 761 unum
3337 710 3449 762 iota
3480 711 3671 780 dispu-

1986 796 2207 859 taverit,
2261 801 2315 847 et
2347 811 2460 847 non
2492 810 2617 846 eam
2667 795 2723 846 in
2759 795 3024 847 omnibus
3074 798 3473 849 venerabiliter
3521 816 3670 852 rece-

1986 884 2150 952 perit,
2204 884 2507 935 anathema
2559 883 2647 935 sit.
2695 884 2834 935 Item
2869 885 3140 952 opuscula
3178 890 3349 954 atque
3404 892 3672 941 tractatus

1986 972 2243 1023 omnium
2294 973 2523 1024 Patrum
2558 971 3002 1024 orthodoxorum
3037 972 3136 1040 qui
3184 973 3239 1024 in
3287 974 3443 1026 nullo
3479 993 3511 1027 a
3543 992 3671 1028 san-

1985 1064 2087 1110 etas
2138 1057 2396 1110 Ecclesia:
2440 1058 2711 1110 Romana:
2755 1058 3039 1111 consortio
3088 1059 3408 1126 deviarunt,
3454 1078 3556 1114 nec
3602 1063 3672 1115 ab

1984 1146 2106 1215 ejus
2136 1146 2264 1209 ﬁde,
2297 1147 2383 1198 vel
2434 1146 2833 1215 praedicatione
2882 1147 3123 1214 sejuncti
3161 1153 3312 1213 sunt,
3350 1148 3446 1201 sed
3494 1151 3671 1220 ipsius

1984 1234 2402 1287 communionis
2419 1250 2522 1302 per
2542 1233 2783 1302 gratiam
2813 1234 2911 1287 Dei
2931 1251 3108 1304 usque
3138 1236 3194 1287 in
3230 1236 3495 1290 ultimum
3520 1239 3671 1293 diem

1983 1321 2113 1374 vita:
2170 1338 2286 1374 sum
2353 1323 2509 1375 fuere
2566 1322 2889 1391 participes,
2955 1322 3224 1391 legendos
3289 1324 3666 1382 decernimus.

1984 1410 2123 1461 Item
2157 1409 2464 1462 decretales
2513 1410 2801 1478 epistolas,
2848 1426 2988 1479 quas
3032 1411 3344 1464 beatissimi
3377 1430 3541 1483 papae
3585 1417 3668 1469 di-

1984 1497 2158 1549 versis
2213 1497 2568 1566 temporibus
2626 1498 2695 1550 ab
2745 1490 2881 1549 urbe
2934 1499 3111 1551 [lonia
3162 1515 3265 1567 pro
3313 1500 3667 1556 diversorum

1986 1590 2211 1654 patrum
2261 1585 2647 1638 consolatione
2691 1586 2987 1647 dederunt,
3049 1588 3448 1639 venerabiliter
3493 1592 3667 1643 susci-

1984 1672 2238 1739 piendas.
2270 1672 2405 1724 Item
2454 1677 2608 1741 gesta
2638 1678 2959 1724 sanctorum
2992 1679 3325 1741 martyrum,
3360 1691 3487 1743 quae
3519 1677 3667 1728 mul-

202 1778 283 1813 on
339 1761 568 1813 habens
605 1760 910 1826 maculam,
964 1775 1067 1812 nec
1115 1776 1340 1827 rugam,
1377 1775 1476 1811 nec
1507 1760 1719 1829 aliquid
1765 1761 1878 1814 hu-
1910 1800 1948 1852 B
1988 1760 2275 1828 tiplicibus
2334 1765 2747 1813 tormentorum
2810 1762 3152 1814 cruciatibus
3203 1767 3259 1815 et
3312 1764 3669 1816 mirabilibus

194 1849 447 1902 ismodi.
491 1849 750 1902 Secunda
805 1852 993 1900 autem
1050 1848 1207 1900 sedes
1260 1848 1410 1915 apud
1454 1848 1874 1915 Alexandriam,

194 1938 315 1989 eati
354 1937 515 1990 Petri
566 1935 805 1989 nomine
838 1952 869 1987 a
900 1936 1080 1988 Marco
1130 1936 1253 2005 ejus
1297 1935 1575 2003 discipulo
1624 1942 1679 1987 et
1706 1952 1874 1988 evan-

195 2026 376 2077 elista
425 2029 756 2077 consecrata
797 2028 898 2088 est,
955 2023 1190 2092 ipseque
1238 2039 1270 2075 a
1305 2026 1466 2076 Petro
1515 2025 1767 2093 apostolo
1816 2025 1877 2077 in

194 2112 484 2178 Zgyptum
535 2108 803 2173 directus,
850 2107 1089 2159 verbum
1140 2107 1393 2159 veritatis
1440 2107 1786 2175 praedicavit,
1822 2114 1878 2161 et

197 2198 490 2249 loriosum
552 2193 976 2248 consummavit
1058 2193 1412 2262 martyrium.
1488 2194 1672 2247 Tertia
1747 2212 1875 2249 vero

194 2285 327 2337 ades
405 2285 564 2352 apud
622 2280 982 2336 Antiochiam
1040 2281 1293 2349 ejusdem
1356 2281 1667 2335 beatissimi
1726 2284 1874 2336 Petri

197 2372 407 2425 omine
440 2370 689 2423 habetur
710 2368 1081 2433 honorabilis,
1112 2385 1178 2421 eo
1210 2368 1361 2438 quod
1385 2369 1518 2433 illic,
1544 2370 1874 2439 priusquam

193 2469 421 2513 tomam
456 2458 725 2521 venisset,
776 2456 1071 2520 habitavit,
1106 2461 1160 2509 et
1206 2457 1322 2509 illic
1369 2458 1618 2526 primum
1666 2474 1874 2512 nomen

194 2548 643 2601 ‘.hristianorum
675 2546 917 2599 novellae
948 2545 1133 2613 gentis
1166 2550 1424 2597 exortum
1452 2550 1551 2598 est.
1588 2546 1649 2599 Et
1679 2563 1875 2615 quam-

195 2637 243 2688 is
276 2637 446 2689 aliud
500 2634 939 2688 fundamentum
990 2649 1158 2686 nemo
1188 2633 1368 2702 possit
1409 2650 1635 2702 ponere,
1668 2640 1876 2703 praeter

194 2726 214 2778 i
245 2724 415 2794 quod
450 2722 706 2792 positum
755 2726 860 2787 est,
894 2721 1045 2791 quod
1076 2726 1162 2773 est
1193 2721 1444 2774 Christus
1473 2723 1651 2785 Jesus,
1682 2726 1872 2774 tamen

194 2813 228 2865 d
291 2810 749 2865 aediﬁcationem
807 2815 1060 2863 nostram
1120 2809 1319 2862 eadem
1373 2814 1563 2861 sancta
1618 2811 1875 2863 Romana

203 2900 447 2967 eclesia,
520 2904 650 2969 post
704 2899 829 2951 illas
885 2896 1101 2950 Veteris
1158 2898 1241 2950 vel
1310 2898 1451 2950 Novi
1506 2898 1869 2963 Testameuti,

198 3004 303 3040 uas
335 2986 697 3057 regulariter
747 2985 1122 3055 suscepimus,
1167 2986 1339 3038 etiam
1373 2984 1472 3037 has
1514 2985 1719 3055 suscipi
1759 3002 1873 3039 non

1987 1847 2403 1899 confessionum
2453 1848 2760 1917 triumphis
2811 1849 3107 1916 irradiant,
3160 1850 3286 1919 quis
3319 1851 3423 1903 ista
3472 1853 3668 1905 catho-

1985 1935 2225 1987 licorum
2274 1935 2515 2002 dubitet,
2562 1942 2617 1986 et
2666 1935 2882 2004 majora
2920 1952 3016 1987 eos
3070 1938 3128 1988 in
3182 1939 3463 2006 agonibus
3494 1940 3668 1993 fuisse

1984 2036 2305 2090 perpessos,
2337 2037 2440 2073 nec
2484 2022 2597 2073 suis
2632 2021 2862 2089 viribus,
2914 2024 3009 2075 sed
3046 2024 3141 2076 Dei
3191 2026 3373 2093 gratia
3422 2031 3477 2080 et
3507 2028 3667 2097 adju-

1986 2109 2135 2161 torio
2179 2108 2441 2161 universa
2495 2110 2811 2161 tolerasse?
2842 2110 2948 2163 Sed
2998 2111 3126 2163 ideo
3176 2113 3487 2166 secundum
3520 2115 3666 2167 anti-

1987 2210 2158 2265 quam
2190 2196 2659 2248 consuetudinem
2690 2196 2967 2265 singulari
3000 2199 3219 2251 cautela
3249 2198 3305 2251 in
3334 2207 3525 2252 sancta
3556 2203 3668 2254 Ro-

1985 2298 2156 2335 mana
2185 2283 2429 2336 Ecclesia
2458 2299 2569 2335 non
2601 2285 2889 2352 leguntur,
2926 2284 3060 2353 quia
3093 2290 3148 2337 et
3177 2301 3374 2339 eorum
3404 2288 3501 2357 qui
3533 2288 3668 2340 scri-

1984 2387 2147 2440 psere
2178 2372 2412 2423 nomina
2464 2372 2693 2440 penitus
2736 2372 3090 2440 ignorantur,
3142 2374 3295 2427 etab
3345 2375 3671 2429 inﬁdelibus

1984 2464 2081 2510 aut
2111 2458 2271 2511 dictis
2314 2460 2621 2527 superflua,
2655 2464 2753 2510 aut
2794 2460 2982 2511 minus
3012 2465 3159 2529 apta,
3195 2478 3365 2531 quam
3420 2464 3503 2516 rei
3533 2464 3671 2517 ordo

1984 2545 2173 2610 fuerit,
2209 2546 2415 2615 scripta
2446 2563 2564 2599 esse
2598 2550 2870 2615 putantur
2899 2564 2911 2599 :
2942 2548 3086 2601 sicut
3125 2550 3421 2618 cujusdam
3467 2552 3669 2621 Cyrici,

1985 2638 2041 2687 et
2105 2633 2338 2697 Julittze,
2407 2634 2551 2686 sicut
2613 2635 2856 2702 Georgii,
2923 2635 3282 2707 aliorumque
3341 2639 3671 2707 hujusmodi

1984 2720 2293 2788 passiones,
2323 2736 2450 2788 quae
2484 2721 2551 2773 ab
2583 2722 2865 2774 haereticis
2893 2724 3266 2791 perhibentur
3311 2728 3666 2795 conscriptae.

1985 2809 2221 2876 Propter
2271 2808 2442 2876 quod,
2476 2814 2539 2861 ut
2591 2809 2805 2861 dictum
2854 2817 2958 2876 est,
3009 2827 3079 2863 ne
3109 2813 3196 2864 vel
3252 2813 3389 2865 levis
3432 2815 3669 2868 subsan-

1985 2896 2159 2948 nandi
2209 2896 2455 2947 oriretur
2506 2896 2743 2961 occasio,
2778 2897 2837 2948 in
2884 2903 3075 2950 sancta
3128 2900 3383 2953 Romana
3428 2903 3671 2956 Ecclesia

1984 2999 2099 3036 non
2156 2984 2444 3051 leguntur.
2505 2985 2614 3036 Nos
2663 2989 2853 3037 tamen
2908 3001 3037 3037 cum
3085 2988 3353 3054 pra'dicta
3403 2990 3666 3055 Ecclesia,

198 3076 441 3129 rohibet
498 3074 819 3142 Scripturas
868 3089 880 3127 :
926 3073 1189 3126 Sanctam
1248 3073 1529 3142 synodum
1586 3074 1871 3126 Nicaenam
1904 3074 1944 3129 C
1983 3086 2183 3123 omnes
2210 3076 2487 3139 martyres
2520 3076 2575 3123 et
2607 3087 2802 3123 eorum
2849 3072 3127 3141 gloriosos
3157 3090 3392 3143 agones,
3428 3076 3525 3146 qui
3557 3078 3668 3131 Deo

194 3169 571 3218 recentorum
595 3162 794 3215 decem
817 3165 873 3214 et
893 3166 1019 3214 octo
1047 3163 1299 3222 Patrum,
1323 3161 1609 3214 mediante
1631 3161 1870 3214 Maximo

196 3250 550 3305 onstantino
576 3252 853 3319 Augusto,
879 3249 938 3301 in
962 3265 1075 3319 qua
1095 3248 1263 3301 Arius
1285 3249 1587 3302 hiereticus
1609 3249 1870 3303 condem-

196 3347 322 3392 atus
356 3343 472 3392 est.
514 3337 782 3391 Sanctam
827 3338 1108 3406 synodum
1155 3336 1867 3406 Constantinopolitanam,

196 3426 466 3480 iediante
507 3423 828 3477 Theodosio
861 3423 1085 3477 seniore
1135 3427 1408 3493 Augusto,
1442 3422 1501 3475 in
1536 3439 1647 3494 qua
1694 3425 1869 3476 Mace-

196 3514 371 3567 onius
442 3511 754 3566 haereticus
818 3510 1072 3564 debitam
1131 3510 1556 3564 damnationem
1629 3511 1867 3580 excepit.

196 3607 433 3655 anctam
506 3598 793 3668 synodum
858 3598 1244 3667 Ephesinam,
1297 3597 1354 3651 in
1413 3614 1527 3667 qua
1586 3599 1870 3651 Nestorius

197 3694 477 3744 amnatus
506 3692 612 3752 est,
645 3703 776 3740 cum
810 3702 1091 3739 consensu
1119 3685 1429 3739 beatissimi
1456 3685 1739 3739 Coelestini
1771 3704 1870 3756 pa-

197 3795 265 3843 az,
305 3776 610 3830 mediante
654 3774 865 3845 Cyrillo
899 3773 1298 3827 Alexandrina}
1330 3773 1475 3826 sedis
1508 3773 1776 3836 antistite,
1817 3779 1872 3826 et

196 3864 447 3918 rchadio
531 3863 801 3932 episcopo
887 3862 957 3915 ab
1021 3862 1180 3914 Italia
1245 3860 1541 3914 destinato.
1610 3861 1869 3915 Sanctam

195 3954 448 4011 modum
483 3951 1037 4017 Chalcedonensem,
1060 3949 1344 4003 mediante
1371 3950 1645 4003 Martiano
1678 3952 1874 4019 Augu-

196 4058 262 4101 ιο,
299 4046 361 4094 et
380 4040 697 4094 Anatholio
718 4037 1345 4107 Constantinopolitano
1377 4036 1662 4106 episcopo,
1682 4038 1741 4089 in
1760 4054 1872 4107 qua

206 4130 513 4183 estoriana
561 4132 617 4180 et
650 4126 1003 4195 Eutychiana
1051 4125 1284 4178 hteresis
1334 4125 1501 4178 simul
1555 4140 1683 4177 cum
1736 4126 1871 4178 Dio-

197 4233 320 4270 :oro
354 4216 608 4286 ejusque
656 4214 1035 4283 complicibus
1080 4213 1364 4267 damnatae
1395 4217 1546 4266 sunt.
1593 4212 1699 4265 Sed
1732 4217 1788 4265 et
1826 4212 1872 4265 si

198 4320 284 4357 me
319 4307 464 4356 sunt
510 4301 754 4355 concilia
784 4318 817 4354 a
851 4300 1059 4354 sanctis
1097 4300 1356 4354 Patribus
1405 4299 1677 4353 hactenus
1710 4299 1869 4353 insti-

198 4398 280 4445 ita
313 4396 543 4462 praeter
572 4390 815 4443 istorum
860 4393 1110 4458 quatuor
1139 4388 1550 4449 auctoritatem,
1585 4391 1641 4439 et
1678 4392 1870 4440 custo-

202 4480 377 4533 ienda
405 4482 468 4532 et
492 4475 829 4546 recipienda
851 4475 1224 4528 decrevimus.
1247 4476 1369 4528 Iam
1392 4490 1544 4527 nunc
1564 4474 1872 4543 subjicien-

199 4584 296 4620 um
330 4567 406 4620 de
438 4564 737 4634 opusculis
759 4552 1084 4617 sanctorum
1107 4565 1361 4627 Patrum,
1395 4578 1522 4631 qua:
1545 4561 1604 4614 in
1633 4562 1876 4615 Ecclesia

197 4655 454 4709 atholica
502 4652 863 4722 recipiantur
894 4668 907 4705 :
942 4652 1225 4721 Opuscula
1254 4651 1314 4703 B.
1361 4650 1625 4721 Cypriani
1656 4656 1874 4720 marty-

197 4746 238 4797 is
297 4748 357 4797 et
412 4739 891 4809 Carthaginensis
931 4739 1203 4809 episcopi.
1272 4740 1410 4792 Item
1475 4740 1748 4808 opuscula
1812 4740 1870 4791 Β.

197 4832 433 4902 lregorii
482 4828 825 4883 Nazianzeni
870 4827 1142 4897 episcopi.
1190 4828 1331 4880 Item
1380 4827 1651 4897 opuscula
1685 4827 1875 4880 Basilii

197 4916 584 4990 Lappadoceni
641 4915 916 4986 episcopi.
964 4916 1107 4968 Item
1158 4916 1433 4983 opuscula
1482 4916 1533 4969 Β.
1578 4915 1874 4969 Athanasii

197 5004 553 5061 .lexandrini
584 5003 859 5073 episcopi.
893 5004 1034 5057 Item
1066 5003 1339 5071 opuscula
1367 5004 1427 5055 Β.
1459 5002 1691 5057 Joannis
1726 5003 1875 5057 Con-

199 5090 677 5164 tantinopolitani
723 5090 1001 5159 episcOpi.
1059 5090 1197 5143 Item
1246 5090 1516 5161 opuscula
1569 5091 1626 5143 Β.
1687 5091 1877 5143 Theo—

200 5184 308 5236 hili
347 5178 734 5236 Alexandrini
784 5178 1055 5247 episcopi.
1103 5178 1244 5231 Item
1276 5179 1545 5247 opuscula
1578 5179 1635 5231 Β.
1684 5178 1877 5247 Cyrilli

199 5268 552 5324 .lexandrini
604 5266 879 5336 episcopi.
934 5267 1073 5318 Item
1116 5266 1388 5335 opuscula
1420 5267 1475 5318 Β.
1532 5265 1742 5334 Hylarii
1787 5266 1878 5318 Pi-

200 5359 478 5413 taviensis
512 5353 788 5425 episcopi.
822 5354 964 5406 Item
1011 5354 1284 5421 opuscula
1314 5354 1374 5406 Β.
1434 5352 1717 5405 Ambrosii
1766 5353 1877 5405 Me-

208 5443 530 5500 iolanensis
587 5440 862 5510 episcopi.
924 5440 1065 5493 Item
1130 5441 1405 5509 opuscula
1455 5441 1514 5492 Β.
1575 5439 1879 5508 Augustini

200 5528 755 5605 vaponeregiensis
796 5527 1067 5597 episcopi.
1101 5527 1243 5581 Item
1274 5529 1545 5597 opuscula
1572 5530 1630 5582 Β.
1669 5528 1879 5581 Hiero—

199 5622 334 5693 iymi
381 5614 743 5693 presbyteri.
786 5614 931 5669 Item
976 5613 1252 5683 opuscula
1296 5612 1560 5682 Prosperi
1606 5612 1710 5666 viri
1740 5613 1880 5667 reli-

1980 3158 2161 3227 magis
2190 3175 2363 3227 quam
2411 3158 2739 3212 hominibus
2792 3160 2913 3212 noti
2961 3166 3111 3226 sunt,
3166 3163 3322 3215 omni
3373 3164 3668 3219 devotione

1979 3262 2338 3300 veneramur.
2394 3248 2536 3299 Item
2582 3247 2730 3300 Vitas
2762 3253 2989 3317 patrum
3040 3250 3216 3315 Pauli,
3269 3253 3523 3318 Antonii,
3558 3254 3669 3323 IIy-

1980 3334 2232 3399 Iarionis,
2286 3338 2342 3387 et
2389 3335 2648 3388 omnium
2694 3335 3087 3399 eremitarum,
3140 3354 3279 3407 quas
3331 3344 3555 3393 tantum
3586 3341 3672 3394 vir

1980 3421 2343 3475 beatissimus
2391 3422 2614 3491 scripsit
2663 3423 3067 3493 Hieronymus,
3112 3442 3241 3478 cum
3291 3428 3447 3480 omni
3500 3443 3669 3483 vene-

1980 3510 2199 3562 ratione
2244 3508 2606 3578 suscipimus.
2659 3511 2797 3562 Item
2838 3517 2995 3564 actus
3040 3512 3190 3566 beati
3222 3514 3491 3583 Sylvestri
3534 3532 3670 3585 apo-

1979 3596 2191 3650 stolica:
2254 3597 2403 3649 sedis
2462 3598 2743 3666 przrsulis,
2794 3598 2924 3651 licet
2990 3600 3113 3667 ejus
3172 3602 3271 3670 qui
3336 3598 3670 3673 conscripsit

1977 3700 2191 3737 nomen
2226 3684 2542 3753 ignoretur,
2576 3701 2605 3736 a
2637 3685 2830 3737 multis
2874 3691 3066 3739 tamen
3100 3688 3156 3741 in
3185 3690 3327 3744 urbe
3362 3691 3540 3744 Roma
3569 3708 3667 3745 ca-

1982 3772 2208 3825 tholicis
2254 3771 2365 3839 legi
2405 3771 2797 3841 cognovimus,
2832 3777 2886 3825 et
2915 3790 3020 3842 pro
3048 3776 3284 3845 antiquo
3335 3794 3438 3830 usu
3472 3780 3666 3833 multa)

1980 3860 2101 3912 haac
2149 3860 2450 3913 imitantur
2501 3860 2775 3913 Ecclesiae.
2835 3862 2973 3915 ltem
3026 3863 3307 3932 scriptura
3354 3866 3421 3919 de
3469 3865 3670 3920 inven-

1980 3945 2133 3998 tione
2185 3945 2491 3999 Dominicm
2540 3946 2739 4012 crucis,
2776 3951 2832 4000 et
2877 3948 2989 4001 alia
3036 3950 3313 4018 scriptura
3370 3952 3439 4005 de
3471 3953 3669 4007 inven-

1977 4033 2128 4086 tione
2159 4033 2357 4103 capitis
2398 4034 2550 4087 beati
2579 4035 2811 4087 Joannis
2846 4036 3132 4104 Baptistce,
3166 4040 3405 4093 novellae
3434 4041 3666 4111 quidem

1979 4120 2287 4175 relationes
2327 4126 2478 4185 sunt,
2511 4128 2567 4175 et
2598 4123 2862 4175 nonnulli
2895 4139 2989 4177 eas
3020 4125 3279 4178 catholici
3310 4128 3526 4196 legunt.
3563 4129 3671 4183 Sed

1979 4225 2108 4263 cum
2142 4211 2263 4263 haec
2310 4210 2381 4263 ad
2430 4212 2837 4265 catholicorum
2884 4229 3086 4266 manus
3135 4214 3479 4281 advenerint,
3519 4217 3673 4271 beati

1986 4296 2146 4350 Pauli
2185 4298 2431 4366 apostoli
2478 4300 2760 4368 praecedat
2806 4301 3087 4353 sententia
3121 4318 3134 4353 :
3167 4302 3371 4355 Omnia
3414 4305 3669 4373 probate,

1986 4385 2140 4455 quod
2169 4385 2387 4438 bonum
2424 4390 2506 4438 est
2544 4390 2752 4439 tenete.
2793 4388 2955 4453 Item,
2994 4388 3229 4441 Ruﬁnus
3259 4390 3345 4442 vir
3373 4392 3673 4461 religiosus

1980 4472 2259 4541 plurimos
2303 4473 2692 4526 ecclesiasticae
2725 4474 2911 4543 operis
2958 4475 3137 4528 edidit
3185 4477 3379 4543 libros,
3420 4481 3673 4535 nonnul-

1982 4560 2065 4613 las
2098 4559 2268 4613 etiam
2301 4560 2606 4629 scripturas
2652 4560 3054 4629 interpretatus
3102 4566 3206 4614 est.
3241 4562 3346 4616 Sed
3396 4566 3669 4634 quoniam

1984 4648 2343 4701 beatissimus
2376 4648 2752 4718 Hieronymus
2790 4649 2847 4700 in
2871 4648 3159 4717 aliquibus
3197 4665 3328 4704 eum
3359 4658 3426 4706 de
3449 4654 3671 4708 arbitrii

1981 4736 2241 4789 libertate
2308 4735 2545 4800 notavit,
2605 4736 2702 4789 illa
2767 4737 3063 4801 sentimus,
3136 4753 3264 4806 quae
3332 4742 3670 4809 praedictum

1985 4824 2216 4877 beatum
2268 4823 2674 4893 Hieronymum
2726 4824 2933 4876 sentire
2980 4826 3392 4893 cognoscimus.
3455 4830 3517 4882 Et
3557 4846 3671 4885 non

1985 4912 2171 4964 solum
2200 4911 2269 4965 de
2318 4910 2548 4977 Ruﬁno,
2580 4910 2678 4964 sed
2731 4912 2903 4965 etiam
2935 4912 3004 4965 de
3053 4913 3353 4981 universis,
3408 4934 3549 4987 quos
3589 4920 3674 4972 vir

1986 4998 2196 5069 saepius
2229 5004 2577 5052 memoratus
2627 5000 2746 5053 zelo
2779 5000 2879 5053 Dei
2919 5005 2975 5053 et
3001 5000 3138 5054 ﬁdei
3168 5004 3446 5072 religione
3478 5023 3671 5076 repre-

1986 5086 2200 5140 hendit.
2253 5087 2394 5140 Item
2442 5086 2703 5155 Origenis
2760 5088 3038 5141 nonnulla
3081 5092 3374 5159 opuscula,
3419 5110 3546 5163 quae
3590 5096 3676 5149 vir

1986 5174 2349 5229 beatissimus
2380 5176 2760 5246 Hieronymus
2792 5194 2907 5230 non
2954 5179 3236 5248 repudiat,
3271 5181 3507 5251 legenda
3550 5201 3670 5236 sus-

1988 5264 2251 5332 cipimus.
2299 5265 2539 5334 Reliqua
2572 5270 2763 5318 autem
2795 5266 2987 5318 omnia
3016 5283 3141 5318 cum
3194 5284 3295 5320 suo
3327 5275 3554 5321 auctore
3585 5272 3668 5323 di-

1988 5350 2168 5403 cimus
2211 5368 2331 5404 esse
2363 5353 2675 5406 renuenda.
2729 5355 2869 5406 Item
2902 5354 3175 5406 Chronica
3220 5355 3445 5409 Eusebii
3490 5358 3671 5412 Caesa-

1987 5438 2214 5504 riensis,
2245 5443 2416 5509 atque
2464 5440 2717 5508 ejusdem
2752 5441 3009 5493 llistorize
3052 5442 3441 5497 ecclesiasticae
3474 5446 3670 5515 libros,

1989 5527 2249 5596 quamvis
2281 5526 2341 5580 in
2386 5527 2570 5596 primo
2600 5528 2940 5581 narrationis
2970 5544 3085 5580 sum
3132 5528 3279 5583 libro
3321 5535 3586 5603 tepuerit,
3619 5542 3675 5591 et

1988 5618 2121 5682 post
2147 5614 2206 5667 in
2235 5614 2497 5669 laudibus
2528 5620 2700 5686 atque
2732 5615 3088 5669 excusatione
3114 5616 3377 5687 Origenis
3408 5621 3676 5679 schisma-
