3966 6396
379 216 422 253 ο

365 364 474 416 ’719

368 485 466 538 tici
527 500 706 538 unum
765 482 1164 554 conscripserit
1227 482 1439 536 librum
1501 499 1513 537 :

369 578 564 627 tamen
617 574 970 643 singularem
1022 572 1310 638 notitiam,
1341 587 1470 641 quae
1516 572 1585 624 ad
1633 570 2069 624 instructionem

371 663 641 733 pertinet,
674 678 1090 732 usquequaque
1121 677 1237 714 non
1273 660 1516 714 dicimus
1551 661 1890 715 renuendos.
1927 660 2071 712 Item

373 750 642 805 Orosium
695 750 882 804 virum
952 749 1400 803 eruditissimum
1461 747 1874 813 collaudamus,
1938 746 2074 816 quia

371 838 535 892 valde
583 838 749 892 nobis
807 837 1186 892 necessariam
1243 836 1512 889 adversus
1567 850 1928 904 paganorum
1986 849 2076 886 ca-

371 927 624 980 lumnias
654 926 941 980 ordinavit
971 925 1291 991 historiam,
1335 924 1598 993 miraque
1627 922 1905 976 brevitate
1933 939 2074 976 con-

374 1015 568 1068 texuit.
615 1016 756 1067 Item
807 1012 1150 1066 venerabilis
1195 1011 1302 1063 viri
1336 1010 1552 1064 Sedulii
1595 1011 1864 1064 Paschale
1907 1027 2071 1080 opus,

373 1103 523 1173 quod
557 1102 806 1156 Heroicis
849 1100 1148 1169 descripsit
1191 1099 1447 1152 versibus
1477 1098 1691 1167 insigni
1725 1099 1893 1152 laude
1918 1115 2072 1169 pra:-

371 1192 630 1244 ferimus.
671 1191 812 1243 Item
858 1188 1092 1242 Iuvenci
1137 1187 1517 1240 nihilominus
1547 1187 1900 1240 laboriosum
1931 1203 2074 1256 opus

371 1295 487 1332 non
519 1277 864 1349 spernimus,
907 1277 1003 1330 sed
1037 1276 1342 1329 miramur.
1387 1278 1602 1329 Caetera
1631 1292 1760 1345 quae
1791 1276 1861 1328 ab
1893 1276 2074 1328 haere-

371 1367 498 1420 ticis
530 1371 586 1420 et
603 1365 975 1419 schismaticis
997 1365 1340 1434 conscripta,
1368 1365 1453 1416 vel
1476 1364 1750 1433 praedicta
1771 1367 1922 1429 sunt,
1945 1365 2074 1417 nul-

373 1456 595 1508 latenus
626 1453 829 1522 recipit
859 1453 1138 1507 catholica
1169 1456 1225 1505 et
1249 1452 1561 1521 apostolica
1593 1452 1852 1506 Romana
1878 1452 2074 1505 Eccle-

373 1542 476 1596 sia.
526 1543 565 1595 E
608 1542 818 1611 quibus
875 1557 1056 1610 pauca
1105 1556 1236 1610 quae
1279 1540 1349 1594 ad
1397 1540 1738 1593 memoriam
1788 1539 2071 1605 venerint,

372 1637 429 1684 et
459 1648 490 1684 a
522 1629 814 1683 catholicis
838 1629 1068 1683 vitanda
1099 1634 1252 1693 sunt,
1285 1627 1571 1681 credimus
1601 1643 1722 1680 esse
1754 1627 2071 1682 subdenda.

375 1735 503 1789 CAP.
576 1733 792 1788 CCXXI.
825 1762 893 1772 —
927 1735 997 1786 De
1056 1735 1256 1785 notitia
1312 1732 1574 1785 librorum
1617 1729 2070 1799 apocryphorum,

445 1806 541 1872 qui
571 1821 606 1856 a
636 1807 840 1857 sanctis
890 1803 1152 1857 Patribus
1181 1808 1381 1856 aeterna
1428 1803 1775 1855 damnatione
1823 1801 2074 1854 damnati

445 1880 592 1928 sunt.

444 1980 597 2050 (Item
628 1977 916 2047 ejusdem.)
958 1977 1020 2030 In
1065 1976 1268 2046 primis
1316 1975 1742 2030 Ariminensem
1791 1975 2072 2046 synodum

374 2084 405 2121 a
454 2067 823 2121 Constantino
856 2069 1075 2120 Caesare
1121 2064 1479 2118 Constantini
1517 2064 1636 2118 lilio
1668 2067 2073 2132 congregatam

374 2156 662 2210 mediante
706 2156 892 2208 Tauro
940 2153 1234 2223 praefecto,
1281 2168 1345 2206 ex
1389 2156 1524 2205 tunc
1571 2156 1625 2205 et
1673 2151 1735 2204 in
1791 2157 2074 2204 aeternum

371 2244 716 2298 conﬁtemur
761 2257 882 2294 esse
931 2241 1281 2294 damnatam.
1321 2241 1460 2293 Item
1513 2238 1800 2293 Itinerarii
1838 2237 2074 2292 nomine

371 2331 528 2386 Petri
584 2329 848 2399 apostoli,
908 2329 1060 2398 quod
1121 2329 1446 2398 appellatur
1503 2326 1683 2380 sancti
1742 2325 2070 2389 Clementis,

372 2416 506 2470 libri
536 2415 677 2479 VIII,
709 2413 1040 2483 apocryphi.
1067 2415 1239 2466 Actus
1272 2411 1506 2464 nomine
1538 2411 1780 2464 Andreae
1808 2410 2073 2480 apostoli,

375 2503 753 2573 apocryphus.
815 2503 986 2555 Actus
1041 2499 1277 2553 nomine
1336 2499 1570 2553 Thomas
1612 2498 1876 2568 apostoli,
1928 2513 2076 2567 apo-

372 2591 640 2660 cryphus.
674 2590 842 2642 Actus
869 2589 1015 2641 alius
1059 2587 1292 2641 nomine
1325 2588 1475 2641 Petri
1518 2587 1782 2657 apostoli.
1831 2601 2074 2656 apocry-

372 2679 541 2748 phus.
589 2681 758 2730 Actus
799 2675 1033 2729 nomine
1082 2675 1332 2745 Philippi
1379 2675 1644 2744 apostoli,
1693 2674 2073 2744 apocryphus.

374 2766 679 2836 Evangelia
734 2764 1005 2818 Thaddaai
1061 2763 1314 2827 nomine,
1366 2762 1711 2833 apocrypha.
1770 2762 2077 2832 Evangelia

373 2857 605 2909 nomine
643 2853 934 2918 Barnabee,
974 2852 1322 2922 apocrypha.
1366 2851 1673 2921 Evangelia
1704 2850 1942 2904 nomine
1970 2852 2073 2903 Pe-

370 2944 446 2996 tri
494 2943 752 3013 apostoli,
807 2941 1154 3011 apocrypha.
1203 2939 1510 3010 Evangelia
1558 2939 1789 2992 nomine
1819 2939 2072 3004 Thomas,

1437 358 1844 417 BURCHARDI
1890 356 2420 414 WORMACIENSIS
2460 342 2806 414 EPISCOPI.

1583 487 1818 553 propter
1876 496 2070 535 rerum
2101 483 2146 534 A
2183 496 2335 547 rum,
2373 479 2704 551 apocryphi.
2731 479 2897 533 Liber
2927 479 3304 550 Physiologus
3331 481 3402 534 ab
3429 481 3722 536 haereticis
3758 499 3913 536 con-

3792 364 3906 414 7‘20

2184 569 2450 638 scriptus,
2485 575 2541 623 et
2570 568 2719 622 beati
2744 567 3030 622 Ambrosii
3058 567 3295 621 nomine
3319 570 3726 640 praesignatus,
3766 586 3908 641 apo-

2183 658 2450 727 cryphus.
2522 656 2769 710 Historia
2846 655 3073 708 Eusebii
3150 657 3456 726 Pamphili,
3535 660 3898 729 apocrypha,

2184 745 2464 814 Opuscula
2494 744 2852 804 Tertulliani,
2887 742 3003 796 sive
3025 743 3296 812 Africani,
3333 740 3683 816 apocrypha.
3715 748 3905 817 Opus-

2183 834 2311 886 cula
2343 832 2700 886 Postumiani
2745 837 2802 886 et
2831 832 2994 897 Galli,
3029 833 3375 904 apocrypha.
3422 835 3708 905 Opuscula
3741 836 3905 888 Mon-

2182 921 2322 987 tani,
2365 926 2420 973 et
2473 920 2763 986 Priscillae,
2798 925 2854 973 et
2904 921 3248 988 Maximillae,
3303 923 3647 994 apocrypha.
3696 923 3906 993 Opus-

2182 1009 2310 1061 cula
2355 1008 2550 1061 omnia
2598 1008 2790 1061 Fausti
2838 1007 3153 1074 Manichazi,
3207 1011 3550 1080 apocrypha.
3602 1011 3904 1080 Opuscula

2182 1097 2418 1150 alterius
2447 1097 2756 1151 Clementis
2793 1097 3186 1164 Alexandrini,
3223 1099 3566 1169 apocrypha.
3600 1100 3906 1169 Opuscula

2183 1185 2434 1239 Cassiani
2483 1184 2802 1254 presbyteri
2831 1184 3165 1248 Galliarum,
3216 1189 3563 1256 apocrypha.
3599 1187 3903 1258 Opuscula

2184 1272 2456 1326 Victorini
2504 1273 2895 1338 Pictaviensis,
2941 1274 3288 1343 apocrypha.
3349 1275 3634 1343 Opuscula
3696 1275 3900 1329 Fausti

2183 1362 2479 1432 Regiensis
2528 1361 2862 1428 Galliarum,
2894 1363 3242 1432 apocrypha.
3297 1363 3582 1432 Opuscula
3614 1365 3906 1417 Frumen-

2182 1449 2269 1515 tii,
2305 1450 2649 1519 apocrypha.
2686 1450 2941 1518 Epistola
2968 1452 3098 1504 Jesu
3131 1450 3204 1504 ad
3250 1450 3599 1521 Abagarum,
3644 1468 3902 1521 apocry-

2183 1537 2317 1607 pha.
2353 1537 2600 1608 Epistola
2646 1538 2891 1607 Ahagari
2920 1539 2990 1592 ad
3033 1540 3245 1604 Jesum,
3293 1540 3635 1610 apocrypha.
3688 1541 3900 1594 Passio

2183 1625 2425 1689 Quiricae
2469 1631 2526 1678 et
2573 1625 2782 1690 Julitae,
2831 1626 3174 1696 apocrypha.
3219 1627 3414 1680 Passio
3465 1628 3717 1698 Georgii,
3751 1646 3904 1698 apo-

2183 1714 2416 1783 crypha.
2463 1714 2684 1782 Scripta
2731 1730 2860 1783 quae
2895 1715 3258 1784 appellantur
3305 1715 3627 1769 Salomonis
3663 1723 3902 1771 contra-

2184 1801 2379 1868 dictio,
2405 1804 2748 1872 apocrypha.
2781 1803 3137 1872 Phylacteria
3160 1804 3374 1872 omnia,
3409 1821 3537 1874 quae
3563 1821 3678 1858 non
3704 1822 3894 1876 ange—

2182 1888 2393 1953 lorum,
2429 1895 2492 1943 ut
2539 1889 2624 1942 illi
2655 1891 3011 1959 contingunt,
3053 1891 3147 1944 sed
3181 1891 3513 1945 daemonum
3562 1891 3744 1962 magis
3775 1909 3893 1946 no-

2184 1977 2438 2030 minibus
2501 1977 2821 2046 conscripta
2869 1984 3017 2046 sunt,
3087 1980 3434 2050 apocrypha.
3501 1980 3633 2034 Haec
3687 1985 3742 2033 et
3792 1981 3895 2033 his

2184 2066 2414 2130 similia,
2475 2081 2604 2135 quae
2667 2066 2866 2119 Simon
2925 2068 3139 2137 Magus,
3207 2069 3490 2135 Nicolaus,
3555 2068 3890 2134 Cerinthus,

2184 2153 2452 2217 Marcion,
2517 2153 2806 2220 Basilides,
2869 2153 3069 2220 Ebion,
3117 2155 3327 2207 Paulus
3384 2154 3556 2206 etiam
3613 2153 3891 2207 Samosa-

2182 2245 2372 2308 tenus,
2424 2240 2657 2294 Fotinus
2688 2246 2744 2294 et
2794 2240 3070 2304 Bonosus,
3119 2241 3219 2311 qui
3271 2240 3447 2294 simili
3479 2255 3673 2293 errore
3720 2239 3888 2292 defe-

2183 2333 2404 2393 cerunt,
2461 2330 2762 2382 Montanus
2812 2345 3044 2400 quoque
3092 2345 3222 2382 cum
3275 2329 3390 2382 suis
3442 2326 3895 2382 obscoenissimis

2184 2418 2542 2488 sequacibus,
2575 2417 2948 2486 Apollinaris,
2999 2418 3334 2472 Valentinus
3367 2417 3486 2470 sive
3516 2415 3890 2480 Maniehaaus,

2184 2505 2442 2568 Faustus,
2500 2502 2802 2569 Sabellius,
2867 2502 3054 2570 Arius,
3107 2503 3490 2569 Macedonius,
3549 2503 3891 2569 Eunomius,

2185 2595 2456 2661 Novatus,
2496 2592 2823 2658 Sabbacius,
2878 2592 3140 2658 Galistus,
3193 2593 3441 2645 Donatus
3488 2596 3543 2645 et
3577 2591 3892 2656 Eustatius,

2182 2680 2546 2747 Nibinianus,
2600 2681 2882 2749 Pelagius,
2936 2681 3199 2734 Julianus
3252 2680 3580 2745 Edanensis,
3635 2679 3896 2733 Caelesti-

2177 2773 2312 2832 ‘nus,
2345 2769 2737 2836 Maximianus,
2791 2769 3177 2822 Priscillianus
3209 2769 3280 2822 ab
3310 2769 3608 2838 Hispania,
3641 2769 3893 2838 Lampe-

2185 2856 2332 2923 dius,
2378 2857 2701 2923 Dioscorus,
2755 2857 3086 2926 Eutychius,
3135 2859 3336 2911 Petrus
3382 2863 3437 2910 et
3468 2857 3612 2912 alius
3658 2858 3889 2924 Petrus,

2185 2960 2215 2996 e
2247 2945 2455 3014 quibus
2505 2961 2652 2997 unus
2685 2945 3111 3012 Alexandriam,
3164 2946 3311 2998 alius
3355 2945 3716 3000 Antiochiam
3757 2961 3893 2998 ma-

373 3033 582 3102 quibus
629 3030 924 3084 Manichaei
955 3033 1217 3094 utuntur,
1254 3027 1601 3098 apocrypha.
1638 3027 1942 3096 Evangelia
1967 3041 2070 3078 no-
2105 3039 2145 3094 ο
2184 3032 2412 3098 culavit,
2474 3033 2749 3086 Achatius
2818 3034 3479 3104 Constantinopolitanus
3543 3049 3673 3086 cum
3741 3049 3889 3087 con-

371 3121 526 3173 mine
590 3107 1010 3184 Bartholomsei,
1085 3117 1414 3186 apocrypha
1472 3115 1778 3186 Evangelia
1836 3114 2069 3168 nomine

369 3209 611 3265 Andreae
655 3205 920 3277 apostoli,
955 3205 1298 3275 apocrypha.
1341 3203 1643 3272 Evangelia
1674 3219 1802 3272 quae
1847 3201 2072 3254 falsavit

372 3297 671 3360 Lucianus,
702 3295 1048 3364 apocrypha.
1089 3291 1394 3360 Evangelia
1425 3306 1553 3361 quae
1576 3291 1803 3344 falsavit
1833 3291 2067 3356 Ysicius,

369 3383 714 3455 apocrypha.
753 3382 918 3436 Liber
947 3381 1016 3434 de
1051 3379 1293 3432 infantia
1333 3379 1654 3444 Salvatoris,
1687 3379 2067 3448 apocryphus.

367 3473 534 3526 Liber
566 3472 635 3525 de
683 3470 983 3524 Nativitate
1031 3467 1362 3531 Salvatoris,
1396 3472 1452 3520 et
1491 3467 1560 3520 de
1597 3467 1789 3532 Maria,
1843 3468 1931 3520 vel
1963 3467 2071 3520 ob-

369 3561 616 3626 stetrice,
667 3557 1048 3629 apocryphus.
1100 3555 1268 3609 Liber
1299 3554 1398 3624 qui
1447 3554 1769 3624 appellatur
1799 3553 2068 3621 Pastoris,

368 3648 749 3718 apocryphus.
786 3645 941 3700 Libri
973 3660 1176 3697 omnes
1208 3659 1353 3713 quos
1391 3643 1523 3696 fecit
1555 3643 1786 3696 Leutius
1817 3643 2069 3712 discipu-

369 3738 458 3790 lus
489 3736 727 3803 diaboli,
769 3733 1102 3804 apocryphi.
1145 3732 1307 3785 Liber
1347 3731 1446 3802 qui
1484 3732 1810 3802 appellatur
1845 3733 2069 3786 Funda-

369 3829 652 3888 mentum,
705 3823 1089 3892 apocryphus.
1127 3819 1292 3874 Liber
1329 3819 1428 3889 qui
1475 3820 1798 3890 appellatur
1826 3820 2071 3872 Thesau-

369 3929 487 3977 rus,
521 3909 901 3980 apocryphus.
940 3909 1104 3962 Liber
1133 3908 1202 3961 de
1231 3907 1458 3960 ﬁliabus
1487 3908 1875 3977 Adelgenesis,
1923 3923 2068 3976 apo-

369 3999 636 4070 cryphus.
687 3997 1103 4051 Centimetrum
1153 3995 1221 4048 de
1271 3994 1495 4048 Christo
1537 3995 1862 4065 Virgilianis
1905 4012 2068 4049 com-

367 4086 705 4155 paginatum
753 4083 1026 4149 versibus,
1080 4083 1492 4152 apocryphum.
1547 4083 1711 4136 Liber
1742 4082 1840 4152 qui
1870 4084 2068 4152 appel-

365 4175 522 4228 latur
549 4178 721 4226 Actus
749 4171 926 4224 Teclae
959 4176 1015 4224 et
1044 4170 1226 4234 Pauli,
1251 4170 1627 4239 apocryphus.
1660 4171 1824 4224 Liber
1850 4171 1948 4240 qui
1977 4188 2069 4241 ap-

370 4263 618 4334 pellatur
659 4260 911 4330 Nepotis,
971 4259 1353 4329 apocryphus.
1411 4259 1578 4311 Liber
1623 4260 2063 4313 Proverbiorum

368 4352 438 4405 ab
487 4349 766 4404 haereticis
813 4348 1190 4416 conscriptus,
1238 4351 1293 4400 et
1323 4347 1502 4400 sancti
1535 4347 1676 4400 Sixti
1725 4347 1958 4402 nomine
1991 4350 2064 4402 si-

367 4445 596 4510 gnatus,
630 4436 1011 4509 apocryphus.
1049 4436 1338 4489 Revelatio
1363 4451 1490 4504 qum
1528 4435 1852 4505 appellatur
1881 4437 2062 4504 Pauli,

367 4527 710 4599 apocrypha.
747 4525 1038 4579 Revelatio
1081 4540 1207 4594 qua:
1262 4524 1585 4593 appellatur
1630 4524 1877 4590 Thomas,
1927 4542 2065 4596 apo-

365 4616 605 4684 crypha.
653 4612 940 4668 Revelatio
982 4627 1110 4682 qua:
1142 4611 1463 4681 appellatur
1489 4610 1782 4680 Stephani,
1826 4627 2066 4682 apocry-

365 4704 499 4774 pha.
544 4702 712 4757 Liber
758 4702 858 4772 qui
905 4701 1227 4770 appellatur
1255 4699 1548 4752 Transitus
1597 4704 1806 4753 sanctae
1852 4701 2062 4768 Mariae,

366 4791 744 4860 apocryphus.
797 4790 962 4843 Liber
992 4789 1090 4859 qui
1124 4788 1449 4858 appellatur
1490 4788 1830 4842 Poenitentia
1858 4789 2061 4855 Adam,

362 4879 743 4948 apocryphus.
806 4877 972 4930 Liber
1011 4877 1080 4930 de
1120 4877 1276 4947 Ogiaa
1331 4876 1566 4930 nomine
1623 4877 1902 4948 Gigantis,
1963 4879 2064 4949 qui

365 4971 494 5036 post
541 4964 823 5018 diluvium
871 4980 1003 5017 cum
1050 4965 1298 5017 dracone
1328 4964 1398 5017 ab
1442 4965 1728 5018 haereticis
1773 4981 2062 5035 pugnasse

366 5053 722 5126 perhibetur,
769 5051 1144 5121 apocryphus.
1185 5051 1350 5104 Liber
1381 5053 1481 5122 qui
1510 5055 1837 5122 appellatur
1865 5054 2064 5108 Testa-

363 5147 628 5196 mentum
672 5139 799 5205 Job,
831 5139 1209 5209 apocryphus.
1246 5139 1414 5192 Liber
1453 5140 1556 5209 qui
1586 5141 1910 5210 appellatur
1937 5142 2058 5194 Poe-

361 5230 611 5284 nitentia
655 5227 936 5298 Origenis,
971 5227 1347 5295 apocryphus.
1400 5226 1565 5280 Liber
1596 5228 1698 5297 qui
1737 5230 2063 5298 appellatur

362 5316 705 5372 Pmnitentia
753 5316 933 5369 sancti
983 5313 1273 5385 Cypriani,
1325 5314 1702 5383 apocryphus.
1749 5315 1917 5370 Liber
1962 5317 2063 5386 qui

362 5407 688 5477 appellatur
737 5406 954 5459 Jamnaa
1003 5408 1061 5458 et
1105 5401 1393 5467 Mambrae,
1456 5402 1838 5472 apocryphus.
1893 5405 2062 5459 Liber

360 5494 462 5565 qui
492 5493 816 5564 appellatur
856 5492 986 5547 Sors
1017 5490 1434 5561 apostolorum,
1476 5491 1858 5560 apocryphus.
1892 5492 2061 5546 Liber

363 5583 512 5636 Lusa
555 5581 816 5650 apostoli,
864 5579 1246 5650 apocryphus.
1299 5576 1453 5632 Libri
1494 5593 1740 5631 canones
1769 5580 2056 5649 apostolo-

2181 3119 2428 3172 sortibus
2482 3121 2623 3185 suis,
2670 3136 2895 3174 necnon
2928 3127 2985 3175 et
3029 3137 3228 3175 omnes
3282 3123 3528 3176 haereses
3577 3138 3718 3192 quas
3766 3122 3894 3192 ipsi

2180 3223 2495 3276 eorumque
2544 3208 2830 3277 discipuli,
2876 3209 2990 3261 sive
3022 3209 3364 3263 schismatici
3407 3211 3744 3279 docuerunt,
3791 3212 3895 3264 vel

2179 3295 2658 3366 conscripserunt,
2714 3313 2962 3366 quorum
2993 3298 3229 3351 nomina
3270 3298 3507 3352 minime
3537 3299 3890 3366 retinemus,

2178 3400 2296 3437 non
2327 3385 2513 3437 solum
2545 3385 2863 3454 repudiata,
2909 3386 3286 3439 verumetiam
3314 3387 3384 3439 ab
3411 3387 3570 3439 omni
3602 3387 3893 3442 catholica

2179 3472 2436 3525 Romana
2465 3473 2708 3525 Ecclesia
2753 3473 3072 3541 eliminata,
3114 3479 3285 3544 atque
3319 3490 3447 3528 cum
3480 3475 3597 3528 suis
3628 3477 3893 3530 auctori-

2179 3561 2306 3624 bus,
2358 3567 2773 3632 auctorumque
2823 3562 3161 3632 sequacibus
3211 3563 3315 3616 sub
3365 3563 3742 3617 anathematis
3789 3564 3890 3618 in-

2179 3649 2499 3703 dissolubili
2531 3649 2780 3716 vinculo,
2803 3650 2863 3704 in
2895 3655 3177 3704 aeternum
3199 3651 3542 3704 confitemur
3572 3668 3692 3706 esse
3725 3653 3893 3708 dam-

2181 3741 2332 3789 nata.

2180 3842 2312 3895 CAP.
2364 3841 2602 3896 CCXXII.
2639 3871 2700 3881 —
2737 3842 2988 3908 Quando,
3035 3848 3082 3896 et
3123 3859 3225 3911 quo
3257 3838 3491 3913 tempore
3542 3845 3672 3899 libri
3722 3847 3887 3900 Vete-

2490 3915 2569 3965 ris
2595 3917 2644 3965 et
2671 3914 2808 3968 Novi
2843 3914 3171 3968 Testamenti
3201 3916 3412 3982 legendi
3434 3919 3563 3969 sint.

2252 4001 2316 4053 In
2371 4000 2802 4070 Septuagesima
2862 4007 3087 4071 ponunt
3139 4003 3528 4072 Heptaticum,
3583 4020 3763 4074 usque
3817 4005 3887 4058 in

2179 4089 2262 4141 XV
2321 4088 2475 4142 diem
2543 4094 2673 4142 ante
2741 4090 2972 4143 Pascha.
3024 4091 3112 4145 XV
3156 4091 3246 4144 die
3314 4097 3445 4146 ante
3495 4093 3708 4146 Pascha
3773 4109 3884 4163 po-

2179 4179 2325 4228 nunt
2393 4175 2759 4242 Hieremiam,
2828 4193 3008 4247 usque
3082 4177 3144 4232 in
3206 4195 3427 4233 coenam
3495 4180 3743 4234 Domini.
3815 4183 3883 4235 In

2178 4279 2339 4316 coena
2370 4264 2598 4316 Domini
2649 4265 2850 4334 legunt
2877 4271 2990 4319 tres
3022 4267 3297 4322 lectiones
3327 4269 3396 4322 de
3441 4269 3880 4324 Lamentatione

2181 4351 2482 4405 Hieremiae
2517 4369 2528 4405 :
2565 4352 2861 4416 Quomodo
2907 4355 3062 4408 sedet
3092 4356 3212 4409 sola
3259 4357 3477 4422 civitas,
3527 4361 3632 4410 etc.
3668 4358 3732 4410 Et
3759 4363 3879 4412 tres

2175 4440 2242 4492 de
2273 4444 2516 4493 tractatu
2549 4440 2729 4494 sancti
2755 4442 3062 4511 Augustini
3094 4443 3154 4497 in
3175 4446 3400 4498 Psalmo
3422 4446 3578 4499 LXIII
3606 4446 3873 4509 :Exaudi,

2176 4529 2343 4595 Deus,
2399 4530 2720 4584 oralionem
2770 4547 2956 4585 meam
3005 4547 3136 4585 cum
3183 4533 3475 4603 deprecor.
3527 4535 3594 4586 Et
3641 4538 3754 4587 tres
3801 4535 3877 4588 de

2172 4619 2470 4685 Apostolo,
2522 4619 2623 4671 ubi
2680 4620 2760 4672 ait
2806 4619 2878 4672 ad
2928 4619 3255 4673 Corinthios
3314 4635 3326 4673 :
3391 4621 3878 4675 Convenientibus

2174 4704 2334 4757 vobis
2359 4706 2418 4758 in
2468 4721 2669 4759 unum.
2713 4707 2971 4760 Secunda
3014 4707 3182 4761 lectio
3215 4709 3293 4761 sic
3321 4708 3524 4778 incipit
3555 4724 3568 4760 :
3599 4708 3878 4762 Similiter

2173 4797 2479 4864 postquam
2535 4795 2799 4849 coenavit.
2855 4795 3089 4849 Tertia:
3128 4796 3205 4848 De
3255 4796 3607 4864 spiritalibus
3656 4801 3872 4861 autem,

2173 4881 2440 4936 nolumus
2493 4899 2591 4936 vos
2643 4883 2937 4953 ignorare,
2997 4883 3216 4939 fratres.
3279 4884 3342 4937 In
3391 4885 3693 4938 Parasceve
3758 4891 3874 4938 tres

2169 4969 2443 5023 lectiones
2510 4972 2577 5024 de
2637 4971 3069 5024 Lamentatione
3131 4971 3450 5027 Hieremiae.
3508 4975 3573 5026 Et
3624 4976 3734 5024 tres
3798 4972 3870 5025 de

2172 5061 2418 5112 tractatu
2449 5059 2630 5111 sancti
2659 5059 2967 5128 Augustini
2998 5059 3058 5112 in
3091 5061 3315 5114 Psalmo
3352 5061 3530 5115 LXIII.
3566 5062 3631 5114 Et
3656 5065 3772 5114 tres
3802 5061 3872 5114 de

2170 5146 2464 5214 Apostolo,
2510 5146 2610 5199 ubi
2657 5145 2736 5199 ait
2767 5147 2828 5200 in
2876 5147 3116 5218 epistola
3163 5149 3236 5202 ad
3267 5149 3577 5203 Hebraeos:
3616 5148 3867 5202 Festine-

2171 5246 2298 5284 mus
2353 5232 2584 5300 ingredi
2643 5231 2700 5285 in
2759 5233 2918 5286 illam
2979 5235 3262 5305 requiem.
3331 5237 3592 5291 Secunda
3653 5237 3864 5290 lectio:

2170 5319 2368 5374 Omnis
2424 5335 2674 5390 namque
2731 5321 3009 5389 pontifex.
3061 5325 3300 5378 Tertia:
3346 5327 3426 5379 De
3478 5342 3591 5396 quo
3639 5325 3868 5394 grandis

2168 5407 2335 5460 nobis
2362 5423 2550 5461 sermo
2581 5413 2684 5462 est.
2735 5410 2799 5463 In
2831 5410 3077 5466 Sabbato
3107 5418 3304 5467 sancto
3335 5419 3450 5467 tres
3497 5413 3770 5468 lectiones
3799 5415 3867 5468 de

2168 5494 2598 5550 Lamentatione
2659 5495 2980 5553 Hieremiae.
3037 5501 3105 5552 Et
3135 5504 3247 5554 tres
3287 5501 3356 5555 de
3387 5507 3635 5557 tractatu
3688 5503 3866 5557 sancti

2165 5581 2471 5652 Augustini
2500 5582 2560 5638 in
2588 5585 2812 5639 Psalmo
2837 5587 3000 5641 LXIII
3029 5604 3041 5641 :
3071 5588 3305 5660 Exaudi,
3339 5591 3506 5660 Deus,
3543 5591 3865 5648 orationem
