3966 6404
60 368 144 441 Ττὶί
1030 388 1506 444 DECRETORUM
1548 390 1734 445 LIBRI
1772 390 1878 444 XX.
1922 418 1993 427 —
2032 389 2243 444 LIBER
2281 388 2605 445 TERTIUS.

3470 394 3578 446 722

53 527 231 565 meam
282 526 415 565 cum
477 510 777 581 deprecor.
830 513 896 564 Et
924 515 1041 564 tres
1095 511 1163 565 de
1197 513 1490 581 Apostolo,
1535 512 1635 566 ubi
1675 512 1755 565 ait
1784 512 1828 565 A
1868 526 1985 580 cap.
2021 512 2132 581 32.)
2183 511 2553 581 Quaecunque
2595 510 2830 564 ecclesia
2862 526 2894 564 ο.
2938 511 3335 581 compluribus
3382 512 3573 566 cohae-

55 601 106 653 in
147 601 393 669 epistola
448 600 525 653 ad
584 600 850 654 Hebraeos
885 615 897 652 :
932 598 1188 654 Christus
1246 600 1513 653 assistens
1562 601 1757 670 ponti-

60 692 151 741 fex.
204 688 470 741 Secunda
517 688 733 742 lectio:
771 687 873 742 Ubi
924 688 1077 740 enim
1127 689 1579 742 Testamentum.
1621 690 1759 741 Ter-

58 779 177 831 tia:
223 777 503 830 Umbram
556 777 710 829 enim
764 776 1004 841 habens,
1055 777 1141 829 lex
1192 776 1475 829 bonorum
1532 777 1757 830 futuro-

62 882 192 919 rum.
228 868 294 919 In
327 865 542 920 Pascha
577 864 826 930 Domini,
880 864 1157 918 Homilias
1187 865 1254 917 de
1287 864 1409 934 ipsa
1441 865 1531 918 die
1574 865 1758 933 perti-

62 960 261 1008 nentes.
329 953 487 1007 Intra
551 953 998 1020 hebdomadam,
1058 953 1355 1008 Homilies.
1420 954 1477 1006 In
1535 959 1757 1005 octavas

64 1044 269 1114 paschae
338 1048 573 1113 ponunt
644 1045 813 1095 Actus
878 1043 1291 1111 apostolorum.
1362 1044 1427 1095 Et
1491 1042 1759 1112 epistolas

65 1132 371 1197 canonicas,
412 1136 470 1185 et
507 1131 913 1200 Apocalypsin,
970 1147 1150 1200 usque
1182 1130 1243 1183 in
1275 1136 1500 1183 octavas
1550 1132 1758 1183 Pente-

66 1227 244 1274 costes.
302 1222 369 1274 In
430 1220 644 1273 octavis
713 1221 1069 1272 Pentecostes
1131 1224 1359 1288 ponunt
1421 1221 1645 1287 Regum
1702 1223 1759 1271 et

67 1310 536 1379 Paralipomenon
582 1323 761 1377 usque
808 1308 869 1359 in
901 1307 1129 1362 Calend.
1165 1307 1426 1377 Augusti.
1462 1309 1525 1359 In
1562 1306 1755 1359 Domi-

66 1399 177 1451 nica
233 1396 429 1467 prima
496 1396 708 1449 mensis
770 1395 1015 1462 Augusti
1072 1400 1299 1465 ponunt
1344 1395 1753 1462 Salomonem,

67 1502 228 1555 usque
256 1486 319 1538 in
371 1484 614 1539 Calend.
675 1482 1047 1552 Septembris.
1102 1485 1162 1537 In
1220 1483 1517 1536 Dominica
1568 1483 1757 1552 prima

68 1573 409 1643 Septembris
457 1577 684 1643 ponunt
739 1572 862 1635 Job,
906 1572 1165 1637 Tobiam,
1214 1574 1435 1637 Hester,
1492 1576 1547 1624 et
1595 1573 1753 1637 Ezra,

66 1680 226 1733 usque
256 1662 315 1716 in
346 1662 585 1715 Calend.
630 1660 913 1714 Octobris.
949 1662 1013 1714 In
1050 1661 1343 1713 Dominica
1372 1660 1561 1730 prima
1592 1676 1753 1713 men-

66 1751 129 1803 sis
180 1750 439 1804 Octobris
499 1753 722 1817 ponunt
777 1748 1257 1813 Machabaeorum,
1315 1764 1499 1819 usque
1550 1749 1611 1801 in
1658 1750 1756 1803 Ca-

66 1839 247 1892 lendas
299 1837 662 1892 Novembris.
713 1838 775 1890 In
818 1836 1112 1890 Dominica
1167 1837 1351 1907 prima
1389 1837 1598 1890 mensis
1649 1838 1756 1890 No-

69 1926 295 1981 vembris
331 1930 565 1996 ponunt
600 1926 976 1989 Ezechielem,
1025 1930 1080 1979 et
1112 1925 1431 1993 Danielem,
1475 1930 1532 1978 et
1577 1926 1756 1977 mino-

68 2032 141 2069 res
187 2016 527 2086 Prophetas,
578 2030 757 2085 usque
806 2014 866 2067 in
918 2014 1151 2071 Calend.
1205 2014 1469 2068 Decemb.
1525 2016 1591 2068 In
1647 2014 1756 2067 Do-

69 2104 259 2158 minica
317 2103 514 2173 prima
572 2102 786 2157 mensis
845 2102 1189 2167 Decembris,
1250 2106 1474 2172 ponunt
1532 2102 1755 2156 Esaiam

70 2193 395 2263 prophetam
454 2207 639 2262 usque
700 2191 760 2243 in
816 2191 1076 2244 Natalem
1138 2190 1383 2244 Domini.
1446 2192 1508 2244 In
1560 2190 1757 2261 vigilia

72 2282 260 2335 Natalis
304 2280 543 2335 Domini
574 2280 776 2349 legunt
804 2280 1056 2348 primum
1102 2279 1170 2332 de
1201 2279 1364 2332 Esaia
1416 2283 1530 2332 tres
1560 2280 1756 2333 lectio-

74 2385 170 2421 nes.
206 2369 399 2423 Prima
434 2368 604 2421 lectio
638 2384 650 2420 :
689 2367 879 2420 Primo
906 2372 1166 2435 tempore
1203 2367 1462 2420 alleviata
1494 2372 1576 2420 est
1606 2372 1757 2421 terra

74 2457 317 2511 Zabulon.
364 2456 635 2511 Secunda
666 2472 678 2508 :
715 2454 1123 2509 Consolamini.
1172 2455 1358 2508 Tertia
1393 2472 1405 2509 :
1440 2455 1755 2525 Consurge,

76 2562 344 2615 consurge.
403 2544 624 2598 Deinde
674 2545 949 2613 leguntur
996 2543 1296 2597 Sermones
1354 2545 1441 2597 vel
1491 2545 1756 2599 Homiliae

77 2635 127 2687 ad
156 2635 336 2704 ipsum
371 2633 528 2687 diem
560 2632 931 2701 pertinentes.
968 2632 1028 2685 In
1060 2632 1244 2684 Natali
1275 2632 1453 2684 sancti
1482 2632 1756 2702 Stephani

78 2723 303 2776 Homiliaa
353 2722 431 2775 de
459 2721 584 2791 ipso
618 2721 725 2773 die.
764 2721 829 2773 In
856 2720 1031 2773 natali
1078 2720 1259 2772 sancti
1288 2720 1521 2773 Joannis
1554 2720 1752 2773 simili-

74 2816 157 2865 ter.
190 2813 248 2864 In
279 2810 467 2865 natali
516 2811 893 2863 Innocentum
945 2808 1228 2863 similiter.
1263 2810 1328 2862 In
1373 2814 1595 2863 octavas
1646 2810 1753 2863 Do-

74 2900 192 2952 mini
222 2898 491 2954 Homilia:
547 2897 616 2949 de
662 2896 786 2965 ipso
820 2896 929 2949 die.
974 2897 1037 2949 In
1086 2896 1380 2949 Dominica
1412 2898 1598 2967 prima
1629 2902 1757 2967 post

74 2988 296 3040 natalem
366 2985 601 3039 Domini
664 2989 966 3054 ponuntur
1043 2984 1295 3055 epistola:
1352 2985 1511 3038 Pauli
1569 3002 1752 3057 usque

1869 600 2101 655 redibus
2158 600 2230 653 sit
2283 601 2536 663 obsessa,
2596 599 2924 665 concordia,
2983 600 3363 654 unanimitate
3408 601 3579 654 undi-

1868 706 1979 760 que
2030 693 2391 760 procuretur,
2456 705 2527 741 ne
2559 693 2799 757 propter
2851 689 3073 759 aliquas
3131 689 3576 758 disceptationes

1868 777 2165 829 servitium
2218 776 2318 830 Dei
2359 775 2674 841 minuatur,
2730 780 2785 828 et
2829 791 2965 829 cura
3008 775 3209 845 populi
3252 776 3576 846 irreligioso

1868 869 2089 934 agatur.
2144 863 2199 917 Si
2232 880 2362 917 vero
2396 866 2693 933 contingat
2740 880 2844 932 pro
2884 880 2950 917 ea
2996 864 3433 934 comparticipes
3467 865 3578 917 dif-

1866 953 2066 1021 ﬁdere,
2101 956 2158 1005 et
2201 952 2305 1006 sub
2335 969 2451 1005 uno
2503 953 2835 1022 presbytero
2869 953 3023 1005 nolle
3072 968 3198 1005 eam
3236 969 3569 1022 procurare,

1867 1045 1923 1094 et
1972 1044 2275 1113 propterea
2316 1040 2511 1111 jurgia
2542 1045 2598 1093 et
2629 1040 3025 1095 contentiones
3074 1048 3192 1094 tam
3240 1040 3391 1094 inter
3419 1041 3573 1111 ipsos

1868 1145 2041 1200 quam
2100 1130 2251 1182 inter
2304 1128 2542 1182 clericos
2599 1128 2879 1197 incipiant
2936 1128 3300 1200 frequentare
3347 1146 3360 1182 :
3414 1130 3569 1197 quia,

1861 1217 2022 1285 juxta
2066 1217 2426 1287 Apostolum,
2461 1233 2651 1270 servos
2709 1216 2810 1270 Dei
2867 1232 2984 1270 non
3044 1220 3272 1285 oportet
3324 1215 3569 1285 litigare,

1867 1304 2167 1374 episcopus
2215 1304 2377 1357 tollat
2424 1304 2555 1356 inde
2609 1302 2904 1373 reliquias,
2948 1308 3005 1355 et
3043 1303 3147 1355 sub
3193 1318 3401 1372 magna
3435 1319 3571 1357 cura

1864 1392 2178 1446 honoriﬁce
2246 1393 2488 1445 collocet
2560 1407 2672 1457 eas,
2742 1398 2914 1461 atque
2986 1392 3243 1461 ejusdem
3316 1392 3569 1446 ecclesiae

1868 1482 2099 1535 claudat
2130 1480 2294 1548 ostia,
2347 1485 2405 1534 et
2434 1480 2538 1533 sub
2570 1480 2758 1549 sigillo
2806 1480 2994 1550 signet
3025 1496 3109 1533 ea.
3142 1480 3206 1533 Et
3236 1483 3299 1533 ut
3344 1496 3567 1533 sacrum

1866 1569 2202 1639 mysterium
2235 1569 2425 1622 nullus
2464 1568 2711 1621 celebrat
2740 1568 2798 1621 in
2844 1584 2909 1620 ea
2939 1573 3250 1637 antequam
3299 1569 3567 1622 concordi

1863 1658 2245 1711 unanimitate
2299 1673 2478 1710 unum
2524 1673 2724 1709 omnes
2757 1656 2974 1725 eligant
3002 1657 3418 1726 presbyterum,
3467 1658 3568 1727 qui

1866 1748 2110 1802 idoneus
2154 1746 2226 1799 sit
2268 1750 2692 1799 sacrosanctum
2746 1745 2936 1797 locum
2978 1760 3310 1814 procurare,
3356 1748 3411 1797 et
3454 1761 3566 1814 po-

1866 1837 2002 1905 pulo
2034 1834 2132 1888 Dei
2161 1832 2383 1887 utiliter
2406 1848 2672 1902 praeesse.

1867 1924 1994 1977 CAP.
2050 1922 2287 1977 CCXXV.
2323 1951 2383 1961 —
2420 1924 2493 1975 De
2537 1920 2825 1983 altaribus,
2869 1922 2926 1972 in
2982 1920 3177 1986 quibus
3220 1934 3387 1973 sacra:
3433 1921 3563 1973 reli-

2377 1995 2516 2059 quias
2544 2007 2649 2045 non
2680 1993 3047 2044 inveniuntur.

1939 2066 2055 2135 (E1:
2085 2064 2271 2118 concil.
2326 2058 2616 2127 Africano,
2662 2077 2781 2129 cap.
2826 2063 2932 2127 50.)
2982 2058 3196 2113 Altaria
3245 2059 3303 2113 in
3356 2060 3563 2131 quibus

1866 2169 2129 2223 corpora,
2182 2152 2269 2205 vel
2315 2151 2575 2221 reliquiae
2626 2155 2945 2219 martyrum
2988 2164 3103 2201 non
3144 2164 3263 2200 esse
3314 2148 3563 2219 proban-

1865 2246 1978 2308 tur,
2009 2242 2079 2295 ab
2112 2240 2395 2310 episcopis
2427 2239 2679 2307 ejusdem
2713 2237 2825 2291 loci
2855 2239 3241 2291 destruantur.

1869 2330 1994 2383 CAP.
2031 2327 2296 2382 CCXXVI.
2334 2356 2401 2364 —
2443 2328 2506 2380 In
2554 2326 2725 2378 altari
2771 2326 2829 2377 in
2878 2338 2981 2391 quo
3028 2324 3306 2391 episcopus
3344 2324 3565 2375 missam

1938 2397 2189 2464 celebrat,
2232 2414 2288 2451 eo
2337 2397 2424 2451 die
2468 2397 2751 2465 presbyter
2806 2396 2976 2447 aliam
3022 2396 3221 2447 iterare
3275 2408 3379 2446 non
3426 2409 3565 2461 prae-

1937 2485 2054 2522 sum
2100 2474 2145 2524 t.

1938 2486 2263 2609 (Emioncil.
2322 2538 2552 2605 Urbica.)
2589 2537 2701 2589 Nec
2736 2535 2794 2588 in
2844 2534 3031 2600 altari,
3074 2535 3132 2588 in
3167 2550 3280 2604 quo
3332 2534 3565 2587 missam

1866 2628 2167 2698 episcopus
2216 2626 2481 2692 cantavit,
2534 2624 2833 2694 presbyter
2878 2640 2945 2676 eo
2997 2623 3088 2677 die
3138 2623 3371 2676 missam
3418 2623 3563 2676 cele-

1864 2717 2029 2771 brare
2059 2719 2391 2786 praesumat.

1867 2806 1991 2860 CAP.
2032 2804 2318 2859 CCXXVII.
2350 2830 2424 2842 —
2476 2803 2542 2855 Ut
2580 2803 2639 2853 in
2670 2801 2936 2854 oblatione
2966 2801 3207 2866 corporis
3254 2804 3303 2853 et
3331 2802 3565 2865 sangui-

2156 2878 2242 2928 nis
2273 2875 2487 2927 Domini
2515 2874 2789 2924 incensum
2826 2873 3031 2938 imponi
3060 2870 3261 2923 debeat.

1938 2966 2044 3035 (Em
2070 2980 2215 3017 conc.
2247 2963 2588 3028 Rothomag.,
2623 2976 2740 3029 cap.
2772 2962 2839 3026 t.)
2877 2960 2942 3012 Ut
2967 2964 3225 3027 tempore
3249 2974 3361 3027 quo
3389 2959 3563 3011 Evan-

74 3075 567 3146 Septuagesimam.
608 3046 701 3127 -In
762 3046 1096 3143 Epiphania.
1162 3073 1431 3127 lectiones
1496 3079 1612 3128 tres
1656 3046 1756 3130 ‘de
1789 3062 1830 3118 (ἶ
1869 3054 2083 3146 Selium
2114 3052 2342 3146 legitur,
2370 3048 2985 3146 ﬁnlw‘IUGRQW‘fPi?)
3013 3046 3566 3146 s‘uper_°b.lati°nér_n

76 3164 229 3217 Esaia.
289 3164 493 3218 Prima
550 3161 717 3215 lectio
782 3161 860 3214 sic
916 3160 1121 3231 incipit
1163 3178 1173 3214 :
1210 3163 1419 3216 Omnes
1478 3163 1752 3218 sitientes.

77 3252 323 3318 Secunda,
377 3252 589 3320 Surge,
641 3250 989 3304 illuminare.
1041 3248 1251 3317 Tertia,
1308 3251 1570 3305 Gaudens
1610 3269 1756 3321 gan-

77 3340 215 3393 debo.
279 3340 498 3394 Deinde
558 3340 829 3408 leguntur
875 3338 1179 3391 Sermones
1237 3340 1322 3391 vel
1380 3340 1637 3394 Homiliaa
1686 3341 1753 3395 ad

78 3429 236 3499 ipsum
266 3429 421 3485 diem
458 3428 828 3499 pertinentes.

80 3535 184 3587 CAP.
215 3535 495 3590 CCXXIII.
529 3563 598 3573 —
637 3534 713 3587 De
758 3534 1015 3600 vasculis,
1063 3534 1259 3602 quibus
1308 3537 1569 3602 mysteria
1596 3550 1755 3590 sacra

714 3605 977 3669 conﬁciun
987 3609 1092 3657 tur.

134 3695 239 3761 (Em
282 3695 477 3749 concil.
538 3694 758 3747 Tribur.
812 3696 901 3747 cui
951 3696 1208 3760 interfuit
1258 3709 1357 3747 rea."
1415 3694 1751 3763 Arnolphus,

76 3798 177 3851 cap.
210 3784 282 3855 9.)
324 3784 475 3837 Vasa
536 3781 746 3852 quibus
802 3786 1161 3835 sacrosancta
1204 3782 1588 3836 conﬁciuntur
1630 3800 1751 3853 my-

78 3870 241 3935 steria,
285 3872 490 3925 calices
523 3875 662 3923 sunt
694 3876 750 3924 et
792 3875 1037 3940 patente.
1075 3872 1151 3924 De
1192 3869 1402 3941 quibus
1428 3870 1753 3925 Bonifacius

77 3964 262 4029 martyr
324 3965 381 4013 et
467 3960 774 4029 episcopus
836 3959 1247 4028 interrogatus,
1316 3958 1361 4011 si
1427 3959 1623 4013 liceret
1692 3960 1749 4013 in

80 4048 287 4101 vasculis
346 4047 556 4118 ligneis
619 4052 979 4101 sacramenta
1031 4047 1334 4111 conﬁcere,
1402 4047 1745 4117 respondit:

78 4130 340 4193 Quondam
376 4135 700 4188 sacerdotes
741 4134 902 4187 aurei
949 4134 1155 4204 ligneis
1201 4135 1471 4188 calicibus
1501 4135 1749 4188 uteban-

78 4222 189 4274 tur:
222 4240 371 4277 nunc
420 4229 654 4277 econtra
688 4223 867 4293 lignei
917 4224 1239 4277 sacerdotes
1288 4223 1473 4277 aureis
1509 4228 1751 4277 utuntur

77 4309 331 4367 calicibus.
380 4312 735 4383 Zepberinus
764 4313 900 4374 XVI,
943 4313 1237 4366 Romanus
1282 4312 1604 4382 episcopus,
1637 4328 1745 4381 pa--

80 4398 201 4449 tenis
229 4400 418 4455 vitreis
454 4400 659 4453 missas
692 4400 980 4453 celebrare
1008 4400 1317 4452 constituit.
1353 4400 1509 4453 Tunc
1539 4400 1746 4454 deinde

84 4484 314 4541 Urbanus
369 4488 630 4543 decimus
687 4493 918 4542 octavus
974 4505 1125 4558 papa
1192 4488 1385 4542 omnia
1431 4488 1751 4542 ministeria

82 4587 210 4627 sacra
254 4576 381 4631 fecit
433 4581 726 4647 argentea.
760 4579 826 4630 In
856 4577 966 4630 hoc
1008 4576 1189 4644 enim,
1232 4576 1375 4630 sicut
1420 4575 1565 4631 etin
1612 4578 1751 4630 reli-

83 4662 187 4728 quis
246 4666 490 4720 cultibus
555 4665 739 4735 magis
794 4669 849 4718 et
915 4665 1100 4735 magis
1161 4681 1267 4735 per
1330 4665 1751 4718 incrementum

82 4752 372 4819 temporum
447 4754 623 4807 decus
706 4753 987 4807 succrevit
1067 4753 1464 4807 Ecclesiarum.
1536 4754 1752 4807 Nostris

83 4837 210 4891 enim
264 4840 485 4907 diebus,
544 4841 644 4911 qui
706 4840 850 4895 servi
912 4841 1338 4911 patrisfamilias
1397 4858 1616 4908 sumus,
1680 4857 1751 4894 ne

83 4924 226 4980 decus
270 4930 467 4984 matris
518 4929 782 4983 Ecclesiae
838 4930 1239 4997 imminuatur,
1291 4930 1386 4985 sed
1416 4930 1598 5001 magis
1647 4946 1750 4983 cu-

85 5014 303 5070 muletur
366 5023 423 5071 et
493 5016 896 5089 ampliﬁcatur,
972 5018 1279 5072 statuimus
1351 5022 1418 5072 ut
1485 5018 1752 5087 deinceps

86 5103 247 5156 nullus
294 5106 552 5161 sacerdos
586 5122 810 5160 sacrum
857 5107 1194 5177 mysterium
1226 5108 1481 5177 corporis
1528 5112 1584 5160 et
1616 5123 1752 5160 san-

88 5191 247 5255 guinis
271 5196 400 5248 Jesu
440 5195 654 5249 Christi
688 5196 918 5249 Domini
948 5196 1129 5249 nostri
1160 5195 1221 5249 in
1259 5196 1466 5266 ligneis
1511 5194 1752 5250 vasculis

88 5278 183 5332 ullo
210 5283 370 5337 modo
417 5284 702 5337 conﬁcere
734 5290 1069 5356 praesumat,
1110 5300 1183 5339 ne
1226 5285 1378 5339 unde
1420 5285 1633 5355 placari
1662 5284 1753 5338 de-

88 5364 179 5431 bet,
207 5370 329 5425 inde
359 5373 641 5428 irascatur
671 5375 840 5428 Deus.

91 5471 194 5527 CAP.
248 5477 504 5533 CCXXIV.
559 5510 621 5519 —
690 5482 761 5534 De
809 5481 1031 5534 ecclesia
1085 5496 1119 5533 a
1180 5479 1544 5550 compluribus
1591 5480 1753 5534 colue-

658 5552 878 5606 redibus
912 5553 1146 5606 obsessa.

152 5636 245 5697 (Ea:
297 5639 474 5694 eodem
552 5642 741 5695 concil.
799 5644 888 5696 cui
947 5641 1204 5708 interfuit
1256 5656 1358 5694 rem
1414 5639 1750 5709 Arnolphus,

1867 3144 2190 3209 incensum,
2222 3140 2283 3192 in
2332 3144 2579 3192 mortem
2609 3136 2878 3191 videlicet
2928 3135 3329 3206 Redemptoris
3360 3136 3559 3202 nostri,

1865 3236 2133 3301 ponatur,
2170 3226 2543 3283 decrevimus.

1868 3321 1995 3375 CAP.
2058 3317 2374 3373 CCXXVIII.
2432 3346 2499 3354 —
2554 3317 2621 3369 Ut
2671 3316 2880 3382 quoties
2935 3313 3216 3366 basilicam
3273 3312 3347 3365 ad
3402 3328 3566 3379 quam

1938 3394 2051 3443 itur
2093 3390 2387 3458 prasentia
2432 3402 2581 3458 nova
2610 3387 2777 3453 plebis
2830 3385 3135 3453 impleverit
3182 3386 3334 3437 toties
3384 3387 3562 3436 sacri-

1936 3457 2120 3529 ﬁcium
2148 3460 2473 3525 subsequens
2504 3457 2785 3523 offeratur.

1938 3523 2043 3600 (Ea:
2083 3533 2239 3599 epist.
2290 3523 2481 3581 Leonis
2520 3542 2683 3595 papa
2726 3527 2800 3579 ad
2831 3528 3146 3580 Dioscorum
3190 3523 3561 3578 Alemandrin.

1864 3622 2170 3689 episcopum
2214 3620 2404 3682 missa,
2450 3631 2570 3684 cap.
2605 3616 2685 3681 2.)
2722 3616 2790 3667 Ut
2820 3618 3013 3665 autem
3046 3614 3106 3666 in
3154 3612 3418 3666 omnibus
3463 3613 3564 3665 ob-

1865 3706 2149 3761 servantia
2201 3709 2396 3758 nostra
2455 3703 2773 3766 concordet,
2822 3701 2960 3754 illud
3022 3716 3253 3770 quoque
3301 3701 3564 3753 volumus

1864 3794 2154 3859 custodiri,
2216 3798 2280 3845 ut
2335 3808 2466 3845 cum
2522 3790 2835 3843 solemnior
2888 3789 3166 3841 festivitas
3215 3795 3562 3841 conventum

1862 3885 2065 3955 populi
2114 3880 2528 3936 numerosioris
2573 3878 2859 3940 indixerit,
2915 3883 2969 3931 et
2999 3878 3068 3931 ad
3115 3876 3375 3929 eamdem
3407 3881 3565 3929 tanta

1863 3974 2123 4027 ﬁdelium
2172 3969 2485 4024 multitudo
2517 3967 2871 4032 convenerit,
2910 3982 3083 4037 quam
3114 3966 3366 4035 recipere
3411 3964 3561 4019 basi-

1860 4063 1968 4117 lica
2007 4078 2124 4115 una
2170 4076 2285 4114 non
2334 4058 2531 4127 possit,
2589 4055 2853 4110 sacriﬁcii
2912 4055 3121 4109 oblatio
3168 4054 3564 4108 indubitanter

1861 4152 2120 4215 iteretur,
2167 4164 2239 4202 ne
2290 4148 2380 4201 his
2432 4151 2655 4201 tantum
2698 4144 2959 4199 admissis
3004 4144 3076 4198 ad
3120 4144 3267 4198 hanc
3308 4142 3559 4197 devotio-

1860 4257 2015 4316 nem,
2051 4239 2151 4309 qui
2202 4238 2358 4308 prius
2390 4235 2747 4299 advenerint,
2802 4234 3107 4288 videantur
3161 4233 3221 4285 hi
3265 4232 3365 4303 qui
3413 4237 3565 4301 post-

1776 4343 1821 4397 ι)
1862 4329 2094 4383 modum
2129 4326 2510 4381 contluxerint
2552 4340 2670 4377 non
2702 4323 2938 4391 recepti,
2986 4337 3114 4375 cum
3160 4321 3397 4390 plenum
3438 4320 3560 4389 pie-

1858 4418 1991 4471 tatis
2021 4421 2193 4486 atque
2227 4413 2465 4468 rationis
2499 4414 2590 4477 sit,
2624 4417 2686 4465 ut
2715 4411 2938 4481 quoties
2969 4409 3261 4462 basilicam
3291 4409 3362 4462 ad
3388 4423 3562 4476 quam

1860 4506 1978 4559 itur
2008 4503 2316 4575 praesentia
2364 4493 2757 4569 novaa'plebis
2789 4496 3139 4566 impleverit,
3187 4496 3358 4549 toties
3390 4496 3561 4549 sacri-

1860 4594 2055 4648 ﬁcium
2103 4592 2457 4660 subsequens
2512 4588 2805 4641 offeratur.
2860 4587 3099 4639 Necesse
3153 4589 3239 4637 est
3280 4582 3456 4646 enim,
3500 4588 3563 4637 ut

1861 4682 2123 4753 quaedam
2190 4678 2389 4749 populi
2464 4692 2594 4746 pars
2657 4691 2757 4727 sua
2804 4673 3108 4727 devotione
3177 4672 3455 4741 privetur,
3514 4672 3563 4726 si

1858 4772 2032 4825 unius
2098 4773 2321 4822 tantum
2408 4764 2596 4817 missae
2682 4778 2841 4816 more
2906 4764 3147 4821 servato,
3217 4759 3562 4814 sacriﬁcium

1862 4860 2066 4914 offerre
2112 4872 2229 4910 non
2286 4853 2527 4925 possint,
2574 4852 2683 4905 nisi
2740 4850 2927 4921 prima
2974 4849 3089 4904 diei
3142 4854 3325 4919 parte
3356 4865 3561 4903 conve-

1860 4947 2067 5002 nerint.

1862 5038 1988 5092 CAP.
2044 5034 2305 5090 CCXXIX.
2358 5062 2426 5070 —-
2462 5034 2529 5086 Ut
2576 5030 2759 5083 nullus
2805 5029 3087 5098 presbyter
3139 5028 3356 5083 titulum
3402 5041 3565 5096 super

2289 5104 2507 5157 titulum
2529 5115 2793 5169 usurpare
2818 5104 3131 5169 prwsumat.

1935 5195 2045 5259 (Ecc
2088 5193 2276 5247 concil.
2337 5188 2661 5259 Nanneten.)
2711 5190 2780 5243 Ut
2820 5188 2867 5241 si
2910 5187 3155 5258 quilibet
3202 5184 3561 5254 presbytero-

1862 5299 1990 5337 rum
2028 5282 2327 5337 defunctus
2359 5279 2551 5346 fuerit,
2584 5278 2804 5331 vicinus
2856 5276 3153 5347 presbyter
3182 5272 3332 5343 apud
3365 5270 3559 5324 senio-

1862 5388 1985 5426 rem
2034 5371 2365 5425 saecularem
2416 5369 2574 5421 nulla
2620 5366 2971 5435 precatione,
3018 5364 3105 5416 vel
3156 5361 3350 5425 aliquo
3391 5358 3560 5412 xenio

1864 5459 2161 5513 ecclesiam
2208 5459 2367 5512 illam
2400 5457 2674 5521 obtineat,
2723 5454 2857 5524 quia
2903 5452 3102 5505 titulus
3155 5465 3259 5520 per
3308 5464 3365 5502 se
3395 5464 3560 5501 cons-

1864 5553 2023 5603 stans
2058 5552 2226 5601 antea
2274 5546 2502 5611 exstitit,
2542 5545 2636 5599 sed
2686 5557 2874 5613 neque
2924 5540 3202 5610 capellam
3252 5538 3374 5591 sine
3424 5553 3559 5591 con-

1865 5638 2016 5692 sultu
2047 5636 2321 5707 episcopi.
2354 5635 2515 5699 Quod
2558 5633 2604 5687 si
2633 5632 2847 5697 fecerit,
2882 5628 3178 5684 deﬁnitam
3218 5627 3560 5682 sententiam
