3966 6400
351 353 460 404 723

1433 350 1843 407 BURCHARDI
1879 351 2411 409 WORMACIENSIS
2447 352 2761 410 EPISCOPI
2774 393 2790 409 .

3779 355 3897 410 724

356 476 467 531 sibi
510 475 793 547 prolatam
823 474 1121 546 suscipiat,
1167 474 1331 529 sicuti
1373 475 1442 530 de
1489 477 1758 548 episcopo
1789 479 2064 532 canonica
2093 481 2139 533 Α
2177 478 2538 550 profuturam
2596 482 3043 548 nostrorumque
3095 477 3403 533 criminum
3463 480 3894 550 indulgentiam

333 563 611 620 decrevit
637 563 970 626 auctoritas,
1022 569 1084 618 ut
1137 564 1183 617 si
1214 581 1317 634 per
1360 565 1738 620 ambitionem
1783 568 2064 638 majorem

361 655 646 708 civitatem
677 653 1007 723 appetierit,
1041 657 1098 707 et
1127 652 1285 706 illam
1319 655 1522 724 perdat
1553 671 1724 725 quam
1772 657 1974 724 tenuit,
2009 662 2066 710 et

359 743 521 797 illam
584 757 954 812 nequaquam
1017 741 1291 809 obtineat,
1351 758 1524 812 quam
1588 759 1864 813 usurpare
1933 749 2066 800 ten-

361 831 522 886 tavit.

363 937 492 991 CAP.
546 935 776 990 CCXXX.
833 965 902 974 ——
965 937 1030 990 Ut
1081 938 1361 1006 episcopus
1407 942 1505 991 aut
1562 938 1862 1006 presbyter,
1912 943 2066 1008 post-

434 1023 600 1076 quam
638 1009 860 1060 missam
909 1008 1190 1074 inceperit,
1235 1013 1286 1062 et
1338 1011 1633 1061 orationem
1686 1009 1914 1076 disserit,
1957 1012 2068 1063 nisi

428 1080 618 1147 passio
649 1079 841 1145 aliqua
887 1079 1251 1142 intervenerit,
1305 1086 1600 1145 antequam
1639 1082 1910 1146 inceptum
1955 1084 2066 1134 mi-

435 1150 724 1202 nisterium
779 1147 1108 1216 adimpteat,
1158 1149 1227 1202 ab
1290 1151 1492 1203 altario
1545 1151 1643 1202 Dei
1696 1151 1845 1203 nullo
1911 1152 2066 1205 modo

435 1219 708 1272 discedere
735 1219 955 1271 audeat.

439 1306 551 1374 (Ea:
589 1306 734 1361 decr.
781 1308 1075 1360 Zachariz
1102 1322 1282 1376 papae,
1332 1322 1454 1376 cap.
1491 1307 1600 1377 14.)
1654 1309 1722 1362 Ut
1765 1309 2068 1380 episcopus

367 1399 465 1448 aut
506 1395 824 1465 presbyter,
877 1395 1014 1448 dum
1071 1395 1364 1464 ingressus
1415 1395 1588 1450 fuerit
1634 1397 1707 1450 ad
1762 1397 2066 1451 missarum

367 1482 644 1536 solemnia
694 1483 1056 1548 celebranda,
1105 1483 1216 1536 nisi
1263 1483 1452 1552 passio
1501 1483 1696 1554 aliqua
1743 1485 2067 1538 intervene-

367 1571 461 1638 rit,
499 1571 657 1624 nullo
702 1571 871 1624 modo
920 1572 1132 1625 audeat
1178 1571 1310 1624 data
1367 1572 1626 1626 oratione
1673 1573 1964 1638 recedere,
2005 1578 2070 1626 ut

369 1660 440 1713 ab
479 1659 590 1712 alio
619 1659 915 1729 episcopo,
948 1665 1050 1713 aut
1091 1659 1422 1729 presbytero
1453 1662 1832 1730 suppleantur
1861 1661 2069 1714 missa-

368 1763 499 1802 rum
531 1747 825 1809 solemnia,
863 1748 957 1801 sed
985 1747 1082 1818 qui
1109 1747 1340 1800 initium
1371 1748 1559 1817 ponit,
1589 1750 1855 1818 suppleat
1886 1765 2069 1819 usque
2100 1752 2142 1806 Β

371 1836 442 1890 ad
491 1835 687 1889 ﬁnem.
752 1836 894 1899 Quia
944 1835 1220 1905 scriptum
1275 1840 1360 1889 est
1400 1851 1413 1890 :
1460 1835 1570 1900 Qui
1623 1837 2070 1906 perseveraverit

371 1940 554 1996 usque
600 1924 662 1978 in
692 1925 888 1990 ﬁnem,
924 1925 1015 1978 hic
1055 1922 1240 1978 salvus
1289 1924 1417 1977 erit.
1470 1925 1528 1979 Si
1559 1926 1688 1995 quis
1738 1942 1871 1980 vero
1917 1942 2066 1996 prie-

370 2013 680 2083 sumpserit
744 2019 953 2082 praeter
1008 2013 1162 2082 quod
1220 2011 1518 2082 posuimus
1575 2029 1766 2084 agere,
1827 2030 1861 2067 a
1911 2030 2068 2068 sacro

373 2115 610 2170 corpore
643 2104 700 2152 et
747 2099 1029 2169 sanguine
1064 2099 1292 2152 Domini
1339 2099 1516 2152 nostri
1563 2101 1697 2154 Jesu
1751 2101 1963 2155 Christi
1997 2101 2071 2154 sit

372 2202 698 2254 suspensus.

373 2277 518 2348 CAP._
554 2275 842 2348 CCXXqu
871 2305 940 2313 —-
986 2277 1050 2328 Ut
1108 2277 1289 2330 nullus
1350 2279 1634 2348 episcopus
1680 2281 1763 2332 vel
1788 2281 2072 2347 presbyter

443 2345 518 2398 ad
561 2345 936 2418 celebrandum
980 2349 1272 2400 missarum
1299 2345 1556 2401 solemnia
1586 2365 1705 2404 cum
1755 2345 2066 2418 baculo-ire,

444 2421 542 2469 aut
589 2417 762 2469 velato
810 2419 986 2484 capite
1041 2419 1240 2470 altario
1290 2421 1386 2471 Dei
1437 2422 1696 2474 assiste-re
1752 2417 2066 2488 prasumat.

446 2506 554 2573 (Ea:
585 2504 728 2558 decr.
779 2505 1039 2572 ejusdem,
1089 2522 1208 2574 cap.
1248 2507 1355 2576 l3.)
1409 2508 1477 2561 Ut
1519 2508 1712 2561 nullus
1744 2509 2064 2579 episcopus,

375 2593 693 2662 presbyter,
748 2598 846 2645 aut
892 2593 1165 2646 diaconus
1197 2594 1268 2647 ad
1318 2595 1724 2650 celebrandum
1765 2598 2070 2652 missarum

375 2680 655 2733 solemnia
694 2687 1005 2749 praesumat
1048 2698 1177 2735 cum
1209 2682 1410 2736 baculo
1459 2683 1717 2752 introire,
1761 2692 1860 2739 aut
1886 2688 2070 2740 velato

375 2769 560 2838 capite
607 2769 810 2822 altario
861 2769 962 2823 Dei
1008 2771 1292 2835 assistere,
1347 2772 1623 2842 quoniam
1672 2777 1728 2826 et
1773 2776 2070 2844 apostolus

377 2858 584 2910 Paulus
634 2858 903 2926 prohibet
948 2857 1101 2911 viros
1149 2859 1333 2912 velato
1365 2859 1550 2929 capite
1598 2876 1762 2915 orare
1792 2862 1851 2914 in
1885 2863 2070 2916 Eccle-

377 2945 479 3010 sia,
533 2950 590 2998 et
632 2946 679 2999 si
718 2949 935 3000 temere
984 2947 1438 3016 praesumpserit,
1492 2949 1898 3003 communione
1954 2951 2068 3020 pri-

373 3038 556 3086 vetur.

377 3121 506 3175 CAP.
559 3121 841 3175 CCXXXII.
902 3151 973 3162 —
1033 3124 1108 3176 Ne
1166 3137 1402 3190 corpora
1465 3129 1776 3179 sanctorum
1839 3127 2078 3193 transfe-

852 3197 1050 3245 rantur
1079 3193 1144 3245 de
1177 3195 1284 3246 loco
1316 3193 1390 3246 ad
1413 3195 1599 3247 locum.

450 3279 556 3345 (Em
583 3281 770 3334 concil.
802 3282 1072 3348 Mogunt.,
1121 3295 1240 3349 cap.
1295 3283 1406 3346 5t.)
1467 3281 1742 3352 Deinceps
1774 3300 1906 3337 vero
1950 3301 2076 3338 cor-

378 3383 519 3436 pora
565 3371 891 3421 sanctorum
921 3369 990 3422 de
1022 3368 1146 3421 loco
1191 3368 1261 3421 ad
1306 3370 1494 3422 locum
1527 3371 1720 3424 nullus
1769 3373 2076 3427 transferre

379 3461 711 3524 praesumat,
759 3457 881 3510 sine
920 3457 1157 3510 consilio
1206 3457 1500 3528 principis,
1542 3460 1625 3513 vel
1675 3460 2077 3531 episcoporum

381 3548 705 3614 sanctasque
736 3545 941 3613 synodi
973 3545 1224 3599 licentia.
1323 3553 1326 3556 '

383 3631 510 3686 CAP.
570 3631 882 3686 CCXXXIII.
952 3663 1018 3672 —
1087 3633 1197 3757 (iui
1234 3635 1458 3758 tmortui
1521 3636 1580 3689 in
1644 3635 1864 3689 ecclesia
1927 3651 2078 3706 sepe-

1134 3719 1229 3756 zan
1259 3719 1342 3758 ur.

1134 3719 1342 3758 tantur.

452 3790 560 3859 (Ea:
585 3789 785 3855 eodem,
817 3806 934 3859 cap.
994 3790 1105 3858 52.)
1156 3792 1356 3844 Nullus
1405 3795 1666 3845 mortuus
1697 3793 1846 3847 infra
1894 3795 2078 3848 eccle-

379 3878 523 3931 siam
553 3879 883 3946 sepeliatur,
915 3879 1025 3932 nisi
1057 3879 1329 3949 episcopi,
1363 3884 1462 3934 aut
1492 3879 1742 3947 abbates,
1790 3887 1890 3934 aut
1916 3882 2078 3952 digni

377 3966 714 4035 presbyteri,
751 3967 837 4019 vel
873 3966 1072 4020 ﬁdeles
1105 3968 1256 4020 laici.

379 4056 504 4109 CAP.
548 4055 846 4108 CCXXXIV.
908 4083 977 4094 —
1040 4055 1196 4118 Quod
1251 4069 1428 4108 omnes
1485 4055 1666 4122 ﬁdeles
1732 4059 1790 4110 in
1857 4060 2077 4112 ecclesia

747 4126 890 4178 nihil
925 4141 1083 4191 agere
1115 4125 1361 4192 debeant,
1389 4127 1498 4178 nisi
1528 4142 1700 4180 orare.

450 4215 554 4280 (Em
592 4213 781 4265 concil.
833 4215 1122 4279 Turonen.,
1157 4228 1278 4279 cap.
1327 4213 1438 4282 38.)
1487 4212 1817 4267 Sacerdotes
1865 4215 2076 4271 debent

375 4301 574 4354 ﬁdeles
623 4299 954 4364 admonere,
1010 4305 1074 4353 ut
1121 4300 1352 4370 quando
1399 4301 1466 4354 ad
1517 4302 1812 4356 ecclesiam
1861 4293 2144 4358 conve-D

378 4388 567 4448 niunt,
603 4387 724 4440 sine
755 4387 990 4456 strepitu
1029 4403 1090 4441 ac
1121 4387 1374 4441 tnmultu
1401 4404 1526 4441 eam
1560 4388 1980 4458 ingrediantur,
2014 4393 2074 4446 in

376 4492 490 4546 qua
547 4477 718 4530 etiam
774 4475 1034 4546 quandiu
1079 4475 1138 4528 in
1198 4476 1474 4529 orationis
1527 4493 1698 4530 causa
1754 4485 2071 4549 morantur,

376 4579 744 4634 nequaquam
792 4564 993 4617 inanes
1028 4565 1178 4617 inter
1209 4581 1266 4617 se
1313 4563 1609 4633 proferant
1656 4567 2073 4621 confabulatio-

376 4669 498 4718 nes,
532 4653 630 4706 sed
661 4657 920 4722 tempore
969 4669 1084 4723 quo
1117 4653 1425 4706 missarum
1473 4654 1752 4708 solemnia
1782 4656 2076 4710 celebran-

375 4748 489 4807 tur,
524 4757 639 4794 non
670 4741 856 4795 solum
880 4741 951 4795 ab
979 4741 1178 4794 otiosis
1205 4747 1260 4794 et
1290 4741 1589 4795 inutilibus
1617 4743 1818 4808 verbis,
1856 4761 2075 4798 verum-

374 4829 551 4884 etiam
594 4834 651 4883 et
681 4845 714 4882 a
743 4829 1079 4900 perniciosis
1127 4829 1574 4900 cogitationibus
1612 4831 1868 4886 funditus
1897 4833 2070 4888 absti-

371 4918 629 4973 nendum
655 4917 747 4970 sit.

372 5008 502 5063 CAP.
563 5006 837 5060 CCXXXV.
895 5034 964 5044 —
1020 5005 1176 5070 Quod
1207 5075 1214 5076 ί
1241 5005 1433 5059 divina
1489 5008 1772 5060 clementia
1825 5009 1954 5076 ﬁxis
2015 5011 2073 5061 in

443 5083 644 5131 terram
712 5076 935 5141 genibus
975 5075 1255 5130 exoranda
1317 5079 1412 5142 sit,
1479 5079 1590 5130 nisi
1653 5079 1712 5131 in
1772 5075 2072 5147 majoribus

442 5147 895 5202 solemnitatibus.

442 5237 560 5302 (Ea:
591 5235 798 5300 eodem,
831 5251 950 5304 cap.
977 5234 1089 5304 37.)
1125 5233 1434 5288 Sciendum
1485 5239 1568 5288 est
1615 5235 1767 5303 quod
1820 5237 2070 5305 exceptis

370 5325 571 5380 diebus
630 5323 964 5389 Dominicis,
1027 5329 1084 5375 et
1148 5321 1261 5375 illis
1330 5321 1787 5375 solemnitatibus
1861 5325 2071 5394 quibus

369 5419 565 5468 sancta
625 5417 681 5466 et
751 5412 1090 5466 universalis
1175 5411 1417 5464 Ecclesia
1480 5410 1550 5463 ob
1612 5412 2068 5467 recordationem

370 5501 680 5556 Dominicaa
737 5499 1170 5555 resurrectionis
1237 5499 1382 5552 solet
1439 5498 1641 5552 stando
1694 5515 1880 5568 orare,
1941 5501 2070 5555 ﬁxis

371 5589 427 5643 in
485 5595 697 5644 terram
767 5590 1009 5660 genibus
1075 5586 1412 5660 suppliciter
1476 5587 1839 5642 clementiam
1904 5589 2069 5644 nobis

2173 567 2596 636 deposcendum
2647 572 2731 620 est
2765 583 2777 620 :
2812 567 2976 636 cujus
3018 567 3100 620 rei
3133 566 3194 620 in
3237 568 3544 638 Evangelio
3593 569 3713 638 ipse
3767 570 3894 623 Do-

2174 656 2367 710 minus
2437 655 2602 709 nobis
2661 655 2819 709 dedit
2875 656 3223 724 exemplum.
3283 655 3390 710 Sed
3446 662 3502 710 et
3560 657 3896 728 Stephanus

2173 750 2412 814 martyr,
2472 749 2527 797 et
2579 744 2873 814 apostolus
2933 744 3140 796 Paulus
3192 744 3392 798 eadem
3453 745 3674 813 fecisse,
3737 746 3897 800 liber

2173 835 2345 886 Actus
2398 833 2793 902 apostolorum
2858 832 3012 885 testis
3069 836 3176 898 est,
3234 849 3302 885 ex
3370 834 3580 903 quibus
3633 835 3893 904 intelligi

2174 920 2360 986 datur,
2425 925 2688 990 oportere
2751 919 3138 973 Christianum
3203 921 3502 975 humiliter
3555 923 3614 974 in
3665 927 3892 976 terram

2173 1008 2484 1078 prosterni,
2537 1024 2610 1061 ne
2653 1008 2803 1062 forte
2832 1009 2916 1060 illi
2950 1008 3173 1062 dicatur
3205 1024 3218 1062 :
3249 1009 3361 1062 Cur
3405 1010 3700 1080 superbiat
3728 1016 3892 1064 terra

2175 1101 2228 1150 et
2255 1097 2442 1150 cinis?
3337 1132 3342 1136 -

2175 1187 2304 1239 CAP.
2377 1185 2679 1240 CCXXXVI.
2747 1215 2821 1224 —
2886 1185 3043 1250 Quod
3091 1201 3198 1238 non
3255 1187 3414 1240 liceat
3460 1189 3686 1241 mortuis
3725 1202 3888 1240 oscu-

2889 1275 2997 1328 lum
3027 1275 3179 1328 dare.

2249 1364 2357 1432 (Ex
2409 1364 2597 1416 concil.
2658 1362 2958 1430 Agathm.,
2999 1379 3119 1430 cap.
3159 1363 3230 1430 3.)
3282 1364 3407 1416 Non
3461 1363 3591 1416 licet
3636 1363 3892 1416 mortuis

2178 1451 2440 1504 osculum
2489 1451 2646 1515 dare,
2695 1466 2800 1504 nec
2853 1450 3046 1520 palliis
3095 1467 3223 1520 quae
3285 1451 3341 1503 iu
3376 1451 3652 1504 sacriﬁcio
3707 1467 3889 1520 super

2177 1538 2356 1590 altare
2387 1542 2700 1608 ponuntur,
2752 1553 2996 1607 corpora
3053 1553 3251 1592 eorum
3285 1537 3595 1602 involvere,
3653 1539 3738 1591 vel
3785 1554 3892 1590 su-

2178 1642 2282 1696 per
2312 1627 2587 1679 feretrum
2618 1641 2854 1694 ponere.

2300 1715 2427 1768 CAP.
2459 1715 2788 1768 CCXXXVII.
2823 1743 2893 1754 ——
2927 1713 3027 1768 Ubi
3051 1715 3239 1779 fideles
3267 1717 3487 1784 sepeliri
3517 1715 3763 1768 debeant.

2251 1801 2368 1868 (Ea:
2400 1802 2587 1854 concil.
2635 1801 2960 1866 Triburien.,
2993 1804 3080 1854 cui
3109 1803 3366 1867 interfuit
3409 1819 3507 1855 rea:
3537 1803 3890 1872 Arnolphus,

2176 1904 2296 1957 cap.
2347 1890 2456 1954 15.)
2507 1889 2699 1942 Restat
2735 1893 2972 1958 propter
3014 1889 3346 1955 instantem,
3399 1907 3529 1960 quae
3576 1896 3713 1943 tunc
3759 1907 3895 1943 ma-

2175 1977 2332 2029 xima
2379 1977 2645 2042 occurrit,
2694 1976 3092 2030 necessitatem
3137 1977 3469 2047 ubicunque
3509 1979 3750 2032 facultas
3799 1996 3890 2033 re-

2175 2080 2305 2118 rum
2345 2069 2401 2118 et
2429 2065 2831 2133 opportunitas
2856 2069 3185 2134 temporum
3216 2071 3486 2135 suppetat
3517 2067 3890 2136 sepulturam

2177 2151 2546 2206 morientium
2595 2153 2748 2222 apud
2789 2152 3114 2218 ecclesiam,
3147 2152 3244 2205 ubi
3295 2154 3456 2206 sede‘s
3488 2158 3572 2206 est
3601 2155 3891 2224 episcopi,

2176 2239 2470 2293 celebrari.
2526 2239 2583 2293 Si
2631 2245 2827 2293 autem
2877 2241 2985 2294 hoc
3015 2246 3254 2310 propter
3289 2241 3509 2294 itineris
3551 2243 3890 2313 longinqui-

2176 2332 2351 2380 tatem
2388 2331 2486 2380 aut
2506 2327 2860 2396 adjacentem
2901 2328 3143 2396 alicujus
3181 2328 3688 2398 inopportunitatis
3737 2329 3896 2384 difﬁ-

2177 2416 2448 2468 cultatem
2499 2415 2858 2485 impossibile
2901 2416 3187 2480 videatur,
3224 2423 3520 2486 exspectet
3549 2434 3680 2471 eum
3727 2423 3890 2471 terra

2179 2504 2485 2573 sepultura:
2533 2520 2650 2557 sua:
2701 2521 2815 2574 quo
2861 2498 3266 2558 canonicorum
3317 2511 3414 2559 aut
3465 2507 3894 2560 monachorum

2180 2592 2296 2645 sive
2342 2592 2869 2646 sanctimonialium
2914 2599 3287 2663 congregatio
3319 2601 3514 2648 sancta
3561 2597 3896 2647 communi-

2179 2685 2267 2734 ter
2322 2681 2514 2749 degat,
2574 2687 2638 2734 ut
2697 2698 2898 2734 eorum
2953 2683 3309 2735 orationibus
3361 2683 3542 2752 judici
3584 2700 3686 2736 suo
3736 2699 3899 2736 com-

2183 2769 2488 2822 mendatus
2581 2775 2859 2833 occurrat,
2935 2775 2988 2823 et
3069 2770 3467 2824 remissionem
3547 2771 3897 2824 delictorum

2182 2873 2354 2928 quam
2395 2858 2615 2912 meritis
2659 2875 2776 2912 non
2807 2859 3050 2925 obtinet,
3095 2859 3327 2912 illorum
3376 2859 3895 2914 intercessionibus

2182 2945 2482 3015 percipiat.
2567 2946 2726 3009 Quod
2786 2947 2834 2999 si
2908 2951 2964 2999 et
3022 2947 3132 2999 hoc
3184 2946 3448 3016 ineptum
3520 2953 3576 3001 et
3652 2948 3898 3002 difﬁcile

2108 3033 2149 3088 C
2186 3033 2521 3097 mstimetur,
2587 3033 2684 3087 ubi
2737 3033 3018 3086 decimam
3065 3034 3426 3104 persolvebat
3484 3034 3665 3104 vivus,
3717 3052 3897 3105 sepe-

2186 3121 2358 3174 liatur
2388 3126 2675 3175 mortuus.

2187 3209 2314 3263 Car.
2366 3209 2740 3264 CCXXXVIII.
2790 3239 2859 3247 -—
2909 3211 2974 3263 Ut
3029 3210 3329 3265 sacerdotes
3376 3211 3450 3264 ad
3507 3217 3714 3281 tempus
3761 3228 3897 3267 ora-

2463 3300 2698 3350 tionibus
2727 3303 2934 3364 vacent,
2964 3305 3253 3366 antequam
3284 3302 3607 3367 sacriﬁcent.

2259 3388 2367 3450 (Ea:
2397 3385 2592 3438 deeret.
2654 3387 2951 3439 Innocentii
3003 3401 3179 3453 papae,
3213 3401 3334 3453 cap.
3377 3387 3490 3455 26.)
3544 3388 3686 3440 Nam
3742 3390 3900 3442 Pau-

2187 3473 2275 3525 lus
2343 3473 2413 3526 ad
2471 3473 2796 3526 Corinthios
2864 3473 3059 3526 scribit
3133 3473 3365 3527 dicens:
3420 3475 3713 3530 Abstinete
3797 3495 3900 3532 vos

2187 3561 2256 3614 ad
2301 3565 2530 3629 tempus
2580 3567 2644 3614 ut
2673 3561 2882 3614 vacetis
2927 3561 3193 3628 orationi,
3242 3569 3299 3615 et
3345 3563 3451 3615 hoc
3483 3564 3680 3634 utique
3732 3565 3902 3620 laicis

2186 3649 2481 3718 praecepit,
2549 3650 2730 3702 multo
2820 3649 3004 3718 magis
3080 3650 3492 3716 sacerdotibus,
3554 3652 3764 3719 quibus
3841 3660 3902 3708 et

2188 3737 2394 3790 orandi
2425 3742 2480 3790 et
2523 3737 2882 3791 sacriﬁcandi
2907 3738 3047 3807 juge
3083 3738 3336 3792 ofﬁcium
3369 3744 3489 3792 est:
3536 3757 3763 3810 semper
3793 3743 3898 3795 de~

2187 3826 2404 3879 bebunt
2453 3825 2522 3879 ab
2579 3826 2914 3894 hujusmodi
2967 3827 3255 3880 consortio
3312 3827 3615 3882 abstinere.
3677 3829 3787 3892 Qui
3849 3833 3897 3884 si

2185 3914 2609 3968 contaminatus
2687 3914 2862 3968 fuerit
2936 3915 3152 3968 carnali
3215 3916 3694 3986 concupiscentia,
3771 3935 3895 3988 quo

2184 4003 2404 4072 pudore
2463 4003 2550 4056 vel
2607 4002 2923 4055 sacriﬁcare
2970 4003 3211 4056 forsitan
3265 4005 3582 4074 usurpabit,
3634 4010 3732 4059 aut
3773 4024 3895 4076 qua

2185 4089 2554 4156 conscientia,
2605 4106 2790 4158 quove
2848 4091 3052 4142 merito
3102 4091 3356 4144 exaudiri
3405 4108 3463 4144 se
3495 4093 3696 4158 credit,
3752 4109 3891 4148 cum

2186 4177 2403 4230 dictum
2475 4177 2585 4230 sit:
2666 4177 2871 4231 Omnia
2924 4178 3141 4231 munda
3199 4179 3425 4233 mundis
3497 4181 3893 4251 coinquinatis

2186 4270 2378 4318 autem
2411 4271 2467 4317 et
2496 4265 2827 4318 inﬁdelibus
2859 4266 3003 4319 nihil
3030 4267 3353 4320 mundum?

2186 4355 2320 4407 CAP.
2367 4353 2666 4408 CCXXXIX.
2720 4384 2791 4392 ——-
2844 4357 2918 4407 De
2974 4355 3130 4408 laicis
3179 4358 3275 4423 qui
3327 4359 3582 4426 proprias
3629 4359 3890 4418 ecclesias

2927 4443 3143 4496 habent.

2255 4529 2362 4599 (Ea:
2428 4531 2614 4584 concil.
2681 4531 2944 4596 Remensi,
3009 4536 3272 4599 praesente
3327 4532 3592 4586 Ludovico
3651 4534 3883 4600 impera-

2183 4623 2314 4685 tore,
2371 4634 2490 4687 cup.
2543 4621 2617 4684 5.)
2669 4619 2728 4673 Si
2779 4619 2908 4672 laici
2957 4621 3204 4689 capellas
3248 4621 3509 4689 proprias
3553 4619 3886 4686 habuerint,

2181 4721 2215 4758 a
2269 4705 2490 4758 ratione
2546 4711 2604 4758 et
2662 4705 3003 4760 auctoritate
3056 4707 3310 4759 alienum
3365 4706 3611 4759 habetur
3663 4714 3726 4759 ut
3774 4707 3890 4776 ipsi

2183 4793 2433 4846 decimas
2463 4793 2766 4862 accipiant,
2800 4799 2857 4847 ct
2896 4793 3026 4847 inde
3056 4810 3224 4847 canes
3254 4798 3353 4846 aut
3383 4792 3714 4861 genitiarias
3747 4811 3888 4850 suas

2181 4887 2437 4952 pascant,
2521 4882 2619 4935 sed
2693 4882 2888 4951 potius
2952 4882 3274 4951 presbyteri
3351 4881 3718 4936 ecclesiarum
3787 4902 3887 4939 eas

2182 4970 2482 5041 accipiant,
2545 4975 2601 5023 et
2650 4971 2782 5024 inde
2832 4970 3311 5023 restaurationem
3376 4970 3765 5036 ecclesiarum,
3827 4980 3885 5027 et

2181 5059 2510 5126 luminaria,
2560 5063 2617 5112 et
2673 5058 2965 5128 hospitum
2999 5075 3062 5112 ac
3113 5074 3432 5127 pauperum
3492 5061 3883 5129 receptionem

2179 5147 2505 5212 exhibeant,
2555 5151 2610 5200 et
2643 5162 2745 5217 pro
2792 5151 2982 5199 sancta
3038 5147 3305 5213 Ecclesia,
3361 5163 3423 5200 ac
3459 5163 3562 5216 pro
3594 5153 3744 5201 statu
3796 5165 3882 5204 re-

2177 5235 2279 5305 gni
2311 5235 2410 5288 Dei
2443 5234 2896 5288 misericordiam
2927 5235 3178 5288 studiose
3211 5235 3542 5305 implorent.

2401 5325 2527 5378 CAP.
2564 5323 2747 5378 CCXL.
2781 5352 2847 5361 —
2880 5326 2953 5376 De
2985 5325 3221 5378 ecclesiis
3250 5325 3651 5378 monachorum.

2251 5413 2368 5483 (Ea:
2411 5414 2600 5467 concil.
2655 5413 2803 5481 apud
2852 5413 3248 5480 Con/tuentium
3291 5415 3380 5466 cui
3431 5414 3686 5477 interfuit
3731 5415 3875 5468 Hen-

2175 5504 2342 5566 ricus,
2375 5506 2425 5555 et
2468 5501 2715 5567 Carolus,
2761 5516 2932 5569 reges,
2980 5517 3099 5570 cap.
3134 5502 3213 5569 6.)
3249 5503 3362 5555 Hoc
3417 5517 3644 5571 quoque
3695 5507 3874 5556 statu-

2176 5594 2302 5646 tum
2349 5595 2436 5644 est
2481 5595 2766 5661 quatenus
2826 5590 3076 5645 ecclesiae
3133 5605 3614 5660 quorumcumque
3676 5606 3873 5646 mona-
