  <div class='ocr_page' id='page_1' title='image "/cluster/home/n/w/nwhite01/storage/ocr_20150623/140-141/uc1.31175018559917/370.png"; bbox 0 0 3966 6414; ppageno 0'>
   <div class='ocr_carea' id='block_1_1' title="bbox 120 370 217 421">
    <p class='ocr_par' dir='ltr' id='par_1_1' title="bbox 120 370 217 421">
     <span class='ocr_line' id='line_1_1' title="bbox 120 370 217 421; baseline 0.01 -1"><span class='ocrx_word' id='word_1_1' title='bbox 120 370 217 421; x_wconf 81' lang='lat'>7‘25</span> 
     </span>
    </p>
   </div>
   <div class='ocr_carea' id='block_1_2' title="bbox 1096 366 2666 424">
    <p class='ocr_par' dir='ltr' id='par_1_2' title="bbox 1096 366 2666 424">
     <span class='ocr_line' id='line_1_2' title="bbox 1096 366 2666 424; baseline -0.002 -3"><span class='ocrx_word' id='word_1_2' title='bbox 1096 367 1574 424; x_wconf 83' lang='lat' dir='ltr'>DECRETORUM</span> <span class='ocrx_word' id='word_1_3' title='bbox 1617 368 1801 424; x_wconf 83' lang='lat' dir='ltr'><strong>LIBRI</strong></span> <span class='ocrx_word' id='word_1_4' title='bbox 1840 368 1947 423; x_wconf 86' lang='lat' dir='ltr'>XX.</span> <span class='ocrx_word' id='word_1_5' title='bbox 1984 396 2053 406; x_wconf 73' lang='grc' dir='ltr'>-η</span> <span class='ocrx_word' id='word_1_6' title='bbox 2094 367 2306 422; x_wconf 81' lang='lat' dir='ltr'><strong>LIBER</strong></span> <span class='ocrx_word' id='word_1_7' title='bbox 2345 366 2666 424; x_wconf 81' lang='lat' dir='ltr'>TERTIUS.</span> 
     </span>
    </p>
   </div>
   <div class='ocr_carea' id='block_1_3' title="bbox 3527 373 3632 427">
    <p class='ocr_par' dir='ltr' id='par_1_3' title="bbox 3527 373 3632 427">
     <span class='ocr_line' id='line_1_3' title="bbox 3527 373 3632 427; baseline 0.01 -2"><span class='ocrx_word' id='word_1_8' title='bbox 3527 373 3632 427; x_wconf 81' lang='lat'>726</span> 
     </span>
    </p>
   </div>
   <div class='ocr_carea' id='block_1_4' title="bbox 121 488 3632 561">
    <p class='ocr_par' dir='ltr' id='par_1_4' title="bbox 121 488 3632 561">
     <span class='ocr_line' id='line_1_4' title="bbox 121 488 3632 561; baseline 0.001 -18"><span class='ocrx_word' id='word_1_9' title='bbox 121 491 350 544; x_wconf 89' lang='lat' dir='ltr'>chorum</span> <span class='ocrx_word' id='word_1_10' title='bbox 397 488 460 542; x_wconf 92' lang='lat' dir='ltr'>in</span> <span class='ocrx_word' id='word_1_11' title='bbox 508 488 755 560; x_wconf 76' lang='lat' dir='ltr'>singulis</span> <span class='ocrx_word' id='word_1_12' title='bbox 793 488 1080 558; x_wconf 91' lang='lat' dir='ltr'>parochiis</span> <span class='ocrx_word' id='word_1_13' title='bbox 1127 490 1251 545; x_wconf 58' lang='lat' dir='ltr'>sitas</span> <span class='ocrx_word' id='word_1_14' title='bbox 1291 491 1713 561; x_wconf 89' lang='lat' dir='ltr'>episcoporum,</span> <span class='ocrx_word' id='word_1_15' title='bbox 1752 496 1816 545; x_wconf 90' lang='lat' dir='ltr'>ut</span> <span class='ocrx_word' id='word_1_16' title='bbox 1843 494 1889 544; x_wconf 82' lang='lat' dir='ltr'><strong>A</strong></span> <span class='ocrx_word' id='word_1_17' title='bbox 1928 492 2035 557; x_wconf 81' lang='lat' dir='ltr'>ius,</span> <span class='ocrx_word' id='word_1_18' title='bbox 2056 505 2225 557; x_wconf 87' lang='lat' dir='ltr'>reges,</span> <span class='ocrx_word' id='word_1_19' title='bbox 2259 506 2381 558; x_wconf 89' lang='lat' dir='ltr'>cap.</span> <span class='ocrx_word' id='word_1_20' title='bbox 2416 493 2492 555; x_wconf 92' lang='lat'>8.)</span> <span class='ocrx_word' id='word_1_21' title='bbox 2522 490 2580 544; x_wconf 89' lang='lat' dir='ltr'>Si</span> <span class='ocrx_word' id='word_1_22' title='bbox 2611 489 2741 561; x_wconf 85' lang='lat' dir='ltr'>quis</span> <span class='ocrx_word' id='word_1_23' title='bbox 2771 506 2905 544; x_wconf 91' lang='lat' dir='ltr'>vero</span> <span class='ocrx_word' id='word_1_24' title='bbox 2938 491 3115 545; x_wconf 82' lang='lat' dir='ltr'>laicus</span> <span class='ocrx_word' id='word_1_25' title='bbox 3150 492 3235 545; x_wconf 89' lang='lat' dir='ltr'>vel</span> <span class='ocrx_word' id='word_1_26' title='bbox 3259 493 3501 547; x_wconf 84' lang='lat' dir='ltr'>clericus</span> <span class='ocrx_word' id='word_1_27' title='bbox 3528 510 3632 548; x_wconf 91' lang='lat' dir='ltr'>seu</span> 
     </span>
    </p>
   </div>
   <div class='ocr_carea' id='block_1_5' title="bbox 122 578 1815 649">
    <p class='ocr_par' dir='ltr' id='par_1_5' title="bbox 122 578 1815 649">
     <span class='ocr_line' id='line_1_5' title="bbox 122 578 1815 649; baseline 0.001 -17"><span class='ocrx_word' id='word_1_28' title='bbox 122 580 291 644; x_wconf 78' lang='lat' dir='ltr'>decet,</span> <span class='ocrx_word' id='word_1_29' title='bbox 346 578 627 631; x_wconf 90' lang='lat' dir='ltr'>divinitus</span> <span class='ocrx_word' id='word_1_30' title='bbox 674 578 994 631; x_wconf 76' lang='lat' dir='ltr'>subdantur</span> <span class='ocrx_word' id='word_1_31' title='bbox 1040 579 1334 647; x_wconf 84' lang='lat' dir='ltr'>regimini,</span> <span class='ocrx_word' id='word_1_32' title='bbox 1380 582 1579 649; x_wconf 82' lang='lat' dir='ltr'>eisque</span> <span class='ocrx_word' id='word_1_33' title='bbox 1621 580 1815 633; x_wconf 79' lang='lat' dir='ltr'>debita</span> 
     </span>
    </p>
   </div>
   <div class='ocr_carea' id='block_1_6' title="bbox 46 666 1812 737">
    <p class='ocr_par' dir='ltr' id='par_1_6' title="bbox 46 666 1812 737">
     <span class='ocr_line' id='line_1_6' title="bbox 46 666 1812 737; baseline 0 -18"><span class='ocrx_word' id='word_1_34' title='bbox 46 686 63 719; x_wconf 59' lang='grc' dir='ltr'>ηε</span> <span class='ocrx_word' id='word_1_35' title='bbox 123 667 384 737; x_wconf 87' lang='lat' dir='ltr'>obsequia</span> <span class='ocrx_word' id='word_1_36' title='bbox 434 667 495 720; x_wconf 93' lang='lat' dir='ltr'>in</span> <span class='ocrx_word' id='word_1_37' title='bbox 547 666 881 720; x_wconf 85' lang='lat' dir='ltr'>exercendis</span> <span class='ocrx_word' id='word_1_38' title='bbox 923 667 1319 721; x_wconf 67' lang='lat' dir='ltr'>ecclesiasticae</span> <span class='ocrx_word' id='word_1_39' title='bbox 1362 684 1513 721; x_wconf 62' lang='lat' dir='ltr'>curas</span> <span class='ocrx_word' id='word_1_40' title='bbox 1563 667 1812 737; x_wconf 84' lang='lat' dir='ltr'>negotiis</span> 
     </span>
    </p>
   </div>
   <div class='ocr_carea' id='block_1_7' title="bbox 122 755 1815 827">
    <p class='ocr_par' dir='ltr' id='par_1_7' title="bbox 122 755 1815 827">
     <span class='ocr_line' id='line_1_7' title="bbox 122 755 1815 827; baseline 0 -18"><span class='ocrx_word' id='word_1_41' title='bbox 122 757 348 809; x_wconf 80' lang='lat' dir='ltr'>sollicite</span> <span class='ocrx_word' id='word_1_42' title='bbox 388 755 718 816; x_wconf 82' lang='lat' dir='ltr'>exhibeant,</span> <span class='ocrx_word' id='word_1_43' title='bbox 752 755 861 824; x_wconf 88' lang='lat' dir='ltr'>ipsi</span> <span class='ocrx_word' id='word_1_44' title='bbox 891 756 1276 824; x_wconf 76' lang='lat' dir='ltr'>proculdubio</span> <span class='ocrx_word' id='word_1_45' title='bbox 1308 756 1575 810; x_wconf 88' lang='lat' dir='ltr'>monachi</span> <span class='ocrx_word' id='word_1_46' title='bbox 1602 757 1815 827; x_wconf 89' lang='lat' dir='ltr'>episco-</span> 
     </span>
    </p>
   </div>
   <div class='ocr_carea' id='block_1_8' title="bbox 122 844 1050 916">
    <p class='ocr_par' dir='ltr' id='par_1_8' title="bbox 122 844 1050 916">
     <span class='ocr_line' id='line_1_8' title="bbox 122 844 1050 916; baseline 0 -19"><span class='ocrx_word' id='word_1_47' title='bbox 122 846 199 916; x_wconf 87' lang='lat' dir='ltr'>pis</span> <span class='ocrx_word' id='word_1_48' title='bbox 222 844 337 898; x_wconf 86' lang='lat' dir='ltr'>suis</span> <span class='ocrx_word' id='word_1_49' title='bbox 366 845 425 898; x_wconf 91' lang='lat' dir='ltr'>in</span> <span class='ocrx_word' id='word_1_50' title='bbox 456 844 726 897; x_wconf 89' lang='lat' dir='ltr'>omnibus</span> <span class='ocrx_word' id='word_1_51' title='bbox 759 844 1050 897; x_wconf 89' lang='lat' dir='ltr'>obediant.</span> 
     </span>
    </p>
   </div>
   <div class='ocr_carea' id='block_1_9' title="bbox 123 932 1811 1002">
    <p class='ocr_par' dir='ltr' id='par_1_9' title="bbox 123 932 1811 1002">
     <span class='ocr_line' id='line_1_9' title="bbox 123 932 1811 1002; baseline 0 -15"><span class='ocrx_word' id='word_1_52' title='bbox 123 935 234 987; x_wconf 71' lang='lat' dir='ltr'>CAP.</span> <span class='ocrx_word' id='word_1_53' title='bbox 304 932 522 987; x_wconf 84' lang='lat' dir='ltr'>CCXLI.</span> <span class='ocrx_word' id='word_1_54' title='bbox 573 962 644 973; x_wconf 91' lang='lat'>—</span> <span class='ocrx_word' id='word_1_55' title='bbox 689 936 763 986; x_wconf 90' lang='lat' dir='ltr'>De</span> <span class='ocrx_word' id='word_1_56' title='bbox 799 934 910 985; x_wconf 81' lang='lat' dir='ltr'>illis</span> <span class='ocrx_word' id='word_1_57' title='bbox 959 935 1057 1001; x_wconf 90' lang='lat' dir='ltr'>qui</span> <span class='ocrx_word' id='word_1_58' title='bbox 1110 933 1241 987; x_wconf 84' lang='lat' dir='ltr'>dum</span> <span class='ocrx_word' id='word_1_59' title='bbox 1296 949 1407 987; x_wconf 57' lang='lat' dir='ltr'>sua</span> <span class='ocrx_word' id='word_1_60' title='bbox 1454 935 1811 1002; x_wconf 79' lang='lat' dir='ltr'>proprietatis</span> 
     </span>
    </p>
   </div>
   <div class='ocr_carea' id='block_1_10' title="bbox 184 1004 1813 1072">
    <p class='ocr_par' dir='ltr' id='par_1_10' title="bbox 184 1004 1813 1072">
     <span class='ocr_line' id='line_1_10' title="bbox 184 1004 1813 1072; baseline 0 -14"><span class='ocrx_word' id='word_1_61' title='bbox 184 1006 293 1058; x_wconf 88' lang='lat' dir='ltr'>loca</span> <span class='ocrx_word' id='word_1_62' title='bbox 346 1004 554 1057; x_wconf 78' lang='lat' dir='ltr'>alicubi</span> <span class='ocrx_word' id='word_1_63' title='bbox 628 1004 760 1056; x_wconf 83' lang='lat' dir='ltr'>dare</span> <span class='ocrx_word' id='word_1_64' title='bbox 814 1005 1120 1070; x_wconf 82' lang='lat' dir='ltr'>voluerint,</span> <span class='ocrx_word' id='word_1_65' title='bbox 1200 1005 1463 1059; x_wconf 83' lang='lat' dir='ltr'>decimam</span> <span class='ocrx_word' id='word_1_66' title='bbox 1540 1019 1813 1072; x_wconf 80' lang='lat' dir='ltr'>nusquam</span> 
     </span>
    </p>
   </div>
   <div class='ocr_carea' id='block_1_11' title="bbox 186 1076 1025 1143">
    <p class='ocr_par' dir='ltr' id='par_1_11' title="bbox 186 1076 1025 1143">
     <span class='ocr_line' id='line_1_11' title="bbox 186 1076 1025 1143; baseline -0.001 -15"><span class='ocrx_word' id='word_1_67' title='bbox 186 1076 392 1128; x_wconf 80' lang='lat' dir='ltr'>tradere</span> <span class='ocrx_word' id='word_1_68' title='bbox 417 1090 471 1129; x_wconf 91' lang='lat' dir='ltr'>se</span> <span class='ocrx_word' id='word_1_69' title='bbox 498 1090 658 1143; x_wconf 84' lang='lat' dir='ltr'>posse</span> <span class='ocrx_word' id='word_1_70' title='bbox 686 1080 1025 1141; x_wconf 86' lang='lat' dir='ltr'>cognoscant.</span> 
     </span>
    </p>
   </div>
   <div class='ocr_carea' id='block_1_12' title="bbox 186 1164 1810 1233">
    <p class='ocr_par' dir='ltr' id='par_1_12' title="bbox 186 1164 1810 1233">
     <span class='ocr_line' id='line_1_12' title="bbox 186 1164 1810 1233; baseline -0.002 -14"><span class='ocrx_word' id='word_1_71' title='bbox 186 1165 307 1233; x_wconf 74' lang='lat' dir='ltr'>(Ea:</span> <span class='ocrx_word' id='word_1_72' title='bbox 335 1164 515 1218; x_wconf 84' lang='lat' dir='ltr'>eodem</span> <span class='ocrx_word' id='word_1_73' title='bbox 549 1166 774 1218; x_wconf 85' lang='lat' dir='ltr'>concilio</span> <span class='ocrx_word' id='word_1_74' title='bbox 804 1167 893 1217; x_wconf 87' lang='lat' dir='ltr'>cui</span> <span class='ocrx_word' id='word_1_75' title='bbox 912 1166 1169 1231; x_wconf 74' lang='lat' dir='ltr'>inter/uit</span> <span class='ocrx_word' id='word_1_76' title='bbox 1201 1166 1485 1229; x_wconf 80' lang='lat' dir='ltr'>Henricus,</span> <span class='ocrx_word' id='word_1_77' title='bbox 1534 1167 1585 1216; x_wconf 82' lang='lat' dir='ltr'>et</span> <span class='ocrx_word' id='word_1_78' title='bbox 1643 1164 1810 1218; x_wconf 83' lang='lat' dir='ltr'>Caro-</span> 
     </span>
    </p>
   </div>
   <div class='ocr_carea' id='block_1_13' title="bbox 1926 579 3629 650">
    <p class='ocr_par' dir='ltr' id='par_1_13' title="bbox 1926 579 3629 650">
     <span class='ocr_line' id='line_1_13' title="bbox 1926 579 3629 650; baseline 0.002 -18"><span class='ocrx_word' id='word_1_79' title='bbox 1926 579 2229 649; x_wconf 90' lang='lat' dir='ltr'>utriusqne</span> <span class='ocrx_word' id='word_1_80' title='bbox 2261 595 2425 631; x_wconf 84' lang='lat' dir='ltr'>sexus</span> <span class='ocrx_word' id='word_1_81' title='bbox 2480 596 2728 649; x_wconf 91' lang='lat' dir='ltr'>persona</span> <span class='ocrx_word' id='word_1_82' title='bbox 2775 580 3145 650; x_wconf 76' lang='lat' dir='ltr'>proprietatis</span> <span class='ocrx_word' id='word_1_83' title='bbox 3198 598 3314 635; x_wconf 65' lang='lat' dir='ltr'>suae</span> <span class='ocrx_word' id='word_1_84' title='bbox 3367 584 3509 648; x_wconf 83' lang='lat' dir='ltr'>loca,</span> <span class='ocrx_word' id='word_1_85' title='bbox 3542 583 3629 636; x_wconf 89' lang='lat' dir='ltr'>vel</span> 
     </span>
    </p>
   </div>
   <div class='ocr_carea' id='block_1_14' title="bbox 1926 667 3629 740">
    <p class='ocr_par' dir='ltr' id='par_1_14' title="bbox 1926 667 3629 740">
     <span class='ocr_line' id='line_1_14' title="bbox 1926 667 3629 740; baseline 0.002 -20"><span class='ocrx_word' id='word_1_86' title='bbox 1926 684 2016 720; x_wconf 88' lang='lat' dir='ltr'>res</span> <span class='ocrx_word' id='word_1_87' title='bbox 2042 667 2254 721; x_wconf 88' lang='lat' dir='ltr'>alicubi</span> <span class='ocrx_word' id='word_1_88' title='bbox 2309 668 2523 721; x_wconf 90' lang='lat' dir='ltr'>donare</span> <span class='ocrx_word' id='word_1_89' title='bbox 2566 668 2934 737; x_wconf 84' lang='lat' dir='ltr'>delegaverit,</span> <span class='ocrx_word' id='word_1_90' title='bbox 2992 670 3443 724; x_wconf 87' lang='lat' dir='ltr'>decimationum</span> <span class='ocrx_word' id='word_1_91' title='bbox 3497 688 3629 740; x_wconf 89' lang='lat' dir='ltr'>pro-</span> 
     </span>
    </p>
   </div>
   <div class='ocr_carea' id='block_1_15' title="bbox 1924 756 3631 827">
    <p class='ocr_par' dir='ltr' id='par_1_15' title="bbox 1924 756 3631 827">
     <span class='ocr_line' id='line_1_15' title="bbox 1924 756 3631 827; baseline 0.004 -19"><span class='ocrx_word' id='word_1_92' title='bbox 1924 762 2158 810; x_wconf 80' lang='lat' dir='ltr'>ventum</span> <span class='ocrx_word' id='word_1_93' title='bbox 2207 756 2387 826; x_wconf 87' lang='lat' dir='ltr'>priori</span> <span class='ocrx_word' id='word_1_94' title='bbox 2448 758 2709 810; x_wconf 71' lang='lat' dir='ltr'>Ecdesiaa</span> <span class='ocrx_word' id='word_1_95' title='bbox 2789 758 3044 827; x_wconf 80' lang='lat' dir='ltr'>legitime</span> <span class='ocrx_word' id='word_1_96' title='bbox 3133 760 3425 827; x_wconf 87' lang='lat' dir='ltr'>signatum</span> <span class='ocrx_word' id='word_1_97' title='bbox 3496 761 3631 814; x_wconf 87' lang='lat' dir='ltr'>inde</span> 
     </span>
    </p>
   </div>
   <div class='ocr_carea' id='block_1_16' title="bbox 1923 845 3625 916">
    <p class='ocr_par' dir='ltr' id='par_1_16' title="bbox 1923 845 3625 916">
     <span class='ocr_line' id='line_1_16' title="bbox 1923 845 3625 916; baseline 0.002 -18"><span class='ocrx_word' id='word_1_98' title='bbox 1923 845 2255 899; x_wconf 88' lang='lat' dir='ltr'>abstrahere</span> <span class='ocrx_word' id='word_1_99' title='bbox 2338 846 2559 899; x_wconf 89' lang='lat' dir='ltr'>nullam</span> <span class='ocrx_word' id='word_1_100' title='bbox 2652 846 2862 900; x_wconf 86' lang='lat' dir='ltr'>habeat</span> <span class='ocrx_word' id='word_1_101' title='bbox 2915 853 3279 916; x_wconf 77' lang='lat' dir='ltr'>potestatem.</span> <span class='ocrx_word' id='word_1_102' title='bbox 3339 848 3505 911; x_wconf 88' lang='lat' dir='ltr'>Quod</span> <span class='ocrx_word' id='word_1_103' title='bbox 3578 849 3625 902; x_wconf 88' lang='lat' dir='ltr'>si</span> 
     </span>
    </p>
   </div>
   <div class='ocr_carea' id='block_1_17' title="bbox 1924 932 3623 1005">
    <p class='ocr_par' dir='ltr' id='par_1_17' title="bbox 1924 932 3623 1005">
     <span class='ocr_line' id='line_1_17' title="bbox 1924 932 3623 1005; baseline 0.002 -19"><span class='ocrx_word' id='word_1_104' title='bbox 1924 932 2107 986; x_wconf 86' lang='lat' dir='ltr'>facere</span> <span class='ocrx_word' id='word_1_105' title='bbox 2140 934 2462 999; x_wconf 90' lang='lat' dir='ltr'>tentaverit,</span> <span class='ocrx_word' id='word_1_106' title='bbox 2496 934 2625 989; x_wconf 89' lang='lat' dir='ltr'>talis</span> <span class='ocrx_word' id='word_1_107' title='bbox 2655 935 2886 988; x_wconf 85' lang='lat' dir='ltr'>traditio</span> <span class='ocrx_word' id='word_1_108' title='bbox 2909 936 3072 989; x_wconf 88' lang='lat' dir='ltr'>irrita</span> <span class='ocrx_word' id='word_1_109' title='bbox 3100 952 3333 1005; x_wconf 89' lang='lat' dir='ltr'>prorsus</span> <span class='ocrx_word' id='word_1_110' title='bbox 3362 937 3623 1002; x_wconf 80' lang='lat' dir='ltr'>ducatur,</span> 
     </span>
    </p>
   </div>
   <div class='ocr_carea' id='block_1_18' title="bbox 1922 1021 3627 1091">
    <p class='ocr_par' dir='ltr' id='par_1_18' title="bbox 1922 1021 3627 1091">
     <span class='ocr_line' id='line_1_18' title="bbox 1922 1021 3627 1091; baseline 0.002 -18"><span class='ocrx_word' id='word_1_111' title='bbox 1922 1025 1980 1074; x_wconf 90' lang='lat' dir='ltr'>et</span> <span class='ocrx_word' id='word_1_112' title='bbox 2035 1022 2156 1091; x_wconf 88' lang='lat' dir='ltr'>ipse</span> <span class='ocrx_word' id='word_1_113' title='bbox 2197 1021 2269 1075; x_wconf 90' lang='lat' dir='ltr'>ad</span> <span class='ocrx_word' id='word_1_114' title='bbox 2345 1023 2813 1077; x_wconf 86' lang='lat' dir='ltr'>emendationem</span> <span class='ocrx_word' id='word_1_115' title='bbox 2868 1024 3248 1079; x_wconf 89' lang='lat' dir='ltr'>ecclesiastica</span> <span class='ocrx_word' id='word_1_116' title='bbox 3294 1029 3627 1079; x_wconf 87' lang='lat' dir='ltr'>coerceatur</span> 
     </span>
    </p>
   </div>
   <div class='ocr_carea' id='block_1_19' title="bbox 1923 1125 2182 1163">
    <p class='ocr_par' dir='ltr' id='par_1_19' title="bbox 1923 1125 2182 1163">
     <span class='ocr_line' id='line_1_19' title="bbox 1923 1125 2182 1163; baseline 0 0"><span class='ocrx_word' id='word_1_117' title='bbox 1923 1125 2182 1163; x_wconf 89' lang='lat' dir='ltr'>censura.</span> 
     </span>
    </p>
   </div>
   <div class='ocr_carea' id='block_1_20' title="bbox 1522 1266 2207 1307">
    <p class='ocr_par' dir='ltr' id='par_1_20' title="bbox 1522 1266 2207 1307">
     <span class='ocr_line' id='line_1_20' title="bbox 1522 1266 2207 1307; baseline 0 -3"><span class='ocrx_word' id='word_1_118' title='bbox 1522 1266 1696 1305; x_wconf 81' lang='lat' dir='ltr'><strong>FINIS</strong></span> <span class='ocrx_word' id='word_1_119' title='bbox 1742 1267 1919 1307; x_wconf 81' lang='lat' dir='ltr'><strong>LIBRI</strong></span> <span class='ocrx_word' id='word_1_120' title='bbox 1960 1266 2207 1307; x_wconf 81' lang='lat' dir='ltr'><strong>TERTII.</strong></span> 
     </span>
    </p>
   </div>
   <div class='ocr_carea' id='block_1_21' title="bbox 961 1474 2760 1560">
    <p class='ocr_par' dir='ltr' id='par_1_21' title="bbox 961 1474 2760 1560">
     <span class='ocr_line' id='line_1_21' title="bbox 961 1474 2760 1560; baseline 0.001 -13"><span class='ocrx_word' id='word_1_121' title='bbox 961 1475 1259 1547; x_wconf 87' lang='lat' dir='ltr'><strong>INDEX</strong></span> <span class='ocrx_word' id='word_1_122' title='bbox 1315 1474 2003 1547; x_wconf 86' lang='lat' dir='ltr'>CAPITULORUM</span> <span class='ocrx_word' id='word_1_123' title='bbox 2058 1475 2312 1547; x_wconf 84' lang='lat' dir='ltr'><strong>LIBRI</strong></span> <span class='ocrx_word' id='word_1_124' title='bbox 2376 1474 2760 1560; x_wconf 84' lang='lat' dir='ltr'>QUARTI.</span> 
     </span>
    </p>
   </div>
   <div class='ocr_carea' id='block_1_22' title="bbox 125 1627 809 1699">
    <p class='ocr_par' dir='ltr' id='par_1_22' title="bbox 125 1627 809 1699">
     <span class='ocr_line' id='line_1_22' title="bbox 125 1627 809 1699; baseline -0.001 -17"><span class='ocrx_word' id='word_1_125' title='bbox 125 1629 162 1683; x_wconf 91' lang='grc' dir='ltr'><strong>Ι.</strong></span> <span class='ocrx_word' id='word_1_126' title='bbox 191 1629 329 1693; x_wconf 90' lang='lat' dir='ltr'>Quid</span> <span class='ocrx_word' id='word_1_127' title='bbox 362 1628 437 1682; x_wconf 89' lang='lat' dir='ltr'>sit</span> <span class='ocrx_word' id='word_1_128' title='bbox 466 1627 809 1699; x_wconf 86' lang='lat' dir='ltr'>baptismus.</span> 
     </span>
    </p>
   </div>
   <div class='ocr_carea' id='block_1_23' title="bbox 123 1716 1810 1788">
    <p class='ocr_par' dir='ltr' id='par_1_23' title="bbox 123 1716 1810 1788">
     <span class='ocr_line' id='line_1_23' title="bbox 123 1716 1810 1788; baseline -0.002 -15"><span class='ocrx_word' id='word_1_129' title='bbox 123 1718 187 1773; x_wconf 92' lang='lat' dir='ltr'>II.</span> <span class='ocrx_word' id='word_1_130' title='bbox 246 1719 313 1772; x_wconf 91' lang='lat' dir='ltr'>Ut</span> <span class='ocrx_word' id='word_1_131' title='bbox 365 1724 580 1788; x_wconf 64' lang='lat' dir='ltr'>praeter</span> <span class='ocrx_word' id='word_1_132' title='bbox 620 1718 833 1771; x_wconf 88' lang='lat' dir='ltr'>Pascha</span> <span class='ocrx_word' id='word_1_133' title='bbox 900 1722 955 1771; x_wconf 91' lang='lat' dir='ltr'>et</span> <span class='ocrx_word' id='word_1_134' title='bbox 1012 1719 1389 1771; x_wconf 88' lang='lat' dir='ltr'>Pentecosten</span> <span class='ocrx_word' id='word_1_135' title='bbox 1454 1716 1565 1771; x_wconf 90' lang='lat' dir='ltr'>nisi</span> <span class='ocrx_word' id='word_1_136' title='bbox 1628 1720 1810 1770; x_wconf 90' lang='lat' dir='ltr'>morte</span> 
     </span>
    </p>
   </div>
   <div class='ocr_carea' id='block_1_24' title="bbox 50 1806 1301 1883">
    <p class='ocr_par' dir='ltr' id='par_1_24' title="bbox 50 1806 1301 1883">
     <span class='ocr_line' id='line_1_24' title="bbox 50 1806 1301 1883; baseline 0.001 -24"><span class='ocrx_word' id='word_1_137' title='bbox 50 1880 53 1883; x_wconf 12' lang='grc' dir='ltr'>δ</span> <span class='ocrx_word' id='word_1_138' title='bbox 181 1806 656 1878; x_wconf 86' lang='lat' dir='ltr'>periclitantibus,</span> <span class='ocrx_word' id='word_1_139' title='bbox 684 1806 1003 1877; x_wconf 89' lang='lat' dir='ltr'>baptismus</span> <span class='ocrx_word' id='word_1_140' title='bbox 1033 1822 1149 1860; x_wconf 91' lang='lat' dir='ltr'>non</span> <span class='ocrx_word' id='word_1_141' title='bbox 1180 1806 1301 1861; x_wconf 90' lang='lat' dir='ltr'>ﬁat.</span> 
     </span>
    </p>
   </div>
   <div class='ocr_carea' id='block_1_25' title="bbox 42 1894 1810 1965">
    <p class='ocr_par' dir='ltr' id='par_1_25' title="bbox 42 1894 1810 1965">
     <span class='ocr_line' id='line_1_25' title="bbox 42 1894 1810 1965; baseline -0.001 -14"><span class='ocrx_word' id='word_1_142' title='bbox 42 1897 57 1925; x_wconf 64' lang='grc'>⁵</span> <span class='ocrx_word' id='word_1_143' title='bbox 120 1896 208 1951; x_wconf 85' lang='grc' dir='ltr'>ΙΙΙ.</span> <span class='ocrx_word' id='word_1_144' title='bbox 276 1896 402 1961; x_wconf 88' lang='lat' dir='ltr'>Quo</span> <span class='ocrx_word' id='word_1_145' title='bbox 450 1903 715 1965; x_wconf 90' lang='lat' dir='ltr'>tempore</span> <span class='ocrx_word' id='word_1_146' title='bbox 774 1895 1063 1965; x_wconf 85' lang='lat' dir='ltr'>baptisma</span> <span class='ocrx_word' id='word_1_147' title='bbox 1131 1895 1541 1949; x_wconf 88' lang='lat' dir='ltr'>celebrandum</span> <span class='ocrx_word' id='word_1_148' title='bbox 1593 1894 1685 1954; x_wconf 89' lang='lat' dir='ltr'>sit,</span> <span class='ocrx_word' id='word_1_149' title='bbox 1747 1898 1810 1949; x_wconf 91' lang='lat' dir='ltr'>ut</span> 
     </span>
    </p>
   </div>
   <div class='ocr_carea' id='block_1_26' title="bbox 183 1982 1806 2056">
    <p class='ocr_par' dir='ltr' id='par_1_26' title="bbox 183 1982 1806 2056">
     <span class='ocr_line' id='line_1_26' title="bbox 183 1982 1806 2056; baseline -0.001 -18"><span class='ocrx_word' id='word_1_150' title='bbox 183 1986 279 2055; x_wconf 89' lang='lat' dir='ltr'>qui</span> <span class='ocrx_word' id='word_1_151' title='bbox 340 1985 710 2056; x_wconf 86' lang='lat' dir='ltr'>baptizantur</span> <span class='ocrx_word' id='word_1_152' title='bbox 766 2000 882 2037; x_wconf 91' lang='lat' dir='ltr'>non</span> <span class='ocrx_word' id='word_1_153' title='bbox 950 1983 1232 2049; x_wconf 90' lang='lat' dir='ltr'>inﬁdeles,</span> <span class='ocrx_word' id='word_1_154' title='bbox 1292 1983 1391 2037; x_wconf 90' lang='lat' dir='ltr'>sed</span> <span class='ocrx_word' id='word_1_155' title='bbox 1468 1982 1666 2037; x_wconf 87' lang='lat' dir='ltr'>ﬁdeles</span> <span class='ocrx_word' id='word_1_156' title='bbox 1716 1982 1806 2037; x_wconf 90' lang='lat' dir='ltr'>in-</span> 
     </span>
    </p>
   </div>
   <div class='ocr_carea' id='block_1_27' title="bbox 177 2073 500 2127">
    <p class='ocr_par' dir='ltr' id='par_1_27' title="bbox 177 2073 500 2127">
     <span class='ocr_line' id='line_1_27' title="bbox 177 2073 500 2127; baseline 0.006 -2"><span class='ocrx_word' id='word_1_157' title='bbox 177 2073 500 2127; x_wconf 88' lang='lat' dir='ltr'>veniantur.</span> 
     </span>
    </p>
   </div>
   <div class='ocr_carea' id='block_1_28' title="bbox 122 2159 1348 2231">
    <p class='ocr_par' dir='ltr' id='par_1_28' title="bbox 122 2159 1348 2231">
     <span class='ocr_line' id='line_1_28' title="bbox 122 2159 1348 2231; baseline -0.003 -15"><span class='ocrx_word' id='word_1_158' title='bbox 122 2163 197 2216; x_wconf 94' lang='lat' dir='ltr'>IV.</span> <span class='ocrx_word' id='word_1_159' title='bbox 228 2164 303 2218; x_wconf 89' lang='lat' dir='ltr'>De</span> <span class='ocrx_word' id='word_1_160' title='bbox 334 2162 565 2216; x_wconf 89' lang='lat' dir='ltr'>duobus</span> <span class='ocrx_word' id='word_1_161' title='bbox 584 2160 943 2231; x_wconf 85' lang='lat' dir='ltr'>temporibus</span> <span class='ocrx_word' id='word_1_162' title='bbox 970 2159 1348 2231; x_wconf 87' lang='lat' dir='ltr'>baptismatis.</span> 
     </span>
    </p>
   </div>
   <div class='ocr_carea' id='block_1_29' title="bbox 121 2247 1552 2320">
    <p class='ocr_par' dir='ltr' id='par_1_29' title="bbox 121 2247 1552 2320">
     <span class='ocr_line' id='line_1_29' title="bbox 121 2247 1552 2320; baseline 0.003 -21"><span class='ocrx_word' id='word_1_163' title='bbox 121 2250 171 2301; x_wconf 93' lang='lat' dir='ltr'><strong>V.</strong></span> <span class='ocrx_word' id='word_1_164' title='bbox 202 2250 341 2304; x_wconf 87' lang='lat' dir='ltr'>Item</span> <span class='ocrx_word' id='word_1_165' title='bbox 374 2266 494 2320; x_wconf 93' lang='lat' dir='ltr'>quo</span> <span class='ocrx_word' id='word_1_166' title='bbox 526 2253 787 2319; x_wconf 88' lang='lat' dir='ltr'>tempore</span> <span class='ocrx_word' id='word_1_167' title='bbox 819 2248 1141 2319; x_wconf 90' lang='lat' dir='ltr'>baptismus</span> <span class='ocrx_word' id='word_1_168' title='bbox 1170 2247 1299 2302; x_wconf 88' lang='lat' dir='ltr'>ﬁeri</span> <span class='ocrx_word' id='word_1_169' title='bbox 1330 2247 1552 2303; x_wconf 84' lang='lat' dir='ltr'>debeat.</span> 
     </span>
    </p>
   </div>
   <div class='ocr_carea' id='block_1_30' title="bbox 122 2338 667 2393">
    <p class='ocr_par' dir='ltr' id='par_1_30' title="bbox 122 2338 667 2393">
     <span class='ocr_line' id='line_1_30' title="bbox 122 2338 667 2393; baseline 0.007 -6"><span class='ocrx_word' id='word_1_170' title='bbox 122 2338 202 2393; x_wconf 90' lang='lat' dir='ltr'>VI.</span> <span class='ocrx_word' id='word_1_171' title='bbox 240 2340 314 2392; x_wconf 90' lang='lat' dir='ltr'>De</span> <span class='ocrx_word' id='word_1_172' title='bbox 347 2339 555 2392; x_wconf 75' lang='lat' dir='ltr'>eadem</span> <span class='ocrx_word' id='word_1_173' title='bbox 587 2354 667 2391; x_wconf 92' lang='lat' dir='ltr'>re.</span> 
     </span>
    </p>
   </div>
   <div class='ocr_carea' id='block_1_31' title="bbox 124 2426 689 2481">
    <p class='ocr_par' dir='ltr' id='par_1_31' title="bbox 124 2426 689 2481">
     <span class='ocr_line' id='line_1_31' title="bbox 124 2426 689 2481; baseline 0.005 -3"><span class='ocrx_word' id='word_1_174' title='bbox 124 2427 225 2481; x_wconf 86' lang='lat' dir='ltr'><strong>VII.</strong></span> <span class='ocrx_word' id='word_1_175' title='bbox 254 2428 332 2481; x_wconf 87' lang='lat' dir='ltr'>De</span> <span class='ocrx_word' id='word_1_176' title='bbox 365 2426 573 2481; x_wconf 88' lang='lat' dir='ltr'>eadem</span> <span class='ocrx_word' id='word_1_177' title='bbox 606 2442 689 2481; x_wconf 90' lang='lat' dir='ltr'>re.</span> 
     </span>
    </p>
   </div>
   <div class='ocr_carea' id='block_1_32' title="bbox 50 2496 1806 2585">
    <p class='ocr_par' dir='ltr' id='par_1_32' title="bbox 50 2496 1806 2585">
     <span class='ocr_line' id='line_1_32' title="bbox 50 2496 1806 2585; baseline -0.003 -14"><span class='ocrx_word' id='word_1_178' title='bbox 50 2496 61 2511; x_wconf 54' lang='grc'><strong><em>⁸</em></strong></span> <span class='ocrx_word' id='word_1_179' title='bbox 130 2516 245 2571; x_wconf 86' lang='lat' dir='ltr'><strong>VIII.</strong></span> <span class='ocrx_word' id='word_1_180' title='bbox 282 2517 352 2571; x_wconf 89' lang='lat' dir='ltr'>Ut</span> <span class='ocrx_word' id='word_1_181' title='bbox 391 2515 601 2585; x_wconf 79' lang='lat' dir='ltr'>viginti</span> <span class='ocrx_word' id='word_1_182' title='bbox 655 2514 777 2569; x_wconf 89' lang='lat' dir='ltr'>dies</span> <span class='ocrx_word' id='word_1_183' title='bbox 817 2518 953 2568; x_wconf 89' lang='lat' dir='ltr'>ante</span> <span class='ocrx_word' id='word_1_184' title='bbox 995 2513 1346 2584; x_wconf 87' lang='lat' dir='ltr'>baptismum</span> <span class='ocrx_word' id='word_1_185' title='bbox 1393 2514 1465 2568; x_wconf 93' lang='lat' dir='ltr'>ad</span> <span class='ocrx_word' id='word_1_186' title='bbox 1511 2513 1806 2585; x_wconf 86' lang='lat' dir='ltr'>purgatio-</span> 
     </span>
    </p>
   </div>
   <div class='ocr_carea' id='block_1_33' title="bbox 180 2602 1368 2659">
    <p class='ocr_par' dir='ltr' id='par_1_33' title="bbox 180 2602 1368 2659">
     <span class='ocr_line' id='line_1_33' title="bbox 180 2602 1368 2659; baseline -0.003 -1"><span class='ocrx_word' id='word_1_187' title='bbox 180 2621 305 2658; x_wconf 90' lang='lat' dir='ltr'>nem</span> <span class='ocrx_word' id='word_1_188' title='bbox 343 2603 655 2659; x_wconf 85' lang='lat' dir='ltr'>exorcismi</span> <span class='ocrx_word' id='word_1_189' title='bbox 686 2602 1087 2657; x_wconf 85' lang='lat' dir='ltr'>catechumeni</span> <span class='ocrx_word' id='word_1_190' title='bbox 1114 2603 1368 2656; x_wconf 87' lang='lat' dir='ltr'>veniant.</span> 
     </span>
    </p>
   </div>
   <div class='ocr_carea' id='block_1_34' title="bbox 130 2689 1811 2761">
    <p class='ocr_par' dir='ltr' id='par_1_34' title="bbox 130 2689 1811 2761">
     <span class='ocr_line' id='line_1_34' title="bbox 130 2689 1811 2761; baseline -0.002 -14"><span class='ocrx_word' id='word_1_191' title='bbox 130 2693 195 2747; x_wconf 86' lang='lat' dir='ltr'>IX.</span> <span class='ocrx_word' id='word_1_192' title='bbox 241 2694 402 2758; x_wconf 86' lang='lat' dir='ltr'>Quod</span> <span class='ocrx_word' id='word_1_193' title='bbox 452 2709 657 2747; x_wconf 90' lang='lat' dir='ltr'>omnes</span> <span class='ocrx_word' id='word_1_194' title='bbox 715 2692 787 2745; x_wconf 88' lang='lat' dir='ltr'>ad</span> <span class='ocrx_word' id='word_1_195' title='bbox 845 2692 1195 2761; x_wconf 85' lang='lat' dir='ltr'>baptismum</span> <span class='ocrx_word' id='word_1_196' title='bbox 1262 2691 1559 2745; x_wconf 88' lang='lat' dir='ltr'>venientes</span> <span class='ocrx_word' id='word_1_197' title='bbox 1607 2689 1811 2761; x_wconf 88' lang='lat' dir='ltr'>quinta</span> 
     </span>
    </p>
   </div>
   <div class='ocr_carea' id='block_1_35' title="bbox 181 2779 1809 2852">
    <p class='ocr_par' dir='ltr' id='par_1_35' title="bbox 181 2779 1809 2852">
     <span class='ocr_line' id='line_1_35' title="bbox 181 2779 1809 2852; baseline -0.002 -17"><span class='ocrx_word' id='word_1_198' title='bbox 181 2782 311 2836; x_wconf 85' lang='lat' dir='ltr'>feria</span> <span class='ocrx_word' id='word_1_199' title='bbox 369 2781 611 2852; x_wconf 88' lang='lat' dir='ltr'>majoris</span> <span class='ocrx_word' id='word_1_200' title='bbox 686 2781 1063 2835; x_wconf 62' lang='lat' dir='ltr'>hebdomade:</span> <span class='ocrx_word' id='word_1_201' title='bbox 1138 2779 1316 2835; x_wconf 87' lang='lat' dir='ltr'>ﬁdem</span> <span class='ocrx_word' id='word_1_202' title='bbox 1382 2780 1653 2850; x_wconf 89' lang='lat' dir='ltr'>episcopo</span> <span class='ocrx_word' id='word_1_203' title='bbox 1721 2779 1809 2832; x_wconf 90' lang='lat' dir='ltr'>vel</span> 
     </span>
    </p>
   </div>
   <div class='ocr_carea' id='block_1_36' title="bbox 182 2870 1076 2941">
    <p class='ocr_par' dir='ltr' id='par_1_36' title="bbox 182 2870 1076 2941">
     <span class='ocr_line' id='line_1_36' title="bbox 182 2870 1076 2941; baseline -0.001 -17"><span class='ocrx_word' id='word_1_204' title='bbox 182 2871 513 2941; x_wconf 89' lang='lat' dir='ltr'>presbytero</span> <span class='ocrx_word' id='word_1_205' title='bbox 544 2870 782 2924; x_wconf 90' lang='lat' dir='ltr'>reddere</span> <span class='ocrx_word' id='word_1_206' title='bbox 812 2870 1076 2923; x_wconf 88' lang='lat' dir='ltr'>debeant.</span> 
     </span>
    </p>
   </div>
   <div class='ocr_carea' id='block_1_37' title="bbox 124 2955 1592 3027">
    <p class='ocr_par' dir='ltr' id='par_1_37' title="bbox 124 2955 1592 3027">
     <span class='ocr_line' id='line_1_37' title="bbox 124 2955 1592 3027; baseline -0.001 -16"><span class='ocrx_word' id='word_1_207' title='bbox 124 2959 171 3011; x_wconf 88' lang='lat' dir='ltr'>X.</span> <span class='ocrx_word' id='word_1_208' title='bbox 202 2960 264 3013; x_wconf 90' lang='lat' dir='ltr'>Ut</span> <span class='ocrx_word' id='word_1_209' title='bbox 286 2975 495 3012; x_wconf 90' lang='lat' dir='ltr'>omnes</span> <span class='ocrx_word' id='word_1_210' title='bbox 517 2958 845 3027; x_wconf 88' lang='lat' dir='ltr'>baptizandi</span> <span class='ocrx_word' id='word_1_211' title='bbox 877 2958 1037 3027; x_wconf 91' lang='lat' dir='ltr'>prius</span> <span class='ocrx_word' id='word_1_212' title='bbox 1068 2956 1184 3011; x_wconf 90' lang='lat' dir='ltr'>sint</span> <span class='ocrx_word' id='word_1_213' title='bbox 1213 2955 1592 3010; x_wconf 83' lang='lat' dir='ltr'>exorcizandi.</span> 
     </span>
    </p>
   </div>
   <div class='ocr_carea' id='block_1_38' title="bbox 44 3044 1808 3119">
    <p class='ocr_par' dir='ltr' id='par_1_38' title="bbox 44 3044 1808 3119">
     <span class='ocr_line' id='line_1_38' title="bbox 44 3044 1808 3119; baseline -0.001 -20"><span class='ocrx_word' id='word_1_214' title='bbox 44 3072 63 3119; x_wconf 56' lang='grc' dir='ltr'>η,</span> <span class='ocrx_word' id='word_1_215' title='bbox 123 3046 193 3101; x_wconf 87' lang='lat' dir='ltr'><strong>XI.</strong></span> <span class='ocrx_word' id='word_1_216' title='bbox 250 3047 315 3102; x_wconf 87' lang='lat' dir='ltr'>Ut</span> <span class='ocrx_word' id='word_1_217' title='bbox 366 3045 706 3117; x_wconf 89' lang='lat' dir='ltr'>baptizandi</span> <span class='ocrx_word' id='word_1_218' title='bbox 763 3046 1000 3100; x_wconf 89' lang='lat' dir='ltr'>nomine</span> <span class='ocrx_word' id='word_1_219' title='bbox 1056 3046 1192 3100; x_wconf 89' lang='lat' dir='ltr'>dato</span> <span class='ocrx_word' id='word_1_220' title='bbox 1249 3062 1284 3098; x_wconf 91' lang='lat' dir='ltr'>a</span> <span class='ocrx_word' id='word_1_221' title='bbox 1339 3061 1508 3098; x_wconf 91' lang='lat' dir='ltr'>carne</span> <span class='ocrx_word' id='word_1_222' title='bbox 1565 3048 1621 3098; x_wconf 89' lang='lat' dir='ltr'>et</span> <span class='ocrx_word' id='word_1_223' title='bbox 1674 3044 1808 3098; x_wconf 89' lang='lat' dir='ltr'>vino</span> 
     </span>
    </p>
   </div>
   <div class='ocr_carea' id='block_1_39' title="bbox 182 3136 620 3189">
    <p class='ocr_par' dir='ltr' id='par_1_39' title="bbox 182 3136 620 3189">
     <span class='ocr_line' id='line_1_39' title="bbox 182 3136 620 3189; baseline -0.002 -1"><span class='ocrx_word' id='word_1_224' title='bbox 182 3151 237 3189; x_wconf 89' lang='lat' dir='ltr'>se</span> <span class='ocrx_word' id='word_1_225' title='bbox 265 3136 620 3189; x_wconf 89' lang='lat' dir='ltr'>abstineant.</span> 
     </span>
    </p>
   </div>
   <div class='ocr_carea' id='block_1_40' title="bbox 44 3218 1811 3294">
    <p class='ocr_par' dir='ltr' id='par_1_40' title="bbox 44 3218 1811 3294">
     <span class='ocr_line' id='line_1_40' title="bbox 44 3218 1811 3294; baseline -0.002 -17"><span class='ocrx_word' id='word_1_226' title='bbox 44 3218 47 3237; x_wconf 59' lang='grc'><em>⁵</em></span> <span class='ocrx_word' id='word_1_227' title='bbox 124 3224 221 3279; x_wconf 94' lang='lat' dir='ltr'><strong>XII.</strong></span> <span class='ocrx_word' id='word_1_228' title='bbox 278 3225 444 3289; x_wconf 92' lang='lat' dir='ltr'>Quod</span> <span class='ocrx_word' id='word_1_229' title='bbox 524 3222 803 3294; x_wconf 86' lang='lat' dir='ltr'>neophyti</span> <span class='ocrx_word' id='word_1_230' title='bbox 872 3239 906 3276; x_wconf 88' lang='lat' dir='ltr'>a</span> <span class='ocrx_word' id='word_1_231' title='bbox 974 3221 1318 3276; x_wconf 87' lang='lat' dir='ltr'>lautioribus</span> <span class='ocrx_word' id='word_1_232' title='bbox 1378 3221 1518 3275; x_wconf 90' lang='lat' dir='ltr'>cibis</span> <span class='ocrx_word' id='word_1_233' title='bbox 1574 3220 1811 3292; x_wconf 87' lang='lat' dir='ltr'>aliquod</span> 
     </span>
    </p>
   </div>
   <div class='ocr_carea' id='block_1_41' title="bbox 185 3309 1628 3383">
    <p class='ocr_par' dir='ltr' id='par_1_41' title="bbox 185 3309 1628 3383">
     <span class='ocr_line' id='line_1_41' title="bbox 185 3309 1628 3383; baseline -0.001 -19"><span class='ocrx_word' id='word_1_234' title='bbox 185 3317 405 3383; x_wconf 89' lang='lat' dir='ltr'>tempus</span> <span class='ocrx_word' id='word_1_235' title='bbox 436 3317 495 3366; x_wconf 88' lang='lat' dir='ltr'>et</span> <span class='ocrx_word' id='word_1_236' title='bbox 524 3329 555 3365; x_wconf 88' lang='lat' dir='ltr'>a</span> <span class='ocrx_word' id='word_1_237' title='bbox 585 3310 926 3381; x_wconf 90' lang='lat' dir='ltr'>conjugibus</span> <span class='ocrx_word' id='word_1_238' title='bbox 956 3327 1015 3364; x_wconf 88' lang='lat' dir='ltr'>se</span> <span class='ocrx_word' id='word_1_239' title='bbox 1046 3310 1333 3364; x_wconf 88' lang='lat' dir='ltr'>abstinere</span> <span class='ocrx_word' id='word_1_240' title='bbox 1364 3309 1628 3363; x_wconf 86' lang='lat' dir='ltr'>debeant.</span> 
     </span>
    </p>
   </div>
   <div class='ocr_carea' id='block_1_42' title="bbox 127 3398 1665 3472">
    <p class='ocr_par' dir='ltr' id='par_1_42' title="bbox 127 3398 1665 3472">
     <span class='ocr_line' id='line_1_42' title="bbox 127 3398 1665 3472; baseline -0.003 -17"><span class='ocrx_word' id='word_1_241' title='bbox 127 3402 247 3458; x_wconf 90' lang='lat' dir='ltr'><strong>XIII.</strong></span> <span class='ocrx_word' id='word_1_242' title='bbox 285 3404 354 3458; x_wconf 92' lang='lat' dir='ltr'>Ut</span> <span class='ocrx_word' id='word_1_243' title='bbox 383 3402 576 3456; x_wconf 91' lang='lat' dir='ltr'>omnis</span> <span class='ocrx_word' id='word_1_244' title='bbox 608 3402 907 3472; x_wconf 88' lang='lat' dir='ltr'>presbyter</span> <span class='ocrx_word' id='word_1_245' title='bbox 935 3417 1033 3454; x_wconf 90' lang='lat' dir='ltr'>vas</span> <span class='ocrx_word' id='word_1_246' title='bbox 1064 3399 1401 3469; x_wconf 88' lang='lat' dir='ltr'>baptismale</span> <span class='ocrx_word' id='word_1_247' title='bbox 1441 3398 1665 3453; x_wconf 89' lang='lat' dir='ltr'>habeat.</span> 
     </span>
    </p>
   </div>
   <div class='ocr_carea' id='block_1_43' title="bbox 130 3487 1810 3560">
    <p class='ocr_par' dir='ltr' id='par_1_43' title="bbox 130 3487 1810 3560">
     <span class='ocr_line' id='line_1_43' title="bbox 130 3487 1810 3560; baseline -0.002 -17"><span class='ocrx_word' id='word_1_248' title='bbox 130 3490 238 3543; x_wconf 87' lang='lat' dir='ltr'><strong>XIV.</strong></span> <span class='ocrx_word' id='word_1_249' title='bbox 278 3492 347 3545; x_wconf 92' lang='lat' dir='ltr'>Ut</span> <span class='ocrx_word' id='word_1_250' title='bbox 395 3492 597 3545; x_wconf 89' lang='lat' dir='ltr'>nullus</span> <span class='ocrx_word' id='word_1_251' title='bbox 645 3490 951 3560; x_wconf 87' lang='lat' dir='ltr'>paesbyter</span> <span class='ocrx_word' id='word_1_252' title='bbox 989 3488 1100 3542; x_wconf 92' lang='lat' dir='ltr'>nisi</span> <span class='ocrx_word' id='word_1_253' title='bbox 1134 3488 1193 3542; x_wconf 92' lang='lat' dir='ltr'>in</span> <span class='ocrx_word' id='word_1_254' title='bbox 1243 3488 1567 3541; x_wconf 80' lang='lat' dir='ltr'>civitatibus</span> <span class='ocrx_word' id='word_1_255' title='bbox 1623 3487 1810 3557; x_wconf 88' lang='lat' dir='ltr'>bapti-</span> 
     </span>
    </p>
   </div>
   <div class='ocr_carea' id='block_1_44' title="bbox 190 3576 1522 3651">
    <p class='ocr_par' dir='ltr' id='par_1_44' title="bbox 190 3576 1522 3651">
     <span class='ocr_line' id='line_1_44' title="bbox 190 3576 1522 3651; baseline -0.002 -20"><span class='ocrx_word' id='word_1_256' title='bbox 190 3596 306 3633; x_wconf 90' lang='lat' dir='ltr'>zare</span> <span class='ocrx_word' id='word_1_257' title='bbox 326 3584 667 3651; x_wconf 80' lang='lat' dir='ltr'>praesumat,</span> <span class='ocrx_word' id='word_1_258' title='bbox 696 3582 928 3648; x_wconf 82' lang='lat' dir='ltr'>excepta</span> <span class='ocrx_word' id='word_1_259' title='bbox 948 3593 1119 3631; x_wconf 89' lang='lat' dir='ltr'>causa</span> <span class='ocrx_word' id='word_1_260' title='bbox 1148 3576 1522 3629; x_wconf 87' lang='lat' dir='ltr'>inﬁrmitatis.</span> 
     </span>
    </p>
   </div>
   <div class='ocr_carea' id='block_1_45' title="bbox 132 3663 1811 3737">
    <p class='ocr_par' dir='ltr' id='par_1_45' title="bbox 132 3663 1811 3737">
     <span class='ocr_line' id='line_1_45' title="bbox 132 3663 1811 3737; baseline -0.002 -18"><span class='ocrx_word' id='word_1_261' title='bbox 132 3666 217 3719; x_wconf 87' lang='lat' dir='ltr'>XV.</span> <span class='ocrx_word' id='word_1_262' title='bbox 249 3668 510 3733; x_wconf 88' lang='lat' dir='ltr'>Qualiter</span> <span class='ocrx_word' id='word_1_263' title='bbox 557 3668 610 3720; x_wconf 90' lang='lat' dir='ltr'>ei</span> <span class='ocrx_word' id='word_1_264' title='bbox 660 3666 758 3737; x_wconf 90' lang='lat' dir='ltr'>qui</span> <span class='ocrx_word' id='word_1_265' title='bbox 807 3666 994 3721; x_wconf 90' lang='lat' dir='ltr'>ﬁdelis</span> <span class='ocrx_word' id='word_1_266' title='bbox 1025 3666 1268 3721; x_wconf 85' lang='lat' dir='ltr'>existere</span> <span class='ocrx_word' id='word_1_267' title='bbox 1311 3664 1576 3732; x_wconf 90' lang='lat' dir='ltr'>voluerit,</span> <span class='ocrx_word' id='word_1_268' title='bbox 1625 3663 1811 3734; x_wconf 88' lang='lat' dir='ltr'>bapti-</span> 
     </span>
    </p>
   </div>
   <div class='ocr_carea' id='block_1_46' title="bbox 191 3754 899 3811">
    <p class='ocr_par' dir='ltr' id='par_1_46' title="bbox 191 3754 899 3811">
     <span class='ocr_line' id='line_1_46' title="bbox 191 3754 899 3811; baseline 0.001 -4"><span class='ocrx_word' id='word_1_269' title='bbox 191 3772 368 3811; x_wconf 89' lang='lat' dir='ltr'>smum</span> <span class='ocrx_word' id='word_1_270' title='bbox 400 3755 478 3810; x_wconf 90' lang='lat' dir='ltr'>sit</span> <span class='ocrx_word' id='word_1_271' title='bbox 502 3754 899 3809; x_wconf 89' lang='lat' dir='ltr'>tribuendum.</span> 
     </span>
    </p>
   </div>
   <div class='ocr_carea' id='block_1_47' title="bbox 38 3839 1812 3914">
    <p class='ocr_par' dir='ltr' id='par_1_47' title="bbox 38 3839 1812 3914">
     <span class='ocr_line' id='line_1_47' title="bbox 38 3839 1812 3914; baseline -0.001 -19"><span class='ocrx_word' id='word_1_272' title='bbox 38 3844 53 3865; x_wconf 83' lang='lat'><strong>‘</strong></span> <span class='ocrx_word' id='word_1_273' title='bbox 132 3843 240 3898; x_wconf 89' lang='lat' dir='ltr'><strong>XVI.</strong></span> <span class='ocrx_word' id='word_1_274' title='bbox 274 3846 349 3899; x_wconf 89' lang='lat' dir='ltr'>De</span> <span class='ocrx_word' id='word_1_275' title='bbox 397 3843 755 3914; x_wconf 79' lang='lat' dir='ltr'>martyribus</span> <span class='ocrx_word' id='word_1_276' title='bbox 804 3843 906 3914; x_wconf 89' lang='lat' dir='ltr'>qui</span> <span class='ocrx_word' id='word_1_277' title='bbox 958 3841 1081 3896; x_wconf 90' lang='lat' dir='ltr'>sine</span> <span class='ocrx_word' id='word_1_278' title='bbox 1138 3840 1424 3911; x_wconf 82' lang='lat' dir='ltr'>baptismo</span> <span class='ocrx_word' id='word_1_279' title='bbox 1472 3839 1812 3911; x_wconf 78' lang='lat' dir='ltr'>martyrium</span> 
     </span>
    </p>
   </div>
   <div class='ocr_carea' id='block_1_48' title="bbox 193 3935 579 4002">
    <p class='ocr_par' dir='ltr' id='par_1_48' title="bbox 193 3935 579 4002">
     <span class='ocr_line' id='line_1_48' title="bbox 193 3935 579 4002; baseline 0 -19"><span class='ocrx_word' id='word_1_280' title='bbox 193 3935 579 4002; x_wconf 88' lang='lat' dir='ltr'>susceperunt.</span> 
     </span>
    </p>
   </div>
   <div class='ocr_carea' id='block_1_49' title="bbox 136 4015 1814 4085">
    <p class='ocr_par' dir='ltr' id='par_1_49' title="bbox 136 4015 1814 4085">
     <span class='ocr_line' id='line_1_49' title="bbox 136 4015 1814 4085; baseline 0 -17"><span class='ocrx_word' id='word_1_281' title='bbox 136 4017 268 4074; x_wconf 84' lang='lat' dir='ltr'><strong>XVII.</strong></span> <span class='ocrx_word' id='word_1_282' title='bbox 315 4021 481 4085; x_wconf 90' lang='lat' dir='ltr'>Quod</span> <span class='ocrx_word' id='word_1_283' title='bbox 526 4018 952 4073; x_wconf 89' lang='lat' dir='ltr'>catechumenis</span> <span class='ocrx_word' id='word_1_284' title='bbox 1008 4020 1425 4071; x_wconf 88' lang='lat' dir='ltr'>sacramentum</span> <span class='ocrx_word' id='word_1_285' title='bbox 1490 4016 1553 4069; x_wconf 92' lang='lat' dir='ltr'>in</span> <span class='ocrx_word' id='word_1_286' title='bbox 1598 4015 1814 4070; x_wconf 91' lang='lat' dir='ltr'>Pascha</span> 
     </span>
    </p>
   </div>
   <div class='ocr_carea' id='block_1_50' title="bbox 192 4108 697 4163">
    <p class='ocr_par' dir='ltr' id='par_1_50' title="bbox 192 4108 697 4163">
     <span class='ocr_line' id='line_1_50' title="bbox 192 4108 697 4163; baseline 0.002 -3"><span class='ocrx_word' id='word_1_287' title='bbox 192 4108 302 4162; x_wconf 89' lang='lat' dir='ltr'>dari</span> <span class='ocrx_word' id='word_1_288' title='bbox 328 4126 440 4163; x_wconf 92' lang='lat' dir='ltr'>non</span> <span class='ocrx_word' id='word_1_289' title='bbox 467 4108 697 4163; x_wconf 90' lang='lat' dir='ltr'>debeat.</span> 
     </span>
    </p>
   </div>
   <div class='ocr_carea' id='block_1_51' title="bbox 137 4192 1719 4264">
    <p class='ocr_par' dir='ltr' id='par_1_51' title="bbox 137 4192 1719 4264">
     <span class='ocr_line' id='line_1_51' title="bbox 137 4192 1719 4264; baseline 0 -19"><span class='ocrx_word' id='word_1_290' title='bbox 137 4194 297 4250; x_wconf 81' lang='lat' dir='ltr'><strong>XVIII.</strong></span> <span class='ocrx_word' id='word_1_291' title='bbox 329 4199 407 4252; x_wconf 89' lang='lat' dir='ltr'>De</span> <span class='ocrx_word' id='word_1_292' title='bbox 436 4194 868 4251; x_wconf 87' lang='lat' dir='ltr'>catechumenis</span> <span class='ocrx_word' id='word_1_293' title='bbox 901 4210 933 4248; x_wconf 91' lang='lat' dir='ltr'>a</span> <span class='ocrx_word' id='word_1_294' title='bbox 962 4192 1296 4264; x_wconf 88' lang='lat' dir='ltr'>baptisterio</span> <span class='ocrx_word' id='word_1_295' title='bbox 1334 4192 1719 4246; x_wconf 85' lang='lat' dir='ltr'>removendis.</span> 
     </span>
    </p>
   </div>
   <div class='ocr_carea' id='block_1_52' title="bbox 137 4280 1738 4353">
    <p class='ocr_par' dir='ltr' id='par_1_52' title="bbox 137 4280 1738 4353">
     <span class='ocr_line' id='line_1_52' title="bbox 137 4280 1738 4353; baseline 0.001 -19"><span class='ocrx_word' id='word_1_296' title='bbox 137 4282 247 4339; x_wconf 86' lang='lat' dir='ltr'><strong>XIX.</strong></span> <span class='ocrx_word' id='word_1_297' title='bbox 286 4286 359 4339; x_wconf 91' lang='lat' dir='ltr'>De</span> <span class='ocrx_word' id='word_1_298' title='bbox 392 4283 823 4338; x_wconf 89' lang='lat' dir='ltr'>catechumenis</span> <span class='ocrx_word' id='word_1_299' title='bbox 851 4282 1221 4353; x_wconf 87' lang='lat' dir='ltr'>segregandis</span> <span class='ocrx_word' id='word_1_300' title='bbox 1253 4286 1309 4335; x_wconf 90' lang='lat' dir='ltr'>et</span> <span class='ocrx_word' id='word_1_301' title='bbox 1338 4280 1738 4335; x_wconf 82' lang='lat' dir='ltr'>informandis.</span> 
     </span>
    </p>
   </div>
   <div class='ocr_carea' id='block_1_53' title="bbox 136 4370 1205 4441">
    <p class='ocr_par' dir='ltr' id='par_1_53' title="bbox 136 4370 1205 4441">
     <span class='ocr_line' id='line_1_53' title="bbox 136 4370 1205 4441; baseline -0.002 -16"><span class='ocrx_word' id='word_1_302' title='bbox 136 4372 219 4426; x_wconf 92' lang='lat' dir='ltr'>XX.</span> <span class='ocrx_word' id='word_1_303' title='bbox 252 4374 323 4428; x_wconf 90' lang='lat' dir='ltr'>De</span> <span class='ocrx_word' id='word_1_304' title='bbox 349 4372 784 4428; x_wconf 87' lang='lat' dir='ltr'>catechumenis</span> <span class='ocrx_word' id='word_1_305' title='bbox 818 4370 1205 4441; x_wconf 88' lang='lat' dir='ltr'>peccantibus.</span> 
     </span>
    </p>
   </div>
   <div class='ocr_carea' id='block_1_54' title="bbox 40 4443 1813 4531">
    <p class='ocr_par' dir='ltr' id='par_1_54' title="bbox 40 4443 1813 4531">
     <span class='ocr_line' id='line_1_54' title="bbox 40 4443 1813 4531; baseline -0.002 -18"><span class='ocrx_word' id='word_1_306' title='bbox 40 4443 51 4463; x_wconf 75' lang='grc'><em>’</em></span> <span class='ocrx_word' id='word_1_307' title='bbox 139 4460 246 4515; x_wconf 83' lang='lat' dir='ltr'><strong>XXI.</strong></span> <span class='ocrx_word' id='word_1_308' title='bbox 280 4464 353 4516; x_wconf 91' lang='lat' dir='ltr'>De</span> <span class='ocrx_word' id='word_1_309' title='bbox 400 4462 517 4516; x_wconf 90' lang='lat' dir='ltr'>illis</span> <span class='ocrx_word' id='word_1_310' title='bbox 574 4460 669 4531; x_wconf 90' lang='lat' dir='ltr'>qui</span> <span class='ocrx_word' id='word_1_311' title='bbox 728 4475 914 4530; x_wconf 88' lang='lat' dir='ltr'>nuper</span> <span class='ocrx_word' id='word_1_312' title='bbox 967 4463 1101 4513; x_wconf 89' lang='lat' dir='ltr'>sunt</span> <span class='ocrx_word' id='word_1_313' title='bbox 1142 4457 1437 4528; x_wconf 89' lang='lat' dir='ltr'>baptizati,</span> <span class='ocrx_word' id='word_1_314' title='bbox 1482 4456 1639 4528; x_wconf 91' lang='lat' dir='ltr'>quod</span> <span class='ocrx_word' id='word_1_315' title='bbox 1682 4472 1813 4527; x_wconf 82' lang='lat' dir='ltr'>pro-</span> 
     </span>
    </p>
   </div>
   <div class='ocr_carea' id='block_1_55' title="bbox 201 4549 850 4605">
    <p class='ocr_par' dir='ltr' id='par_1_55' title="bbox 201 4549 850 4605">
     <span class='ocr_line' id='line_1_55' title="bbox 201 4549 850 4605; baseline -0.003 -2"><span class='ocrx_word' id='word_1_316' title='bbox 201 4551 406 4605; x_wconf 84' lang='lat' dir='ltr'>moveri</span> <span class='ocrx_word' id='word_1_317' title='bbox 433 4567 553 4604; x_wconf 92' lang='lat' dir='ltr'>non</span> <span class='ocrx_word' id='word_1_318' title='bbox 586 4549 850 4603; x_wconf 88' lang='lat' dir='ltr'>debeant.</span> 
     </span>
    </p>
   </div>
   <div class='ocr_carea' id='block_1_56' title="bbox 141 4634 1813 4709">
    <p class='ocr_par' dir='ltr' id='par_1_56' title="bbox 141 4634 1813 4709">
     <span class='ocr_line' id='line_1_56' title="bbox 141 4634 1813 4709; baseline -0.002 -18"><span class='ocrx_word' id='word_1_319' title='bbox 141 4636 265 4693; x_wconf 82' lang='lat' dir='ltr'><strong>XXII.</strong></span> <span class='ocrx_word' id='word_1_320' title='bbox 328 4641 403 4694; x_wconf 91' lang='lat' dir='ltr'>De</span> <span class='ocrx_word' id='word_1_321' title='bbox 467 4637 825 4709; x_wconf 88' lang='lat' dir='ltr'>presbyteris</span> <span class='ocrx_word' id='word_1_322' title='bbox 882 4636 929 4690; x_wconf 91' lang='lat' dir='ltr'>si</span> <span class='ocrx_word' id='word_1_323' title='bbox 988 4636 1047 4689; x_wconf 91' lang='lat' dir='ltr'>in</span> <span class='ocrx_word' id='word_1_324' title='bbox 1122 4634 1401 4689; x_wconf 88' lang='lat' dir='ltr'>Trinitate</span> <span class='ocrx_word' id='word_1_325' title='bbox 1452 4634 1618 4705; x_wconf 82' lang='lat' dir='ltr'>juxta</span> <span class='ocrx_word' id='word_1_326' title='bbox 1672 4649 1813 4705; x_wconf 64' lang='lat' dir='ltr'>prae-</span> 
     </span>
    </p>
   </div>
   <div class='ocr_carea' id='block_1_57' title="bbox 85 4715 1299 4797">
    <p class='ocr_par' dir='ltr' id='par_1_57' title="bbox 85 4715 1299 4797">
     <span class='ocr_line' id='line_1_57' title="bbox 85 4715 1299 4797; baseline -0.003 -17"><span class='ocrx_word' id='word_1_327' title='bbox 85 4715 101 4729; x_wconf 72' lang='grc'><strong>’</strong></span> <span class='ocrx_word' id='word_1_328' title='bbox 200 4732 414 4796; x_wconf 87' lang='lat' dir='ltr'>ceptum</span> <span class='ocrx_word' id='word_1_329' title='bbox 448 4725 688 4782; x_wconf 88' lang='lat' dir='ltr'>Domini</span> <span class='ocrx_word' id='word_1_330' title='bbox 719 4741 835 4779; x_wconf 90' lang='lat' dir='ltr'>non</span> <span class='ocrx_word' id='word_1_331' title='bbox 866 4723 1299 4797; x_wconf 88' lang='lat' dir='ltr'>baptizaverint.</span> 
     </span>
    </p>
   </div>
   <div class='ocr_carea' id='block_1_58' title="bbox 143 4814 705 4871">
    <p class='ocr_par' dir='ltr' id='par_1_58' title="bbox 143 4814 705 4871">
     <span class='ocr_line' id='line_1_58' title="bbox 143 4814 705 4871; baseline 0.004 -4"><span class='ocrx_word' id='word_1_332' title='bbox 143 4814 251 4869; x_wconf 88' lang='lat' dir='ltr'><strong>XIII.</strong></span> <span class='ocrx_word' id='word_1_333' title='bbox 282 4817 355 4870; x_wconf 88' lang='lat' dir='ltr'>De</span> <span class='ocrx_word' id='word_1_334' title='bbox 385 4817 593 4871; x_wconf 86' lang='lat' dir='ltr'>eadem</span> <span class='ocrx_word' id='word_1_335' title='bbox 624 4830 705 4869; x_wconf 86' lang='lat' dir='ltr'>re.</span> 
     </span>
    </p>
   </div>
   <div class='ocr_carea' id='block_1_59' title="bbox 144 4896 1822 4973">
    <p class='ocr_par' dir='ltr' id='par_1_59' title="bbox 144 4896 1822 4973">
     <span class='ocr_line' id='line_1_59' title="bbox 144 4896 1822 4973; baseline -0.004 -17"><span class='ocrx_word' id='word_1_336' title='bbox 144 4902 294 4959; x_wconf 84' lang='lat' dir='ltr'><strong>XXIV.</strong></span> <span class='ocrx_word' id='word_1_337' title='bbox 352 4905 517 4970; x_wconf 91' lang='lat' dir='ltr'>Quod</span> <span class='ocrx_word' id='word_1_338' title='bbox 589 4904 649 4957; x_wconf 90' lang='lat' dir='ltr'>in</span> <span class='ocrx_word' id='word_1_339' title='bbox 695 4902 982 4973; x_wconf 90' lang='lat' dir='ltr'>baptismo</span> <span class='ocrx_word' id='word_1_340' title='bbox 1037 4906 1096 4955; x_wconf 89' lang='lat' dir='ltr'>et</span> <span class='ocrx_word' id='word_1_341' title='bbox 1141 4900 1203 4954; x_wconf 91' lang='lat' dir='ltr'>in</span> <span class='ocrx_word' id='word_1_342' title='bbox 1259 4898 1722 4964; x_wconf 89' lang='lat' dir='ltr'>conﬁrmatione,</span> <span class='ocrx_word' id='word_1_343' title='bbox 1774 4896 1822 4951; x_wconf 90' lang='lat' dir='ltr'>si</span> 
     </span>
    </p>
   </div>
   <div class='ocr_carea' id='block_1_60' title="bbox 40 4988 1507 5062">
    <p class='ocr_par' dir='ltr' id='par_1_60' title="bbox 40 4988 1507 5062">
     <span class='ocr_line' id='line_1_60' title="bbox 40 4988 1507 5062; baseline -0.004 -15"><span class='ocrx_word' id='word_1_344' title='bbox 40 5044 55 5061; x_wconf 65' lang='grc'><em>,</em></span> <span class='ocrx_word' id='word_1_345' title='bbox 202 5009 416 5048; x_wconf 87' lang='lat' dir='ltr'>necesse</span> <span class='ocrx_word' id='word_1_346' title='bbox 455 4993 658 5059; x_wconf 87' lang='lat' dir='ltr'>fuerit,</span> <span class='ocrx_word' id='word_1_347' title='bbox 685 5008 831 5045; x_wconf 90' lang='lat' dir='ltr'>unus</span> <span class='ocrx_word' id='word_1_348' title='bbox 860 4990 1125 5062; x_wconf 90' lang='lat' dir='ltr'>patrinus</span> <span class='ocrx_word' id='word_1_349' title='bbox 1145 4988 1326 5058; x_wconf 88' lang='lat' dir='ltr'>possit</span> <span class='ocrx_word' id='word_1_350' title='bbox 1364 5003 1507 5043; x_wconf 89' lang='lat' dir='ltr'>esse.</span> 
     </span>
    </p>
   </div>
   <div class='ocr_carea' id='block_1_61' title="bbox 38 5074 1822 5151">
    <p class='ocr_par' dir='ltr' id='par_1_61' title="bbox 38 5074 1822 5151">
     <span class='ocr_line' id='line_1_61' title="bbox 38 5074 1822 5151; baseline -0.004 -15"><span class='ocrx_word' id='word_1_351' title='bbox 38 5078 41 5087; x_wconf 78' lang='grc'><em>’</em></span> <span class='ocrx_word' id='word_1_352' title='bbox 145 5081 267 5137; x_wconf 89' lang='lat' dir='ltr'><strong>XXV.</strong></span> <span class='ocrx_word' id='word_1_353' title='bbox 327 5084 394 5138; x_wconf 88' lang='lat' dir='ltr'>Ut</span> <span class='ocrx_word' id='word_1_354' title='bbox 456 5097 611 5136; x_wconf 90' lang='lat' dir='ltr'>unus</span> <span class='ocrx_word' id='word_1_355' title='bbox 648 5079 933 5151; x_wconf 90' lang='lat' dir='ltr'>patrinus,</span> <span class='ocrx_word' id='word_1_356' title='bbox 974 5079 1064 5133; x_wconf 87' lang='lat' dir='ltr'>vel</span> <span class='ocrx_word' id='word_1_357' title='bbox 1118 5076 1349 5147; x_wconf 88' lang='lat' dir='ltr'>patrina</span> <span class='ocrx_word' id='word_1_358' title='bbox 1386 5076 1459 5130; x_wconf 92' lang='lat' dir='ltr'>ad</span> <span class='ocrx_word' id='word_1_359' title='bbox 1506 5074 1822 5145; x_wconf 90' lang='lat' dir='ltr'>suscipien-</span> 
     </span>
    </p>
   </div>
   <div class='ocr_carea' id='block_1_62' title="bbox 203 5168 965 5227">
    <p class='ocr_par' dir='ltr' id='par_1_62' title="bbox 203 5168 965 5227">
     <span class='ocr_line' id='line_1_62' title="bbox 203 5168 965 5227; baseline -0.004 -3"><span class='ocrx_word' id='word_1_360' title='bbox 203 5171 327 5226; x_wconf 89' lang='lat' dir='ltr'>dum</span> <span class='ocrx_word' id='word_1_361' title='bbox 357 5172 646 5227; x_wconf 86' lang='lat' dir='ltr'>infantem</span> <span class='ocrx_word' id='word_1_362' title='bbox 676 5168 965 5223; x_wconf 90' lang='lat' dir='ltr'>accedant.</span> 
     </span>
    </p>
   </div>
   <div class='ocr_carea' id='block_1_63' title="bbox 149 5251 1823 5329">
    <p class='ocr_par' dir='ltr' id='par_1_63' title="bbox 149 5251 1823 5329">
     <span class='ocr_line' id='line_1_63' title="bbox 149 5251 1823 5329; baseline -0.004 -18"><span class='ocrx_word' id='word_1_363' title='bbox 149 5256 293 5314; x_wconf 88' lang='lat' dir='ltr'><strong>XXVI.</strong></span> <span class='ocrx_word' id='word_1_364' title='bbox 328 5261 395 5315; x_wconf 91' lang='lat' dir='ltr'>Ut</span> <span class='ocrx_word' id='word_1_365' title='bbox 440 5261 543 5314; x_wconf 87' lang='lat' dir='ltr'>ille</span> <span class='ocrx_word' id='word_1_366' title='bbox 598 5258 701 5329; x_wconf 87' lang='lat' dir='ltr'>qui</span> <span class='ocrx_word' id='word_1_367' title='bbox 744 5273 858 5310; x_wconf 92' lang='lat' dir='ltr'>non</span> <span class='ocrx_word' id='word_1_368' title='bbox 896 5260 982 5310; x_wconf 89' lang='lat' dir='ltr'>est</span> <span class='ocrx_word' id='word_1_369' title='bbox 1035 5253 1408 5309; x_wconf 88' lang='lat' dir='ltr'>conﬁrmatus</span> <span class='ocrx_word' id='word_1_370' title='bbox 1447 5269 1481 5307; x_wconf 88' lang='lat' dir='ltr'>a</span> <span class='ocrx_word' id='word_1_371' title='bbox 1534 5251 1823 5322; x_wconf 86' lang='lat' dir='ltr'>baptismo</span> 
     </span>
    </p>
   </div>
   <div class='ocr_carea' id='block_1_64' title="bbox 207 5346 709 5416">
    <p class='ocr_par' dir='ltr' id='par_1_64' title="bbox 207 5346 709 5416">
     <span class='ocr_line' id='line_1_64' title="bbox 207 5346 709 5416; baseline -0.002 -16"><span class='ocrx_word' id='word_1_372' title='bbox 207 5350 410 5403; x_wconf 89' lang='lat' dir='ltr'>nullum</span> <span class='ocrx_word' id='word_1_373' title='bbox 439 5346 709 5416; x_wconf 87' lang='lat' dir='ltr'>recipiat.</span> 
     </span>
    </p>
   </div>
   <div class='ocr_carea' id='block_1_65' title="bbox 149 5428 1645 5504">
    <p class='ocr_par' dir='ltr' id='par_1_65' title="bbox 149 5428 1645 5504">
     <span class='ocr_line' id='line_1_65' title="bbox 149 5428 1645 5504; baseline -0.003 -16"><span class='ocrx_word' id='word_1_374' title='bbox 149 5433 331 5491; x_wconf 77' lang='lat' dir='ltr'><strong>XXVII.</strong></span> <span class='ocrx_word' id='word_1_375' title='bbox 367 5439 437 5493; x_wconf 92' lang='lat' dir='ltr'>Ut</span> <span class='ocrx_word' id='word_1_376' title='bbox 455 5437 658 5492; x_wconf 90' lang='lat' dir='ltr'>nullus</span> <span class='ocrx_word' id='word_1_377' title='bbox 687 5434 787 5488; x_wconf 90' lang='lat' dir='ltr'>ﬁat</span> <span class='ocrx_word' id='word_1_378' title='bbox 814 5431 1078 5504; x_wconf 89' lang='lat' dir='ltr'>patrinus</span> <span class='ocrx_word' id='word_1_379' title='bbox 1104 5430 1216 5485; x_wconf 90' lang='lat' dir='ltr'>nisi</span> <span class='ocrx_word' id='word_1_380' title='bbox 1247 5433 1401 5485; x_wconf 87' lang='lat' dir='ltr'>recte</span> <span class='ocrx_word' id='word_1_381' title='bbox 1432 5428 1645 5483; x_wconf 89' lang='lat' dir='ltr'>credat.</span> 
     </span>
    </p>
   </div>
   <div class='ocr_carea' id='block_1_66' title="bbox 149 5516 1826 5595">
    <p class='ocr_par' dir='ltr' id='par_1_66' title="bbox 149 5516 1826 5595">
     <span class='ocr_line' id='line_1_66' title="bbox 149 5516 1826 5595; baseline -0.005 -18"><span class='ocrx_word' id='word_1_382' title='bbox 149 5523 349 5581; x_wconf 88' lang='lat' dir='ltr'><strong>XXVIII.</strong></span> <span class='ocrx_word' id='word_1_383' title='bbox 453 5528 525 5580; x_wconf 91' lang='lat' dir='ltr'>Ut</span> <span class='ocrx_word' id='word_1_384' title='bbox 593 5523 917 5595; x_wconf 84' lang='lat' dir='ltr'>presbyteri</span> <span class='ocrx_word' id='word_1_385' title='bbox 980 5539 1013 5576; x_wconf 92' lang='lat' dir='ltr'>a</span> <span class='ocrx_word' id='word_1_386' title='bbox 1087 5519 1330 5592; x_wconf 89' lang='lat' dir='ltr'>patrinis</span> <span class='ocrx_word' id='word_1_387' title='bbox 1399 5517 1703 5589; x_wconf 87' lang='lat' dir='ltr'>requirant</span> <span class='ocrx_word' id='word_1_388' title='bbox 1778 5516 1826 5569; x_wconf 90' lang='lat' dir='ltr'>si</span> 
     </span>
    </p>
   </div>
   <div class='ocr_carea' id='block_1_67' title="bbox 208 5615 816 5682">
    <p class='ocr_par' dir='ltr' id='par_1_67' title="bbox 208 5615 816 5682">
     <span class='ocr_line' id='line_1_67' title="bbox 208 5615 816 5682; baseline -0.002 -17"><span class='ocrx_word' id='word_1_389' title='bbox 208 5615 521 5682; x_wconf 85' lang='lat' dir='ltr'>symbolum</span> <span class='ocrx_word' id='word_1_390' title='bbox 557 5616 816 5668; x_wconf 88' lang='lat' dir='ltr'>teneant.</span> 
     </span>
    </p>
   </div>
   <div class='ocr_carea' id='block_1_68' title="bbox 1842 1822 2061 1892">
    <p class='ocr_par' dir='ltr' id='par_1_68' title="bbox 1842 1822 2061 1892">
     <span class='ocr_line' id='line_1_68' title="bbox 1842 1822 2061 1892; baseline -0.009 -16"><span class='ocrx_word' id='word_1_391' title='bbox 1842 1822 2061 1892; x_wconf 79' lang='lat' dir='ltr'><strong>BXXX.</strong></span> 
     </span>
    </p>
   </div>
   <div class='ocr_carea' id='block_1_69' title="bbox 1917 1628 3619 1700">
    <p class='ocr_par' dir='ltr' id='par_1_69' title="bbox 1917 1628 3619 1700">
     <span class='ocr_line' id='line_1_69' title="bbox 1917 1628 3619 1700; baseline 0.002 -19"><span class='ocrx_word' id='word_1_392' title='bbox 1917 1628 2105 1682; x_wconf 86' lang='lat' dir='ltr'><strong>XXIX.</strong></span> <span class='ocrx_word' id='word_1_393' title='bbox 2142 1631 2220 1682; x_wconf 91' lang='lat' dir='ltr'>De</span> <span class='ocrx_word' id='word_1_394' title='bbox 2256 1629 2513 1697; x_wconf 89' lang='lat' dir='ltr'>symbolo</span> <span class='ocrx_word' id='word_1_395' title='bbox 2548 1634 2674 1683; x_wconf 91' lang='lat' dir='ltr'>octo</span> <span class='ocrx_word' id='word_1_396' title='bbox 2703 1629 2825 1683; x_wconf 88' lang='lat' dir='ltr'>dies</span> <span class='ocrx_word' id='word_1_397' title='bbox 2866 1633 3000 1683; x_wconf 89' lang='lat' dir='ltr'>ante</span> <span class='ocrx_word' id='word_1_398' title='bbox 3042 1628 3256 1683; x_wconf 88' lang='lat' dir='ltr'>Pascha</span> <span class='ocrx_word' id='word_1_399' title='bbox 3299 1630 3527 1700; x_wconf 89' lang='lat' dir='ltr'>publice</span> <span class='ocrx_word' id='word_1_400' title='bbox 3559 1631 3619 1685; x_wconf 92' lang='lat' dir='ltr'>in</span> 
     </span>
    </p>
   </div>
   <div class='ocr_carea' id='block_1_70' title="bbox 1993 1716 2903 1772">
    <p class='ocr_par' dir='ltr' id='par_1_70' title="bbox 1993 1716 2903 1772">
     <span class='ocr_line' id='line_1_70' title="bbox 1993 1716 2903 1772; baseline 0 -3"><span class='ocrx_word' id='word_1_401' title='bbox 1993 1716 2263 1772; x_wconf 89' lang='lat' dir='ltr'>omnibus</span> <span class='ocrx_word' id='word_1_402' title='bbox 2296 1717 2557 1770; x_wconf 90' lang='lat' dir='ltr'>Ecclesiis</span> <span class='ocrx_word' id='word_1_403' title='bbox 2588 1716 2903 1770; x_wconf 90' lang='lat' dir='ltr'>recitando.</span> 
     </span>
    </p>
   </div>
   <div class='ocr_carea' id='block_1_71' title="bbox 2161 1820 3619 1893">
    <p class='ocr_par' dir='ltr' id='par_1_71' title="bbox 2161 1820 3619 1893">
     <span class='ocr_line' id='line_1_71' title="bbox 2161 1820 3619 1893; baseline 0.001 -18"><span class='ocrx_word' id='word_1_404' title='bbox 2161 1824 2237 1877; x_wconf 92' lang='lat' dir='ltr'>De</span> <span class='ocrx_word' id='word_1_405' title='bbox 2298 1822 2567 1893; x_wconf 88' lang='lat' dir='ltr'>gentibus</span> <span class='ocrx_word' id='word_1_406' title='bbox 2623 1821 2889 1890; x_wconf 90' lang='lat' dir='ltr'>inﬁrmis,</span> <span class='ocrx_word' id='word_1_407' title='bbox 2951 1820 2997 1875; x_wconf 93' lang='lat' dir='ltr'>si</span> <span class='ocrx_word' id='word_1_408' title='bbox 3056 1821 3409 1892; x_wconf 90' lang='lat' dir='ltr'>baptismum</span> <span class='ocrx_word' id='word_1_409' title='bbox 3467 1821 3619 1877; x_wconf 80' lang='lat' dir='ltr'>desi-</span> 
     </span>
    </p>
   </div>
   <div class='ocr_carea' id='block_1_72' title="bbox 1993 1910 2215 1964">
    <p class='ocr_par' dir='ltr' id='par_1_72' title="bbox 1993 1910 2215 1964">
     <span class='ocr_line' id='line_1_72' title="bbox 1993 1910 2215 1964; baseline 0 -1"><span class='ocrx_word' id='word_1_410' title='bbox 1993 1910 2215 1964; x_wconf 88' lang='lat' dir='ltr'>derant.</span> 
     </span>
    </p>
   </div>
   <div class='ocr_carea' id='block_1_73' title="bbox 1916 1998 2855 2069">
    <p class='ocr_par' dir='ltr' id='par_1_73' title="bbox 1916 1998 2855 2069">
     <span class='ocr_line' id='line_1_73' title="bbox 1916 1998 2855 2069; baseline 0.001 -18"><span class='ocrx_word' id='word_1_411' title='bbox 1916 1998 2097 2054; x_wconf 83' lang='lat' dir='ltr'><strong>XXXI.</strong></span> <span class='ocrx_word' id='word_1_412' title='bbox 2124 2001 2201 2053; x_wconf 91' lang='lat' dir='ltr'>De</span> <span class='ocrx_word' id='word_1_413' title='bbox 2235 1998 2473 2069; x_wconf 87' lang='lat' dir='ltr'>gravida</span> <span class='ocrx_word' id='word_1_414' title='bbox 2493 1998 2855 2069; x_wconf 87' lang='lat' dir='ltr'>baptizanda.</span> 
     </span>
    </p>
   </div>
   <div class='ocr_carea' id='block_1_74' title="bbox 1916 2085 3185 2157">
    <p class='ocr_par' dir='ltr' id='par_1_74' title="bbox 1916 2085 3185 2157">
     <span class='ocr_line' id='line_1_74' title="bbox 1916 2085 3185 2157; baseline -0.002 -15"><span class='ocrx_word' id='word_1_415' title='bbox 1916 2088 2117 2142; x_wconf 89' lang='lat' dir='ltr'><strong>XXXII.</strong></span> <span class='ocrx_word' id='word_1_416' title='bbox 2149 2088 2227 2141; x_wconf 92' lang='lat' dir='ltr'>De</span> <span class='ocrx_word' id='word_1_417' title='bbox 2254 2087 2507 2157; x_wconf 90' lang='lat' dir='ltr'>parvulis</span> <span class='ocrx_word' id='word_1_418' title='bbox 2538 2087 2784 2140; x_wconf 87' lang='lat' dir='ltr'>inﬁrmis</span> <span class='ocrx_word' id='word_1_419' title='bbox 2812 2085 3185 2155; x_wconf 90' lang='lat' dir='ltr'>baptizandis.</span> 
     </span>
    </p>
   </div>
   <div class='ocr_carea' id='block_1_75' title="bbox 1916 2174 3396 2245">
    <p class='ocr_par' dir='ltr' id='par_1_75' title="bbox 1916 2174 3396 2245">
     <span class='ocr_line' id='line_1_75' title="bbox 1916 2174 3396 2245; baseline -0.001 -15"><span class='ocrx_word' id='word_1_420' title='bbox 1916 2176 2137 2230; x_wconf 86' lang='lat' dir='ltr'><strong>XXXIII.</strong></span> <span class='ocrx_word' id='word_1_421' title='bbox 2173 2177 2248 2228; x_wconf 90' lang='lat' dir='ltr'>De</span> <span class='ocrx_word' id='word_1_422' title='bbox 2278 2175 2389 2228; x_wconf 92' lang='lat' dir='ltr'>illis</span> <span class='ocrx_word' id='word_1_423' title='bbox 2418 2175 2517 2245; x_wconf 94' lang='lat' dir='ltr'>qui</span> <span class='ocrx_word' id='word_1_424' title='bbox 2549 2176 2609 2229; x_wconf 92' lang='lat' dir='ltr'>in</span> <span class='ocrx_word' id='word_1_425' title='bbox 2639 2174 2980 2241; x_wconf 65' lang='lat' dir='ltr'>aegritudine</span> <span class='ocrx_word' id='word_1_426' title='bbox 3013 2174 3396 2244; x_wconf 90' lang='lat' dir='ltr'>baptizantur.</span> 
     </span>
    </p>
   </div>
   <div class='ocr_carea' id='block_1_76' title="bbox 1917 2262 3616 2333">
    <p class='ocr_par' dir='ltr' id='par_1_76' title="bbox 1917 2262 3616 2333">
     <span class='ocr_line' id='line_1_76' title="bbox 1917 2262 3616 2333; baseline 0.001 -17"><span class='ocrx_word' id='word_1_427' title='bbox 1917 2263 2134 2317; x_wconf 87' lang='lat' dir='ltr'><strong>XXXIV.</strong></span> <span class='ocrx_word' id='word_1_428' title='bbox 2241 2263 2318 2317; x_wconf 91' lang='lat' dir='ltr'>De</span> <span class='ocrx_word' id='word_1_429' title='bbox 2372 2263 2485 2316; x_wconf 88' lang='lat' dir='ltr'>illis</span> <span class='ocrx_word' id='word_1_430' title='bbox 2551 2262 2651 2333; x_wconf 91' lang='lat' dir='ltr'>qui</span> <span class='ocrx_word' id='word_1_431' title='bbox 2726 2263 2991 2333; x_wconf 86' lang='lat' dir='ltr'>parvulos</span> <span class='ocrx_word' id='word_1_432' title='bbox 3065 2268 3324 2317; x_wconf 90' lang='lat' dir='ltr'>recentes</span> <span class='ocrx_word' id='word_1_433' title='bbox 3402 2267 3616 2333; x_wconf 88' lang='lat' dir='ltr'>negant</span> 
     </span>
    </p>
   </div>
   <div class='ocr_carea' id='block_1_77' title="bbox 1989 2350 2540 2421">
    <p class='ocr_par' dir='ltr' id='par_1_77' title="bbox 1989 2350 2540 2421">
     <span class='ocr_line' id='line_1_77' title="bbox 1989 2350 2540 2421; baseline -0.004 -16"><span class='ocrx_word' id='word_1_434' title='bbox 1989 2367 2110 2405; x_wconf 90' lang='lat' dir='ltr'>esse</span> <span class='ocrx_word' id='word_1_435' title='bbox 2141 2350 2540 2421; x_wconf 88' lang='lat' dir='ltr'>baptizandos.</span> 
     </span>
    </p>
   </div>
   <div class='ocr_carea' id='block_1_78' title="bbox 1918 2456 2895 2527">
    <p class='ocr_par' dir='ltr' id='par_1_78' title="bbox 1918 2456 2895 2527">
     <span class='ocr_line' id='line_1_78' title="bbox 1918 2456 2895 2527; baseline -0.003 -15"><span class='ocrx_word' id='word_1_436' title='bbox 1918 2458 2104 2512; x_wconf 88' lang='lat' dir='ltr'><strong>XXXV.</strong></span> <span class='ocrx_word' id='word_1_437' title='bbox 2142 2458 2221 2510; x_wconf 92' lang='lat' dir='ltr'>De</span> <span class='ocrx_word' id='word_1_438' title='bbox 2243 2456 2489 2511; x_wconf 89' lang='lat' dir='ltr'>inﬁrmis</span> <span class='ocrx_word' id='word_1_439' title='bbox 2515 2456 2895 2527; x_wconf 89' lang='lat' dir='ltr'>baptizandis.</span> 
     </span>
    </p>
   </div>
   <div class='ocr_carea' id='block_1_79' title="bbox 1918 2544 3613 2616">
    <p class='ocr_par' dir='ltr' id='par_1_79' title="bbox 1918 2544 3613 2616">
     <span class='ocr_line' id='line_1_79' title="bbox 1918 2544 3613 2616; baseline -0.001 -16"><span class='ocrx_word' id='word_1_440' title='bbox 1918 2546 2133 2601; x_wconf 89' lang='lat' dir='ltr'><strong>XXXVI.</strong></span> <span class='ocrx_word' id='word_1_441' title='bbox 2186 2546 2263 2598; x_wconf 92' lang='lat' dir='ltr'>De</span> <span class='ocrx_word' id='word_1_442' title='bbox 2312 2545 2726 2614; x_wconf 73' lang='lat' dir='ltr'>zegrotantibus</span> <span class='ocrx_word' id='word_1_443' title='bbox 2775 2545 2823 2598; x_wconf 92' lang='lat' dir='ltr'>si</span> <span class='ocrx_word' id='word_1_444' title='bbox 2868 2545 3217 2616; x_wconf 87' lang='lat' dir='ltr'>baptismum</span> <span class='ocrx_word' id='word_1_445' title='bbox 3268 2544 3613 2613; x_wconf 90' lang='lat' dir='ltr'>desiderant,</span> 
     </span>
    </p>
   </div>
   <div class='ocr_carea' id='block_1_80' title="bbox 1991 2633 2654 2703">
    <p class='ocr_par' dir='ltr' id='par_1_80' title="bbox 1991 2633 2654 2703">
     <span class='ocr_line' id='line_1_80' title="bbox 1991 2633 2654 2703; baseline -0.002 -16"><span class='ocrx_word' id='word_1_446' title='bbox 1991 2639 2044 2687; x_wconf 87' lang='lat' dir='ltr'>et</span> <span class='ocrx_word' id='word_1_447' title='bbox 2070 2638 2201 2703; x_wconf 90' lang='lat' dir='ltr'>post</span> <span class='ocrx_word' id='word_1_448' title='bbox 2233 2633 2654 2687; x_wconf 88' lang='lat' dir='ltr'>obmutescunt.</span> 
     </span>
    </p>
   </div>
   <div class='ocr_carea' id='block_1_81' title="bbox 1918 2720 3093 2789">
    <p class='ocr_par' dir='ltr' id='par_1_81' title="bbox 1918 2720 3093 2789">
     <span class='ocr_line' id='line_1_81' title="bbox 1918 2720 3093 2789; baseline -0.002 -14"><span class='ocrx_word' id='word_1_449' title='bbox 1918 2723 2156 2775; x_wconf 87' lang='lat' dir='ltr'><strong>XXXVII.</strong></span> <span class='ocrx_word' id='word_1_450' title='bbox 2192 2722 2265 2774; x_wconf 90' lang='lat' dir='ltr'>De</span> <span class='ocrx_word' id='word_1_451' title='bbox 2297 2722 2538 2774; x_wconf 89' lang='lat' dir='ltr'>mortuis</span> <span class='ocrx_word' id='word_1_452' title='bbox 2569 2737 2681 2774; x_wconf 90' lang='lat' dir='ltr'>non</span> <span class='ocrx_word' id='word_1_453' title='bbox 2714 2720 3093 2789; x_wconf 90' lang='lat' dir='ltr'>baptizandis.</span> 
     </span>
    </p>
   </div>
   <div class='ocr_carea' id='block_1_82' title="bbox 1918 2807 3615 2869">
    <p class='ocr_par' dir='ltr' id='par_1_82' title="bbox 1918 2807 3615 2869">
     <span class='ocr_line' id='line_1_82' title="bbox 1918 2807 3615 2869; baseline -0.001 -6"><span class='ocrx_word' id='word_1_454' title='bbox 1918 2810 2185 2863; x_wconf 88' lang='lat' dir='ltr'><strong>XXXVIII.</strong></span> <span class='ocrx_word' id='word_1_455' title='bbox 2224 2809 2299 2861; x_wconf 90' lang='lat' dir='ltr'>De</span> <span class='ocrx_word' id='word_1_456' title='bbox 2352 2807 2539 2861; x_wconf 88' lang='lat' dir='ltr'>subito</span> <span class='ocrx_word' id='word_1_457' title='bbox 2585 2808 3039 2869; x_wconf 83' lang='lat' dir='ltr'>obtumescente,</span> <span class='ocrx_word' id='word_1_458' title='bbox 3100 2808 3147 2861; x_wconf 91' lang='lat' dir='ltr'>si</span> <span class='ocrx_word' id='word_1_459' title='bbox 3197 2812 3371 2861; x_wconf 89' lang='lat' dir='ltr'>testes</span> <span class='ocrx_word' id='word_1_460' title='bbox 3400 2807 3615 2861; x_wconf 91' lang='lat' dir='ltr'>habue-</span> 
     </span>
    </p>
   </div>
   <div class='ocr_carea' id='block_1_83' title="bbox 1991 2896 2465 2966">
    <p class='ocr_par' dir='ltr' id='par_1_83' title="bbox 1991 2896 2465 2966">
     <span class='ocr_line' id='line_1_83' title="bbox 1991 2896 2465 2966; baseline -0.002 -16"><span class='ocrx_word' id='word_1_461' title='bbox 1991 2897 2067 2950; x_wconf 90' lang='lat' dir='ltr'>rit</span> <span class='ocrx_word' id='word_1_462' title='bbox 2098 2896 2465 2966; x_wconf 87' lang='lat' dir='ltr'>baptizando.</span> 
     </span>
    </p>
   </div>
   <div class='ocr_carea' id='block_1_84' title="bbox 1918 2983 3617 3054">
    <p class='ocr_par' dir='ltr' id='par_1_84' title="bbox 1918 2983 3617 3054">
     <span class='ocr_line' id='line_1_84' title="bbox 1918 2983 3617 3054; baseline -0.002 -15"><span class='ocrx_word' id='word_1_463' title='bbox 1918 2986 2147 3041; x_wconf 89' lang='lat' dir='ltr'><strong>XXXIX.</strong></span> <span class='ocrx_word' id='word_1_464' title='bbox 2202 2986 2277 3038; x_wconf 90' lang='lat' dir='ltr'>De</span> <span class='ocrx_word' id='word_1_465' title='bbox 2322 2984 2410 3039; x_wconf 91' lang='lat' dir='ltr'>his</span> <span class='ocrx_word' id='word_1_466' title='bbox 2458 2985 2558 3054; x_wconf 91' lang='lat' dir='ltr'>qui</span> <span class='ocrx_word' id='word_1_467' title='bbox 2621 2984 2773 3053; x_wconf 89' lang='lat' dir='ltr'>apud</span> <span class='ocrx_word' id='word_1_468' title='bbox 2820 2984 3120 3038; x_wconf 64' lang='lat' dir='ltr'>haereticos</span> <span class='ocrx_word' id='word_1_469' title='bbox 3159 2983 3523 3054; x_wconf 88' lang='lat' dir='ltr'>baptizantur</span> <span class='ocrx_word' id='word_1_470' title='bbox 3554 2984 3617 3037; x_wconf 92' lang='lat' dir='ltr'>in</span> 
     </span>
    </p>
   </div>
   <div class='ocr_carea' id='block_1_85' title="bbox 1992 3071 2804 3126">
    <p class='ocr_par' dir='ltr' id='par_1_85' title="bbox 1992 3071 2804 3126">
     <span class='ocr_line' id='line_1_85' title="bbox 1992 3071 2804 3126; baseline 0 0"><span class='ocrx_word' id='word_1_471' title='bbox 1992 3073 2225 3126; x_wconf 89' lang='lat' dir='ltr'>nomine</span> <span class='ocrx_word' id='word_1_472' title='bbox 2258 3078 2465 3125; x_wconf 70' lang='lat' dir='ltr'>sancta:</span> <span class='ocrx_word' id='word_1_473' title='bbox 2489 3071 2804 3126; x_wconf 88' lang='lat' dir='ltr'>Trinitatis.</span> 
     </span>
    </p>
   </div>
   <div class='ocr_carea' id='block_1_86' title="bbox 1917 3179 2485 3234">
    <p class='ocr_par' dir='ltr' id='par_1_86' title="bbox 1917 3179 2485 3234">
     <span class='ocr_line' id='line_1_86' title="bbox 1917 3179 2485 3234; baseline -0.005 0"><span class='ocrx_word' id='word_1_474' title='bbox 1917 3180 2029 3234; x_wconf 88' lang='lat' dir='ltr'>XL.</span> <span class='ocrx_word' id='word_1_475' title='bbox 2068 3181 2143 3233; x_wconf 86' lang='lat' dir='ltr'>De.</span> <span class='ocrx_word' id='word_1_476' title='bbox 2175 3179 2372 3233; x_wconf 89' lang='lat' dir='ltr'>eadem</span> <span class='ocrx_word' id='word_1_477' title='bbox 2406 3195 2485 3232; x_wconf 89' lang='lat' dir='ltr'>re.</span> 
     </span>
    </p>
   </div>
   <div class='ocr_carea' id='block_1_87' title="bbox 1918 3263 3619 3337">
    <p class='ocr_par' dir='ltr' id='par_1_87' title="bbox 1918 3263 3619 3337">
     <span class='ocr_line' id='line_1_87' title="bbox 1918 3263 3619 3337; baseline -0.002 -16"><span class='ocrx_word' id='word_1_478' title='bbox 1918 3269 2060 3323; x_wconf 90' lang='lat' dir='ltr'><strong>XLI.</strong></span> <span class='ocrx_word' id='word_1_479' title='bbox 2100 3269 2168 3323; x_wconf 92' lang='lat' dir='ltr'>Ut</span> <span class='ocrx_word' id='word_1_480' title='bbox 2214 3268 2535 3337; x_wconf 89' lang='lat' dir='ltr'>baptismus</span> <span class='ocrx_word' id='word_1_481' title='bbox 2581 3266 2641 3321; x_wconf 89' lang='lat' dir='ltr'>in</span> <span class='ocrx_word' id='word_1_482' title='bbox 2687 3266 2960 3321; x_wconf 89' lang='lat' dir='ltr'>Trinitate</span> <span class='ocrx_word' id='word_1_483' title='bbox 3006 3269 3300 3337; x_wconf 88' lang='lat' dir='ltr'>susceptus</span> <span class='ocrx_word' id='word_1_484' title='bbox 3347 3281 3464 3319; x_wconf 91' lang='lat' dir='ltr'>non</span> <span class='ocrx_word' id='word_1_485' title='bbox 3511 3263 3619 3318; x_wconf 90' lang='lat' dir='ltr'>ite-</span> 
     </span>
    </p>
   </div>
   <div class='ocr_carea' id='block_1_88' title="bbox 1991 3362 2167 3410">
    <p class='ocr_par' dir='ltr' id='par_1_88' title="bbox 1991 3362 2167 3410">
     <span class='ocr_line' id='line_1_88' title="bbox 1991 3362 2167 3410; baseline -0.011 0"><span class='ocrx_word' id='word_1_486' title='bbox 1991 3362 2167 3410; x_wconf 87' lang='lat' dir='ltr'>retur.</span> 
     </span>
    </p>
   </div>
   <div class='ocr_carea' id='block_1_89' title="bbox 1920 3442 3615 3515">
    <p class='ocr_par' dir='ltr' id='par_1_89' title="bbox 1920 3442 3615 3515">
     <span class='ocr_line' id='line_1_89' title="bbox 1920 3442 3615 3515; baseline -0.004 -14"><span class='ocrx_word' id='word_1_487' title='bbox 1920 3448 2142 3501; x_wconf 88' lang='lat' dir='ltr'><strong>XXLII.</strong></span> <span class='ocrx_word' id='word_1_488' title='bbox 2178 3448 2255 3500; x_wconf 92' lang='lat' dir='ltr'>De</span> <span class='ocrx_word' id='word_1_489' title='bbox 2285 3445 2397 3498; x_wconf 89' lang='lat' dir='ltr'>illis</span> <span class='ocrx_word' id='word_1_490' title='bbox 2430 3445 2531 3515; x_wconf 88' lang='lat' dir='ltr'>qui</span> <span class='ocrx_word' id='word_1_491' title='bbox 2571 3445 2833 3498; x_wconf 89' lang='lat' dir='ltr'>nesciunt</span> <span class='ocrx_word' id='word_1_492' title='bbox 2865 3461 2978 3515; x_wconf 89' lang='lat' dir='ltr'>qua</span> <span class='ocrx_word' id='word_1_493' title='bbox 3007 3444 3120 3497; x_wconf 91' lang='lat' dir='ltr'>ﬁde</span> <span class='ocrx_word' id='word_1_494' title='bbox 3154 3442 3424 3512; x_wconf 90' lang='lat' dir='ltr'>baptizati</span> <span class='ocrx_word' id='word_1_495' title='bbox 3481 3442 3615 3497; x_wconf 90' lang='lat' dir='ltr'>sint.</span> 
     </span>
    </p>
   </div>
   <div class='ocr_carea' id='block_1_90' title="bbox 1918 3532 3542 3605">
    <p class='ocr_par' dir='ltr' id='par_1_90' title="bbox 1918 3532 3542 3605">
     <span class='ocr_line' id='line_1_90' title="bbox 1918 3532 3542 3605; baseline -0.002 -17"><span class='ocrx_word' id='word_1_496' title='bbox 1918 3536 2120 3590; x_wconf 90' lang='lat' dir='ltr'><strong>XLIII.</strong></span> <span class='ocrx_word' id='word_1_497' title='bbox 2155 3536 2234 3587; x_wconf 90' lang='lat' dir='ltr'>De</span> <span class='ocrx_word' id='word_1_498' title='bbox 2267 3535 2601 3605; x_wconf 89' lang='lat' dir='ltr'>presbytero</span> <span class='ocrx_word' id='word_1_499' title='bbox 2632 3535 2730 3603; x_wconf 88' lang='lat' dir='ltr'>qui</span> <span class='ocrx_word' id='word_1_500' title='bbox 2757 3533 3193 3601; x_wconf 89' lang='lat' dir='ltr'>grammaticam</span> <span class='ocrx_word' id='word_1_501' title='bbox 3224 3532 3542 3602; x_wconf 89' lang='lat' dir='ltr'>ignorabat.</span> 
     </span>
    </p>
   </div>
   <div class='ocr_carea' id='block_1_91' title="bbox 1992 3622 3001 3691">
    <p class='ocr_par' dir='ltr' id='par_1_91' title="bbox 1992 3622 3001 3691">
     <span class='ocr_line' id='line_1_91' title="bbox 1992 3622 3001 3691; baseline -0.001 -15"><span class='ocrx_word' id='word_1_502' title='bbox 1992 3629 2048 3676; x_wconf 91' lang='lat' dir='ltr'>et</span> <span class='ocrx_word' id='word_1_503' title='bbox 2061 3628 2255 3676; x_wconf 89' lang='lat' dir='ltr'>tamen</span> <span class='ocrx_word' id='word_1_504' title='bbox 2285 3622 2343 3675; x_wconf 91' lang='lat' dir='ltr'>in</span> <span class='ocrx_word' id='word_1_505' title='bbox 2364 3622 2635 3676; x_wconf 74' lang='lat' dir='ltr'>Trinitate</span> <span class='ocrx_word' id='word_1_506' title='bbox 2656 3622 3001 3691; x_wconf 87' lang='lat' dir='ltr'>baptizabat.</span> 
     </span>
    </p>
   </div>
   <div class='ocr_carea' id='block_1_92' title="bbox 1922 3708 3617 3780">
    <p class='ocr_par' dir='ltr' id='par_1_92' title="bbox 1922 3708 3617 3780">
     <span class='ocr_line' id='line_1_92' title="bbox 1922 3708 3617 3780; baseline -0.002 -15"><span class='ocrx_word' id='word_1_507' title='bbox 1922 3712 2107 3766; x_wconf 89' lang='lat' dir='ltr'><strong>XLIV.</strong></span> <span class='ocrx_word' id='word_1_508' title='bbox 2164 3712 2240 3764; x_wconf 90' lang='lat' dir='ltr'>De</span> <span class='ocrx_word' id='word_1_509' title='bbox 2292 3710 2403 3763; x_wconf 90' lang='lat' dir='ltr'>illis</span> <span class='ocrx_word' id='word_1_510' title='bbox 2473 3710 2573 3780; x_wconf 91' lang='lat' dir='ltr'>qui</span> <span class='ocrx_word' id='word_1_511' title='bbox 2630 3710 2882 3779; x_wconf 87' lang='lat' dir='ltr'>aliquam</span> <span class='ocrx_word' id='word_1_512' title='bbox 2940 3710 3153 3763; x_wconf 90' lang='lat' dir='ltr'>habent</span> <span class='ocrx_word' id='word_1_513' title='bbox 3198 3708 3617 3763; x_wconf 88' lang='lat' dir='ltr'>dubitationem</span> 
     </span>
    </p>
   </div>
   <div class='ocr_carea' id='block_1_93' title="bbox 1991 3798 2905 3870">
    <p class='ocr_par' dir='ltr' id='par_1_93' title="bbox 1991 3798 2905 3870">
     <span class='ocr_line' id='line_1_93' title="bbox 1991 3798 2905 3870; baseline -0.003 -17"><span class='ocrx_word' id='word_1_514' title='bbox 1991 3798 2350 3870; x_wconf 90' lang='lat' dir='ltr'>baptismatis</span> <span class='ocrx_word' id='word_1_515' title='bbox 2373 3802 2433 3851; x_wconf 94' lang='lat' dir='ltr'>ut</span> <span class='ocrx_word' id='word_1_516' title='bbox 2462 3798 2905 3867; x_wconf 88' lang='lat' dir='ltr'>rebaptizentur.</span> 
     </span>
    </p>
   </div>
   <div class='ocr_carea' id='block_1_94' title="bbox 1920 3904 3621 3960">
    <p class='ocr_par' dir='ltr' id='par_1_94' title="bbox 1920 3904 3621 3960">
     <span class='ocr_line' id='line_1_94' title="bbox 1920 3904 3621 3960; baseline -0.002 0"><span class='ocrx_word' id='word_1_517' title='bbox 1920 3906 2078 3960; x_wconf 89' lang='lat' dir='ltr'><strong>XLV.</strong></span> <span class='ocrx_word' id='word_1_518' title='bbox 2137 3906 2214 3958; x_wconf 91' lang='lat' dir='ltr'>De</span> <span class='ocrx_word' id='word_1_519' title='bbox 2270 3904 2586 3959; x_wconf 88' lang='lat' dir='ltr'>infantibus</span> <span class='ocrx_word' id='word_1_520' title='bbox 2655 3905 2701 3958; x_wconf 91' lang='lat' dir='ltr'>si</span> <span class='ocrx_word' id='word_1_521' title='bbox 2765 3909 2950 3958; x_wconf 88' lang='lat' dir='ltr'>certos</span> <span class='ocrx_word' id='word_1_522' title='bbox 3006 3907 3176 3958; x_wconf 90' lang='lat' dir='ltr'>testes</span> <span class='ocrx_word' id='word_1_523' title='bbox 3236 3904 3446 3958; x_wconf 89' lang='lat' dir='ltr'>habere</span> <span class='ocrx_word' id='word_1_524' title='bbox 3504 3917 3621 3956; x_wconf 92' lang='lat' dir='ltr'>non</span> 
     </span>
    </p>
   </div>
   <div class='ocr_carea' id='block_1_95' title="bbox 1993 3992 3045 4064">
    <p class='ocr_par' dir='ltr' id='par_1_95' title="bbox 1993 3992 3045 4064">
     <span class='ocr_line' id='line_1_95' title="bbox 1993 3992 3045 4064; baseline -0.001 -17"><span class='ocrx_word' id='word_1_525' title='bbox 1993 3997 2253 4064; x_wconf 88' lang='lat' dir='ltr'>possunt,</span> <span class='ocrx_word' id='word_1_526' title='bbox 2285 4009 2380 4047; x_wconf 91' lang='lat' dir='ltr'>eos</span> <span class='ocrx_word' id='word_1_527' title='bbox 2411 4008 2526 4046; x_wconf 92' lang='lat' dir='ltr'>non</span> <span class='ocrx_word' id='word_1_528' title='bbox 2555 4009 2677 4046; x_wconf 89' lang='lat' dir='ltr'>esse</span> <span class='ocrx_word' id='word_1_529' title='bbox 2706 3992 3045 4062; x_wconf 90' lang='lat' dir='ltr'>baptizatos.</span> 
     </span>
    </p>
   </div>
   <div class='ocr_carea' id='block_1_96' title="bbox 1920 4078 3622 4152">
    <p class='ocr_par' dir='ltr' id='par_1_96' title="bbox 1920 4078 3622 4152">
     <span class='ocr_line' id='line_1_96' title="bbox 1920 4078 3622 4152; baseline -0.003 -15"><span class='ocrx_word' id='word_1_530' title='bbox 1920 4084 2106 4137; x_wconf 88' lang='lat' dir='ltr'><strong>XLVI.</strong></span> <span class='ocrx_word' id='word_1_531' title='bbox 2212 4083 2288 4135; x_wconf 90' lang='lat' dir='ltr'>De</span> <span class='ocrx_word' id='word_1_532' title='bbox 2344 4082 2692 4152; x_wconf 86' lang='lat' dir='ltr'>presbyteris</span> <span class='ocrx_word' id='word_1_533' title='bbox 2746 4098 2848 4151; x_wconf 89' lang='lat' dir='ltr'>per</span> <span class='ocrx_word' id='word_1_534' title='bbox 2900 4096 3147 4151; x_wconf 89' lang='lat' dir='ltr'>quorum</span> <span class='ocrx_word' id='word_1_535' title='bbox 3208 4078 3622 4151; x_wconf 85' lang='lat' dir='ltr'>negligentiam</span> 
     </span>
    </p>
   </div>
   <div class='ocr_carea' id='block_1_97' title="bbox 1995 4168 3227 4240">
    <p class='ocr_par' dir='ltr' id='par_1_97' title="bbox 1995 4168 3227 4240">
     <span class='ocr_line' id='line_1_97' title="bbox 1995 4168 3227 4240; baseline -0.001 -16"><span class='ocrx_word' id='word_1_536' title='bbox 1995 4171 2118 4224; x_wconf 87' lang='lat' dir='ltr'>sine</span> <span class='ocrx_word' id='word_1_537' title='bbox 2150 4170 2495 4239; x_wconf 90' lang='lat' dir='ltr'>baptismate</span> <span class='ocrx_word' id='word_1_538' title='bbox 2526 4169 2735 4240; x_wconf 89' lang='lat' dir='ltr'>aliquis</span> <span class='ocrx_word' id='word_1_539' title='bbox 2756 4174 3017 4223; x_wconf 92' lang='lat' dir='ltr'>mortuus</span> <span class='ocrx_word' id='word_1_540' title='bbox 3037 4168 3227 4223; x_wconf 87' lang='lat' dir='ltr'>fuerit.</span> 
     </span>
    </p>
   </div>
   <div class='ocr_carea' id='block_1_98' title="bbox 1922 4254 3625 4328">
    <p class='ocr_par' dir='ltr' id='par_1_98' title="bbox 1922 4254 3625 4328">
     <span class='ocr_line' id='line_1_98' title="bbox 1922 4254 3625 4328; baseline -0.004 -14"><span class='ocrx_word' id='word_1_541' title='bbox 1922 4261 2134 4314; x_wconf 86' lang='lat' dir='ltr'><strong>XLVII.</strong></span> <span class='ocrx_word' id='word_1_542' title='bbox 2205 4260 2275 4313; x_wconf 94' lang='lat' dir='ltr'>Ut</span> <span class='ocrx_word' id='word_1_543' title='bbox 2332 4258 2522 4312; x_wconf 90' lang='lat' dir='ltr'>nullus</span> <span class='ocrx_word' id='word_1_544' title='bbox 2570 4258 2868 4328; x_wconf 89' lang='lat' dir='ltr'>presbyter</span> <span class='ocrx_word' id='word_1_545' title='bbox 2917 4258 2975 4311; x_wconf 92' lang='lat' dir='ltr'>in</span> <span class='ocrx_word' id='word_1_546' title='bbox 3041 4257 3273 4327; x_wconf 85' lang='lat' dir='ltr'>propria</span> <span class='ocrx_word' id='word_1_547' title='bbox 3332 4254 3625 4326; x_wconf 87' lang='lat' dir='ltr'>provincia</span> 
     </span>
    </p>
   </div>
   <div class='ocr_carea' id='block_1_99' title="bbox 1997 4346 3477 4415">
    <p class='ocr_par' dir='ltr' id='par_1_99' title="bbox 1997 4346 3477 4415">
     <span class='ocr_line' id='line_1_99' title="bbox 1997 4346 3477 4415; baseline -0.002 -15"><span class='ocrx_word' id='word_1_548' title='bbox 1997 4347 2167 4401; x_wconf 88' lang='lat' dir='ltr'>alicui</span> <span class='ocrx_word' id='word_1_549' title='bbox 2196 4346 2427 4400; x_wconf 90' lang='lat' dir='ltr'>inﬁrmo</span> <span class='ocrx_word' id='word_1_550' title='bbox 2458 4346 2809 4415; x_wconf 89' lang='lat' dir='ltr'>baptismum</span> <span class='ocrx_word' id='word_1_551' title='bbox 2836 4346 3119 4414; x_wconf 88' lang='lat' dir='ltr'>denegare</span> <span class='ocrx_word' id='word_1_552' title='bbox 3151 4348 3477 4415; x_wconf 77' lang='lat' dir='ltr'>praesumat.</span> 
     </span>
    </p>
   </div>
   <div class='ocr_carea' id='block_1_100' title="bbox 1926 4433 3248 4504">
    <p class='ocr_par' dir='ltr' id='par_1_100' title="bbox 1926 4433 3248 4504">
     <span class='ocr_line' id='line_1_100' title="bbox 1926 4433 3248 4504; baseline -0.002 -14"><span class='ocrx_word' id='word_1_553' title='bbox 1926 4436 2159 4490; x_wconf 89' lang='lat' dir='ltr'><strong>XLVIII.</strong></span> <span class='ocrx_word' id='word_1_554' title='bbox 2195 4436 2273 4488; x_wconf 90' lang='lat' dir='ltr'>De</span> <span class='ocrx_word' id='word_1_555' title='bbox 2304 4435 2419 4488; x_wconf 93' lang='lat' dir='ltr'>illis</span> <span class='ocrx_word' id='word_1_556' title='bbox 2449 4435 2550 4504; x_wconf 92' lang='lat' dir='ltr'>qui</span> <span class='ocrx_word' id='word_1_557' title='bbox 2570 4435 2757 4488; x_wconf 91' lang='lat' dir='ltr'>denuo</span> <span class='ocrx_word' id='word_1_558' title='bbox 2790 4433 3065 4503; x_wconf 88' lang='lat' dir='ltr'>baptizati</span> <span class='ocrx_word' id='word_1_559' title='bbox 3097 4438 3248 4487; x_wconf 89' lang='lat' dir='ltr'>sunt.</span> 
     </span>
    </p>
   </div>
   <div class='ocr_carea' id='block_1_101' title="bbox 1928 4519 3627 4593">
    <p class='ocr_par' dir='ltr' id='par_1_101' title="bbox 1928 4519 3627 4593">
     <span class='ocr_line' id='line_1_101' title="bbox 1928 4519 3627 4593; baseline -0.005 -13"><span class='ocrx_word' id='word_1_560' title='bbox 1928 4526 2108 4580; x_wconf 82' lang='lat' dir='ltr'><strong>XLIX.</strong></span> <span class='ocrx_word' id='word_1_561' title='bbox 2171 4526 2246 4579; x_wconf 90' lang='lat' dir='ltr'>De</span> <span class='ocrx_word' id='word_1_562' title='bbox 2285 4524 2410 4589; x_wconf 89' lang='lat' dir='ltr'>hoc,</span> <span class='ocrx_word' id='word_1_563' title='bbox 2444 4524 2491 4576; x_wconf 93' lang='lat' dir='ltr'>si</span> <span class='ocrx_word' id='word_1_564' title='bbox 2544 4522 2814 4593; x_wconf 86' lang='lat' dir='ltr'>parvulus</span> <span class='ocrx_word' id='word_1_565' title='bbox 2858 4526 3143 4588; x_wconf 82' lang='lat' dir='ltr'>aegrotans</span> <span class='ocrx_word' id='word_1_566' title='bbox 3191 4521 3260 4575; x_wconf 91' lang='lat' dir='ltr'>ad</span> <span class='ocrx_word' id='word_1_567' title='bbox 3309 4519 3627 4591; x_wconf 89' lang='lat' dir='ltr'>quemlibet</span> 
     </span>
    </p>
   </div>
   <div class='ocr_carea' id='block_1_102' title="bbox 2000 4609 3197 4684">
    <p class='ocr_par' dir='ltr' id='par_1_102' title="bbox 2000 4609 3197 4684">
     <span class='ocr_line' id='line_1_102' title="bbox 2000 4609 3197 4684; baseline -0.005 -17"><span class='ocrx_word' id='word_1_568' title='bbox 2000 4613 2401 4684; x_wconf 84' lang='lat' dir='ltr'>presbyterum</span> <span class='ocrx_word' id='word_1_569' title='bbox 2421 4610 2693 4681; x_wconf 90' lang='lat' dir='ltr'>baptismi</span> <span class='ocrx_word' id='word_1_570' title='bbox 2715 4610 2899 4679; x_wconf 87' lang='lat' dir='ltr'>gratia</span> <span class='ocrx_word' id='word_1_571' title='bbox 2929 4609 3197 4663; x_wconf 88' lang='lat' dir='ltr'>defertur.</span> 
     </span>
    </p>
   </div>
   <div class='ocr_carea' id='block_1_103' title="bbox 1930 4715 3205 4787">
    <p class='ocr_par' dir='ltr' id='par_1_103' title="bbox 1930 4715 3205 4787">
     <span class='ocr_line' id='line_1_103' title="bbox 1930 4715 3205 4787; baseline -0.007 -10"><span class='ocrx_word' id='word_1_572' title='bbox 1930 4722 1990 4776; x_wconf 90' lang='lat' dir='ltr'><strong>L.</strong></span> <span class='ocrx_word' id='word_1_573' title='bbox 2020 4721 2098 4774; x_wconf 93' lang='lat' dir='ltr'>De</span> <span class='ocrx_word' id='word_1_574' title='bbox 2128 4718 2242 4771; x_wconf 90' lang='lat' dir='ltr'>illis</span> <span class='ocrx_word' id='word_1_575' title='bbox 2266 4718 2367 4787; x_wconf 90' lang='lat' dir='ltr'>qui</span> <span class='ocrx_word' id='word_1_576' title='bbox 2396 4716 2483 4771; x_wconf 91' lang='lat' dir='ltr'>bis</span> <span class='ocrx_word' id='word_1_577' title='bbox 2511 4717 2599 4769; x_wconf 92' lang='lat' dir='ltr'>vel</span> <span class='ocrx_word' id='word_1_578' title='bbox 2631 4721 2717 4769; x_wconf 91' lang='lat' dir='ltr'>ter</span> <span class='ocrx_word' id='word_1_579' title='bbox 2746 4715 3019 4785; x_wconf 85' lang='lat' dir='ltr'>baptizati</span> <span class='ocrx_word' id='word_1_580' title='bbox 3052 4718 3205 4768; x_wconf 91' lang='lat' dir='ltr'>sunt.</span> 
     </span>
    </p>
   </div>
   <div class='ocr_carea' id='block_1_104' title="bbox 1934 4803 3366 4875">
    <p class='ocr_par' dir='ltr' id='par_1_104' title="bbox 1934 4803 3366 4875">
     <span class='ocr_line' id='line_1_104' title="bbox 1934 4803 3366 4875; baseline -0.004 -13"><span class='ocrx_word' id='word_1_581' title='bbox 1934 4810 2017 4863; x_wconf 92' lang='lat' dir='ltr'>LI.</span> <span class='ocrx_word' id='word_1_582' title='bbox 2054 4808 2132 4861; x_wconf 93' lang='lat' dir='ltr'>De</span> <span class='ocrx_word' id='word_1_583' title='bbox 2161 4807 2273 4860; x_wconf 91' lang='lat' dir='ltr'>illis</span> <span class='ocrx_word' id='word_1_584' title='bbox 2303 4805 2403 4875; x_wconf 90' lang='lat' dir='ltr'>qui</span> <span class='ocrx_word' id='word_1_585' title='bbox 2435 4804 2522 4858; x_wconf 92' lang='lat' dir='ltr'>bis</span> <span class='ocrx_word' id='word_1_586' title='bbox 2551 4804 2886 4874; x_wconf 89' lang='lat' dir='ltr'>ignorantes</span> <span class='ocrx_word' id='word_1_587' title='bbox 2914 4803 3187 4873; x_wconf 90' lang='lat' dir='ltr'>baptizati</span> <span class='ocrx_word' id='word_1_588' title='bbox 3214 4806 3366 4857; x_wconf 91' lang='lat' dir='ltr'>sunt.</span> 
     </span>
    </p>
   </div>
   <div class='ocr_carea' id='block_1_105' title="bbox 1934 4889 3630 4963">
    <p class='ocr_par' dir='ltr' id='par_1_105' title="bbox 1934 4889 3630 4963">
     <span class='ocr_line' id='line_1_105' title="bbox 1934 4889 3630 4963; baseline -0.005 -12"><span class='ocrx_word' id='word_1_589' title='bbox 1934 4897 2045 4951; x_wconf 91' lang='lat' dir='ltr'><strong>LII.</strong></span> <span class='ocrx_word' id='word_1_590' title='bbox 2083 4897 2160 4949; x_wconf 89' lang='lat' dir='ltr'>De</span> <span class='ocrx_word' id='word_1_591' title='bbox 2208 4894 2579 4963; x_wconf 90' lang='lat' dir='ltr'>parvulorum</span> <span class='ocrx_word' id='word_1_592' title='bbox 2629 4892 2929 4946; x_wconf 89' lang='lat' dir='ltr'>animabus</span> <span class='ocrx_word' id='word_1_593' title='bbox 2972 4892 3073 4963; x_wconf 94' lang='lat' dir='ltr'>qui</span> <span class='ocrx_word' id='word_1_594' title='bbox 3125 4892 3245 4945; x_wconf 91' lang='lat' dir='ltr'>sine</span> <span class='ocrx_word' id='word_1_595' title='bbox 3294 4889 3630 4961; x_wconf 84' lang='lat' dir='ltr'>baptismate</span> 
     </span>
    </p>
   </div>
   <div class='ocr_carea' id='block_1_106' title="bbox 2004 4982 2347 5038">
    <p class='ocr_par' dir='ltr' id='par_1_106' title="bbox 2004 4982 2347 5038">
     <span class='ocr_line' id='line_1_106' title="bbox 2004 4982 2347 5038; baseline -0.009 0"><span class='ocrx_word' id='word_1_596' title='bbox 2004 4982 2347 5038; x_wconf 90' lang='lat' dir='ltr'>moriuntur.</span> 
     </span>
    </p>
   </div>
   <div class='ocr_carea' id='block_1_107' title="bbox 1935 5068 2978 5141">
    <p class='ocr_par' dir='ltr' id='par_1_107' title="bbox 1935 5068 2978 5141">
     <span class='ocr_line' id='line_1_107' title="bbox 1935 5068 2978 5141; baseline -0.004 -14"><span class='ocrx_word' id='word_1_597' title='bbox 1935 5074 2067 5128; x_wconf 91' lang='lat' dir='ltr'><strong>LIII.</strong></span> <span class='ocrx_word' id='word_1_598' title='bbox 2104 5072 2181 5125; x_wconf 90' lang='lat' dir='ltr'>De</span> <span class='ocrx_word' id='word_1_599' title='bbox 2216 5069 2626 5141; x_wconf 89' lang='lat' dir='ltr'>energumenis</span> <span class='ocrx_word' id='word_1_600' title='bbox 2656 5068 2978 5139; x_wconf 90' lang='lat' dir='ltr'>baptizatis.</span> 
     </span>
    </p>
   </div>
   <div class='ocr_carea' id='block_1_108' title="bbox 1934 5153 3558 5229">
    <p class='ocr_par' dir='ltr' id='par_1_108' title="bbox 1934 5153 3558 5229">
     <span class='ocr_line' id='line_1_108' title="bbox 1934 5153 3558 5229; baseline -0.006 -14"><span class='ocrx_word' id='word_1_601' title='bbox 1934 5162 2063 5216; x_wconf 88' lang='lat' dir='ltr'><strong>LIV.</strong></span> <span class='ocrx_word' id='word_1_602' title='bbox 2100 5162 2177 5215; x_wconf 91' lang='lat' dir='ltr'>De</span> <span class='ocrx_word' id='word_1_603' title='bbox 2209 5158 2615 5229; x_wconf 90' lang='lat' dir='ltr'>energumenis</span> <span class='ocrx_word' id='word_1_604' title='bbox 2646 5162 2701 5213; x_wconf 92' lang='lat' dir='ltr'>et</span> <span class='ocrx_word' id='word_1_605' title='bbox 2724 5157 3152 5212; x_wconf 90' lang='lat' dir='ltr'>catechumenis</span> <span class='ocrx_word' id='word_1_606' title='bbox 3178 5153 3558 5227; x_wconf 88' lang='lat' dir='ltr'>baptizandis.</span> 
     </span>
    </p>
   </div>
   <div class='ocr_carea' id='block_1_109' title="bbox 1935 5248 2567 5318">
    <p class='ocr_par' dir='ltr' id='par_1_109' title="bbox 1935 5248 2567 5318">
     <span class='ocr_line' id='line_1_109' title="bbox 1935 5248 2567 5318; baseline -0.005 -15"><span class='ocrx_word' id='word_1_607' title='bbox 1935 5251 2040 5303; x_wconf 90' lang='lat' dir='ltr'>LV.</span> <span class='ocrx_word' id='word_1_608' title='bbox 2078 5251 2155 5304; x_wconf 90' lang='lat' dir='ltr'>De</span> <span class='ocrx_word' id='word_1_609' title='bbox 2182 5248 2567 5318; x_wconf 86' lang='lat' dir='ltr'>rebaptizatis.</span> 
     </span>
    </p>
   </div>
   <div class='ocr_carea' id='block_1_110' title="bbox 1938 5328 3635 5407">
    <p class='ocr_par' dir='ltr' id='par_1_110' title="bbox 1938 5328 3635 5407">
     <span class='ocr_line' id='line_1_110' title="bbox 1938 5328 3635 5407; baseline -0.006 -15"><span class='ocrx_word' id='word_1_610' title='bbox 1938 5338 2068 5392; x_wconf 91' lang='lat' dir='ltr'><strong>LVI.</strong></span> <span class='ocrx_word' id='word_1_611' title='bbox 2135 5338 2210 5391; x_wconf 90' lang='lat' dir='ltr'>De</span> <span class='ocrx_word' id='word_1_612' title='bbox 2261 5337 2598 5407; x_wconf 89' lang='lat' dir='ltr'>presbytero</span> <span class='ocrx_word' id='word_1_613' title='bbox 2656 5335 2756 5405; x_wconf 90' lang='lat' dir='ltr'>qui</span> <span class='ocrx_word' id='word_1_614' title='bbox 2817 5339 2969 5388; x_wconf 90' lang='lat' dir='ltr'>recte</span> <span class='ocrx_word' id='word_1_615' title='bbox 3033 5331 3384 5401; x_wconf 89' lang='lat' dir='ltr'>baptizatum</span> <span class='ocrx_word' id='word_1_616' title='bbox 3445 5328 3635 5382; x_wconf 91' lang='lat' dir='ltr'>denuo</span> 
     </span>
    </p>
   </div>
   <div class='ocr_carea' id='block_1_111' title="bbox 2007 5416 3639 5496">
    <p class='ocr_par' dir='ltr' id='par_1_111' title="bbox 2007 5416 3639 5496">
     <span class='ocr_line' id='line_1_111' title="bbox 2007 5416 3639 5496; baseline -0.006 -17"><span class='ocrx_word' id='word_1_617' title='bbox 2007 5425 2402 5496; x_wconf 90' lang='lat' dir='ltr'>baptizaverit,</span> <span class='ocrx_word' id='word_1_618' title='bbox 2438 5429 2492 5478; x_wconf 92' lang='lat' dir='ltr'>et</span> <span class='ocrx_word' id='word_1_619' title='bbox 2523 5440 2639 5477; x_wconf 92' lang='lat' dir='ltr'>non</span> <span class='ocrx_word' id='word_1_620' title='bbox 2668 5428 2817 5477; x_wconf 82' lang='lat' dir='ltr'>recte</span> <span class='ocrx_word' id='word_1_621' title='bbox 2856 5421 3208 5492; x_wconf 88' lang='lat' dir='ltr'>baptizatum</span> <span class='ocrx_word' id='word_1_622' title='bbox 3237 5419 3309 5473; x_wconf 91' lang='lat' dir='ltr'>ab</span> <span class='ocrx_word' id='word_1_623' title='bbox 3357 5416 3639 5472; x_wconf 66' lang='lat' dir='ltr'>haereticis</span> 
     </span>
    </p>
   </div>
   <div class='ocr_carea' id='block_1_112' title="bbox 2011 5513 2552 5584">
    <p class='ocr_par' dir='ltr' id='par_1_112' title="bbox 2011 5513 2552 5584">
     <span class='ocr_line' id='line_1_112' title="bbox 2011 5513 2552 5584; baseline -0.002 -16"><span class='ocrx_word' id='word_1_624' title='bbox 2011 5530 2128 5568; x_wconf 91' lang='lat' dir='ltr'>non</span> <span class='ocrx_word' id='word_1_625' title='bbox 2159 5513 2552 5584; x_wconf 88' lang='lat' dir='ltr'>baptizaverit.</span> 
     </span>
    </p>
   </div>
   <div class='ocr_carea' id='block_1_113' title="bbox 1943 5596 3388 5658">
    <p class='ocr_par' dir='ltr' id='par_1_113' title="bbox 1943 5596 3388 5658">
     <span class='ocr_line' id='line_1_113' title="bbox 1943 5596 3388 5658; baseline -0.007 0"><span class='ocrx_word' id='word_1_626' title='bbox 1943 5603 2099 5658; x_wconf 87' lang='lat' dir='ltr'><strong>LVII.</strong></span> <span class='ocrx_word' id='word_1_627' title='bbox 2132 5604 2202 5657; x_wconf 89' lang='lat' dir='ltr'>Ut</span> <span class='ocrx_word' id='word_1_628' title='bbox 2233 5602 2457 5657; x_wconf 82' lang='lat' dir='ltr'>diaconi</span> <span class='ocrx_word' id='word_1_629' title='bbox 2495 5617 2656 5655; x_wconf 89' lang='lat' dir='ltr'>suam</span> <span class='ocrx_word' id='word_1_630' title='bbox 2685 5614 3015 5656; x_wconf 87' lang='lat' dir='ltr'>mensuram</span> <span class='ocrx_word' id='word_1_631' title='bbox 3046 5596 3388 5651; x_wconf 90' lang='lat' dir='ltr'>custodiant.</span> 
     </span>
    </p>
   </div>
  </div>
