  <div class='ocr_page' id='page_1' title='image "/cluster/home/n/w/nwhite01/storage/ocr_20150623/140-141/uc1.31175018559917/371.png"; bbox 0 0 3966 6458; ppageno 0'>
   <div class='ocr_carea' id='block_1_1' title="bbox 321 369 3896 428">
    <p class='ocr_par' dir='ltr' id='par_1_1' title="bbox 321 369 3896 428">
     <span class='ocr_line' id='line_1_1' title="bbox 321 369 3896 428; baseline 0 -4"><span class='ocrx_word' id='word_1_1' title='bbox 321 372 424 424; x_wconf 80' lang='lat'><strong>727</strong></span> <span class='ocrx_word' id='word_1_2' title='bbox 1405 370 1807 426; x_wconf 82' lang='lat' dir='ltr'><strong>BURCHARDI</strong></span> <span class='ocrx_word' id='word_1_3' title='bbox 1848 369 2383 428; x_wconf 74' lang='lat' dir='ltr'><strong>WORMACIENSIS</strong></span> <span class='ocrx_word' id='word_1_4' title='bbox 2420 369 2755 426; x_wconf 87' lang='lat' dir='ltr'><strong>EPISCOPI.</strong></span> <span class='ocrx_word' id='word_1_5' title='bbox 3745 373 3896 425; x_wconf 77' lang='lat'><strong>728</strong></span> 
     </span>
    </p>
   </div>
   <div class='ocr_carea' id='block_1_2' title="bbox 319 462 3894 565">
    <p class='ocr_par' dir='ltr' id='par_1_2' title="bbox 319 462 3894 565">
     <span class='ocr_line' id='line_1_2' title="bbox 319 462 3894 565; baseline -0 -17"><span class='ocrx_word' id='word_1_6' title='bbox 319 491 506 548; x_wconf 89' lang='lat' dir='ltr'><strong>LVIII.</strong></span> <span class='ocrx_word' id='word_1_7' title='bbox 574 493 653 546; x_wconf 92' lang='lat' dir='ltr'><strong>De</strong></span> <span class='ocrx_word' id='word_1_8' title='bbox 695 491 1043 559; x_wconf 85' lang='lat' dir='ltr'><strong>inordinate,</strong></span> <span class='ocrx_word' id='word_1_9' title='bbox 1104 492 1152 545; x_wconf 88' lang='lat' dir='ltr'><strong>si</strong></span> <span class='ocrx_word' id='word_1_10' title='bbox 1201 492 1362 562; x_wconf 90' lang='lat' dir='ltr'><strong>quasi</strong></span> <span class='ocrx_word' id='word_1_11' title='bbox 1399 492 1702 547; x_wconf 89' lang='lat' dir='ltr'><strong>ordinatus</strong></span> <span class='ocrx_word' id='word_1_12' title='bbox 1737 493 2028 565; x_wconf 86' lang='lat' dir='ltr'><strong>baptizare</strong></span> <span class='ocrx_word' id='word_1_13' title='bbox 2058 497 2103 546; x_wconf 88' lang='lat' dir='ltr'><strong>A</strong></span> <span class='ocrx_word' id='word_1_14' title='bbox 2142 493 2328 548; x_wconf 84' lang='lat' dir='ltr'><strong>LXXX.</strong></span> <span class='ocrx_word' id='word_1_15' title='bbox 2395 494 2474 547; x_wconf 91' lang='lat' dir='ltr'><strong>De</strong></span> <span class='ocrx_word' id='word_1_16' title='bbox 2519 493 2828 547; x_wconf 80' lang='lat' dir='ltr'><strong>chrismate</strong></span> <span class='ocrx_word' id='word_1_17' title='bbox 2859 494 3016 565; x_wconf 90' lang='lat' dir='ltr'><strong>quod</strong></span> <span class='ocrx_word' id='word_1_18' title='bbox 3087 462 3316 564; x_wconf 80' lang='lat' dir='ltr'><strong>semper</strong></span> <span class='ocrx_word' id='word_1_19' title='bbox 3381 495 3484 548; x_wconf 87' lang='lat' dir='ltr'><strong>sub</strong></span> <span class='ocrx_word' id='word_1_20' title='bbox 3533 511 3662 549; x_wconf 89' lang='lat' dir='ltr'><strong>sera</strong></span> <span class='ocrx_word' id='word_1_21' title='bbox 3718 510 3894 550; x_wconf 87' lang='lat' dir='ltr'><strong>esse</strong></span> 
     </span>
    </p>
   </div>
   <div class='ocr_carea' id='block_1_3' title="bbox 391 579 2428 650">
    <p class='ocr_par' dir='ltr' id='par_1_3' title="bbox 391 579 2428 650">
     <span class='ocr_line' id='line_1_3' title="bbox 391 579 2428 650; baseline 0 -16"><span class='ocrx_word' id='word_1_22' title='bbox 391 579 849 650; x_wconf 61' lang='lat' dir='ltr'><strong>praesumpserit.</strong></span> <span class='ocrx_word' id='word_1_23' title='bbox 2203 581 2428 635; x_wconf 84' lang='lat' dir='ltr'><strong>debeat.</strong></span> 
     </span>
    </p>
   </div>
   <div class='ocr_carea' id='block_1_4' title="bbox 320 666 3887 741">
    <p class='ocr_par' dir='ltr' id='par_1_4' title="bbox 320 666 3887 741">
     <span class='ocr_line' id='line_1_4' title="bbox 320 666 3887 741; baseline -0.001 -18"><span class='ocrx_word' id='word_1_24' title='bbox 320 669 458 724; x_wconf 87' lang='lat' dir='ltr'><strong>LIX.</strong></span> <span class='ocrx_word' id='word_1_25' title='bbox 496 670 566 723; x_wconf 91' lang='lat' dir='ltr'><strong>Ut</strong></span> <span class='ocrx_word' id='word_1_26' title='bbox 591 666 916 738; x_wconf 83' lang='lat' dir='ltr'><strong>presbyteri</strong></span> <span class='ocrx_word' id='word_1_27' title='bbox 945 667 1230 737; x_wconf 87' lang='lat' dir='ltr'><strong>populum</strong></span> <span class='ocrx_word' id='word_1_28' title='bbox 1262 669 1633 734; x_wconf 81' lang='lat' dir='ltr'><strong>admoneant,</strong></span> <span class='ocrx_word' id='word_1_29' title='bbox 1666 685 1798 723; x_wconf 91' lang='lat' dir='ltr'><strong>suos</strong></span> <span class='ocrx_word' id='word_1_30' title='bbox 1821 669 2018 724; x_wconf 82' lang='lat' dir='ltr'><strong>infan-</strong></span> <span class='ocrx_word' id='word_1_31' title='bbox 2133 671 2342 725; x_wconf 86' lang='lat' dir='ltr'><strong>LXXXI.</strong></span> <span class='ocrx_word' id='word_1_32' title='bbox 2379 671 2457 724; x_wconf 91' lang='lat' dir='ltr'><strong>De</strong></span> <span class='ocrx_word' id='word_1_33' title='bbox 2504 669 2736 736; x_wconf 61' lang='lat' dir='ltr'><strong>Juda&#39;is,</strong></span> <span class='ocrx_word' id='word_1_34' title='bbox 2786 670 3080 741; x_wconf 90' lang='lat' dir='ltr'><strong>quomodo</strong></span> <span class='ocrx_word' id='word_1_35' title='bbox 3133 675 3265 724; x_wconf 85' lang='lat' dir='ltr'><strong>ante</strong></span> <span class='ocrx_word' id='word_1_36' title='bbox 3307 671 3652 741; x_wconf 81' lang='lat' dir='ltr'><strong>baptismum</strong></span> <span class='ocrx_word' id='word_1_37' title='bbox 3695 685 3887 725; x_wconf 83' lang='lat' dir='ltr'><strong>exa—</strong></span> 
     </span>
    </p>
   </div>
   <div class='ocr_carea' id='block_1_5' title="bbox 389 755 2708 828">
    <p class='ocr_par' dir='ltr' id='par_1_5' title="bbox 389 755 2708 828">
     <span class='ocr_line' id='line_1_5' title="bbox 389 755 2708 828; baseline 0 -17"><span class='ocrx_word' id='word_1_38' title='bbox 389 757 542 812; x_wconf 86' lang='lat' dir='ltr'><strong>tulos</strong></span> <span class='ocrx_word' id='word_1_39' title='bbox 570 756 644 810; x_wconf 89' lang='lat' dir='ltr'><strong>ad</strong></span> <span class='ocrx_word' id='word_1_40' title='bbox 675 755 1176 810; x_wconf 88' lang='lat' dir='ltr'><strong>conﬁrmationem</strong></span> <span class='ocrx_word' id='word_1_41' title='bbox 1205 756 1471 828; x_wconf 89' lang='lat' dir='ltr'><strong>episcopo</strong></span> <span class='ocrx_word' id='word_1_42' title='bbox 1504 763 1874 826; x_wconf 68' lang='lat' dir='ltr'><strong>praesentem.</strong></span> <span class='ocrx_word' id='word_1_43' title='bbox 2205 758 2410 811; x_wconf 90' lang='lat' dir='ltr'><strong>minari</strong></span> <span class='ocrx_word' id='word_1_44' title='bbox 2445 758 2708 811; x_wconf 83' lang='lat' dir='ltr'><strong>debeant.</strong></span> 
     </span>
    </p>
   </div>
   <div class='ocr_carea' id='block_1_6' title="bbox 319 844 3890 916">
    <p class='ocr_par' dir='ltr' id='par_1_6' title="bbox 319 844 3890 916">
     <span class='ocr_line' id='line_1_6' title="bbox 319 844 3890 916; baseline -0.001 -16"><span class='ocrx_word' id='word_1_45' title='bbox 319 847 422 901; x_wconf 89' lang='lat' dir='ltr'><strong>LX.</strong></span> <span class='ocrx_word' id='word_1_46' title='bbox 456 847 525 900; x_wconf 89' lang='lat' dir='ltr'><strong>Ut</strong></span> <span class='ocrx_word' id='word_1_47' title='bbox 571 860 770 900; x_wconf 91' lang='lat' dir='ltr'><strong>omnes</strong></span> <span class='ocrx_word' id='word_1_48' title='bbox 814 844 1083 914; x_wconf 76' lang='lat' dir='ltr'><strong>perfectas</strong></span> <span class='ocrx_word' id='word_1_49' title='bbox 1129 844 1313 899; x_wconf 63' lang='lat' dir='ltr'><strong>astatis</strong></span> <span class='ocrx_word' id='word_1_50' title='bbox 1359 845 1545 916; x_wconf 86' lang='lat' dir='ltr'><strong>jejuni</strong></span> <span class='ocrx_word' id='word_1_51' title='bbox 1593 846 1666 900; x_wconf 93' lang='lat' dir='ltr'><strong>ad</strong></span> <span class='ocrx_word' id='word_1_52' title='bbox 1715 846 2021 900; x_wconf 87' lang='lat' dir='ltr'><strong>conﬁrma-</strong></span> <span class='ocrx_word' id='word_1_53' title='bbox 2133 846 2372 899; x_wconf 81' lang='lat' dir='ltr'><strong>LXXXII.</strong></span> <span class='ocrx_word' id='word_1_54' title='bbox 2411 847 2489 898; x_wconf 91' lang='lat' dir='ltr'><strong>De</strong></span> <span class='ocrx_word' id='word_1_55' title='bbox 2517 845 2750 900; x_wconf 46' lang='lat' dir='ltr'><strong>Judawia.</strong></span> <span class='ocrx_word' id='word_1_56' title='bbox 2787 847 3069 900; x_wconf 84' lang='lat' dir='ltr'><strong>utnullus</strong></span> <span class='ocrx_word' id='word_1_57' title='bbox 3099 846 3180 900; x_wconf 91' lang='lat' dir='ltr'><strong>eis</strong></span> <span class='ocrx_word' id='word_1_58' title='bbox 3231 847 3342 899; x_wconf 89' lang='lat' dir='ltr'><strong>vim</strong></span> <span class='ocrx_word' id='word_1_59' title='bbox 3373 847 3447 900; x_wconf 91' lang='lat' dir='ltr'><strong>ad</strong></span> <span class='ocrx_word' id='word_1_60' title='bbox 3485 846 3890 900; x_wconf 89' lang='lat' dir='ltr'><strong>credendum</strong></span> 
     </span>
    </p>
   </div>
   <div class='ocr_carea' id='block_1_7' title="bbox 388 933 2668 989">
    <p class='ocr_par' dir='ltr' id='par_1_7' title="bbox 388 933 2668 989">
     <span class='ocr_line' id='line_1_7' title="bbox 388 933 2668 989; baseline -0.001 0"><span class='ocrx_word' id='word_1_61' title='bbox 388 934 604 989; x_wconf 82' lang='lat' dir='ltr'><strong>tionem</strong></span> <span class='ocrx_word' id='word_1_62' title='bbox 635 933 887 988; x_wconf 86' lang='lat' dir='ltr'><strong>veniant.</strong></span> <span class='ocrx_word' id='word_1_63' title='bbox 2201 933 2407 988; x_wconf 84' lang='lat' dir='ltr'><strong>debeat</strong></span> <span class='ocrx_word' id='word_1_64' title='bbox 2438 933 2668 987; x_wconf 89' lang='lat' dir='ltr'><strong>inferre.</strong></span> 
     </span>
    </p>
   </div>
   <div class='ocr_carea' id='block_1_8' title="bbox 321 1019 3890 1092">
    <p class='ocr_par' dir='ltr' id='par_1_8' title="bbox 321 1019 3890 1092">
     <span class='ocr_line' id='line_1_8' title="bbox 321 1019 3890 1092; baseline -0.002 -16"><span class='ocrx_word' id='word_1_65' title='bbox 321 1023 460 1077; x_wconf 89' lang='lat' dir='ltr'><strong>LXI.</strong></span> <span class='ocrx_word' id='word_1_66' title='bbox 517 1023 596 1074; x_wconf 91' lang='lat' dir='ltr'><strong>De</strong></span> <span class='ocrx_word' id='word_1_67' title='bbox 669 1019 890 1074; x_wconf 90' lang='lat' dir='ltr'><strong>duobus</strong></span> <span class='ocrx_word' id='word_1_68' title='bbox 938 1019 1329 1088; x_wconf 86' lang='lat' dir='ltr'><strong>sacramentis,</strong></span> <span class='ocrx_word' id='word_1_69' title='bbox 1385 1020 1443 1074; x_wconf 89' lang='lat' dir='ltr'><strong>id</strong></span> <span class='ocrx_word' id='word_1_70' title='bbox 1491 1026 1594 1084; x_wconf 84' lang='lat' dir='ltr'><strong>est,</strong></span> <span class='ocrx_word' id='word_1_71' title='bbox 1636 1021 1923 1092; x_wconf 89' lang='lat' dir='ltr'><strong>baptismo</strong></span> <span class='ocrx_word' id='word_1_72' title='bbox 1967 1027 2025 1075; x_wconf 92' lang='lat' dir='ltr'><strong>et</strong></span> <span class='ocrx_word' id='word_1_73' title='bbox 2134 1019 2401 1074; x_wconf 89' lang='lat' dir='ltr'><strong>LXXXIII.</strong></span> <span class='ocrx_word' id='word_1_74' title='bbox 2439 1021 2865 1076; x_wconf 83' lang='lat' dir='ltr'><strong>UtJudaeorum</strong></span> <span class='ocrx_word' id='word_1_75' title='bbox 2895 1022 3001 1076; x_wconf 87' lang='lat' dir='ltr'><strong>ﬁlii</strong></span> <span class='ocrx_word' id='word_1_76' title='bbox 3030 1021 3303 1090; x_wconf 89' lang='lat' dir='ltr'><strong>baptizati</strong></span> <span class='ocrx_word' id='word_1_77' title='bbox 3334 1021 3404 1075; x_wconf 92' lang='lat' dir='ltr'><strong>ab</strong></span> <span class='ocrx_word' id='word_1_78' title='bbox 3453 1035 3655 1074; x_wconf 91' lang='lat' dir='ltr'><strong>eorum</strong></span> <span class='ocrx_word' id='word_1_79' title='bbox 3703 1034 3890 1072; x_wconf 85' lang='lat' dir='ltr'><strong>con-</strong></span> 
     </span>
    </p>
   </div>
   <div class='ocr_carea' id='block_1_9' title="bbox 391 1107 2962 1179">
    <p class='ocr_par' dir='ltr' id='par_1_9' title="bbox 391 1107 2962 1179">
     <span class='ocr_line' id='line_1_9' title="bbox 391 1107 2962 1179; baseline 0 -16"><span class='ocrx_word' id='word_1_80' title='bbox 391 1125 597 1163; x_wconf 89' lang='lat' dir='ltr'><strong>manus</strong></span> <span class='ocrx_word' id='word_1_81' title='bbox 629 1108 1014 1179; x_wconf 91' lang='lat' dir='ltr'><strong>impositione.</strong></span> <span class='ocrx_word' id='word_1_82' title='bbox 2204 1107 2380 1161; x_wconf 88' lang='lat' dir='ltr'><strong>sortio</strong></span> <span class='ocrx_word' id='word_1_83' title='bbox 2412 1109 2668 1178; x_wconf 90' lang='lat' dir='ltr'><strong>separari</strong></span> <span class='ocrx_word' id='word_1_84' title='bbox 2697 1109 2962 1163; x_wconf 86' lang='lat' dir='ltr'><strong>debeant.</strong></span> 
     </span>
    </p>
   </div>
   <div class='ocr_carea' id='block_1_10' title="bbox 320 1195 3886 1254">
    <p class='ocr_par' dir='ltr' id='par_1_10' title="bbox 320 1195 3886 1254">
     <span class='ocr_line' id='line_1_10' title="bbox 320 1195 3886 1254; baseline -0.002 1"><span class='ocrx_word' id='word_1_85' title='bbox 320 1199 476 1254; x_wconf 92' lang='lat' dir='ltr'><strong>LXII.</strong></span> <span class='ocrx_word' id='word_1_86' title='bbox 511 1198 580 1251; x_wconf 88' lang='lat' dir='ltr'><strong>Ut</strong></span> <span class='ocrx_word' id='word_1_87' title='bbox 599 1213 797 1251; x_wconf 90' lang='lat' dir='ltr'><strong>omnes</strong></span> <span class='ocrx_word' id='word_1_88' title='bbox 820 1195 1130 1251; x_wconf 89' lang='lat' dir='ltr'><strong>Christiani</strong></span> <span class='ocrx_word' id='word_1_89' title='bbox 1183 1197 1254 1251; x_wconf 91' lang='lat' dir='ltr'><strong>ad</strong></span> <span class='ocrx_word' id='word_1_90' title='bbox 1305 1197 1807 1252; x_wconf 88' lang='lat' dir='ltr'><strong>conﬁrmationem</strong></span> <span class='ocrx_word' id='word_1_91' title='bbox 1858 1197 2023 1252; x_wconf 86' lang='lat' dir='ltr'><strong>festi-</strong></span> <span class='ocrx_word' id='word_1_92' title='bbox 2130 1195 2389 1250; x_wconf 86' lang='lat' dir='ltr'><strong>LXXXIV.</strong></span> <span class='ocrx_word' id='word_1_93' title='bbox 2431 1197 2497 1250; x_wconf 92' lang='lat' dir='ltr'><strong>Ut</strong></span> <span class='ocrx_word' id='word_1_94' title='bbox 2547 1197 2705 1250; x_wconf 91' lang='lat' dir='ltr'><strong>nulla</strong></span> <span class='ocrx_word' id='word_1_95' title='bbox 2748 1197 3077 1251; x_wconf 91' lang='lat' dir='ltr'><strong>communio</strong></span> <span class='ocrx_word' id='word_1_96' title='bbox 3121 1197 3193 1249; x_wconf 91' lang='lat' dir='ltr'><strong>sit</strong></span> <span class='ocrx_word' id='word_1_97' title='bbox 3241 1196 3494 1251; x_wconf 83' lang='lat' dir='ltr'><strong>Hebraeis</strong></span> <span class='ocrx_word' id='word_1_98' title='bbox 3537 1196 3606 1249; x_wconf 89' lang='lat' dir='ltr'><strong>ad</strong></span> <span class='ocrx_word' id='word_1_99' title='bbox 3660 1195 3886 1248; x_wconf 85' lang='lat' dir='ltr'><strong>ﬁdem</strong></span> 
     </span>
    </p>
   </div>
   <div class='ocr_carea' id='block_1_11' title="bbox 395 1282 3890 1352">
    <p class='ocr_par' dir='ltr' id='par_1_11' title="bbox 395 1282 3890 1352">
     <span class='ocr_line' id='line_1_11' title="bbox 395 1282 3890 1352; baseline -0.001 -12"><span class='ocrx_word' id='word_1_100' title='bbox 395 1291 553 1340; x_wconf 90' lang='lat' dir='ltr'><strong>nent.</strong></span> <span class='ocrx_word' id='word_1_101' title='bbox 2205 1284 2586 1338; x_wconf 87' lang='lat' dir='ltr'><strong>Christianam</strong></span> <span class='ocrx_word' id='word_1_102' title='bbox 2617 1285 2909 1339; x_wconf 86' lang='lat' dir='ltr'><strong>translatis</strong></span> <span class='ocrx_word' id='word_1_103' title='bbox 2962 1301 3090 1337; x_wconf 91' lang='lat' dir='ltr'><strong>cum</strong></span> <span class='ocrx_word' id='word_1_104' title='bbox 3148 1285 3276 1337; x_wconf 86' lang='lat' dir='ltr'><strong>aliis</strong></span> <span class='ocrx_word' id='word_1_105' title='bbox 3336 1285 3594 1337; x_wconf 90' lang='lat' dir='ltr'><strong>nondum</strong></span> <span class='ocrx_word' id='word_1_106' title='bbox 3654 1282 3890 1352; x_wconf 86' lang='lat' dir='ltr'><strong>bapti-</strong></span> 
     </span>
    </p>
   </div>
   <div class='ocr_carea' id='block_1_12' title="bbox 321 1370 2367 1443">
    <p class='ocr_par' dir='ltr' id='par_1_12' title="bbox 321 1370 2367 1443">
     <span class='ocr_line' id='line_1_12' title="bbox 321 1370 2367 1443; baseline -0.003 -13"><span class='ocrx_word' id='word_1_107' title='bbox 321 1376 508 1430; x_wconf 89' lang='lat' dir='ltr'><strong>LXIII.</strong></span> <span class='ocrx_word' id='word_1_108' title='bbox 542 1374 686 1428; x_wconf 88' lang='lat' dir='ltr'><strong>Item</strong></span> <span class='ocrx_word' id='word_1_109' title='bbox 719 1372 788 1426; x_wconf 90' lang='lat' dir='ltr'><strong>de</strong></span> <span class='ocrx_word' id='word_1_110' title='bbox 821 1388 1024 1426; x_wconf 91' lang='lat' dir='ltr'><strong>manus</strong></span> <span class='ocrx_word' id='word_1_111' title='bbox 1045 1371 1440 1443; x_wconf 90' lang='lat' dir='ltr'><strong>impositione.</strong></span> <span class='ocrx_word' id='word_1_112' title='bbox 2204 1370 2367 1424; x_wconf 84' lang='lat' dir='ltr'><strong>zatis.</strong></span> 
     </span>
    </p>
   </div>
   <div class='ocr_carea' id='block_1_13' title="bbox 321 1459 3366 1530">
    <p class='ocr_par' dir='ltr' id='par_1_13' title="bbox 321 1459 3366 1530">
     <span class='ocr_line' id='line_1_13' title="bbox 321 1459 3366 1530; baseline -0.002 -12"><span class='ocrx_word' id='word_1_113' title='bbox 321 1464 502 1518; x_wconf 88' lang='lat' dir='ltr'><strong>LXIV.</strong></span> <span class='ocrx_word' id='word_1_114' title='bbox 542 1463 682 1517; x_wconf 90' lang='lat' dir='ltr'><strong>[tem</strong></span> <span class='ocrx_word' id='word_1_115' title='bbox 714 1461 783 1514; x_wconf 92' lang='lat' dir='ltr'><strong>de</strong></span> <span class='ocrx_word' id='word_1_116' title='bbox 816 1460 1282 1515; x_wconf 91' lang='lat' dir='ltr'><strong>conﬁrmatione.</strong></span> <span class='ocrx_word' id='word_1_117' title='bbox 2136 1459 2373 1514; x_wconf 88' lang='lat' dir='ltr'><strong>LXXXV.</strong></span> <span class='ocrx_word' id='word_1_118' title='bbox 2416 1460 2493 1512; x_wconf 91' lang='lat' dir='ltr'><strong>De</strong></span> <span class='ocrx_word' id='word_1_119' title='bbox 2523 1459 2735 1514; x_wconf 62' lang='lat' dir='ltr'><strong>Judwis</strong></span> <span class='ocrx_word' id='word_1_120' title='bbox 2761 1460 2858 1530; x_wconf 85' lang='lat' dir='ltr'><strong>qui</strong></span> <span class='ocrx_word' id='word_1_121' title='bbox 2879 1463 3366 1529; x_wconf 88' lang='lat' dir='ltr'><strong>apostataverunt.</strong></span> 
     </span>
    </p>
   </div>
   <div class='ocr_carea' id='block_1_14' title="bbox 322 1547 3090 1620">
    <p class='ocr_par' dir='ltr' id='par_1_14' title="bbox 322 1547 3090 1620">
     <span class='ocr_line' id='line_1_14' title="bbox 322 1547 3090 1620; baseline -0.002 -15"><span class='ocrx_word' id='word_1_122' title='bbox 322 1552 476 1607; x_wconf 87' lang='lat' dir='ltr'><strong>LXV.</strong></span> <span class='ocrx_word' id='word_1_123' title='bbox 509 1550 672 1615; x_wconf 89' lang='lat' dir='ltr'><strong>Quod</strong></span> <span class='ocrx_word' id='word_1_124' title='bbox 703 1565 902 1603; x_wconf 90' lang='lat' dir='ltr'><strong>omnes</strong></span> <span class='ocrx_word' id='word_1_125' title='bbox 942 1550 1142 1603; x_wconf 88' lang='lat' dir='ltr'><strong>ﬁdeles</strong></span> <span class='ocrx_word' id='word_1_126' title='bbox 1186 1553 1416 1619; x_wconf 89' lang='lat' dir='ltr'><strong>accepto</strong></span> <span class='ocrx_word' id='word_1_127' title='bbox 1470 1548 1818 1620; x_wconf 88' lang='lat' dir='ltr'><strong>baptismate</strong></span> <span class='ocrx_word' id='word_1_128' title='bbox 1863 1547 2022 1601; x_wconf 88' lang='lat' dir='ltr'><strong>chri-</strong></span> <span class='ocrx_word' id='word_1_129' title='bbox 2135 1547 2394 1600; x_wconf 87' lang='lat' dir='ltr'><strong>LXXXVI.</strong></span> <span class='ocrx_word' id='word_1_130' title='bbox 2433 1548 2510 1601; x_wconf 89' lang='lat' dir='ltr'><strong>De</strong></span> <span class='ocrx_word' id='word_1_131' title='bbox 2539 1548 2864 1602; x_wconf 67' lang='lat' dir='ltr'><strong>Iudaeorum</strong></span> <span class='ocrx_word' id='word_1_132' title='bbox 2895 1547 3090 1600; x_wconf 90' lang='lat' dir='ltr'><strong>servis.</strong></span> 
     </span>
    </p>
   </div>
   <div class='ocr_carea' id='block_1_15' title="bbox 392 1633 3888 1708">
    <p class='ocr_par' dir='ltr' id='par_1_15' title="bbox 392 1633 3888 1708">
     <span class='ocr_line' id='line_1_15' title="bbox 392 1633 3888 1708; baseline -0.001 -18"><span class='ocrx_word' id='word_1_133' title='bbox 392 1654 515 1692; x_wconf 89' lang='lat' dir='ltr'><strong>sma</strong></span> <span class='ocrx_word' id='word_1_134' title='bbox 543 1638 770 1692; x_wconf 82' lang='lat' dir='ltr'><strong>cceleste</strong></span> <span class='ocrx_word' id='word_1_135' title='bbox 796 1637 1092 1708; x_wconf 87' lang='lat' dir='ltr'><strong>percipere</strong></span> <span class='ocrx_word' id='word_1_136' title='bbox 1118 1637 1382 1691; x_wconf 87' lang='lat' dir='ltr'><strong>debeant.</strong></span> <span class='ocrx_word' id='word_1_137' title='bbox 2134 1635 2419 1689; x_wconf 86' lang='lat' dir='ltr'><strong>LXXXVII.</strong></span> <span class='ocrx_word' id='word_1_138' title='bbox 2473 1636 2547 1688; x_wconf 91' lang='lat' dir='ltr'><strong>De</strong></span> <span class='ocrx_word' id='word_1_139' title='bbox 2621 1634 2923 1703; x_wconf 89' lang='lat' dir='ltr'><strong>mancipiis</strong></span> <span class='ocrx_word' id='word_1_140' title='bbox 2960 1634 3294 1690; x_wconf 71' lang='lat' dir='ltr'><strong>Iudaeorum</strong></span> <span class='ocrx_word' id='word_1_141' title='bbox 3345 1649 3473 1704; x_wconf 59' lang='lat' dir='ltr'><strong>quas</strong></span> <span class='ocrx_word' id='word_1_142' title='bbox 3533 1633 3605 1687; x_wconf 90' lang='lat' dir='ltr'><strong>ad</strong></span> <span class='ocrx_word' id='word_1_143' title='bbox 3654 1633 3888 1704; x_wconf 88' lang='lat' dir='ltr'><strong>bapti-</strong></span> 
     </span>
    </p>
   </div>
   <div class='ocr_carea' id='block_1_16' title="bbox 322 1723 2786 1796">
    <p class='ocr_par' dir='ltr' id='par_1_16' title="bbox 322 1723 2786 1796">
     <span class='ocr_line' id='line_1_16' title="bbox 322 1723 2786 1796; baseline -0.002 -15"><span class='ocrx_word' id='word_1_144' title='bbox 322 1727 502 1782; x_wconf 87' lang='lat' dir='ltr'><strong>LXVI.</strong></span> <span class='ocrx_word' id='word_1_145' title='bbox 552 1727 622 1780; x_wconf 92' lang='lat' dir='ltr'><strong>Ut</strong></span> <span class='ocrx_word' id='word_1_146' title='bbox 662 1742 860 1780; x_wconf 91' lang='lat' dir='ltr'><strong>omnes</strong></span> <span class='ocrx_word' id='word_1_147' title='bbox 919 1725 1103 1780; x_wconf 87' lang='lat' dir='ltr'><strong>renati</strong></span> <span class='ocrx_word' id='word_1_148' title='bbox 1166 1725 1326 1779; x_wconf 90' lang='lat' dir='ltr'><strong>fonte</strong></span> <span class='ocrx_word' id='word_1_149' title='bbox 1376 1724 1755 1796; x_wconf 86' lang='lat' dir='ltr'><strong>baptismatis,</strong></span> <span class='ocrx_word' id='word_1_150' title='bbox 1807 1723 2022 1777; x_wconf 91' lang='lat' dir='ltr'><strong>donum</strong></span> <span class='ocrx_word' id='word_1_151' title='bbox 2059 1771 2096 1796; x_wconf 60' lang='grc' dir='ltr'><strong>Β</strong></span> <span class='ocrx_word' id='word_1_152' title='bbox 2207 1739 2396 1776; x_wconf 90' lang='lat' dir='ltr'><strong>smum</strong></span> <span class='ocrx_word' id='word_1_153' title='bbox 2427 1723 2786 1792; x_wconf 79' lang='lat' dir='ltr'><strong>confugiunt.</strong></span> 
     </span>
    </p>
   </div>
   <div class='ocr_carea' id='block_1_17' title="bbox 393 1810 3878 1885">
    <p class='ocr_par' dir='ltr' id='par_1_17' title="bbox 393 1810 3878 1885">
     <span class='ocr_line' id='line_1_17' title="bbox 393 1810 3878 1885; baseline -0.002 -16"><span class='ocrx_word' id='word_1_154' title='bbox 393 1815 572 1869; x_wconf 89' lang='lat' dir='ltr'><strong>sancti</strong></span> <span class='ocrx_word' id='word_1_155' title='bbox 599 1815 845 1885; x_wconf 88' lang='lat' dir='ltr'><strong>Spiritus</strong></span> <span class='ocrx_word' id='word_1_156' title='bbox 873 1830 978 1884; x_wconf 91' lang='lat' dir='ltr'><strong>per</strong></span> <span class='ocrx_word' id='word_1_157' title='bbox 1026 1830 1232 1868; x_wconf 90' lang='lat' dir='ltr'><strong>manus</strong></span> <span class='ocrx_word' id='word_1_158' title='bbox 1287 1814 1717 1884; x_wconf 88' lang='lat' dir='ltr'><strong>impositionem</strong></span> <span class='ocrx_word' id='word_1_159' title='bbox 1763 1811 2022 1882; x_wconf 89' lang='lat' dir='ltr'><strong>accipere</strong></span> <span class='ocrx_word' id='word_1_160' title='bbox 2057 1810 2098 1825; x_wconf 82' lang='grc'><em>“’</em></span> <span class='ocrx_word' id='word_1_161' title='bbox 2138 1812 2452 1867; x_wconf 83' lang='lat' dir='ltr'><strong>LXXXVIII.</strong></span> <span class='ocrx_word' id='word_1_162' title='bbox 2484 1813 2629 1867; x_wconf 91' lang='lat' dir='ltr'><strong>Item</strong></span> <span class='ocrx_word' id='word_1_163' title='bbox 2655 1813 2725 1866; x_wconf 92' lang='lat' dir='ltr'><strong>de</strong></span> <span class='ocrx_word' id='word_1_164' title='bbox 2773 1811 3076 1882; x_wconf 86' lang='lat' dir='ltr'><strong>mancipiis</strong></span> <span class='ocrx_word' id='word_1_165' title='bbox 3117 1811 3471 1878; x_wconf 67' lang='lat' dir='ltr'><strong>Iudaeorum,</strong></span> <span class='ocrx_word' id='word_1_166' title='bbox 3523 1815 3620 1865; x_wconf 89' lang='lat' dir='ltr'><strong>aut</strong></span> <span class='ocrx_word' id='word_1_167' title='bbox 3671 1810 3878 1865; x_wconf 88' lang='lat' dir='ltr'><strong>Chri-</strong></span> 
     </span>
    </p>
   </div>
   <div class='ocr_carea' id='block_1_18' title="bbox 395 1899 3876 1966">
    <p class='ocr_par' dir='ltr' id='par_1_18' title="bbox 395 1899 3876 1966">
     <span class='ocr_line' id='line_1_18' title="bbox 395 1899 3876 1966; baseline -0.001 -9"><span class='ocrx_word' id='word_1_168' title='bbox 395 1905 664 1958; x_wconf 90' lang='lat' dir='ltr'><strong>debeant.</strong></span> <span class='ocrx_word' id='word_1_169' title='bbox 2202 1900 2421 1966; x_wconf 88' lang='lat' dir='ltr'><strong>stianis,</strong></span> <span class='ocrx_word' id='word_1_170' title='bbox 2455 1906 2556 1954; x_wconf 90' lang='lat' dir='ltr'><strong>aut</strong></span> <span class='ocrx_word' id='word_1_171' title='bbox 2585 1900 2656 1954; x_wconf 91' lang='lat' dir='ltr'><strong>ad</strong></span> <span class='ocrx_word' id='word_1_172' title='bbox 2712 1900 2886 1955; x_wconf 89' lang='lat' dir='ltr'><strong>ﬁdem</strong></span> <span class='ocrx_word' id='word_1_173' title='bbox 2931 1899 3316 1956; x_wconf 86' lang='lat' dir='ltr'><strong>Christianam</strong></span> <span class='ocrx_word' id='word_1_174' title='bbox 3370 1899 3563 1952; x_wconf 83' lang='lat' dir='ltr'><strong>venire</strong></span> <span class='ocrx_word' id='word_1_175' title='bbox 3607 1899 3876 1953; x_wconf 88' lang='lat' dir='ltr'><strong>deside-</strong></span> 
     </span>
    </p>
   </div>
   <div class='ocr_carea' id='block_1_19' title="bbox 324 1987 2481 2061">
    <p class='ocr_par' dir='ltr' id='par_1_19' title="bbox 324 1987 2481 2061">
     <span class='ocr_line' id='line_1_19' title="bbox 324 1987 2481 2061; baseline -0.002 -14"><span class='ocrx_word' id='word_1_176' title='bbox 324 1992 531 2047; x_wconf 86' lang='lat' dir='ltr'><strong>LXVII.</strong></span> <span class='ocrx_word' id='word_1_177' title='bbox 581 1992 651 2046; x_wconf 92' lang='lat' dir='ltr'><strong>Ut</strong></span> <span class='ocrx_word' id='word_1_178' title='bbox 701 1989 956 2061; x_wconf 88' lang='lat' dir='ltr'><strong>episcopi</strong></span> <span class='ocrx_word' id='word_1_179' title='bbox 1002 2005 1123 2043; x_wconf 92' lang='lat' dir='ltr'><strong>non</strong></span> <span class='ocrx_word' id='word_1_180' title='bbox 1169 1989 1277 2042; x_wconf 91' lang='lat' dir='ltr'><strong>nisi</strong></span> <span class='ocrx_word' id='word_1_181' title='bbox 1317 1988 1505 2058; x_wconf 85' lang='lat' dir='ltr'><strong>jejuni</strong></span> <span class='ocrx_word' id='word_1_182' title='bbox 1552 1987 2024 2042; x_wconf 87' lang='lat' dir='ltr'><strong>conﬁrmationes</strong></span> <span class='ocrx_word' id='word_1_183' title='bbox 2201 1988 2481 2042; x_wconf 90' lang='lat' dir='ltr'><strong>rantibus.</strong></span> 
     </span>
    </p>
   </div>
   <div class='ocr_carea' id='block_1_20' title="bbox 397 2074 3870 2150">
    <p class='ocr_par' dir='ltr' id='par_1_20' title="bbox 397 2074 3870 2150">
     <span class='ocr_line' id='line_1_20' title="bbox 397 2074 3870 2150; baseline -0.002 -15"><span class='ocrx_word' id='word_1_184' title='bbox 397 2081 626 2147; x_wconf 81' lang='lat' dir='ltr'><strong>faciant,</strong></span> <span class='ocrx_word' id='word_1_185' title='bbox 661 2086 892 2150; x_wconf 82' lang='lat' dir='ltr'><strong>excepta</strong></span> <span class='ocrx_word' id='word_1_186' title='bbox 921 2095 1089 2132; x_wconf 90' lang='lat' dir='ltr'><strong>causa</strong></span> <span class='ocrx_word' id='word_1_187' title='bbox 1118 2077 1486 2132; x_wconf 89' lang='lat' dir='ltr'><strong>inﬁrmitatis.</strong></span> <span class='ocrx_word' id='word_1_188' title='bbox 2136 2077 2390 2132; x_wconf 88' lang='lat' dir='ltr'><strong>LXXXIX.</strong></span> <span class='ocrx_word' id='word_1_189' title='bbox 2427 2077 2503 2130; x_wconf 91' lang='lat' dir='ltr'><strong>De</strong></span> <span class='ocrx_word' id='word_1_190' title='bbox 2537 2077 2652 2130; x_wconf 92' lang='lat' dir='ltr'><strong>illis</strong></span> <span class='ocrx_word' id='word_1_191' title='bbox 2683 2076 2783 2148; x_wconf 88' lang='lat' dir='ltr'><strong>qui</strong></span> <span class='ocrx_word' id='word_1_192' title='bbox 2829 2076 2899 2130; x_wconf 90' lang='lat' dir='ltr'><strong>de</strong></span> <span class='ocrx_word' id='word_1_193' title='bbox 2941 2076 3147 2130; x_wconf 75' lang='lat' dir='ltr'><strong>haeresi</strong></span> <span class='ocrx_word' id='word_1_194' title='bbox 3199 2077 3267 2130; x_wconf 88' lang='lat' dir='ltr'><strong>ad</strong></span> <span class='ocrx_word' id='word_1_195' title='bbox 3295 2076 3469 2130; x_wconf 85' lang='lat' dir='ltr'><strong>ﬁdem</strong></span> <span class='ocrx_word' id='word_1_196' title='bbox 3498 2074 3698 2128; x_wconf 88' lang='lat' dir='ltr'><strong>venire</strong></span> <span class='ocrx_word' id='word_1_197' title='bbox 3734 2075 3870 2129; x_wconf 86' lang='lat' dir='ltr'><strong>de-</strong></span> 
     </span>
    </p>
   </div>
   <div class='ocr_carea' id='block_1_21' title="bbox 328 2162 2480 2238">
    <p class='ocr_par' dir='ltr' id='par_1_21' title="bbox 328 2162 2480 2238">
     <span class='ocr_line' id='line_1_21' title="bbox 328 2162 2480 2238; baseline -0.003 -12"><span class='ocrx_word' id='word_1_198' title='bbox 328 2170 562 2226; x_wconf 86' lang='lat' dir='ltr'><strong>LXVIII.</strong></span> <span class='ocrx_word' id='word_1_199' title='bbox 600 2170 670 2223; x_wconf 92' lang='lat' dir='ltr'><strong>Ut</strong></span> <span class='ocrx_word' id='word_1_200' title='bbox 713 2167 994 2238; x_wconf 89' lang='lat' dir='ltr'><strong>episcopis</strong></span> <span class='ocrx_word' id='word_1_201' title='bbox 1023 2167 1083 2220; x_wconf 92' lang='lat' dir='ltr'><strong>in</strong></span> <span class='ocrx_word' id='word_1_202' title='bbox 1109 2182 1333 2235; x_wconf 88' lang='lat' dir='ltr'><strong>campo,</strong></span> <span class='ocrx_word' id='word_1_203' title='bbox 1378 2165 1425 2219; x_wconf 93' lang='lat' dir='ltr'><strong>si</strong></span> <span class='ocrx_word' id='word_1_204' title='bbox 1465 2179 1694 2218; x_wconf 90' lang='lat' dir='ltr'><strong>necesse</strong></span> <span class='ocrx_word' id='word_1_205' title='bbox 1743 2163 1836 2230; x_wconf 87' lang='lat' dir='ltr'><strong>sit,</strong></span> <span class='ocrx_word' id='word_1_206' title='bbox 1861 2162 2026 2217; x_wconf 88' lang='lat' dir='ltr'><strong>liceat</strong></span> <span class='ocrx_word' id='word_1_207' title='bbox 2204 2165 2480 2220; x_wconf 90' lang='lat' dir='ltr'><strong>siderant.</strong></span> 
     </span>
    </p>
   </div>
   <div class='ocr_carea' id='block_1_22' title="bbox 398 2251 3870 2324">
    <p class='ocr_par' dir='ltr' id='par_1_22' title="bbox 398 2251 3870 2324">
     <span class='ocr_line' id='line_1_22' title="bbox 398 2251 3870 2324; baseline -0.001 -14"><span class='ocrx_word' id='word_1_208' title='bbox 398 2257 740 2312; x_wconf 88' lang='lat' dir='ltr'><strong>conﬁrmare</strong></span> <span class='ocrx_word' id='word_1_209' title='bbox 774 2271 785 2308; x_wconf 92' lang='lat'>:</span> <span class='ocrx_word' id='word_1_210' title='bbox 844 2254 1050 2308; x_wconf 90' lang='lat' dir='ltr'><strong>melius</strong></span> <span class='ocrx_word' id='word_1_211' title='bbox 1091 2259 1176 2307; x_wconf 91' lang='lat' dir='ltr'><strong>est</strong></span> <span class='ocrx_word' id='word_1_212' title='bbox 1225 2259 1416 2307; x_wconf 90' lang='lat' dir='ltr'><strong>autem</strong></span> <span class='ocrx_word' id='word_1_213' title='bbox 1468 2253 1530 2306; x_wconf 94' lang='lat' dir='ltr'><strong>in</strong></span> <span class='ocrx_word' id='word_1_214' title='bbox 1560 2251 1796 2306; x_wconf 85' lang='lat' dir='ltr'><strong>ecclesia</strong></span> <span class='ocrx_word' id='word_1_215' title='bbox 1837 2256 1938 2306; x_wconf 89' lang='lat' dir='ltr'><strong>aut</strong></span> <span class='ocrx_word' id='word_1_216' title='bbox 1966 2251 2027 2306; x_wconf 90' lang='lat' dir='ltr'><strong>in</strong></span> <span class='ocrx_word' id='word_1_217' title='bbox 2131 2255 2233 2308; x_wconf 90' lang='lat' dir='ltr'><strong>XC.</strong></span> <span class='ocrx_word' id='word_1_218' title='bbox 2273 2255 2349 2307; x_wconf 91' lang='lat' dir='ltr'><strong>De</strong></span> <span class='ocrx_word' id='word_1_219' title='bbox 2380 2254 2614 2320; x_wconf 67' lang='lat' dir='ltr'><strong>Judmis,</strong></span> <span class='ocrx_word' id='word_1_220' title='bbox 2647 2253 2694 2307; x_wconf 91' lang='lat' dir='ltr'><strong>si</strong></span> <span class='ocrx_word' id='word_1_221' title='bbox 2747 2253 3136 2308; x_wconf 90' lang='lat' dir='ltr'><strong>Christianum</strong></span> <span class='ocrx_word' id='word_1_222' title='bbox 3176 2253 3531 2324; x_wconf 84' lang='lat' dir='ltr'><strong>mancipium</strong></span> <span class='ocrx_word' id='word_1_223' title='bbox 3590 2252 3870 2306; x_wconf 87' lang='lat' dir='ltr'><strong>circum-</strong></span> 
     </span>
    </p>
   </div>
   <div class='ocr_carea' id='block_1_23' title="bbox 401 2342 2471 2398">
    <p class='ocr_par' dir='ltr' id='par_1_23' title="bbox 401 2342 2471 2398">
     <span class='ocr_line' id='line_1_23' title="bbox 401 2342 2471 2398; baseline -0.001 0"><span class='ocrx_word' id='word_1_224' title='bbox 401 2345 548 2398; x_wconf 88' lang='lat' dir='ltr'><strong>atrio</strong></span> <span class='ocrx_word' id='word_1_225' title='bbox 581 2343 854 2397; x_wconf 65' lang='lat' dir='ltr'><strong>ecclesiae.</strong></span> <span class='ocrx_word' id='word_1_226' title='bbox 2206 2342 2471 2396; x_wconf 89' lang='lat' dir='ltr'><strong>ciderint.</strong></span> 
     </span>
    </p>
   </div>
   <div class='ocr_carea' id='block_1_24' title="bbox 332 2427 3868 2502">
    <p class='ocr_par' dir='ltr' id='par_1_24' title="bbox 332 2427 3868 2502">
     <span class='ocr_line' id='line_1_24' title="bbox 332 2427 3868 2502; baseline -0.001 -16"><span class='ocrx_word' id='word_1_227' title='bbox 332 2432 520 2487; x_wconf 89' lang='lat' dir='ltr'><strong>LXIX.</strong></span> <span class='ocrx_word' id='word_1_228' title='bbox 576 2431 644 2485; x_wconf 90' lang='lat' dir='ltr'><strong>Ut</strong></span> <span class='ocrx_word' id='word_1_229' title='bbox 693 2447 728 2483; x_wconf 88' lang='lat' dir='ltr'><strong>a</strong></span> <span class='ocrx_word' id='word_1_230' title='bbox 785 2429 918 2483; x_wconf 89' lang='lat' dir='ltr'><strong>solis</strong></span> <span class='ocrx_word' id='word_1_231' title='bbox 979 2429 1263 2500; x_wconf 84' lang='lat' dir='ltr'><strong>episcopis</strong></span> <span class='ocrx_word' id='word_1_232' title='bbox 1341 2427 1612 2499; x_wconf 90' lang='lat' dir='ltr'><strong>baptizati</strong></span> <span class='ocrx_word' id='word_1_233' title='bbox 1655 2427 1790 2494; x_wconf 90' lang='lat' dir='ltr'><strong>sint,</strong></span> <span class='ocrx_word' id='word_1_234' title='bbox 1839 2428 2028 2482; x_wconf 91' lang='lat' dir='ltr'><strong>consi-</strong></span> <span class='ocrx_word' id='word_1_235' title='bbox 2133 2431 2263 2486; x_wconf 85' lang='lat' dir='ltr'><strong>XCI.</strong></span> <span class='ocrx_word' id='word_1_236' title='bbox 2361 2430 2506 2495; x_wconf 90' lang='lat' dir='ltr'><strong>Quid</strong></span> <span class='ocrx_word' id='word_1_237' title='bbox 2563 2436 2792 2486; x_wconf 91' lang='lat' dir='ltr'><strong>sanctus</strong></span> <span class='ocrx_word' id='word_1_238' title='bbox 2849 2431 3153 2502; x_wconf 79' lang='lat' dir='ltr'><strong>Gregorius</strong></span> <span class='ocrx_word' id='word_1_239' title='bbox 3217 2431 3286 2484; x_wconf 93' lang='lat' dir='ltr'><strong>de</strong></span> <span class='ocrx_word' id='word_1_240' title='bbox 3357 2429 3566 2485; x_wconf 75' lang='lat' dir='ltr'><strong>Iudaeis</strong></span> <span class='ocrx_word' id='word_1_241' title='bbox 3620 2446 3868 2500; x_wconf 64' lang='lat' dir='ltr'><strong>praece-</strong></span> 
     </span>
    </p>
   </div>
   <div class='ocr_carea' id='block_1_25' title="bbox 403 2517 2376 2590">
    <p class='ocr_par' dir='ltr' id='par_1_25' title="bbox 403 2517 2376 2590">
     <span class='ocr_line' id='line_1_25' title="bbox 403 2517 2376 2590; baseline 0 -18"><span class='ocrx_word' id='word_1_242' title='bbox 403 2517 640 2590; x_wconf 81' lang='lat' dir='ltr'><strong>gnandi.</strong></span> <span class='ocrx_word' id='word_1_243' title='bbox 2207 2519 2376 2589; x_wconf 89' lang='lat' dir='ltr'><strong>perit.</strong></span> 
     </span>
    </p>
   </div>
   <div class='ocr_carea' id='block_1_26' title="bbox 335 2604 3871 2679">
    <p class='ocr_par' dir='ltr' id='par_1_26' title="bbox 335 2604 3871 2679">
     <span class='ocr_line' id='line_1_26' title="bbox 335 2604 3871 2679; baseline -0.001 -17"><span class='ocrx_word' id='word_1_244' title='bbox 335 2607 494 2662; x_wconf 88' lang='lat' dir='ltr'><strong>LXX.</strong></span> <span class='ocrx_word' id='word_1_245' title='bbox 555 2607 625 2660; x_wconf 94' lang='lat' dir='ltr'><strong>Ut</strong></span> <span class='ocrx_word' id='word_1_246' title='bbox 665 2605 985 2676; x_wconf 83' lang='lat' dir='ltr'><strong>presbyteri</strong></span> <span class='ocrx_word' id='word_1_247' title='bbox 1055 2605 1372 2674; x_wconf 87' lang='lat' dir='ltr'><strong>baptizatos</strong></span> <span class='ocrx_word' id='word_1_248' title='bbox 1417 2605 1479 2659; x_wconf 93' lang='lat' dir='ltr'><strong>in</strong></span> <span class='ocrx_word' id='word_1_249' title='bbox 1546 2604 1832 2659; x_wconf 87' lang='lat' dir='ltr'><strong>frontibus</strong></span> <span class='ocrx_word' id='word_1_250' title='bbox 1880 2604 2032 2658; x_wconf 89' lang='lat' dir='ltr'><strong>chri—</strong></span> <span class='ocrx_word' id='word_1_251' title='bbox 2136 2607 2290 2662; x_wconf 87' lang='lat' dir='ltr'><strong>XCII.</strong></span> <span class='ocrx_word' id='word_1_252' title='bbox 2328 2608 2406 2660; x_wconf 89' lang='lat' dir='ltr'><strong>De</strong></span> <span class='ocrx_word' id='word_1_253' title='bbox 2455 2606 2569 2661; x_wconf 91' lang='lat' dir='ltr'><strong>illis</strong></span> <span class='ocrx_word' id='word_1_254' title='bbox 2623 2607 2925 2679; x_wconf 88' lang='lat' dir='ltr'><strong>baptizatis</strong></span> <span class='ocrx_word' id='word_1_255' title='bbox 2981 2607 3081 2678; x_wconf 89' lang='lat' dir='ltr'><strong>qui</strong></span> <span class='ocrx_word' id='word_1_256' title='bbox 3112 2623 3217 2677; x_wconf 92' lang='lat' dir='ltr'><strong>pro</strong></span> <span class='ocrx_word' id='word_1_257' title='bbox 3267 2606 3521 2678; x_wconf 89' lang='lat' dir='ltr'><strong>periculo</strong></span> <span class='ocrx_word' id='word_1_258' title='bbox 3567 2605 3780 2660; x_wconf 89' lang='lat' dir='ltr'><strong>mortis</strong></span> <span class='ocrx_word' id='word_1_259' title='bbox 3831 2624 3871 2658; x_wconf 84' lang='lat' dir='ltr'><strong>a</strong></span> 
     </span>
    </p>
   </div>
   <div class='ocr_carea' id='block_1_27' title="bbox 404 2694 3109 2766">
    <p class='ocr_par' dir='ltr' id='par_1_27' title="bbox 404 2694 3109 2766">
     <span class='ocr_line' id='line_1_27' title="bbox 404 2694 3109 2766; baseline 0 -17"><span class='ocrx_word' id='word_1_260' title='bbox 404 2700 584 2749; x_wconf 87' lang='lat' dir='ltr'><strong>smate</strong></span> <span class='ocrx_word' id='word_1_261' title='bbox 618 2694 847 2765; x_wconf 82' lang='lat' dir='ltr'><strong>signare</strong></span> <span class='ocrx_word' id='word_1_262' title='bbox 872 2710 991 2748; x_wconf 93' lang='lat' dir='ltr'><strong>non</strong></span> <span class='ocrx_word' id='word_1_263' title='bbox 1022 2694 1290 2748; x_wconf 88' lang='lat' dir='ltr'><strong>audeant.</strong></span> <span class='ocrx_word' id='word_1_264' title='bbox 2211 2695 2542 2749; x_wconf 90' lang='lat' dir='ltr'><strong>diaconibus</strong></span> <span class='ocrx_word' id='word_1_265' title='bbox 2572 2696 2848 2766; x_wconf 88' lang='lat' dir='ltr'><strong>baptizati</strong></span> <span class='ocrx_word' id='word_1_266' title='bbox 2878 2697 3109 2750; x_wconf 87' lang='lat' dir='ltr'><strong>fuerint.</strong></span> 
     </span>
    </p>
   </div>
   <div class='ocr_carea' id='block_1_28' title="bbox 337 2779 3874 2855">
    <p class='ocr_par' dir='ltr' id='par_1_28' title="bbox 337 2779 3874 2855">
     <span class='ocr_line' id='line_1_28' title="bbox 337 2779 3874 2855; baseline -0.001 -17"><span class='ocrx_word' id='word_1_267' title='bbox 337 2784 512 2838; x_wconf 85' lang='lat' dir='ltr'><strong>LXXI.</strong></span> <span class='ocrx_word' id='word_1_268' title='bbox 579 2784 658 2837; x_wconf 93' lang='lat' dir='ltr'><strong>De</strong></span> <span class='ocrx_word' id='word_1_269' title='bbox 710 2782 1057 2853; x_wconf 83' lang='lat' dir='ltr'><strong>presbyteris</strong></span> <span class='ocrx_word' id='word_1_270' title='bbox 1125 2782 1226 2852; x_wconf 87' lang='lat' dir='ltr'><strong>qui</strong></span> <span class='ocrx_word' id='word_1_271' title='bbox 1277 2797 1379 2852; x_wconf 89' lang='lat' dir='ltr'><strong>pro</strong></span> <span class='ocrx_word' id='word_1_272' title='bbox 1447 2779 1789 2850; x_wconf 89' lang='lat' dir='ltr'><strong>baptismate</strong></span> <span class='ocrx_word' id='word_1_273' title='bbox 1845 2779 2032 2851; x_wconf 89' lang='lat' dir='ltr'><strong>pretia</strong></span> <span class='ocrx_word' id='word_1_274' title='bbox 2139 2783 2324 2840; x_wconf 88' lang='lat' dir='ltr'><strong>XCIII.</strong></span> <span class='ocrx_word' id='word_1_275' title='bbox 2364 2785 2440 2837; x_wconf 92' lang='lat' dir='ltr'><strong>De</strong></span> <span class='ocrx_word' id='word_1_276' title='bbox 2469 2783 2583 2836; x_wconf 89' lang='lat' dir='ltr'><strong>illis</strong></span> <span class='ocrx_word' id='word_1_277' title='bbox 2614 2785 2714 2854; x_wconf 89' lang='lat' dir='ltr'><strong>qui</strong></span> <span class='ocrx_word' id='word_1_278' title='bbox 2761 2784 3124 2855; x_wconf 87' lang='lat' dir='ltr'><strong>presbyteros</strong></span> <span class='ocrx_word' id='word_1_279' title='bbox 3165 2788 3379 2853; x_wconf 84' lang='lat' dir='ltr'><strong>cogunt</strong></span> <span class='ocrx_word' id='word_1_280' title='bbox 3423 2783 3689 2837; x_wconf 89' lang='lat' dir='ltr'><strong>denarios</strong></span> <span class='ocrx_word' id='word_1_281' title='bbox 3739 2799 3874 2853; x_wconf 87' lang='lat' dir='ltr'><strong>pro</strong></span> 
     </span>
    </p>
   </div>
   <div class='ocr_carea' id='block_1_29' title="bbox 404 2872 2663 2942">
    <p class='ocr_par' dir='ltr' id='par_1_29' title="bbox 404 2872 2663 2942">
     <span class='ocr_line' id='line_1_29' title="bbox 404 2872 2663 2942; baseline 0 -17"><span class='ocrx_word' id='word_1_282' title='bbox 404 2872 724 2942; x_wconf 89' lang='lat' dir='ltr'><strong>requirunt.</strong></span> <span class='ocrx_word' id='word_1_283' title='bbox 2213 2872 2475 2926; x_wconf 90' lang='lat' dir='ltr'><strong>balsamo</strong></span> <span class='ocrx_word' id='word_1_284' title='bbox 2508 2873 2663 2926; x_wconf 90' lang='lat' dir='ltr'><strong>dare.</strong></span> 
     </span>
    </p>
   </div>
   <div class='ocr_carea' id='block_1_30' title="bbox 337 2955 3035 3030">
    <p class='ocr_par' dir='ltr' id='par_1_30' title="bbox 337 2955 3035 3030">
     <span class='ocr_line' id='line_1_30' title="bbox 337 2955 3035 3030; baseline -0.001 -18"><span class='ocrx_word' id='word_1_285' title='bbox 337 2959 536 3014; x_wconf 89' lang='lat' dir='ltr'><strong>LXXII.</strong></span> <span class='ocrx_word' id='word_1_286' title='bbox 577 2960 655 3013; x_wconf 91' lang='lat' dir='ltr'><strong>De</strong></span> <span class='ocrx_word' id='word_1_287' title='bbox 709 2958 1055 3030; x_wconf 90' lang='lat' dir='ltr'><strong>presbyteris</strong></span> <span class='ocrx_word' id='word_1_288' title='bbox 1101 2959 1204 3029; x_wconf 90' lang='lat' dir='ltr'><strong>qui</strong></span> <span class='ocrx_word' id='word_1_289' title='bbox 1254 2957 1431 3011; x_wconf 89' lang='lat' dir='ltr'><strong>veteri</strong></span> <span class='ocrx_word' id='word_1_290' title='bbox 1481 2955 1788 3010; x_wconf 86' lang='lat' dir='ltr'><strong>chrismate</strong></span> <span class='ocrx_word' id='word_1_291' title='bbox 1844 2955 2028 3028; x_wconf 91' lang='lat' dir='ltr'><strong>bapti-</strong></span> <span class='ocrx_word' id='word_1_292' title='bbox 2146 2961 2318 3016; x_wconf 83' lang='lat' dir='ltr'><strong>XCIV.</strong></span> <span class='ocrx_word' id='word_1_293' title='bbox 2355 2961 2434 3014; x_wconf 88' lang='lat' dir='ltr'><strong>De</strong></span> <span class='ocrx_word' id='word_1_294' title='bbox 2464 2959 2789 3014; x_wconf 82' lang='lat' dir='ltr'><strong>chrismatis</strong></span> <span class='ocrx_word' id='word_1_295' title='bbox 2818 2975 3035 3030; x_wconf 82' lang='lat' dir='ltr'><strong>panno.</strong></span> 
     </span>
    </p>
   </div>
   <div class='ocr_carea' id='block_1_31' title="bbox 407 3047 3873 3120">
    <p class='ocr_par' dir='ltr' id='par_1_31' title="bbox 407 3047 3873 3120">
     <span class='ocr_line' id='line_1_31' title="bbox 407 3047 3873 3120; baseline -0.001 -18"><span class='ocrx_word' id='word_1_296' title='bbox 407 3065 535 3103; x_wconf 89' lang='lat' dir='ltr'><strong>zare</strong></span> <span class='ocrx_word' id='word_1_297' title='bbox 566 3054 948 3120; x_wconf 63' lang='lat' dir='ltr'><strong>praasumunt.</strong></span> <span class='ocrx_word' id='word_1_298' title='bbox 2068 3047 2108 3102; x_wconf 93' lang='lat' dir='ltr'><strong>C</strong></span> <span class='ocrx_word' id='word_1_299' title='bbox 2145 3051 2295 3104; x_wconf 92' lang='lat' dir='ltr'><strong>XCV.</strong></span> <span class='ocrx_word' id='word_1_300' title='bbox 2328 3049 2492 3112; x_wconf 86' lang='lat' dir='ltr'><strong>Quod</strong></span> <span class='ocrx_word' id='word_1_301' title='bbox 2532 3049 2927 3102; x_wconf 88' lang='lat' dir='ltr'><strong>catechumeni</strong></span> <span class='ocrx_word' id='word_1_302' title='bbox 2973 3063 3104 3101; x_wconf 92' lang='lat' dir='ltr'><strong>cum</strong></span> <span class='ocrx_word' id='word_1_303' title='bbox 3146 3047 3446 3117; x_wconf 89' lang='lat' dir='ltr'><strong>baptizatis</strong></span> <span class='ocrx_word' id='word_1_304' title='bbox 3499 3047 3873 3100; x_wconf 88' lang='lat' dir='ltr'><strong>manducare</strong></span> 
     </span>
    </p>
   </div>
   <div class='ocr_carea' id='block_1_32' title="bbox 339 3134 2628 3208">
    <p class='ocr_par' dir='ltr' id='par_1_32' title="bbox 339 3134 2628 3208">
     <span class='ocr_line' id='line_1_32' title="bbox 339 3134 2628 3208; baseline -0.002 -15"><span class='ocrx_word' id='word_1_305' title='bbox 339 3138 558 3193; x_wconf 88' lang='lat' dir='ltr'><strong>LXXIII.</strong></span> <span class='ocrx_word' id='word_1_306' title='bbox 624 3140 693 3192; x_wconf 92' lang='lat' dir='ltr'><strong>Ut</strong></span> <span class='ocrx_word' id='word_1_307' title='bbox 743 3138 1040 3208; x_wconf 86' lang='lat' dir='ltr'><strong>presbyter</strong></span> <span class='ocrx_word' id='word_1_308' title='bbox 1093 3137 1152 3190; x_wconf 91' lang='lat' dir='ltr'><strong>in</strong></span> <span class='ocrx_word' id='word_1_309' title='bbox 1207 3152 1310 3189; x_wconf 90' lang='lat' dir='ltr'><strong>sua</strong></span> <span class='ocrx_word' id='word_1_310' title='bbox 1358 3135 1525 3206; x_wconf 89' lang='lat' dir='ltr'><strong>plebe</strong></span> <span class='ocrx_word' id='word_1_311' title='bbox 1580 3134 1701 3190; x_wconf 85' lang='lat' dir='ltr'><strong>sine</strong></span> <span class='ocrx_word' id='word_1_312' title='bbox 1730 3134 2034 3190; x_wconf 88' lang='lat' dir='ltr'><strong>chrismate</strong></span> <span class='ocrx_word' id='word_1_313' title='bbox 2217 3152 2336 3189; x_wconf 91' lang='lat' dir='ltr'><strong>non</strong></span> <span class='ocrx_word' id='word_1_314' title='bbox 2364 3137 2628 3190; x_wconf 86' lang='lat' dir='ltr'><strong>debeant.</strong></span> 
     </span>
    </p>
   </div>
   <div class='ocr_carea' id='block_1_33' title="bbox 407 3222 3054 3280">
    <p class='ocr_par' dir='ltr' id='par_1_33' title="bbox 407 3222 3054 3280">
     <span class='ocr_line' id='line_1_33' title="bbox 407 3222 3054 3280; baseline -0.002 -1"><span class='ocrx_word' id='word_1_315' title='bbox 407 3226 490 3280; x_wconf 89' lang='lat' dir='ltr'><strong>ire</strong></span> <span class='ocrx_word' id='word_1_316' title='bbox 519 3242 640 3280; x_wconf 95' lang='lat' dir='ltr'><strong>non</strong></span> <span class='ocrx_word' id='word_1_317' title='bbox 669 3226 891 3280; x_wconf 90' lang='lat' dir='ltr'><strong>debeat.</strong></span> <span class='ocrx_word' id='word_1_318' title='bbox 2142 3225 2316 3280; x_wconf 91' lang='lat' dir='ltr'><strong>XCVI.</strong></span> <span class='ocrx_word' id='word_1_319' title='bbox 2353 3225 2429 3278; x_wconf 91' lang='lat' dir='ltr'><strong>De</strong></span> <span class='ocrx_word' id='word_1_320' title='bbox 2465 3223 2741 3277; x_wconf 90' lang='lat' dir='ltr'><strong>scrutinio</strong></span> <span class='ocrx_word' id='word_1_321' title='bbox 2773 3222 3054 3276; x_wconf 89' lang='lat' dir='ltr'><strong>faciendo.</strong></span> 
     </span>
    </p>
   </div>
   <div class='ocr_carea' id='block_1_34' title="bbox 339 3310 3216 3384">
    <p class='ocr_par' dir='ltr' id='par_1_34' title="bbox 339 3310 3216 3384">
     <span class='ocr_line' id='line_1_34' title="bbox 339 3310 3216 3384; baseline -0.001 -17"><span class='ocrx_word' id='word_1_322' title='bbox 339 3313 553 3367; x_wconf 86' lang='lat' dir='ltr'><strong>LXXIV.</strong></span> <span class='ocrx_word' id='word_1_323' title='bbox 604 3314 680 3367; x_wconf 88' lang='lat' dir='ltr'><strong>De</strong></span> <span class='ocrx_word' id='word_1_324' title='bbox 745 3312 1077 3384; x_wconf 88' lang='lat' dir='ltr'><strong>presbytero</strong></span> <span class='ocrx_word' id='word_1_325' title='bbox 1145 3311 1244 3382; x_wconf 90' lang='lat' dir='ltr'><strong>qui</strong></span> <span class='ocrx_word' id='word_1_326' title='bbox 1305 3327 1362 3365; x_wconf 90' lang='lat' dir='ltr'><strong>se</strong></span> <span class='ocrx_word' id='word_1_327' title='bbox 1423 3310 1868 3381; x_wconf 89' lang='lat' dir='ltr'><strong>deprehenderit</strong></span> <span class='ocrx_word' id='word_1_328' title='bbox 1922 3326 2036 3364; x_wconf 89' lang='lat' dir='ltr'><strong>non</strong></span> <span class='ocrx_word' id='word_1_329' title='bbox 2144 3313 2346 3367; x_wconf 88' lang='lat' dir='ltr'><strong>XCVII.</strong></span> <span class='ocrx_word' id='word_1_330' title='bbox 2377 3312 2457 3366; x_wconf 91' lang='lat' dir='ltr'><strong>De</strong></span> <span class='ocrx_word' id='word_1_331' title='bbox 2487 3311 2807 3365; x_wconf 91' lang='lat' dir='ltr'><strong>ministerio</strong></span> <span class='ocrx_word' id='word_1_332' title='bbox 2837 3310 3216 3381; x_wconf 90' lang='lat' dir='ltr'><strong>baptismatis.</strong></span> 
     </span>
    </p>
   </div>
   <div class='ocr_carea' id='block_1_35' title="bbox 412 3396 3868 3470">
    <p class='ocr_par' dir='ltr' id='par_1_35' title="bbox 412 3396 3868 3470">
     <span class='ocr_line' id='line_1_35' title="bbox 412 3396 3868 3470; baseline -0.001 -14"><span class='ocrx_word' id='word_1_333' title='bbox 412 3417 535 3456; x_wconf 89' lang='lat' dir='ltr'><strong>esse</strong></span> <span class='ocrx_word' id='word_1_334' title='bbox 555 3401 930 3470; x_wconf 86' lang='lat' dir='ltr'><strong>baptizatum.</strong></span> <span class='ocrx_word' id='word_1_335' title='bbox 2145 3401 2370 3456; x_wconf 90' lang='lat' dir='ltr'><strong>XCVIII.</strong></span> <span class='ocrx_word' id='word_1_336' title='bbox 2403 3400 2569 3464; x_wconf 88' lang='lat' dir='ltr'><strong>Quod</strong></span> <span class='ocrx_word' id='word_1_337' title='bbox 2598 3399 2862 3470; x_wconf 80' lang='lat' dir='ltr'><strong>bigamus</strong></span> <span class='ocrx_word' id='word_1_338' title='bbox 2893 3403 3144 3466; x_wconf 88' lang='lat' dir='ltr'><strong>vocetur,</strong></span> <span class='ocrx_word' id='word_1_339' title='bbox 3179 3398 3279 3470; x_wconf 91' lang='lat' dir='ltr'><strong>qui</strong></span> <span class='ocrx_word' id='word_1_340' title='bbox 3311 3403 3442 3452; x_wconf 90' lang='lat' dir='ltr'><strong>ante</strong></span> <span class='ocrx_word' id='word_1_341' title='bbox 3493 3396 3868 3465; x_wconf 88' lang='lat' dir='ltr'><strong>baptismum</strong></span> 
     </span>
    </p>
   </div>
   <div class='ocr_carea' id='block_1_36' title="bbox 340 3485 3558 3559">
    <p class='ocr_par' dir='ltr' id='par_1_36' title="bbox 340 3485 3558 3559">
     <span class='ocr_line' id='line_1_36' title="bbox 340 3485 3558 3559; baseline -0.002 -16"><span class='ocrx_word' id='word_1_342' title='bbox 340 3489 531 3543; x_wconf 91' lang='lat' dir='ltr'><strong>LXXV.</strong></span> <span class='ocrx_word' id='word_1_343' title='bbox 568 3491 644 3544; x_wconf 91' lang='lat' dir='ltr'><strong>De</strong></span> <span class='ocrx_word' id='word_1_344' title='bbox 674 3488 1044 3559; x_wconf 85' lang='lat' dir='ltr'><strong>presbyteris,</strong></span> <span class='ocrx_word' id='word_1_345' title='bbox 1078 3488 1371 3559; x_wconf 90' lang='lat' dir='ltr'><strong>quomodo</strong></span> <span class='ocrx_word' id='word_1_346' title='bbox 1395 3487 1454 3540; x_wconf 92' lang='lat' dir='ltr'><strong>in</strong></span> <span class='ocrx_word' id='word_1_347' title='bbox 1485 3502 1645 3540; x_wconf 74' lang='lat' dir='ltr'><strong>cmna</strong></span> <span class='ocrx_word' id='word_1_348' title='bbox 1694 3487 1926 3542; x_wconf 90' lang='lat' dir='ltr'><strong>Domini</strong></span> <span class='ocrx_word' id='word_1_349' title='bbox 1968 3488 2038 3543; x_wconf 88' lang='lat' dir='ltr'><strong>de</strong></span> <span class='ocrx_word' id='word_1_350' title='bbox 2220 3504 2480 3550; x_wconf 82' lang='lat' dir='ltr'><strong>uxorem,</strong></span> <span class='ocrx_word' id='word_1_351' title='bbox 2504 3492 2560 3542; x_wconf 90' lang='lat' dir='ltr'><strong>et</strong></span> <span class='ocrx_word' id='word_1_352' title='bbox 2587 3487 2760 3541; x_wconf 88' lang='lat' dir='ltr'><strong>aliam</strong></span> <span class='ocrx_word' id='word_1_353' title='bbox 2792 3492 2924 3557; x_wconf 90' lang='lat' dir='ltr'><strong>post</strong></span> <span class='ocrx_word' id='word_1_354' title='bbox 2951 3487 3303 3558; x_wconf 90' lang='lat' dir='ltr'><strong>baptismum</strong></span> <span class='ocrx_word' id='word_1_355' title='bbox 3334 3485 3558 3540; x_wconf 90' lang='lat' dir='ltr'><strong>habuit.</strong></span> 
     </span>
    </p>
   </div>
   <div class='ocr_carea' id='block_1_37' title="bbox 411 3572 3866 3647">
    <p class='ocr_par' dir='ltr' id='par_1_37' title="bbox 411 3572 3866 3647">
     <span class='ocr_line' id='line_1_37' title="bbox 411 3572 3866 3647; baseline -0.001 -17"><span class='ocrx_word' id='word_1_356' title='bbox 411 3577 737 3642; x_wconf 88' lang='lat' dir='ltr'><strong>chrismate,</strong></span> <span class='ocrx_word' id='word_1_357' title='bbox 789 3577 858 3631; x_wconf 91' lang='lat' dir='ltr'><strong>de</strong></span> <span class='ocrx_word' id='word_1_358' title='bbox 907 3577 1031 3630; x_wconf 91' lang='lat' dir='ltr'><strong>oleo</strong></span> <span class='ocrx_word' id='word_1_359' title='bbox 1063 3576 1432 3643; x_wconf 82' lang='lat' dir='ltr'><strong>sanctiﬁcata,</strong></span> <span class='ocrx_word' id='word_1_360' title='bbox 1484 3576 1553 3630; x_wconf 88' lang='lat' dir='ltr'><strong>de</strong></span> <span class='ocrx_word' id='word_1_361' title='bbox 1602 3577 1728 3630; x_wconf 91' lang='lat' dir='ltr'><strong>oleo</strong></span> <span class='ocrx_word' id='word_1_362' title='bbox 1773 3575 2039 3632; x_wconf 87' lang='lat' dir='ltr'><strong>inﬁrmo-</strong></span> <span class='ocrx_word' id='word_1_363' title='bbox 2147 3578 2316 3633; x_wconf 87' lang='lat' dir='ltr'><strong>XCIX.</strong></span> <span class='ocrx_word' id='word_1_364' title='bbox 2358 3578 2433 3630; x_wconf 92' lang='lat' dir='ltr'><strong>De</strong></span> <span class='ocrx_word' id='word_1_365' title='bbox 2464 3576 2748 3646; x_wconf 90' lang='lat' dir='ltr'><strong>episcopis</strong></span> <span class='ocrx_word' id='word_1_366' title='bbox 2777 3581 2832 3629; x_wconf 91' lang='lat' dir='ltr'><strong>et</strong></span> <span class='ocrx_word' id='word_1_367' title='bbox 2867 3575 3214 3647; x_wconf 89' lang='lat' dir='ltr'><strong>presbyteris</strong></span> <span class='ocrx_word' id='word_1_368' title='bbox 3252 3581 3310 3628; x_wconf 91' lang='lat' dir='ltr'><strong>et</strong></span> <span class='ocrx_word' id='word_1_369' title='bbox 3359 3572 3694 3628; x_wconf 85' lang='lat' dir='ltr'><strong>diaconibus</strong></span> <span class='ocrx_word' id='word_1_370' title='bbox 3764 3589 3866 3628; x_wconf 80' lang='lat' dir='ltr'><strong>re-</strong></span> 
     </span>
    </p>
   </div>
   <div class='ocr_carea' id='block_1_38' title="bbox 410 3663 2540 3736">
    <p class='ocr_par' dir='ltr' id='par_1_38' title="bbox 410 3663 2540 3736">
     <span class='ocr_line' id='line_1_38' title="bbox 410 3663 2540 3736; baseline 0.001 -19"><span class='ocrx_word' id='word_1_371' title='bbox 410 3679 542 3717; x_wconf 90' lang='lat' dir='ltr'><strong>rum</strong></span> <span class='ocrx_word' id='word_1_372' title='bbox 571 3665 757 3718; x_wconf 89' lang='lat' dir='ltr'><strong>facere</strong></span> <span class='ocrx_word' id='word_1_373' title='bbox 788 3663 1053 3718; x_wconf 89' lang='lat' dir='ltr'><strong>debeant.</strong></span> <span class='ocrx_word' id='word_1_374' title='bbox 2218 3665 2540 3736; x_wconf 87' lang='lat' dir='ltr'><strong>baptizatis.</strong></span> 
     </span>
    </p>
   </div>
   <div class='ocr_carea' id='block_1_39' title="bbox 348 3750 3859 3823">
    <p class='ocr_par' dir='ltr' id='par_1_39' title="bbox 348 3750 3859 3823">
     <span class='ocr_line' id='line_1_39' title="bbox 348 3750 3859 3823; baseline -0.001 -15"><span class='ocrx_word' id='word_1_375' title='bbox 348 3753 572 3808; x_wconf 89' lang='lat' dir='ltr'><strong>LXXVI.</strong></span> <span class='ocrx_word' id='word_1_376' title='bbox 612 3753 692 3806; x_wconf 91' lang='lat' dir='ltr'><strong>De</strong></span> <span class='ocrx_word' id='word_1_377' title='bbox 721 3753 920 3806; x_wconf 86' lang='lat' dir='ltr'><strong>eadem</strong></span> <span class='ocrx_word' id='word_1_378' title='bbox 953 3767 1034 3805; x_wconf 92' lang='lat' dir='ltr'><strong>re.</strong></span> <span class='ocrx_word' id='word_1_379' title='bbox 2149 3755 2206 3809; x_wconf 91' lang='lat' dir='ltr'><strong>C.</strong></span> <span class='ocrx_word' id='word_1_380' title='bbox 2261 3754 2340 3807; x_wconf 91' lang='lat' dir='ltr'><strong>De</strong></span> <span class='ocrx_word' id='word_1_381' title='bbox 2372 3769 2440 3806; x_wconf 93' lang='lat' dir='ltr'><strong>eo</strong></span> <span class='ocrx_word' id='word_1_382' title='bbox 2493 3752 2592 3823; x_wconf 87' lang='lat' dir='ltr'><strong>qui</strong></span> <span class='ocrx_word' id='word_1_383' title='bbox 2634 3767 2737 3823; x_wconf 90' lang='lat' dir='ltr'><strong>per</strong></span> <span class='ocrx_word' id='word_1_384' title='bbox 2783 3750 3172 3822; x_wconf 79' lang='lat' dir='ltr'><strong>ignorantiam</strong></span> <span class='ocrx_word' id='word_1_385' title='bbox 3204 3750 3506 3805; x_wconf 89' lang='lat' dir='ltr'><strong>ordinatur</strong></span> <span class='ocrx_word' id='word_1_386' title='bbox 3532 3753 3859 3819; x_wconf 89' lang='lat' dir='ltr'><strong>antequam</strong></span> 
     </span>
    </p>
   </div>
   <div class='ocr_carea' id='block_1_40' title="bbox 344 3830 2562 3910">
    <p class='ocr_par' dir='ltr' id='par_1_40' title="bbox 344 3830 2562 3910">
     <span class='ocr_line' id='line_1_40' title="bbox 344 3830 2562 3910; baseline -0.001 -15"><span class='ocrx_word' id='word_1_387' title='bbox 344 3841 582 3895; x_wconf 89' lang='lat' dir='ltr'><strong>LXXVII.</strong></span> <span class='ocrx_word' id='word_1_388' title='bbox 619 3830 698 3894; x_wconf 85' lang='lat' dir='ltr'><strong>De</strong></span> <span class='ocrx_word' id='word_1_389' title='bbox 734 3841 934 3894; x_wconf 91' lang='lat' dir='ltr'><strong>eadem</strong></span> <span class='ocrx_word' id='word_1_390' title='bbox 963 3855 1045 3893; x_wconf 89' lang='lat' dir='ltr'><strong>re.</strong></span> <span class='ocrx_word' id='word_1_391' title='bbox 2220 3840 2562 3910; x_wconf 89' lang='lat' dir='ltr'><strong>baptizetur.</strong></span> 
     </span>
    </p>
   </div>
   <div class='ocr_carea' id='block_1_41' title="bbox 345 3925 3864 3998">
    <p class='ocr_par' dir='ltr' id='par_1_41' title="bbox 345 3925 3864 3998">
     <span class='ocr_line' id='line_1_41' title="bbox 345 3925 3864 3998; baseline -0.001 -16"><span class='ocrx_word' id='word_1_392' title='bbox 345 3930 658 3984; x_wconf 92' lang='lat' dir='ltr'><strong>LXXXVIII.</strong></span> <span class='ocrx_word' id='word_1_393' title='bbox 692 3929 770 3982; x_wconf 93' lang='lat' dir='ltr'><strong>De</strong></span> <span class='ocrx_word' id='word_1_394' title='bbox 796 3928 995 3982; x_wconf 89' lang='lat' dir='ltr'><strong>eadem</strong></span> <span class='ocrx_word' id='word_1_395' title='bbox 1028 3943 1106 3981; x_wconf 90' lang='lat' dir='ltr'><strong>re.</strong></span> <span class='ocrx_word' id='word_1_396' title='bbox 2020 3933 2022 3935; x_wconf 84' lang='grc'><em>’</em></span> <span class='ocrx_word' id='word_1_397' title='bbox 2152 3928 2238 3983; x_wconf 90' lang='lat' dir='ltr'><strong>CI.</strong></span> <span class='ocrx_word' id='word_1_398' title='bbox 2277 3929 2353 3981; x_wconf 92' lang='lat' dir='ltr'><strong>De</strong></span> <span class='ocrx_word' id='word_1_399' title='bbox 2379 3927 2492 3981; x_wconf 92' lang='lat' dir='ltr'><strong>illis</strong></span> <span class='ocrx_word' id='word_1_400' title='bbox 2523 3927 2622 3998; x_wconf 93' lang='lat' dir='ltr'><strong>qui</strong></span> <span class='ocrx_word' id='word_1_401' title='bbox 2650 3927 2903 3998; x_wconf 63' lang='lat' dir='ltr'><strong>j&#39;gratiam</strong></span> <span class='ocrx_word' id='word_1_402' title='bbox 2955 3926 3136 3981; x_wconf 89' lang='lat' dir='ltr'><strong>sancti</strong></span> <span class='ocrx_word' id='word_1_403' title='bbox 3177 3926 3424 3997; x_wconf 88' lang='lat' dir='ltr'><strong>Spiritus</strong></span> <span class='ocrx_word' id='word_1_404' title='bbox 3474 3925 3718 3981; x_wconf 85' lang='lat' dir='ltr'><strong>vendere</strong></span> <span class='ocrx_word' id='word_1_405' title='bbox 3760 3943 3864 3980; x_wconf 92' lang='lat' dir='ltr'><strong>co-</strong></span> 
     </span>
    </p>
   </div>
   <div class='ocr_carea' id='block_1_42' title="bbox 345 4014 2386 4086">
    <p class='ocr_par' dir='ltr' id='par_1_42' title="bbox 345 4014 2386 4086">
     <span class='ocr_line' id='line_1_42' title="bbox 345 4014 2386 4086; baseline -0 -16"><span class='ocrx_word' id='word_1_406' title='bbox 345 4017 558 4070; x_wconf 86' lang='lat' dir='ltr'><strong>LXXIX.</strong></span> <span class='ocrx_word' id='word_1_407' title='bbox 665 4017 741 4069; x_wconf 92' lang='lat' dir='ltr'><strong>De</strong></span> <span class='ocrx_word' id='word_1_408' title='bbox 796 4015 1145 4086; x_wconf 83' lang='lat' dir='ltr'><strong>presbyteris</strong></span> <span class='ocrx_word' id='word_1_409' title='bbox 1204 4014 1303 4085; x_wconf 87' lang='lat' dir='ltr'><strong>qui</strong></span> <span class='ocrx_word' id='word_1_410' title='bbox 1355 4031 1459 4085; x_wconf 92' lang='lat' dir='ltr'><strong>pro</strong></span> <span class='ocrx_word' id='word_1_411' title='bbox 1520 4014 1850 4084; x_wconf 88' lang='lat' dir='ltr'><strong>accipiendo</strong></span> <span class='ocrx_word' id='word_1_412' title='bbox 1899 4014 2046 4068; x_wconf 91' lang='lat' dir='ltr'><strong>chri-</strong></span> <span class='ocrx_word' id='word_1_413' title='bbox 2153 4021 2386 4069; x_wconf 90' lang='lat' dir='ltr'><strong>nantur.</strong></span> 
     </span>
    </p>
   </div>
   <div class='ocr_carea' id='block_1_43' title="bbox 415 4103 3384 4173">
    <p class='ocr_par' dir='ltr' id='par_1_43' title="bbox 415 4103 3384 4173">
     <span class='ocr_line' id='line_1_43' title="bbox 415 4103 3384 4173; baseline -0 -17"><span class='ocrx_word' id='word_1_414' title='bbox 415 4108 594 4156; x_wconf 90' lang='lat' dir='ltr'><strong>smate</strong></span> <span class='ocrx_word' id='word_1_415' title='bbox 624 4103 693 4157; x_wconf 90' lang='lat' dir='ltr'><strong>ad</strong></span> <span class='ocrx_word' id='word_1_416' title='bbox 732 4103 989 4156; x_wconf 86' lang='lat' dir='ltr'><strong>civitates</strong></span> <span class='ocrx_word' id='word_1_417' title='bbox 1009 4103 1204 4156; x_wconf 85' lang='lat' dir='ltr'><strong>venire</strong></span> <span class='ocrx_word' id='word_1_418' title='bbox 1232 4103 1438 4157; x_wconf 91' lang='lat' dir='ltr'><strong>solent.</strong></span> <span class='ocrx_word' id='word_1_419' title='bbox 2617 4103 2818 4159; x_wconf 82' lang='lat' dir='ltr'><strong>Indicis</strong></span> <span class='ocrx_word' id='word_1_420' title='bbox 2848 4104 3211 4173; x_wconf 79' lang='lat' dir='ltr'><strong>capitulorum</strong></span> <span class='ocrx_word' id='word_1_421' title='bbox 3241 4105 3384 4172; x_wconf 78' lang='lat' dir='ltr'><strong>ﬁnis.</strong></span> 
     </span>
    </p>
   </div>
   <div class='ocr_carea' id='block_1_44' title="bbox 1591 4354 2593 4478">
    <p class='ocr_par' dir='ltr' id='par_1_44' title="bbox 1591 4354 2593 4478">
     <span class='ocr_line' id='line_1_44' title="bbox 1591 4354 2593 4478; baseline 0.001 -2"><span class='ocrx_word' id='word_1_422' title='bbox 1591 4354 2593 4478; x_wconf 79' lang='lat' dir='ltr'><strong>BURCHABDI</strong></span> 
     </span>
    </p>
   </div>
   <div class='ocr_carea' id='block_1_45' title="bbox 1337 4547 2866 4604">
    <p class='ocr_par' dir='ltr' id='par_1_45' title="bbox 1337 4547 2866 4604">
     <span class='ocr_line' id='line_1_45' title="bbox 1337 4547 2866 4604; baseline 0.001 -3"><span class='ocrx_word' id='word_1_423' title='bbox 1337 4547 1744 4604; x_wconf 67' lang='lat' dir='ltr'><strong>ECCLESIE</strong></span> <span class='ocrx_word' id='word_1_424' title='bbox 1799 4547 2431 4604; x_wconf 81' lang='lat' dir='ltr'><strong>WORMACIENSIS</strong></span> <span class='ocrx_word' id='word_1_425' title='bbox 2490 4548 2866 4604; x_wconf 89' lang='lat' dir='ltr'><strong>EPISCOPI</strong></span> 
     </span>
    </p>
   </div>
   <div class='ocr_carea' id='block_1_46' title="bbox 521 4683 3655 4904">
    <p class='ocr_par' dir='ltr' id='par_1_46' title="bbox 521 4683 3655 4904">
     <span class='ocr_line' id='line_1_46' title="bbox 521 4683 3655 4904; baseline 0 -31"><span class='ocrx_word' id='word_1_426' title='bbox 521 4683 1874 4875; x_wconf 79' lang='lat' dir='ltr'><strong>DECRETORUM</strong></span> <span class='ocrx_word' id='word_1_427' title='bbox 1985 4731 2574 4874; x_wconf 82' lang='lat' dir='ltr'>LIBER</span> <span class='ocrx_word' id='word_1_428' title='bbox 2681 4729 3655 4904; x_wconf 76' lang='lat' dir='ltr'><strong>QUARTUS.</strong></span> 
     </span>
    </p>
   </div>
   <div class='ocr_carea' id='block_1_47' title="bbox 995 4969 3200 5037">
    <p class='ocr_par' dir='ltr' id='par_1_47' title="bbox 995 4969 3200 5037">
     <span class='ocr_line' id='line_1_47' title="bbox 995 4969 3200 5037; baseline 0 -5"><span class='ocrx_word' id='word_1_429' title='bbox 995 4969 1094 5032; x_wconf 83' lang='lat' dir='ltr'><strong>DE</strong></span> <span class='ocrx_word' id='word_1_430' title='bbox 1142 4969 1685 5036; x_wconf 78' lang='lat' dir='ltr'><strong>SACRAMENTO</strong></span> <span class='ocrx_word' id='word_1_431' title='bbox 1733 4969 2282 5036; x_wconf 83' lang='lat' dir='ltr'><strong>BAPTISMATIS</strong></span> <span class='ocrx_word' id='word_1_432' title='bbox 2339 4971 2442 5036; x_wconf 93' lang='lat' dir='ltr'><strong>ET</strong></span> <span class='ocrx_word' id='word_1_433' title='bbox 2492 4969 3200 5037; x_wconf 83' lang='lat' dir='ltr'><strong>CONFIRMATIONIS.</strong></span> 
     </span>
    </p>
   </div>
   <div class='ocr_carea' id='block_1_48' title="bbox 823 5229 3846 5302">
    <p class='ocr_par' dir='ltr' id='par_1_48' title="bbox 823 5229 3846 5302">
     <span class='ocr_line' id='line_1_48' title="bbox 823 5229 3846 5302; baseline 0 -19"><span class='ocrx_word' id='word_1_434' title='bbox 823 5229 1309 5285; x_wconf 83' lang='lat' dir='ltr'><strong>ARGUMENTUM</strong></span> <span class='ocrx_word' id='word_1_435' title='bbox 1347 5231 1551 5286; x_wconf 82' lang='lat' dir='ltr'><strong>LIBRI.</strong></span> <span class='ocrx_word' id='word_1_436' title='bbox 2154 5233 2349 5287; x_wconf 91' lang='lat' dir='ltr'><strong>Latine</strong></span> <span class='ocrx_word' id='word_1_437' title='bbox 2399 5235 2585 5287; x_wconf 78' lang='lat' dir='ltr'><strong>tinctio</strong></span> <span class='ocrx_word' id='word_1_438' title='bbox 2645 5231 3076 5302; x_wconf 88' lang='lat' dir='ltr'><strong>interpretatur.</strong></span> <span class='ocrx_word' id='word_1_439' title='bbox 3149 5233 3314 5297; x_wconf 93' lang='lat' dir='ltr'><strong>Quod</strong></span> <span class='ocrx_word' id='word_1_440' title='bbox 3374 5233 3583 5288; x_wconf 90' lang='lat' dir='ltr'><strong>idcirco</strong></span> <span class='ocrx_word' id='word_1_441' title='bbox 3650 5232 3846 5285; x_wconf 89' lang='lat' dir='ltr'><strong>tinctio</strong></span> 
     </span>
    </p>
   </div>
   <div class='ocr_carea' id='block_1_49' title="bbox 412 5317 3843 5392">
    <p class='ocr_par' dir='ltr' id='par_1_49' title="bbox 412 5317 3843 5392">
     <span class='ocr_line' id='line_1_49' title="bbox 412 5317 3843 5392; baseline -0 -19"><span class='ocrx_word' id='word_1_442' title='bbox 412 5318 578 5374; x_wconf 82' lang='lat' dir='ltr'><strong>Libro</strong></span> <span class='ocrx_word' id='word_1_443' title='bbox 625 5317 736 5372; x_wconf 86' lang='lat' dir='ltr'><strong>hoc</strong></span> <span class='ocrx_word' id='word_1_444' title='bbox 783 5318 852 5372; x_wconf 91' lang='lat' dir='ltr'><strong>de</strong></span> <span class='ocrx_word' id='word_1_445' title='bbox 892 5318 1178 5390; x_wconf 84' lang='lat' dir='ltr'><strong>baptismo</strong></span> <span class='ocrx_word' id='word_1_446' title='bbox 1235 5324 1290 5372; x_wconf 90' lang='lat' dir='ltr'><strong>et</strong></span> <span class='ocrx_word' id='word_1_447' title='bbox 1340 5320 1798 5385; x_wconf 89' lang='lat' dir='ltr'><strong>conﬁrmatione,</strong></span> <span class='ocrx_word' id='word_1_448' title='bbox 1857 5321 2041 5391; x_wconf 88' lang='lat' dir='ltr'><strong>deque</strong></span> <span class='ocrx_word' id='word_1_449' title='bbox 2150 5321 2378 5386; x_wconf 91' lang='lat' dir='ltr'><strong>dicitur,</strong></span> <span class='ocrx_word' id='word_1_450' title='bbox 2411 5321 2547 5390; x_wconf 92' lang='lat' dir='ltr'><strong>quia</strong></span> <span class='ocrx_word' id='word_1_451' title='bbox 2583 5320 2660 5374; x_wconf 90' lang='lat' dir='ltr'><strong>ibi</strong></span> <span class='ocrx_word' id='word_1_452' title='bbox 2693 5321 2864 5375; x_wconf 90' lang='lat' dir='ltr'><strong>homo</strong></span> <span class='ocrx_word' id='word_1_453' title='bbox 2896 5321 3103 5391; x_wconf 89' lang='lat' dir='ltr'><strong>spiritu</strong></span> <span class='ocrx_word' id='word_1_454' title='bbox 3135 5321 3336 5392; x_wconf 63' lang='lat' dir='ltr'><strong>gratiae</strong></span> <span class='ocrx_word' id='word_1_455' title='bbox 3383 5321 3440 5375; x_wconf 90' lang='lat' dir='ltr'><strong>in</strong></span> <span class='ocrx_word' id='word_1_456' title='bbox 3491 5321 3695 5374; x_wconf 88' lang='lat' dir='ltr'><strong>melius</strong></span> <span class='ocrx_word' id='word_1_457' title='bbox 3721 5336 3843 5373; x_wconf 88' lang='lat' dir='ltr'><strong>mu-</strong></span> 
     </span>
    </p>
   </div>
   <div class='ocr_carea' id='block_1_50' title="bbox 340 5407 3843 5478">
    <p class='ocr_par' dir='ltr' id='par_1_50' title="bbox 340 5407 3843 5478">
     <span class='ocr_line' id='line_1_50' title="bbox 340 5407 3843 5478; baseline 0 -17"><span class='ocrx_word' id='word_1_458' title='bbox 340 5407 411 5461; x_wconf 90' lang='lat' dir='ltr'><strong>iis</strong></span> <span class='ocrx_word' id='word_1_459' title='bbox 441 5423 570 5478; x_wconf 76' lang='lat' dir='ltr'><strong>quae</strong></span> <span class='ocrx_word' id='word_1_460' title='bbox 591 5410 740 5461; x_wconf 88' lang='lat' dir='ltr'><strong>circa</strong></span> <span class='ocrx_word' id='word_1_461' title='bbox 767 5407 890 5461; x_wconf 76' lang='lat' dir='ltr'><strong>haec</strong></span> <span class='ocrx_word' id='word_1_462' title='bbox 923 5407 1277 5461; x_wconf 85' lang='lat' dir='ltr'><strong>observanda</strong></span> <span class='ocrx_word' id='word_1_463' title='bbox 1308 5413 1459 5475; x_wconf 90' lang='lat' dir='ltr'><strong>sunt,</strong></span> <span class='ocrx_word' id='word_1_464' title='bbox 1491 5414 1786 5464; x_wconf 87' lang='lat' dir='ltr'><strong>tractatur.</strong></span> <span class='ocrx_word' id='word_1_465' title='bbox 2147 5415 2320 5474; x_wconf 89' lang='lat' dir='ltr'><strong>tatur,</strong></span> <span class='ocrx_word' id='word_1_466' title='bbox 2351 5414 2407 5462; x_wconf 91' lang='lat' dir='ltr'><strong>et</strong></span> <span class='ocrx_word' id='word_1_467' title='bbox 2437 5410 2605 5478; x_wconf 81' lang='lat' dir='ltr'><strong>longe</strong></span> <span class='ocrx_word' id='word_1_468' title='bbox 2637 5408 2792 5463; x_wconf 90' lang='lat' dir='ltr'><strong>aliud</strong></span> <span class='ocrx_word' id='word_1_469' title='bbox 2833 5425 3006 5478; x_wconf 91' lang='lat' dir='ltr'><strong>quam</strong></span> <span class='ocrx_word' id='word_1_470' title='bbox 3038 5415 3160 5464; x_wconf 89' lang='lat' dir='ltr'><strong>erat</strong></span> <span class='ocrx_word' id='word_1_471' title='bbox 3207 5411 3469 5474; x_wconf 86' lang='lat' dir='ltr'><strong>efﬁcitur,</strong></span> <span class='ocrx_word' id='word_1_472' title='bbox 3531 5409 3843 5478; x_wconf 88' lang='lat' dir='ltr'><strong>baptizatus</strong></span> 
     </span>
    </p>
   </div>
   <div class='ocr_carea' id='block_1_51' title="bbox 731 5495 3841 5568">
    <p class='ocr_par' dir='ltr' id='par_1_51' title="bbox 731 5495 3841 5568">
     <span class='ocr_line' id='line_1_51' title="bbox 731 5495 3841 5568; baseline 0 -20"><span class='ocrx_word' id='word_1_473' title='bbox 731 5495 860 5551; x_wconf 79' lang='lat' dir='ltr'><strong>CAP.</strong></span> <span class='ocrx_word' id='word_1_474' title='bbox 894 5497 935 5550; x_wconf 92' lang='grc' dir='ltr'><strong>Ι.</strong></span> <span class='ocrx_word' id='word_1_475' title='bbox 965 5526 1034 5536; x_wconf 94' lang='grc'><strong>-</strong></span> <span class='ocrx_word' id='word_1_476' title='bbox 1060 5497 1203 5562; x_wconf 79' lang='lat' dir='ltr'><strong>Quid</strong></span> <span class='ocrx_word' id='word_1_477' title='bbox 1225 5498 1298 5550; x_wconf 76' lang='lat' dir='ltr'><strong>sit</strong></span> <span class='ocrx_word' id='word_1_478' title='bbox 1320 5497 1640 5565; x_wconf 79' lang='lat' dir='ltr'><strong>baptismus.</strong></span> <span class='ocrx_word' id='word_1_479' title='bbox 2146 5497 2207 5551; x_wconf 90' lang='lat' dir='ltr'><strong>in</strong></span> <span class='ocrx_word' id='word_1_480' title='bbox 2239 5496 2472 5550; x_wconf 90' lang='lat' dir='ltr'><strong>nomine</strong></span> <span class='ocrx_word' id='word_1_481' title='bbox 2505 5496 2708 5562; x_wconf 89' lang='lat' dir='ltr'><strong>Patris,</strong></span> <span class='ocrx_word' id='word_1_482' title='bbox 2737 5503 2794 5552; x_wconf 91' lang='lat' dir='ltr'><strong>et</strong></span> <span class='ocrx_word' id='word_1_483' title='bbox 2824 5498 2972 5565; x_wconf 90' lang='lat' dir='ltr'><strong>Filii,</strong></span> <span class='ocrx_word' id='word_1_484' title='bbox 3005 5503 3061 5551; x_wconf 91' lang='lat' dir='ltr'><strong>et</strong></span> <span class='ocrx_word' id='word_1_485' title='bbox 3089 5498 3336 5568; x_wconf 88' lang='lat' dir='ltr'><strong>Spiritus</strong></span> <span class='ocrx_word' id='word_1_486' title='bbox 3365 5497 3564 5551; x_wconf 90' lang='lat' dir='ltr'><strong>sancti.</strong></span> <span class='ocrx_word' id='word_1_487' title='bbox 3602 5497 3755 5551; x_wconf 90' lang='lat' dir='ltr'><strong>Sicut</strong></span> <span class='ocrx_word' id='word_1_488' title='bbox 3783 5497 3841 5550; x_wconf 88' lang='lat' dir='ltr'><strong>in</strong></span> 
     </span>
    </p>
   </div>
   <div class='ocr_carea' id='block_1_52' title="bbox 414 5583 3839 5657">
    <p class='ocr_par' dir='ltr' id='par_1_52' title="bbox 414 5583 3839 5657">
     <span class='ocr_line' id='line_1_52' title="bbox 414 5583 3839 5657; baseline 0.001 -19"><span class='ocrx_word' id='word_1_489' title='bbox 414 5583 524 5650; x_wconf 76' lang='lat' dir='ltr'><strong>(Ea:</strong></span> <span class='ocrx_word' id='word_1_490' title='bbox 548 5583 691 5639; x_wconf 84' lang='lat' dir='ltr'><strong>decr.</strong></span> <span class='ocrx_word' id='word_1_491' title='bbox 725 5585 950 5640; x_wconf 80' lang='lat' dir='ltr'><strong>Fabian.</strong></span> <span class='ocrx_word' id='word_1_492' title='bbox 984 5600 1160 5655; x_wconf 69' lang='lat' dir='ltr'><strong>papae,</strong></span> <span class='ocrx_word' id='word_1_493' title='bbox 1195 5601 1315 5655; x_wconf 88' lang='lat' dir='ltr'><strong>cap.</strong></span> <span class='ocrx_word' id='word_1_494' title='bbox 1348 5586 1425 5655; x_wconf 86' lang='lat'><strong>5.)</strong></span> <span class='ocrx_word' id='word_1_495' title='bbox 1469 5587 1793 5657; x_wconf 88' lang='lat' dir='ltr'><strong>Baptismus</strong></span> <span class='ocrx_word' id='word_1_496' title='bbox 1822 5587 2034 5652; x_wconf 57' lang='lat' dir='ltr'><strong>Griece,</strong></span> <span class='ocrx_word' id='word_1_497' title='bbox 2143 5585 2328 5641; x_wconf 88' lang='lat' dir='ltr'><strong>tribus</strong></span> <span class='ocrx_word' id='word_1_498' title='bbox 2356 5585 2597 5640; x_wconf 90' lang='lat' dir='ltr'><strong>testibus</strong></span> <span class='ocrx_word' id='word_1_499' title='bbox 2627 5590 2739 5642; x_wconf 87' lang='lat' dir='ltr'><strong>stat</strong></span> <span class='ocrx_word' id='word_1_500' title='bbox 2768 5603 2940 5643; x_wconf 90' lang='lat' dir='ltr'><strong>omne</strong></span> <span class='ocrx_word' id='word_1_501' title='bbox 2970 5587 3230 5653; x_wconf 86' lang='lat' dir='ltr'><strong>verbum,</strong></span> <span class='ocrx_word' id='word_1_502' title='bbox 3271 5587 3352 5641; x_wconf 90' lang='lat' dir='ltr'><strong>ita</strong></span> <span class='ocrx_word' id='word_1_503' title='bbox 3382 5586 3489 5641; x_wconf 87' lang='lat' dir='ltr'><strong>hoc</strong></span> <span class='ocrx_word' id='word_1_504' title='bbox 3519 5601 3839 5640; x_wconf 88' lang='lat' dir='ltr'><strong>sacramen-</strong></span> 
     </span>
    </p>
   </div>
  </div>
