  <div class='ocr_page' id='page_1' title='image "/cluster/home/n/w/nwhite01/storage/ocr_20150623/140-141/uc1.31175018559917/372.png"; bbox 0 0 3966 6420; ppageno 0'>
   <div class='ocr_carea' id='block_1_1' title="bbox 137 394 2675 461">
    <p class='ocr_par' dir='ltr' id='par_1_1' title="bbox 137 394 2675 461">
     <span class='ocr_line' id='line_1_1' title="bbox 137 394 2675 461; baseline 0 -15"><span class='ocrx_word' id='word_1_1' title='bbox 137 396 235 447; x_wconf 76' lang='grc'>729</span> <span class='ocrx_word' id='word_1_2' title='bbox 1098 394 1576 452; x_wconf 81' lang='lat' dir='ltr'><strong>DECRETORUM</strong></span> <span class='ocrx_word' id='word_1_3' title='bbox 1620 397 1802 452; x_wconf 84' lang='lat' dir='ltr'><strong>LIBRI</strong></span> <span class='ocrx_word' id='word_1_4' title='bbox 1844 399 1953 453; x_wconf 85' lang='grc' dir='ltr'><strong>ΧΧ.</strong></span> <span class='ocrx_word' id='word_1_5' title='bbox 1989 427 2056 436; x_wconf 92' lang='lat'>—</span> <span class='ocrx_word' id='word_1_6' title='bbox 2103 398 2307 452; x_wconf 84' lang='lat' dir='ltr'><strong>LIBER</strong></span> <span class='ocrx_word' id='word_1_7' title='bbox 2338 396 2675 461; x_wconf 80' lang='lat' dir='ltr'><strong>QUARTUS.</strong></span> 
     </span>
    </p>
   </div>
   <div class='ocr_carea' id='block_1_2' title="bbox 137 516 1913 574">
    <p class='ocr_par' dir='ltr' id='par_1_2' title="bbox 137 516 1913 574">
     <span class='ocr_line' id='line_1_2' title="bbox 137 516 1913 574; baseline 0.002 -4"><span class='ocrx_word' id='word_1_8' title='bbox 137 521 251 570; x_wconf 89' lang='lat' dir='ltr'><strong>tum</strong></span> <span class='ocrx_word' id='word_1_9' title='bbox 281 516 591 570; x_wconf 78' lang='lat' dir='ltr'><strong>continuat</strong></span> <span class='ocrx_word' id='word_1_10' title='bbox 635 517 921 569; x_wconf 89' lang='lat' dir='ltr'><strong>ternarius</strong></span> <span class='ocrx_word' id='word_1_11' title='bbox 968 530 1243 570; x_wconf 89' lang='lat' dir='ltr'><strong>numerus</strong></span> <span class='ocrx_word' id='word_1_12' title='bbox 1272 516 1577 572; x_wconf 86' lang='lat' dir='ltr'><strong>nominum</strong></span> <span class='ocrx_word' id='word_1_13' title='bbox 1620 519 1840 573; x_wconf 91' lang='lat' dir='ltr'><strong>divino-</strong></span> <span class='ocrx_word' id='word_1_14' title='bbox 1868 523 1913 574; x_wconf 85' lang='lat' dir='ltr'><strong>A</strong></span> 
     </span>
    </p>
   </div>
   <div class='ocr_carea' id='block_1_3' title="bbox 139 605 1620 676">
    <p class='ocr_par' dir='ltr' id='par_1_3' title="bbox 139 605 1620 676">
     <span class='ocr_line' id='line_1_3' title="bbox 139 605 1620 676; baseline 0.002 -19"><span class='ocrx_word' id='word_1_15' title='bbox 139 621 283 671; x_wconf 89' lang='lat' dir='ltr'><strong>rum,</strong></span> <span class='ocrx_word' id='word_1_16' title='bbox 319 606 373 659; x_wconf 92' lang='lat' dir='ltr'>id</span> <span class='ocrx_word' id='word_1_17' title='bbox 407 610 513 669; x_wconf 90' lang='lat' dir='ltr'><strong>est,</strong></span> <span class='ocrx_word' id='word_1_18' title='bbox 548 605 753 672; x_wconf 84' lang='lat' dir='ltr'><strong>Patris,</strong></span> <span class='ocrx_word' id='word_1_19' title='bbox 788 611 845 658; x_wconf 90' lang='lat' dir='ltr'><strong>et</strong></span> <span class='ocrx_word' id='word_1_20' title='bbox 878 605 1024 671; x_wconf 87' lang='lat' dir='ltr'>Filii,</span> <span class='ocrx_word' id='word_1_21' title='bbox 1059 611 1112 659; x_wconf 92' lang='lat' dir='ltr'><strong>et</strong></span> <span class='ocrx_word' id='word_1_22' title='bbox 1142 606 1388 676; x_wconf 80' lang='lat' dir='ltr'><strong>Spiritus</strong></span> <span class='ocrx_word' id='word_1_23' title='bbox 1420 608 1620 661; x_wconf 79' lang='lat' dir='ltr'><strong>sancti.</strong></span> 
     </span>
    </p>
   </div>
   <div class='ocr_carea' id='block_1_4' title="bbox 236 713 1734 780">
    <p class='ocr_par' dir='ltr' id='par_1_4' title="bbox 236 713 1734 780">
     <span class='ocr_line' id='line_1_4' title="bbox 236 713 1734 780; baseline 0.002 -14"><span class='ocrx_word' id='word_1_24' title='bbox 236 713 366 766; x_wconf 83' lang='lat' dir='ltr'><strong>CAP.</strong></span> <span class='ocrx_word' id='word_1_25' title='bbox 403 713 471 765; x_wconf 90' lang='lat' dir='ltr'><strong>II.</strong></span> <span class='ocrx_word' id='word_1_26' title='bbox 500 743 568 753; x_wconf 94' lang='lat'><strong><em>—</em></strong></span> <span class='ocrx_word' id='word_1_27' title='bbox 610 714 677 766; x_wconf 93' lang='lat' dir='ltr'><strong>Ut</strong></span> <span class='ocrx_word' id='word_1_28' title='bbox 704 717 903 780; x_wconf 61' lang='lat' dir='ltr'><strong>prater</strong></span> <span class='ocrx_word' id='word_1_29' title='bbox 930 715 1137 767; x_wconf 88' lang='lat' dir='ltr'><strong>Pascha</strong></span> <span class='ocrx_word' id='word_1_30' title='bbox 1168 718 1219 767; x_wconf 85' lang='lat' dir='ltr'><strong>et</strong></span> <span class='ocrx_word' id='word_1_31' title='bbox 1253 714 1595 769; x_wconf 87' lang='lat' dir='ltr'><strong>Pentecostcn</strong></span> <span class='ocrx_word' id='word_1_32' title='bbox 1621 718 1734 769; x_wconf 86' lang='lat' dir='ltr'><strong>nisi</strong></span> 
     </span>
    </p>
   </div>
   <div class='ocr_carea' id='block_1_5' title="bbox 359 784 1607 854">
    <p class='ocr_par' dir='ltr' id='par_1_5' title="bbox 359 784 1607 854">
     <span class='ocr_line' id='line_1_5' title="bbox 359 784 1607 854; baseline 0.002 -17"><span class='ocrx_word' id='word_1_33' title='bbox 359 789 530 837; x_wconf 88' lang='lat' dir='ltr'><strong>morte</strong></span> <span class='ocrx_word' id='word_1_34' title='bbox 550 784 992 852; x_wconf 74' lang='lat' dir='ltr'><strong>periclitantibus</strong></span> <span class='ocrx_word' id='word_1_35' title='bbox 1024 785 1327 853; x_wconf 87' lang='lat' dir='ltr'><strong>baptismus</strong></span> <span class='ocrx_word' id='word_1_36' title='bbox 1357 801 1461 839; x_wconf 88' lang='lat' dir='ltr'><strong>non</strong></span> <span class='ocrx_word' id='word_1_37' title='bbox 1489 789 1607 854; x_wconf 78' lang='lat' dir='ltr'><strong>ﬁat.</strong></span> 
     </span>
    </p>
   </div>
   <div class='ocr_carea' id='block_1_6' title="bbox 206 890 1834 961">
    <p class='ocr_par' dir='ltr' id='par_1_6' title="bbox 206 890 1834 961">
     <span class='ocr_line' id='line_1_6' title="bbox 206 890 1834 961; baseline 0.002 -19"><span class='ocrx_word' id='word_1_38' title='bbox 206 890 313 955; x_wconf 70' lang='lat' dir='ltr'><strong>(Ea:</strong></span> <span class='ocrx_word' id='word_1_39' title='bbox 342 891 503 957; x_wconf 81' lang='lat' dir='ltr'><strong>epist.</strong></span> <span class='ocrx_word' id='word_1_40' title='bbox 550 890 709 942; x_wconf 87' lang='lat' dir='ltr'><strong>Leon.</strong></span> <span class='ocrx_word' id='word_1_41' title='bbox 740 904 919 958; x_wconf 56' lang='lat' dir='ltr'><strong>papa,</strong></span> <span class='ocrx_word' id='word_1_42' title='bbox 954 905 1075 959; x_wconf 88' lang='lat' dir='ltr'><strong>cap.</strong></span> <span class='ocrx_word' id='word_1_43' title='bbox 1114 891 1221 960; x_wconf 90' lang='grc'>11.)</span> <span class='ocrx_word' id='word_1_44' title='bbox 1258 890 1417 944; x_wconf 84' lang='lat' dir='ltr'><strong>Unde</strong></span> <span class='ocrx_word' id='word_1_45' title='bbox 1469 890 1603 961; x_wconf 87' lang='lat' dir='ltr'><strong>quia</strong></span> <span class='ocrx_word' id='word_1_46' title='bbox 1650 891 1834 946; x_wconf 89' lang='lat' dir='ltr'><strong>mani-</strong></span> 
     </span>
    </p>
   </div>
   <div class='ocr_carea' id='block_1_7' title="bbox 142 976 1838 1046">
    <p class='ocr_par' dir='ltr' id='par_1_7' title="bbox 142 976 1838 1046">
     <span class='ocr_line' id='line_1_7' title="bbox 142 976 1838 1046; baseline 0.002 -16"><span class='ocrx_word' id='word_1_47' title='bbox 142 976 437 1030; x_wconf 86' lang='lat' dir='ltr'><strong>festissime</strong></span> <span class='ocrx_word' id='word_1_48' title='bbox 468 981 648 1046; x_wconf 87' lang='lat' dir='ltr'><strong>patet,</strong></span> <span class='ocrx_word' id='word_1_49' title='bbox 695 977 1053 1046; x_wconf 79' lang='lat' dir='ltr'><strong>baptizandis</strong></span> <span class='ocrx_word' id='word_1_50' title='bbox 1097 978 1158 1030; x_wconf 89' lang='lat' dir='ltr'><strong>in</strong></span> <span class='ocrx_word' id='word_1_51' title='bbox 1189 978 1434 1032; x_wconf 86' lang='lat' dir='ltr'><strong>Ecclesia</strong></span> <span class='ocrx_word' id='word_1_52' title='bbox 1480 980 1673 1033; x_wconf 78' lang='lat' dir='ltr'><strong>electis</strong></span> <span class='ocrx_word' id='word_1_53' title='bbox 1717 982 1838 1035; x_wconf 72' lang='lat' dir='ltr'><strong>haec</strong></span> 
     </span>
    </p>
   </div>
   <div class='ocr_carea' id='block_1_8' title="bbox 143 1065 1836 1135">
    <p class='ocr_par' dir='ltr' id='par_1_8' title="bbox 143 1065 1836 1135">
     <span class='ocr_line' id='line_1_8' title="bbox 143 1065 1836 1135; baseline 0.004 -17"><span class='ocrx_word' id='word_1_54' title='bbox 143 1065 246 1118; x_wconf 87' lang='lat' dir='ltr'><strong>duo</strong></span> <span class='ocrx_word' id='word_1_55' title='bbox 290 1069 578 1135; x_wconf 89' lang='lat' dir='ltr'><strong>tempora,</strong></span> <span class='ocrx_word' id='word_1_56' title='bbox 640 1065 693 1118; x_wconf 89' lang='lat' dir='ltr'><strong>id</strong></span> <span class='ocrx_word' id='word_1_57' title='bbox 755 1070 840 1117; x_wconf 89' lang='lat' dir='ltr'><strong>est</strong></span> <span class='ocrx_word' id='word_1_58' title='bbox 887 1066 1100 1118; x_wconf 87' lang='lat' dir='ltr'><strong>Pascha</strong></span> <span class='ocrx_word' id='word_1_59' title='bbox 1156 1071 1211 1119; x_wconf 93' lang='lat' dir='ltr'><strong>et</strong></span> <span class='ocrx_word' id='word_1_60' title='bbox 1260 1069 1653 1134; x_wconf 90' lang='lat' dir='ltr'><strong>Pentecosten,</strong></span> <span class='ocrx_word' id='word_1_61' title='bbox 1715 1086 1836 1124; x_wconf 88' lang='lat' dir='ltr'><strong>esse</strong></span> 
     </span>
    </p>
   </div>
   <div class='ocr_carea' id='block_1_9' title="bbox 143 1154 1837 1224">
    <p class='ocr_par' dir='ltr' id='par_1_9' title="bbox 143 1154 1837 1224">
     <span class='ocr_line' id='line_1_9' title="bbox 143 1154 1837 1224; baseline 0.004 -17"><span class='ocrx_word' id='word_1_62' title='bbox 143 1154 411 1222; x_wconf 79' lang='lat' dir='ltr'><strong>legitima,</strong></span> <span class='ocrx_word' id='word_1_63' title='bbox 454 1154 819 1208; x_wconf 79' lang='lat' dir='ltr'><strong>dilectionem</strong></span> <span class='ocrx_word' id='word_1_64' title='bbox 871 1160 1119 1209; x_wconf 83' lang='lat' dir='ltr'><strong>vestram</strong></span> <span class='ocrx_word' id='word_1_65' title='bbox 1168 1172 1487 1224; x_wconf 90' lang='lat' dir='ltr'><strong>monemus,</strong></span> <span class='ocrx_word' id='word_1_66' title='bbox 1540 1164 1603 1212; x_wconf 87' lang='lat' dir='ltr'><strong>ut</strong></span> <span class='ocrx_word' id='word_1_67' title='bbox 1647 1160 1837 1213; x_wconf 91' lang='lat' dir='ltr'><strong>nullos</strong></span> 
     </span>
    </p>
   </div>
   <div class='ocr_carea' id='block_1_10' title="bbox 142 1242 1838 1309">
    <p class='ocr_par' dir='ltr' id='par_1_10' title="bbox 142 1242 1838 1309">
     <span class='ocr_line' id='line_1_10' title="bbox 142 1242 1838 1309; baseline 0.004 -15"><span class='ocrx_word' id='word_1_68' title='bbox 142 1243 269 1295; x_wconf 90' lang='lat' dir='ltr'><strong>alios</strong></span> <span class='ocrx_word' id='word_1_69' title='bbox 306 1242 430 1295; x_wconf 85' lang='lat' dir='ltr'><strong>dies</strong></span> <span class='ocrx_word' id='word_1_70' title='bbox 476 1242 609 1295; x_wconf 84' lang='lat' dir='ltr'><strong>huic</strong></span> <span class='ocrx_word' id='word_1_71' title='bbox 639 1243 1013 1297; x_wconf 56' lang='lat' dir='ltr'><strong>observantia;</strong></span> <span class='ocrx_word' id='word_1_72' title='bbox 1061 1245 1363 1298; x_wconf 87' lang='lat' dir='ltr'><strong>misceatis.</strong></span> <span class='ocrx_word' id='word_1_73' title='bbox 1419 1246 1563 1309; x_wconf 86' lang='lat' dir='ltr'><strong>Quia</strong></span> <span class='ocrx_word' id='word_1_74' title='bbox 1610 1248 1657 1300; x_wconf 92' lang='lat' dir='ltr'><strong>si</strong></span> <span class='ocrx_word' id='word_1_75' title='bbox 1704 1253 1838 1301; x_wconf 89' lang='lat' dir='ltr'><strong>sunt</strong></span> 
     </span>
    </p>
   </div>
   <div class='ocr_carea' id='block_1_11' title="bbox 144 1331 1834 1400">
    <p class='ocr_par' dir='ltr' id='par_1_11' title="bbox 144 1331 1834 1400">
     <span class='ocr_line' id='line_1_11' title="bbox 144 1331 1834 1400; baseline 0.004 -19"><span class='ocrx_word' id='word_1_76' title='bbox 144 1331 241 1381; x_wconf 90' lang='lat' dir='ltr'><strong>alia</strong></span> <span class='ocrx_word' id='word_1_77' title='bbox 297 1347 527 1399; x_wconf 87' lang='lat' dir='ltr'><strong>quoque</strong></span> <span class='ocrx_word' id='word_1_78' title='bbox 589 1332 732 1384; x_wconf 82' lang='lat' dir='ltr'><strong>festa</strong></span> <span class='ocrx_word' id='word_1_79' title='bbox 787 1331 997 1400; x_wconf 86' lang='lat' dir='ltr'><strong>quibus</strong></span> <span class='ocrx_word' id='word_1_80' title='bbox 1054 1334 1237 1386; x_wconf 77' lang='lat' dir='ltr'><strong>multa</strong></span> <span class='ocrx_word' id='word_1_81' title='bbox 1286 1334 1341 1385; x_wconf 89' lang='lat' dir='ltr'><strong>in</strong></span> <span class='ocrx_word' id='word_1_82' title='bbox 1404 1334 1683 1388; x_wconf 87' lang='lat' dir='ltr'><strong>honorem</strong></span> <span class='ocrx_word' id='word_1_83' title='bbox 1736 1335 1834 1389; x_wconf 79' lang='lat' dir='ltr'><strong>Dei</strong></span> 
     </span>
    </p>
   </div>
   <div class='ocr_carea' id='block_1_12' title="bbox 146 1419 1833 1490">
    <p class='ocr_par' dir='ltr' id='par_1_12' title="bbox 146 1419 1833 1490">
     <span class='ocr_line' id='line_1_12' title="bbox 146 1419 1833 1490; baseline 0.004 -20"><span class='ocrx_word' id='word_1_84' title='bbox 146 1419 455 1471; x_wconf 82' lang='lat' dir='ltr'><strong>reverentia</strong></span> <span class='ocrx_word' id='word_1_85' title='bbox 510 1419 808 1484; x_wconf 79' lang='lat' dir='ltr'><strong>debeatur,</strong></span> <span class='ocrx_word' id='word_1_86' title='bbox 860 1419 1193 1490; x_wconf 88' lang='lat' dir='ltr'><strong>principalis</strong></span> <span class='ocrx_word' id='word_1_87' title='bbox 1245 1427 1438 1475; x_wconf 89' lang='lat' dir='ltr'><strong>tamen</strong></span> <span class='ocrx_word' id='word_1_88' title='bbox 1498 1428 1553 1477; x_wconf 91' lang='lat' dir='ltr'><strong>et</strong></span> <span class='ocrx_word' id='word_1_89' title='bbox 1602 1424 1833 1477; x_wconf 84' lang='lat' dir='ltr'><strong>maximi</strong></span> 
     </span>
    </p>
   </div>
   <div class='ocr_carea' id='block_1_13' title="bbox 144 1507 1837 1580">
    <p class='ocr_par' dir='ltr' id='par_1_13' title="bbox 144 1507 1837 1580">
     <span class='ocr_line' id='line_1_13' title="bbox 144 1507 1837 1580; baseline 0.004 -23"><span class='ocrx_word' id='word_1_90' title='bbox 144 1507 472 1559; x_wconf 79' lang='lat' dir='ltr'><strong>sacramenti</strong></span> <span class='ocrx_word' id='word_1_91' title='bbox 521 1508 891 1561; x_wconf 86' lang='lat' dir='ltr'><strong>custodienda</strong></span> <span class='ocrx_word' id='word_1_92' title='bbox 942 1508 1104 1561; x_wconf 88' lang='lat' dir='ltr'><strong>nobis</strong></span> <span class='ocrx_word' id='word_1_93' title='bbox 1154 1513 1236 1562; x_wconf 87' lang='lat' dir='ltr'><strong>est</strong></span> <span class='ocrx_word' id='word_1_94' title='bbox 1288 1510 1526 1580; x_wconf 85' lang='lat' dir='ltr'><strong>mystica</strong></span> <span class='ocrx_word' id='word_1_95' title='bbox 1574 1516 1629 1563; x_wconf 90' lang='lat' dir='ltr'><strong>et</strong></span> <span class='ocrx_word' id='word_1_96' title='bbox 1672 1512 1837 1564; x_wconf 88' lang='lat' dir='ltr'><strong>ratio-</strong></span> 
     </span>
    </p>
   </div>
   <div class='ocr_carea' id='block_1_14' title="bbox 141 1594 1833 1670">
    <p class='ocr_par' dir='ltr' id='par_1_14' title="bbox 141 1594 1833 1670">
     <span class='ocr_line' id='line_1_14' title="bbox 141 1594 1833 1670; baseline 0.005 -25"><span class='ocrx_word' id='word_1_97' title='bbox 141 1594 333 1646; x_wconf 87' lang='lat' dir='ltr'><strong>nabilis</strong></span> <span class='ocrx_word' id='word_1_98' title='bbox 387 1595 759 1665; x_wconf 78' lang='lat' dir='ltr'><strong>exemplatio,</strong></span> <span class='ocrx_word' id='word_1_99' title='bbox 815 1612 927 1648; x_wconf 91' lang='lat' dir='ltr'><strong>non</strong></span> <span class='ocrx_word' id='word_1_100' title='bbox 980 1597 1287 1651; x_wconf 88' lang='lat' dir='ltr'><strong>interdicta</strong></span> <span class='ocrx_word' id='word_1_101' title='bbox 1338 1600 1565 1651; x_wconf 84' lang='lat' dir='ltr'><strong>licentia</strong></span> <span class='ocrx_word' id='word_1_102' title='bbox 1621 1616 1736 1670; x_wconf 89' lang='lat' dir='ltr'><strong>qua</strong></span> <span class='ocrx_word' id='word_1_103' title='bbox 1776 1600 1833 1653; x_wconf 91' lang='lat' dir='ltr'><strong>in</strong></span> 
     </span>
    </p>
   </div>
   <div class='ocr_carea' id='block_1_15' title="bbox 139 1682 1834 1755">
    <p class='ocr_par' dir='ltr' id='par_1_15' title="bbox 139 1682 1834 1755">
     <span class='ocr_line' id='line_1_15' title="bbox 139 1682 1834 1755; baseline 0.004 -20"><span class='ocrx_word' id='word_1_104' title='bbox 139 1682 415 1751; x_wconf 83' lang='lat' dir='ltr'><strong>baptismo</strong></span> <span class='ocrx_word' id='word_1_105' title='bbox 449 1684 752 1736; x_wconf 89' lang='lat' dir='ltr'><strong>tribuenda</strong></span> <span class='ocrx_word' id='word_1_106' title='bbox 791 1686 1049 1753; x_wconf 77' lang='lat' dir='ltr'><strong>quolibet</strong></span> <span class='ocrx_word' id='word_1_107' title='bbox 1080 1691 1337 1755; x_wconf 91' lang='lat' dir='ltr'><strong>tempore</strong></span> <span class='ocrx_word' id='word_1_108' title='bbox 1381 1688 1834 1755; x_wconf 82' lang='lat' dir='ltr'><strong>periclitantibus</strong></span> 
     </span>
    </p>
   </div>
   <div class='ocr_carea' id='block_1_16' title="bbox 138 1771 1905 1856">
    <p class='ocr_par' dir='ltr' id='par_1_16' title="bbox 138 1771 1905 1856">
     <span class='ocr_line' id='line_1_16' title="bbox 138 1771 1905 1856; baseline 0.005 -34"><span class='ocrx_word' id='word_1_109' title='bbox 138 1771 484 1824; x_wconf 87' lang='lat' dir='ltr'><strong>subvenitur.</strong></span> <span class='ocrx_word' id='word_1_110' title='bbox 538 1773 621 1825; x_wconf 89' lang='lat' dir='ltr'><strong>Ita</strong></span> <span class='ocrx_word' id='word_1_111' title='bbox 665 1773 818 1825; x_wconf 87' lang='lat' dir='ltr'><strong>enim</strong></span> <span class='ocrx_word' id='word_1_112' title='bbox 876 1774 944 1825; x_wconf 87' lang='lat' dir='ltr'><strong>ad</strong></span> <span class='ocrx_word' id='word_1_113' title='bbox 974 1775 1076 1826; x_wconf 89' lang='lat' dir='ltr'><strong>has</strong></span> <span class='ocrx_word' id='word_1_114' title='bbox 1128 1775 1268 1828; x_wconf 83' lang='lat' dir='ltr'><strong>duas</strong></span> <span class='ocrx_word' id='word_1_115' title='bbox 1318 1776 1648 1829; x_wconf 86' lang='lat' dir='ltr'><strong>festivitates</strong></span> <span class='ocrx_word' id='word_1_116' title='bbox 1696 1794 1831 1830; x_wconf 88' lang='lat' dir='ltr'><strong>con-</strong></span> <span class='ocrx_word' id='word_1_117' title='bbox 1869 1804 1905 1856; x_wconf 76' lang='grc' dir='ltr'>Β</span> 
     </span>
    </p>
   </div>
   <div class='ocr_carea' id='block_1_17' title="bbox 140 1860 1833 1934">
    <p class='ocr_par' dir='ltr' id='par_1_17' title="bbox 140 1860 1833 1934">
     <span class='ocr_line' id='line_1_17' title="bbox 140 1860 1833 1934; baseline 0.002 -23"><span class='ocrx_word' id='word_1_118' title='bbox 140 1874 302 1911; x_wconf 83' lang='lat' dir='ltr'><strong>nexas</strong></span> <span class='ocrx_word' id='word_1_119' title='bbox 332 1860 565 1914; x_wconf 90' lang='lat' dir='ltr'><strong>sibimet</strong></span> <span class='ocrx_word' id='word_1_120' title='bbox 619 1866 788 1931; x_wconf 90' lang='lat' dir='ltr'><strong>atque</strong></span> <span class='ocrx_word' id='word_1_121' title='bbox 819 1869 1114 1929; x_wconf 84' lang='lat' dir='ltr'><strong>cognatas,</strong></span> <span class='ocrx_word' id='word_1_122' title='bbox 1162 1863 1543 1916; x_wconf 87' lang='lat' dir='ltr'><strong>incolumium</strong></span> <span class='ocrx_word' id='word_1_123' title='bbox 1595 1870 1651 1917; x_wconf 91' lang='lat' dir='ltr'><strong>et</strong></span> <span class='ocrx_word' id='word_1_124' title='bbox 1678 1864 1833 1934; x_wconf 85' lang='lat' dir='ltr'><strong>pacis</strong></span> 
     </span>
    </p>
   </div>
   <div class='ocr_carea' id='block_1_18' title="bbox 138 1949 1834 2019">
    <p class='ocr_par' dir='ltr' id='par_1_18' title="bbox 138 1949 1834 2019">
     <span class='ocr_line' id='line_1_18' title="bbox 138 1949 1834 2019; baseline 0.004 -21"><span class='ocrx_word' id='word_1_125' title='bbox 138 1950 431 2001; x_wconf 87' lang='lat' dir='ltr'><strong>securitate</strong></span> <span class='ocrx_word' id='word_1_126' title='bbox 488 1949 821 2018; x_wconf 85' lang='lat' dir='ltr'><strong>degentium</strong></span> <span class='ocrx_word' id='word_1_127' title='bbox 874 1950 1053 2003; x_wconf 86' lang='lat' dir='ltr'><strong>libera</strong></span> <span class='ocrx_word' id='word_1_128' title='bbox 1101 1957 1231 2004; x_wconf 89' lang='lat' dir='ltr'><strong>vota</strong></span> <span class='ocrx_word' id='word_1_129' title='bbox 1287 1952 1619 2019; x_wconf 85' lang='lat' dir='ltr'><strong>deferimus,</strong></span> <span class='ocrx_word' id='word_1_130' title='bbox 1670 1958 1730 2004; x_wconf 85' lang='lat' dir='ltr'><strong>ut</strong></span> <span class='ocrx_word' id='word_1_131' title='bbox 1776 1953 1834 2005; x_wconf 90' lang='lat' dir='ltr'><strong>in</strong></span> 
     </span>
    </p>
   </div>
   <div class='ocr_carea' id='block_1_19' title="bbox 140 2037 1836 2111">
    <p class='ocr_par' dir='ltr' id='par_1_19' title="bbox 140 2037 1836 2111">
     <span class='ocr_line' id='line_1_19' title="bbox 140 2037 1836 2111; baseline 0.004 -22"><span class='ocrx_word' id='word_1_132' title='bbox 140 2037 330 2089; x_wconf 89' lang='lat' dir='ltr'><strong>mortis</strong></span> <span class='ocrx_word' id='word_1_133' title='bbox 378 2038 658 2107; x_wconf 90' lang='lat' dir='ltr'><strong>periculo,</strong></span> <span class='ocrx_word' id='word_1_134' title='bbox 694 2038 749 2090; x_wconf 92' lang='lat' dir='ltr'><strong>in</strong></span> <span class='ocrx_word' id='word_1_135' title='bbox 801 2038 1112 2092; x_wconf 86' lang='lat' dir='ltr'><strong>obsidionis</strong></span> <span class='ocrx_word' id='word_1_136' title='bbox 1160 2040 1513 2107; x_wconf 88' lang='lat' dir='ltr'><strong>discrimine,</strong></span> <span class='ocrx_word' id='word_1_137' title='bbox 1556 2041 1615 2094; x_wconf 90' lang='lat' dir='ltr'><strong>in</strong></span> <span class='ocrx_word' id='word_1_138' title='bbox 1648 2058 1836 2111; x_wconf 90' lang='lat' dir='ltr'><strong>perse-</strong></span> 
     </span>
    </p>
   </div>
   <div class='ocr_carea' id='block_1_20' title="bbox 140 2125 1833 2197">
    <p class='ocr_par' dir='ltr' id='par_1_20' title="bbox 140 2125 1833 2197">
     <span class='ocr_line' id='line_1_20' title="bbox 140 2125 1833 2197; baseline 0.004 -20"><span class='ocrx_word' id='word_1_139' title='bbox 140 2125 372 2178; x_wconf 88' lang='lat' dir='ltr'><strong>cutionis</strong></span> <span class='ocrx_word' id='word_1_140' title='bbox 414 2127 718 2195; x_wconf 86' lang='lat' dir='ltr'><strong>angustiis,</strong></span> <span class='ocrx_word' id='word_1_141' title='bbox 762 2126 821 2179; x_wconf 93' lang='lat' dir='ltr'><strong>in</strong></span> <span class='ocrx_word' id='word_1_142' title='bbox 873 2128 1084 2180; x_wconf 89' lang='lat' dir='ltr'><strong>timore</strong></span> <span class='ocrx_word' id='word_1_143' title='bbox 1116 2128 1419 2197; x_wconf 81' lang='lat' dir='ltr'><strong>naufragii,</strong></span> <span class='ocrx_word' id='word_1_144' title='bbox 1473 2130 1630 2182; x_wconf 91' lang='lat' dir='ltr'><strong>nullo</strong></span> <span class='ocrx_word' id='word_1_145' title='bbox 1685 2134 1833 2183; x_wconf 89' lang='lat' dir='ltr'><strong>tem-</strong></span> 
     </span>
    </p>
   </div>
   <div class='ocr_carea' id='block_1_21' title="bbox 141 2215 1833 2288">
    <p class='ocr_par' dir='ltr' id='par_1_21' title="bbox 141 2215 1833 2288">
     <span class='ocr_line' id='line_1_21' title="bbox 141 2215 1833 2288; baseline 0.004 -23"><span class='ocrx_word' id='word_1_146' title='bbox 141 2229 267 2282; x_wconf 89' lang='lat' dir='ltr'><strong>pore</strong></span> <span class='ocrx_word' id='word_1_147' title='bbox 299 2215 409 2267; x_wconf 90' lang='lat' dir='ltr'><strong>hoc</strong></span> <span class='ocrx_word' id='word_1_148' title='bbox 442 2230 595 2268; x_wconf 64' lang='lat' dir='ltr'><strong>verae</strong></span> <span class='ocrx_word' id='word_1_149' title='bbox 630 2216 831 2268; x_wconf 90' lang='lat' dir='ltr'><strong>salutis</strong></span> <span class='ocrx_word' id='word_1_150' title='bbox 862 2216 1150 2286; x_wconf 81' lang='lat' dir='ltr'><strong>singulare</strong></span> <span class='ocrx_word' id='word_1_151' title='bbox 1180 2216 1517 2287; x_wconf 66' lang='lat' dir='ltr'><strong>praesidium</strong></span> <span class='ocrx_word' id='word_1_152' title='bbox 1565 2217 1833 2288; x_wconf 88' lang='lat' dir='ltr'><strong>cuiquam</strong></span> 
     </span>
    </p>
   </div>
   <div class='ocr_carea' id='block_1_22' title="bbox 142 2300 503 2371">
    <p class='ocr_par' dir='ltr' id='par_1_22' title="bbox 142 2300 503 2371">
     <span class='ocr_line' id='line_1_22' title="bbox 142 2300 503 2371; baseline 0.003 -18"><span class='ocrx_word' id='word_1_153' title='bbox 142 2300 503 2371; x_wconf 72' lang='lat' dir='ltr'><strong>denegemus.</strong></span> 
     </span>
    </p>
   </div>
   <div class='ocr_carea' id='block_1_23' title="bbox 142 2405 1830 2480">
    <p class='ocr_par' dir='ltr' id='par_1_23' title="bbox 142 2405 1830 2480">
     <span class='ocr_line' id='line_1_23' title="bbox 142 2405 1830 2480; baseline 0.004 -21"><span class='ocrx_word' id='word_1_154' title='bbox 142 2405 254 2459; x_wconf 73' lang='lat' dir='ltr'><strong>CAP.</strong></span> <span class='ocrx_word' id='word_1_155' title='bbox 289 2408 389 2460; x_wconf 89' lang='lat' dir='ltr'><strong>III.</strong></span> <span class='ocrx_word' id='word_1_156' title='bbox 423 2437 495 2447; x_wconf 91' lang='lat'><strong><em>—</em></strong></span> <span class='ocrx_word' id='word_1_157' title='bbox 544 2408 655 2472; x_wconf 86' lang='lat' dir='ltr'><strong>Quo</strong></span> <span class='ocrx_word' id='word_1_158' title='bbox 705 2413 947 2477; x_wconf 85' lang='lat' dir='ltr'><strong>tempore</strong></span> <span class='ocrx_word' id='word_1_159' title='bbox 989 2410 1259 2478; x_wconf 82' lang='lat' dir='ltr'><strong>baptisma</strong></span> <span class='ocrx_word' id='word_1_160' title='bbox 1314 2411 1696 2466; x_wconf 84' lang='lat' dir='ltr'><strong>celebrandum</strong></span> <span class='ocrx_word' id='word_1_161' title='bbox 1741 2416 1830 2480; x_wconf 88' lang='lat' dir='ltr'><strong>sit,</strong></span> 
     </span>
    </p>
   </div>
   <div class='ocr_carea' id='block_1_24' title="bbox 202 2480 1837 2602">
    <p class='ocr_par' dir='ltr' id='par_1_24' title="bbox 202 2480 1837 2602">
     <span class='ocr_line' id='line_1_24' title="bbox 202 2480 1837 2602; baseline 0.006 -74"><span class='ocrx_word' id='word_1_162' title='bbox 202 2482 351 2602; x_wconf 57' lang='lat' dir='ltr'><strong>etut‘</strong></span> <span class='ocrx_word' id='word_1_163' title='bbox 381 2481 482 2545; x_wconf 86' lang='lat' dir='ltr'><strong>qui</strong></span> <span class='ocrx_word' id='word_1_164' title='bbox 516 2480 875 2547; x_wconf 79' lang='lat' dir='ltr'><strong>baptizantur</strong></span> <span class='ocrx_word' id='word_1_165' title='bbox 905 2496 1010 2534; x_wconf 87' lang='lat' dir='ltr'><strong>non</strong></span> <span class='ocrx_word' id='word_1_166' title='bbox 1053 2482 1292 2549; x_wconf 81' lang='lat' dir='ltr'><strong>inﬁdeles</strong></span> <span class='ocrx_word' id='word_1_167' title='bbox 1333 2484 1426 2536; x_wconf 90' lang='lat' dir='ltr'><strong>sed</strong></span> <span class='ocrx_word' id='word_1_168' title='bbox 1459 2483 1655 2551; x_wconf 83' lang='lat' dir='ltr'><strong>ﬁdeles</strong></span> <span class='ocrx_word' id='word_1_169' title='bbox 1694 2486 1837 2538; x_wconf 89' lang='lat' dir='ltr'><strong>inve-</strong></span> 
     </span>
     <span class='ocr_line' id='line_1_25' title="bbox 202 2564 444 2602; baseline 0.012 -3"><span class='ocrx_word' id='word_1_170' title='bbox 202 2564 328 2601; x_wconf 78' lang='lat' dir='ltr'><strong>nzan</strong></span> <span class='ocrx_word' id='word_1_171' title='bbox 356 2566 444 2602; x_wconf 87' lang='lat' dir='ltr'><strong>ur.</strong></span> 
     </span>
    </p>
   </div>
   <div class='ocr_carea' id='block_1_25' title="bbox 201 2564 444 2602">
    <p class='ocr_par' dir='ltr' id='par_1_25' title="bbox 201 2564 444 2602">
     <span class='ocr_line' id='line_1_26' title="bbox 201 2564 444 2602; baseline 0.012 -3"><span class='ocrx_word' id='word_1_172' title='bbox 201 2564 444 2602; x_wconf 79' lang='lat' dir='ltr'><strong>mantur.</strong></span> 
     </span>
    </p>
   </div>
   <div class='ocr_carea' id='block_1_26' title="bbox 202 2655 1835 2727">
    <p class='ocr_par' dir='ltr' id='par_1_26' title="bbox 202 2655 1835 2727">
     <span class='ocr_line' id='line_1_27' title="bbox 202 2655 1835 2727; baseline 0.004 -22"><span class='ocrx_word' id='word_1_173' title='bbox 202 2656 303 2717; x_wconf 74' lang='lat' dir='ltr'><strong>(Ea:</strong></span> <span class='ocrx_word' id='word_1_174' title='bbox 333 2655 481 2708; x_wconf 88' lang='lat' dir='ltr'><strong>decr.</strong></span> <span class='ocrx_word' id='word_1_175' title='bbox 524 2657 761 2710; x_wconf 79' lang='lat' dir='ltr'><strong>Victoris</strong></span> <span class='ocrx_word' id='word_1_176' title='bbox 790 2673 967 2726; x_wconf 77' lang='lat' dir='ltr'><strong>papae,</strong></span> <span class='ocrx_word' id='word_1_177' title='bbox 1006 2657 1281 2723; x_wconf 82' lang='lat' dir='ltr'><strong>fratribus</strong></span> <span class='ocrx_word' id='word_1_178' title='bbox 1308 2674 1408 2727; x_wconf 87' lang='lat' dir='ltr'><strong>per</strong></span> <span class='ocrx_word' id='word_1_179' title='bbox 1435 2659 1835 2713; x_wconf 66' lang='lat' dir='ltr'><strong>Alexandriam</strong></span> 
     </span>
    </p>
   </div>
   <div class='ocr_carea' id='block_1_27' title="bbox 142 2745 1887 2817">
    <p class='ocr_par' dir='ltr' id='par_1_27' title="bbox 142 2745 1887 2817">
     <span class='ocr_line' id='line_1_28' title="bbox 142 2745 1887 2817; baseline 0.004 -23"><span class='ocrx_word' id='word_1_180' title='bbox 142 2745 458 2810; x_wconf 80' lang='lat' dir='ltr'><strong>constitutis,</strong></span> <span class='ocrx_word' id='word_1_181' title='bbox 531 2759 656 2812; x_wconf 83' lang='lat' dir='ltr'><strong>cap.</strong></span> <span class='ocrx_word' id='word_1_182' title='bbox 728 2746 806 2813; x_wconf 83' lang='lat'><strong>2.)</strong></span> <span class='ocrx_word' id='word_1_183' title='bbox 870 2745 929 2797; x_wconf 89' lang='lat' dir='ltr'><strong>In</strong></span> <span class='ocrx_word' id='word_1_184' title='bbox 988 2745 1244 2814; x_wconf 84' lang='lat' dir='ltr'><strong>paschali</strong></span> <span class='ocrx_word' id='word_1_185' title='bbox 1292 2762 1425 2799; x_wconf 90' lang='lat' dir='ltr'><strong>vero</strong></span> <span class='ocrx_word' id='word_1_186' title='bbox 1482 2751 1742 2817; x_wconf 86' lang='lat' dir='ltr'><strong>tempore</strong></span> <span class='ocrx_word' id='word_1_187' title='bbox 1782 2754 1837 2801; x_wconf 91' lang='lat' dir='ltr'><strong>et</strong></span> <span class='ocrx_word' id='word_1_188' title='bbox 1884 2782 1887 2787; x_wconf 63' lang='grc' dir='ltr'><strong><em>ι</em></strong></span> 
     </span>
    </p>
   </div>
   <div class='ocr_carea' id='block_1_28' title="bbox 142 2830 1832 2901">
    <p class='ocr_par' dir='ltr' id='par_1_28' title="bbox 142 2830 1832 2901">
     <span class='ocr_line' id='line_1_29' title="bbox 142 2830 1832 2901; baseline 0.005 -20"><span class='ocrx_word' id='word_1_189' title='bbox 142 2830 464 2884; x_wconf 86' lang='lat' dir='ltr'><strong>Pentecoste</strong></span> <span class='ocrx_word' id='word_1_190' title='bbox 523 2832 814 2901; x_wconf 90' lang='lat' dir='ltr'><strong>baptisma</strong></span> <span class='ocrx_word' id='word_1_191' title='bbox 871 2833 1276 2887; x_wconf 88' lang='lat' dir='ltr'><strong>celebrandum</strong></span> <span class='ocrx_word' id='word_1_192' title='bbox 1332 2840 1417 2887; x_wconf 88' lang='lat' dir='ltr'><strong>est</strong></span> <span class='ocrx_word' id='word_1_193' title='bbox 1466 2836 1832 2901; x_wconf 89' lang='lat' dir='ltr'><strong>catholicum,</strong></span> 
     </span>
    </p>
   </div>
   <div class='ocr_carea' id='block_1_29' title="bbox 141 2920 1834 2993">
    <p class='ocr_par' dir='ltr' id='par_1_29' title="bbox 141 2920 1834 2993">
     <span class='ocr_line' id='line_1_30' title="bbox 141 2920 1834 2993; baseline 0.004 -23"><span class='ocrx_word' id='word_1_194' title='bbox 141 2920 223 2971; x_wconf 87' lang='lat' dir='ltr'><strong>sed</strong></span> <span class='ocrx_word' id='word_1_195' title='bbox 269 2925 466 2973; x_wconf 88' lang='lat' dir='ltr'><strong>tamen</strong></span> <span class='ocrx_word' id='word_1_196' title='bbox 498 2920 547 2972; x_wconf 76' lang='lat' dir='ltr'><strong>&#39;si</strong></span> <span class='ocrx_word' id='word_1_197' title='bbox 590 2936 819 2974; x_wconf 89' lang='lat' dir='ltr'><strong>necesse</strong></span> <span class='ocrx_word' id='word_1_198' title='bbox 870 2921 1063 2985; x_wconf 88' lang='lat' dir='ltr'><strong>fuerit,</strong></span> <span class='ocrx_word' id='word_1_199' title='bbox 1116 2928 1214 2975; x_wconf 88' lang='lat' dir='ltr'><strong>aut</strong></span> <span class='ocrx_word' id='word_1_200' title='bbox 1267 2923 1466 2975; x_wconf 90' lang='lat' dir='ltr'><strong>mortis</strong></span> <span class='ocrx_word' id='word_1_201' title='bbox 1514 2924 1834 2993; x_wconf 90' lang='lat' dir='ltr'><strong>periculum</strong></span> 
     </span>
    </p>
   </div>
   <div class='ocr_carea' id='block_1_30' title="bbox 140 3004 1831 3081">
    <p class='ocr_par' dir='ltr' id='par_1_30' title="bbox 140 3004 1831 3081">
     <span class='ocr_line' id='line_1_31' title="bbox 140 3004 1831 3081; baseline 0.004 -24"><span class='ocrx_word' id='word_1_202' title='bbox 140 3004 431 3075; x_wconf 84' lang='lat' dir='ltr'><strong>ingruerit,</strong></span> <span class='ocrx_word' id='word_1_203' title='bbox 486 3009 730 3077; x_wconf 80' lang='lat' dir='ltr'><strong>gentiles</strong></span> <span class='ocrx_word' id='word_1_204' title='bbox 757 3009 826 3061; x_wconf 91' lang='lat' dir='ltr'><strong>ad</strong></span> <span class='ocrx_word' id='word_1_205' title='bbox 871 3008 1044 3063; x_wconf 83' lang='lat' dir='ltr'><strong>fidem</strong></span> <span class='ocrx_word' id='word_1_206' title='bbox 1087 3010 1382 3063; x_wconf 88' lang='lat' dir='ltr'><strong>venientes</strong></span> <span class='ocrx_word' id='word_1_207' title='bbox 1425 3027 1656 3081; x_wconf 90' lang='lat' dir='ltr'><strong>quoquo</strong></span> <span class='ocrx_word' id='word_1_208' title='bbox 1685 3012 1831 3077; x_wconf 89' lang='lat' dir='ltr'><strong>loco,</strong></span> 
     </span>
    </p>
   </div>
   <div class='ocr_carea' id='block_1_31' title="bbox 140 3088 1906 3166">
    <p class='ocr_par' dir='ltr' id='par_1_31' title="bbox 140 3088 1906 3166">
     <span class='ocr_line' id='line_1_32' title="bbox 140 3088 1906 3166; baseline 0.005 -23"><span class='ocrx_word' id='word_1_209' title='bbox 140 3094 215 3145; x_wconf 85' lang='lat' dir='ltr'><strong>vel</strong></span> <span class='ocrx_word' id='word_1_210' title='bbox 245 3099 565 3161; x_wconf 90' lang='lat' dir='ltr'><strong>momento,</strong></span> <span class='ocrx_word' id='word_1_211' title='bbox 618 3096 947 3166; x_wconf 88' lang='lat' dir='ltr'><strong>ubicunque</strong></span> <span class='ocrx_word' id='word_1_212' title='bbox 995 3098 1268 3162; x_wconf 88' lang='lat' dir='ltr'><strong>evenerit,</strong></span> <span class='ocrx_word' id='word_1_213' title='bbox 1319 3097 1435 3151; x_wconf 90' lang='lat' dir='ltr'><strong>sive</strong></span> <span class='ocrx_word' id='word_1_214' title='bbox 1466 3098 1525 3150; x_wconf 90' lang='lat' dir='ltr'><strong>in</strong></span> <span class='ocrx_word' id='word_1_215' title='bbox 1569 3099 1833 3164; x_wconf 85' lang='lat' dir='ltr'><strong>flumine,</strong></span> <span class='ocrx_word' id='word_1_216' title='bbox 1866 3088 1906 3141; x_wconf 74' lang='grc' dir='ltr'>Ο</span> 
     </span>
    </p>
   </div>
   <div class='ocr_carea' id='block_1_32' title="bbox 141 3179 1836 3249">
    <p class='ocr_par' dir='ltr' id='par_1_32' title="bbox 141 3179 1836 3249">
     <span class='ocr_line' id='line_1_33' title="bbox 141 3179 1836 3249; baseline 0.006 -20"><span class='ocrx_word' id='word_1_217' title='bbox 141 3179 243 3233; x_wconf 88' lang='lat' dir='ltr'><strong>sive</strong></span> <span class='ocrx_word' id='word_1_218' title='bbox 294 3182 353 3235; x_wconf 92' lang='lat' dir='ltr'><strong>in</strong></span> <span class='ocrx_word' id='word_1_219' title='bbox 402 3184 575 3249; x_wconf 91' lang='lat' dir='ltr'><strong>mari,</strong></span> <span class='ocrx_word' id='word_1_220' title='bbox 629 3184 745 3236; x_wconf 89' lang='lat' dir='ltr'><strong>sive</strong></span> <span class='ocrx_word' id='word_1_221' title='bbox 798 3184 856 3237; x_wconf 92' lang='lat' dir='ltr'><strong>in</strong></span> <span class='ocrx_word' id='word_1_222' title='bbox 912 3184 1166 3237; x_wconf 88' lang='lat' dir='ltr'><strong>fontibus</strong></span> <span class='ocrx_word' id='word_1_223' title='bbox 1222 3190 1444 3239; x_wconf 87' lang='lat' dir='ltr'><strong>tantum</strong></span> <span class='ocrx_word' id='word_1_224' title='bbox 1498 3187 1836 3241; x_wconf 72' lang='lat' dir='ltr'><strong>Christiana:</strong></span> 
     </span>
    </p>
   </div>
   <div class='ocr_carea' id='block_1_33' title="bbox 142 3270 1835 3345">
    <p class='ocr_par' dir='ltr' id='par_1_33' title="bbox 142 3270 1835 3345">
     <span class='ocr_line' id='line_1_34' title="bbox 142 3270 1835 3345; baseline 0.004 -24"><span class='ocrx_word' id='word_1_225' title='bbox 142 3270 487 3325; x_wconf 89' lang='lat' dir='ltr'><strong>confessione</strong></span> <span class='ocrx_word' id='word_1_226' title='bbox 535 3273 889 3326; x_wconf 83' lang='lat' dir='ltr'><strong>credulitatis</strong></span> <span class='ocrx_word' id='word_1_227' title='bbox 937 3274 1242 3327; x_wconf 88' lang='lat' dir='ltr'><strong>clariticata</strong></span> <span class='ocrx_word' id='word_1_228' title='bbox 1292 3275 1673 3344; x_wconf 88' lang='lat' dir='ltr'><strong>baptizantur.</strong></span> <span class='ocrx_word' id='word_1_229' title='bbox 1723 3276 1835 3345; x_wconf 88' lang='lat' dir='ltr'><strong>Ipsi</strong></span> 
     </span>
    </p>
   </div>
   <div class='ocr_carea' id='block_1_34' title="bbox 143 3360 1835 3431">
    <p class='ocr_par' dir='ltr' id='par_1_34' title="bbox 143 3360 1835 3431">
     <span class='ocr_line' id='line_1_35' title="bbox 143 3360 1835 3431; baseline 0.005 -22"><span class='ocrx_word' id='word_1_230' title='bbox 143 3372 378 3428; x_wconf 87' lang='lat' dir='ltr'><strong>quoque,</strong></span> <span class='ocrx_word' id='word_1_231' title='bbox 427 3360 587 3430; x_wconf 91' lang='lat' dir='ltr'><strong>quod</strong></span> <span class='ocrx_word' id='word_1_232' title='bbox 638 3360 696 3413; x_wconf 90' lang='lat' dir='ltr'><strong>in</strong></span> <span class='ocrx_word' id='word_1_233' title='bbox 746 3361 1030 3431; x_wconf 79' lang='lat' dir='ltr'><strong>baptismo</strong></span> <span class='ocrx_word' id='word_1_234' title='bbox 1085 3362 1325 3431; x_wconf 88' lang='lat' dir='ltr'><strong>polliciti</strong></span> <span class='ocrx_word' id='word_1_235' title='bbox 1371 3369 1523 3428; x_wconf 91' lang='lat' dir='ltr'><strong>sunt,</strong></span> <span class='ocrx_word' id='word_1_236' title='bbox 1580 3380 1835 3417; x_wconf 87' lang='lat' dir='ltr'><strong>summo-</strong></span> 
     </span>
    </p>
   </div>
   <div class='ocr_carea' id='block_1_35' title="bbox 144 3448 1836 3513">
    <p class='ocr_par' dir='ltr' id='par_1_35' title="bbox 144 3448 1836 3513">
     <span class='ocr_line' id='line_1_36' title="bbox 144 3448 1836 3513; baseline 0.005 -15"><span class='ocrx_word' id='word_1_237' title='bbox 144 3461 262 3513; x_wconf 87' lang='lat' dir='ltr'><strong>pere</strong></span> <span class='ocrx_word' id='word_1_238' title='bbox 306 3452 392 3501; x_wconf 81' lang='lat' dir='ltr'><strong>est</strong></span> <span class='ocrx_word' id='word_1_239' title='bbox 420 3448 857 3513; x_wconf 87' lang='lat' dir='ltr'><strong>attendendum,</strong></span> <span class='ocrx_word' id='word_1_240' title='bbox 893 3466 964 3503; x_wconf 90' lang='lat' dir='ltr'><strong>ne</strong></span> <span class='ocrx_word' id='word_1_241' title='bbox 998 3451 1258 3503; x_wconf 82' lang='lat' dir='ltr'><strong>infideles</strong></span> <span class='ocrx_word' id='word_1_242' title='bbox 1305 3454 1398 3505; x_wconf 88' lang='lat' dir='ltr'><strong>sed</strong></span> <span class='ocrx_word' id='word_1_243' title='bbox 1444 3453 1643 3505; x_wconf 80' lang='lat' dir='ltr'><strong>fideles</strong></span> <span class='ocrx_word' id='word_1_244' title='bbox 1684 3453 1836 3507; x_wconf 80' lang='lat' dir='ltr'><strong>inve-</strong></span> 
     </span>
    </p>
   </div>
   <div class='ocr_carea' id='block_1_36' title="bbox 145 3534 1831 3611">
    <p class='ocr_par' dir='ltr' id='par_1_36' title="bbox 145 3534 1831 3611">
     <span class='ocr_line' id='line_1_37' title="bbox 145 3534 1831 3611; baseline 0.006 -26"><span class='ocrx_word' id='word_1_245' title='bbox 145 3534 378 3589; x_wconf 88' lang='lat' dir='ltr'><strong>niantur.</strong></span> <span class='ocrx_word' id='word_1_246' title='bbox 412 3537 529 3606; x_wconf 89' lang='lat' dir='ltr'><strong>Ipsi</strong></span> <span class='ocrx_word' id='word_1_247' title='bbox 561 3553 697 3590; x_wconf 83' lang='lat' dir='ltr'><strong>vero</strong></span> <span class='ocrx_word' id='word_1_248' title='bbox 743 3539 843 3607; x_wconf 89' lang='lat' dir='ltr'><strong>qui</strong></span> <span class='ocrx_word' id='word_1_249' title='bbox 876 3538 1230 3592; x_wconf 80' lang='lat' dir='ltr'><strong>infidelitatis</strong></span> <span class='ocrx_word' id='word_1_250' title='bbox 1262 3545 1397 3593; x_wconf 89' lang='lat' dir='ltr'><strong>nota</strong></span> <span class='ocrx_word' id='word_1_251' title='bbox 1428 3548 1831 3611; x_wconf 90' lang='lat' dir='ltr'><strong>asperguntur,</strong></span> 
     </span>
    </p>
   </div>
   <div class='ocr_carea' id='block_1_37' title="bbox 143 3618 1836 3696">
    <p class='ocr_par' dir='ltr' id='par_1_37' title="bbox 143 3618 1836 3696">
     <span class='ocr_line' id='line_1_38' title="bbox 143 3618 1836 3696; baseline 0.006 -22"><span class='ocrx_word' id='word_1_252' title='bbox 143 3618 365 3677; x_wconf 88' lang='lat' dir='ltr'><strong>infames</strong></span> <span class='ocrx_word' id='word_1_253' title='bbox 411 3624 770 3687; x_wconf 85' lang='lat' dir='ltr'><strong>efﬁciuntur,</strong></span> <span class='ocrx_word' id='word_1_254' title='bbox 822 3631 992 3696; x_wconf 89' lang='lat' dir='ltr'><strong>atque</strong></span> <span class='ocrx_word' id='word_1_255' title='bbox 1042 3627 1195 3679; x_wconf 85' lang='lat' dir='ltr'><strong>inter</strong></span> <span class='ocrx_word' id='word_1_256' title='bbox 1242 3626 1440 3682; x_wconf 86' lang='lat' dir='ltr'><strong>fideles</strong></span> <span class='ocrx_word' id='word_1_257' title='bbox 1480 3629 1719 3682; x_wconf 90' lang='lat' dir='ltr'><strong>minime</strong></span> <span class='ocrx_word' id='word_1_258' title='bbox 1750 3646 1836 3684; x_wconf 87' lang='lat' dir='ltr'><strong>re-</strong></span> 
     </span>
    </p>
   </div>
   <div class='ocr_carea' id='block_1_38' title="bbox 144 3716 421 3776">
    <p class='ocr_par' dir='ltr' id='par_1_38' title="bbox 144 3716 421 3776">
     <span class='ocr_line' id='line_1_39' title="bbox 144 3716 421 3776; baseline 0.014 -15"><span class='ocrx_word' id='word_1_259' title='bbox 144 3716 421 3776; x_wconf 88' lang='lat' dir='ltr'><strong>putantur.</strong></span> 
     </span>
    </p>
   </div>
   <div class='ocr_carea' id='block_1_39' title="bbox 253 3794 1701 3893">
    <p class='ocr_par' dir='ltr' id='par_1_39' title="bbox 253 3794 1701 3893">
     <span class='ocr_line' id='line_1_40' title="bbox 253 3794 1701 3893; baseline 0.005 -22"><span class='ocrx_word' id='word_1_260' title='bbox 253 3816 379 3873; x_wconf 83' lang='lat' dir='ltr'><strong>CAP.</strong></span> <span class='ocrx_word' id='word_1_261' title='bbox 413 3820 505 3872; x_wconf 89' lang='lat' dir='ltr'><strong>IV.</strong></span> <span class='ocrx_word' id='word_1_262' title='bbox 539 3848 610 3860; x_wconf 93' lang='lat'><strong><em>—</em></strong></span> <span class='ocrx_word' id='word_1_263' title='bbox 638 3822 709 3873; x_wconf 89' lang='lat' dir='ltr'><strong>De</strong></span> <span class='ocrx_word' id='word_1_264' title='bbox 735 3820 941 3875; x_wconf 88' lang='lat' dir='ltr'><strong>duobus</strong></span> <span class='ocrx_word' id='word_1_265' title='bbox 977 3823 1300 3891; x_wconf 76' lang='lat' dir='ltr'><strong>temporibus</strong></span> <span class='ocrx_word' id='word_1_266' title='bbox 1334 3822 1701 3893; x_wconf 77' lang='lat' dir='ltr'><strong>baptismatis.</strong></span> 
     </span>
    </p>
   </div>
   <div class='ocr_carea' id='block_1_40' title="bbox 206 3924 1834 4000">
    <p class='ocr_par' dir='ltr' id='par_1_40' title="bbox 206 3924 1834 4000">
     <span class='ocr_line' id='line_1_41' title="bbox 206 3924 1834 4000; baseline 0.004 -23"><span class='ocrx_word' id='word_1_267' title='bbox 206 3924 300 3987; x_wconf 77' lang='lat' dir='ltr'><strong>(Ea:</strong></span> <span class='ocrx_word' id='word_1_268' title='bbox 328 3926 475 3980; x_wconf 88' lang='lat' dir='ltr'><strong>decr.</strong></span> <span class='ocrx_word' id='word_1_269' title='bbox 534 3926 743 3981; x_wconf 85' lang='lat' dir='ltr'><strong>Gelasii</strong></span> <span class='ocrx_word' id='word_1_270' title='bbox 780 3943 962 3996; x_wconf 72' lang='lat' dir='ltr'><strong>papae,</strong></span> <span class='ocrx_word' id='word_1_271' title='bbox 1016 3944 1138 3997; x_wconf 88' lang='lat' dir='ltr'><strong>cap.</strong></span> <span class='ocrx_word' id='word_1_272' title='bbox 1177 3931 1287 3996; x_wconf 91' lang='grc'>10.)</span> <span class='ocrx_word' id='word_1_273' title='bbox 1339 3929 1673 4000; x_wconf 88' lang='lat' dir='ltr'><strong>Baptizandi</strong></span> <span class='ocrx_word' id='word_1_274' title='bbox 1725 3932 1834 3986; x_wconf 91' lang='lat' dir='ltr'><strong>sibi</strong></span> 
     </span>
    </p>
   </div>
   <div class='ocr_carea' id='block_1_41' title="bbox 146 4012 1836 4088">
    <p class='ocr_par' dir='ltr' id='par_1_41' title="bbox 146 4012 1836 4088">
     <span class='ocr_line' id='line_1_42' title="bbox 146 4012 1836 4088; baseline 0.007 -25"><span class='ocrx_word' id='word_1_275' title='bbox 146 4012 410 4083; x_wconf 87' lang='lat' dir='ltr'><strong>quispiam</strong></span> <span class='ocrx_word' id='word_1_276' title='bbox 445 4015 668 4085; x_wconf 88' lang='lat' dir='ltr'><strong>passim</strong></span> <span class='ocrx_word' id='word_1_277' title='bbox 719 4033 1063 4088; x_wconf 87' lang='lat' dir='ltr'><strong>quocunque</strong></span> <span class='ocrx_word' id='word_1_278' title='bbox 1093 4023 1356 4087; x_wconf 90' lang='lat' dir='ltr'><strong>tempore</strong></span> <span class='ocrx_word' id='word_1_279' title='bbox 1389 4020 1607 4073; x_wconf 89' lang='lat' dir='ltr'><strong>nullam</strong></span> <span class='ocrx_word' id='word_1_280' title='bbox 1639 4021 1836 4074; x_wconf 87' lang='lat' dir='ltr'><strong>credat</strong></span> 
     </span>
    </p>
   </div>
   <div class='ocr_carea' id='block_1_42' title="bbox 148 4098 1835 4175">
    <p class='ocr_par' dir='ltr' id='par_1_42' title="bbox 148 4098 1835 4175">
     <span class='ocr_line' id='line_1_43' title="bbox 148 4098 1835 4175; baseline 0.008 -24"><span class='ocrx_word' id='word_1_281' title='bbox 148 4098 309 4157; x_wconf 84' lang='lat' dir='ltr'><strong>inesse</strong></span> <span class='ocrx_word' id='word_1_282' title='bbox 346 4104 646 4169; x_wconf 85' lang='lat' dir='ltr'><strong>ﬁduciam,</strong></span> <span class='ocrx_word' id='word_1_283' title='bbox 679 4110 890 4175; x_wconf 67' lang='lat' dir='ltr'><strong>praeter</strong></span> <span class='ocrx_word' id='word_1_284' title='bbox 919 4106 1189 4160; x_wconf 91' lang='lat' dir='ltr'><strong>Paschale</strong></span> <span class='ocrx_word' id='word_1_285' title='bbox 1221 4106 1431 4161; x_wconf 89' lang='lat' dir='ltr'><strong>festum</strong></span> <span class='ocrx_word' id='word_1_286' title='bbox 1464 4112 1520 4162; x_wconf 91' lang='lat' dir='ltr'><strong>et</strong></span> <span class='ocrx_word' id='word_1_287' title='bbox 1566 4110 1835 4165; x_wconf 89' lang='lat' dir='ltr'><strong>Penteco-</strong></span> 
     </span>
    </p>
   </div>
   <div class='ocr_carea' id='block_1_43' title="bbox 148 4192 1835 4266">
    <p class='ocr_par' dir='ltr' id='par_1_43' title="bbox 148 4192 1835 4266">
     <span class='ocr_line' id='line_1_44' title="bbox 148 4192 1835 4266; baseline 0.008 -27"><span class='ocrx_word' id='word_1_288' title='bbox 148 4192 243 4241; x_wconf 86' lang='lat' dir='ltr'><strong>stes</strong></span> <span class='ocrx_word' id='word_1_289' title='bbox 303 4192 635 4247; x_wconf 84' lang='lat' dir='ltr'><strong>venerabile</strong></span> <span class='ocrx_word' id='word_1_290' title='bbox 706 4199 1170 4261; x_wconf 86' lang='lat' dir='ltr'><strong>sacramentum,</strong></span> <span class='ocrx_word' id='word_1_291' title='bbox 1253 4201 1483 4266; x_wconf 79' lang='lat' dir='ltr'><strong>excepto</strong></span> <span class='ocrx_word' id='word_1_292' title='bbox 1558 4197 1835 4253; x_wconf 86' lang='lat' dir='ltr'><strong>duntaxat</strong></span> 
     </span>
    </p>
   </div>
   <div class='ocr_carea' id='block_1_44' title="bbox 149 4278 1835 4354">
    <p class='ocr_par' dir='ltr' id='par_1_44' title="bbox 149 4278 1835 4354">
     <span class='ocr_line' id='line_1_45' title="bbox 149 4278 1835 4354; baseline 0.005 -24"><span class='ocrx_word' id='word_1_293' title='bbox 149 4278 441 4343; x_wconf 83' lang='lat' dir='ltr'><strong>gravissimi</strong></span> <span class='ocrx_word' id='word_1_294' title='bbox 500 4281 799 4351; x_wconf 81' lang='lat' dir='ltr'><strong>languoris</strong></span> <span class='ocrx_word' id='word_1_295' title='bbox 845 4282 1103 4347; x_wconf 89' lang='lat' dir='ltr'><strong>incursu,</strong></span> <span class='ocrx_word' id='word_1_296' title='bbox 1147 4282 1208 4336; x_wconf 91' lang='lat' dir='ltr'><strong>in</strong></span> <span class='ocrx_word' id='word_1_297' title='bbox 1255 4300 1369 4354; x_wconf 88' lang='lat' dir='ltr'><strong>quo</strong></span> <span class='ocrx_word' id='word_1_298' title='bbox 1401 4286 1713 4339; x_wconf 90' lang='lat' dir='ltr'><strong>verendum</strong></span> <span class='ocrx_word' id='word_1_299' title='bbox 1748 4292 1835 4340; x_wconf 88' lang='lat' dir='ltr'><strong>est</strong></span> 
     </span>
    </p>
   </div>
   <div class='ocr_carea' id='block_1_45' title="bbox 150 4369 1904 4440">
    <p class='ocr_par' dir='ltr' id='par_1_45' title="bbox 150 4369 1904 4440">
     <span class='ocr_line' id='line_1_46' title="bbox 150 4369 1904 4440; baseline 0.007 -23"><span class='ocrx_word' id='word_1_300' title='bbox 150 4378 225 4429; x_wconf 87' lang='lat' dir='ltr'><strong>ne,</strong></span> <span class='ocrx_word' id='word_1_301' title='bbox 254 4369 437 4423; x_wconf 91' lang='lat' dir='ltr'><strong>morbi</strong></span> <span class='ocrx_word' id='word_1_302' title='bbox 466 4374 761 4423; x_wconf 91' lang='lat' dir='ltr'><strong>crescente</strong></span> <span class='ocrx_word' id='word_1_303' title='bbox 810 4370 1086 4440; x_wconf 90' lang='lat' dir='ltr'><strong>periculo,</strong></span> <span class='ocrx_word' id='word_1_304' title='bbox 1119 4371 1242 4425; x_wconf 91' lang='lat' dir='ltr'><strong>sine</strong></span> <span class='ocrx_word' id='word_1_305' title='bbox 1288 4373 1543 4426; x_wconf 90' lang='lat' dir='ltr'><strong>remedio</strong></span> <span class='ocrx_word' id='word_1_306' title='bbox 1592 4374 1828 4429; x_wconf 87' lang='lat' dir='ltr'><strong>salutari</strong></span> <span class='ocrx_word' id='word_1_307' title='bbox 1864 4370 1904 4422; x_wconf 81' lang='grc' dir='ltr'>Ι)</span> 
     </span>
    </p>
   </div>
   <div class='ocr_carea' id='block_1_46' title="bbox 149 4452 1578 4529">
    <p class='ocr_par' dir='ltr' id='par_1_46' title="bbox 149 4452 1578 4529">
     <span class='ocr_line' id='line_1_47' title="bbox 149 4452 1578 4529; baseline 0.006 -24"><span class='ocrx_word' id='word_1_308' title='bbox 149 4452 379 4510; x_wconf 89' lang='lat' dir='ltr'><strong>fortassis</strong></span> <span class='ocrx_word' id='word_1_309' title='bbox 410 4463 706 4528; x_wconf 66' lang='lat' dir='ltr'><strong>aegrotans</strong></span> <span class='ocrx_word' id='word_1_310' title='bbox 740 4459 914 4513; x_wconf 79' lang='lat' dir='ltr'><strong>exitio</strong></span> <span class='ocrx_word' id='word_1_311' title='bbox 943 4465 1270 4529; x_wconf 70' lang='lat' dir='ltr'><strong>praeventus</strong></span> <span class='ocrx_word' id='word_1_312' title='bbox 1295 4461 1578 4515; x_wconf 89' lang='lat' dir='ltr'><strong>abscedat.</strong></span> 
     </span>
    </p>
   </div>
   <div class='ocr_carea' id='block_1_47' title="bbox 150 4559 1829 4637">
    <p class='ocr_par' dir='ltr' id='par_1_47' title="bbox 150 4559 1829 4637">
     <span class='ocr_line' id='line_1_48' title="bbox 150 4559 1829 4637; baseline 0.006 -24"><span class='ocrx_word' id='word_1_313' title='bbox 150 4559 258 4615; x_wconf 85' lang='lat' dir='ltr'><strong>CAP.</strong></span> <span class='ocrx_word' id='word_1_314' title='bbox 288 4564 343 4619; x_wconf 88' lang='lat' dir='ltr'><strong>V.</strong></span> <span class='ocrx_word' id='word_1_315' title='bbox 382 4595 448 4606; x_wconf 90' lang='lat'><strong>-</strong></span> <span class='ocrx_word' id='word_1_316' title='bbox 500 4566 648 4619; x_wconf 83' lang='lat' dir='ltr'><strong>Item</strong></span> <span class='ocrx_word' id='word_1_317' title='bbox 699 4581 805 4635; x_wconf 88' lang='lat' dir='ltr'><strong>quo</strong></span> <span class='ocrx_word' id='word_1_318' title='bbox 835 4572 1067 4635; x_wconf 86' lang='lat' dir='ltr'><strong>tempore</strong></span> <span class='ocrx_word' id='word_1_319' title='bbox 1116 4567 1418 4636; x_wconf 87' lang='lat' dir='ltr'><strong>baptismus</strong></span> <span class='ocrx_word' id='word_1_320' title='bbox 1458 4571 1579 4637; x_wconf 82' lang='lat' dir='ltr'><strong>ﬁeri</strong></span> <span class='ocrx_word' id='word_1_321' title='bbox 1622 4569 1829 4625; x_wconf 85' lang='lat' dir='ltr'><strong>debeat.</strong></span> 
     </span>
    </p>
   </div>
   <div class='ocr_carea' id='block_1_48' title="bbox 206 4668 1831 4745">
    <p class='ocr_par' dir='ltr' id='par_1_48' title="bbox 206 4668 1831 4745">
     <span class='ocr_line' id='line_1_49' title="bbox 206 4668 1831 4745; baseline 0.005 -23"><span class='ocrx_word' id='word_1_322' title='bbox 206 4668 306 4732; x_wconf 70' lang='lat' dir='ltr'><strong>(Ea-</strong></span> <span class='ocrx_word' id='word_1_323' title='bbox 350 4672 497 4725; x_wconf 86' lang='lat' dir='ltr'><strong>decr.</strong></span> <span class='ocrx_word' id='word_1_324' title='bbox 559 4671 744 4739; x_wconf 82' lang='lat' dir='ltr'><strong>Syrici</strong></span> <span class='ocrx_word' id='word_1_325' title='bbox 794 4688 973 4741; x_wconf 56' lang='lat' dir='ltr'><strong>papa,</strong></span> <span class='ocrx_word' id='word_1_326' title='bbox 1007 4688 1127 4742; x_wconf 91' lang='lat' dir='ltr'><strong>cap.</strong></span> <span class='ocrx_word' id='word_1_327' title='bbox 1179 4674 1259 4740; x_wconf 83' lang='lat'><strong>2.)</strong></span> <span class='ocrx_word' id='word_1_328' title='bbox 1318 4674 1585 4745; x_wconf 89' lang='lat' dir='ltr'><strong>Sequitur</strong></span> <span class='ocrx_word' id='word_1_329' title='bbox 1619 4676 1688 4729; x_wconf 90' lang='lat' dir='ltr'><strong>de</strong></span> <span class='ocrx_word' id='word_1_330' title='bbox 1740 4676 1831 4730; x_wconf 91' lang='lat' dir='ltr'><strong>di-</strong></span> 
     </span>
    </p>
   </div>
   <div class='ocr_carea' id='block_1_49' title="bbox 150 4758 1833 4832">
    <p class='ocr_par' dir='ltr' id='par_1_49' title="bbox 150 4758 1833 4832">
     <span class='ocr_line' id='line_1_50' title="bbox 150 4758 1833 4832; baseline 0.007 -25"><span class='ocrx_word' id='word_1_331' title='bbox 150 4758 301 4819; x_wconf 61' lang='lat' dir='ltr'><strong>versis</strong></span> <span class='ocrx_word' id='word_1_332' title='bbox 344 4758 848 4829; x_wconf 85' lang='lat' dir='ltr'><strong>baptizandorum,</strong></span> <span class='ocrx_word' id='word_1_333' title='bbox 883 4766 1055 4831; x_wconf 82' lang='lat' dir='ltr'><strong>prout</strong></span> <span class='ocrx_word' id='word_1_334' title='bbox 1088 4761 1396 4832; x_wconf 84' lang='lat' dir='ltr'><strong>unicuique</strong></span> <span class='ocrx_word' id='word_1_335' title='bbox 1440 4762 1669 4817; x_wconf 85' lang='lat' dir='ltr'><strong>libitum</strong></span> <span class='ocrx_word' id='word_1_336' title='bbox 1702 4764 1833 4817; x_wconf 91' lang='lat' dir='ltr'><strong>fue-</strong></span> 
     </span>
    </p>
   </div>
   <div class='ocr_carea' id='block_1_50' title="bbox 149 4842 1833 4922">
    <p class='ocr_par' dir='ltr' id='par_1_50' title="bbox 149 4842 1833 4922">
     <span class='ocr_line' id='line_1_51' title="bbox 149 4842 1833 4922; baseline 0.006 -26"><span class='ocrx_word' id='word_1_337' title='bbox 149 4842 224 4906; x_wconf 83' lang='lat' dir='ltr'><strong>rit,</strong></span> <span class='ocrx_word' id='word_1_338' title='bbox 290 4847 695 4917; x_wconf 88' lang='lat' dir='ltr'><strong>improbabilis</strong></span> <span class='ocrx_word' id='word_1_339' title='bbox 770 4854 826 4901; x_wconf 86' lang='lat' dir='ltr'><strong>et</strong></span> <span class='ocrx_word' id='word_1_340' title='bbox 885 4850 1246 4903; x_wconf 85' lang='lat' dir='ltr'><strong>emendanda</strong></span> <span class='ocrx_word' id='word_1_341' title='bbox 1302 4851 1577 4916; x_wconf 91' lang='lat' dir='ltr'><strong>confusio,</strong></span> <span class='ocrx_word' id='word_1_342' title='bbox 1630 4868 1761 4922; x_wconf 66' lang='lat' dir='ltr'><strong>quas</strong></span> <span class='ocrx_word' id='word_1_343' title='bbox 1802 4870 1833 4907; x_wconf 90' lang='lat' dir='ltr'><strong>a</strong></span> 
     </span>
    </p>
   </div>
   <div class='ocr_carea' id='block_1_51' title="bbox 149 4934 1828 5009">
    <p class='ocr_par' dir='ltr' id='par_1_51' title="bbox 149 4934 1828 5009">
     <span class='ocr_line' id='line_1_52' title="bbox 149 4934 1828 5009; baseline 0.007 -28"><span class='ocrx_word' id='word_1_344' title='bbox 149 4934 332 4989; x_wconf 86' lang='lat' dir='ltr'><strong>nostris</strong></span> <span class='ocrx_word' id='word_1_345' title='bbox 386 4938 923 5004; x_wconf 87' lang='lat' dir='ltr'><strong>consacerdotibus,</strong></span> <span class='ocrx_word' id='word_1_346' title='bbox 1004 4939 1160 5009; x_wconf 92' lang='lat' dir='ltr'><strong>quod</strong></span> <span class='ocrx_word' id='word_1_347' title='bbox 1232 4940 1504 4993; x_wconf 90' lang='lat' dir='ltr'><strong>commoti</strong></span> <span class='ocrx_word' id='word_1_348' title='bbox 1568 4939 1828 5008; x_wconf 86' lang='lat' dir='ltr'><strong>dicimus,</strong></span> 
     </span>
    </p>
   </div>
   <div class='ocr_carea' id='block_1_52' title="bbox 148 5024 1829 5097">
    <p class='ocr_par' dir='ltr' id='par_1_52' title="bbox 148 5024 1829 5097">
     <span class='ocr_line' id='line_1_53' title="bbox 148 5024 1829 5097; baseline 0.006 -24"><span class='ocrx_word' id='word_1_349' title='bbox 148 5033 245 5073; x_wconf 88' lang='lat' dir='ltr'><strong>non</strong></span> <span class='ocrx_word' id='word_1_350' title='bbox 271 5025 488 5079; x_wconf 88' lang='lat' dir='ltr'><strong>ratione</strong></span> <span class='ocrx_word' id='word_1_351' title='bbox 516 5024 881 5080; x_wconf 86' lang='lat' dir='ltr'><strong>auctoritatis</strong></span> <span class='ocrx_word' id='word_1_352' title='bbox 929 5026 1194 5097; x_wconf 88' lang='lat' dir='ltr'><strong>alicujus,</strong></span> <span class='ocrx_word' id='word_1_353' title='bbox 1231 5029 1326 5080; x_wconf 81' lang='lat' dir='ltr'><strong>sed</strong></span> <span class='ocrx_word' id='word_1_354' title='bbox 1358 5028 1477 5081; x_wconf 90' lang='lat' dir='ltr'><strong>sola</strong></span> <span class='ocrx_word' id='word_1_355' title='bbox 1507 5029 1829 5084; x_wconf 88' lang='lat' dir='ltr'><strong>temeritate</strong></span> 
     </span>
    </p>
   </div>
   <div class='ocr_carea' id='block_1_53' title="bbox 148 5114 1828 5183">
    <p class='ocr_par' dir='ltr' id='par_1_53' title="bbox 148 5114 1828 5183">
     <span class='ocr_line' id='line_1_54' title="bbox 148 5114 1828 5183; baseline 0.004 -22"><span class='ocrx_word' id='word_1_356' title='bbox 148 5114 507 5176; x_wconf 59' lang='lat' dir='ltr'><strong>praesumitur,</strong></span> <span class='ocrx_word' id='word_1_357' title='bbox 566 5118 631 5167; x_wconf 91' lang='lat' dir='ltr'><strong>ut</strong></span> <span class='ocrx_word' id='word_1_358' title='bbox 680 5114 894 5183; x_wconf 87' lang='lat' dir='ltr'><strong>passim</strong></span> <span class='ocrx_word' id='word_1_359' title='bbox 948 5130 1013 5168; x_wconf 91' lang='lat' dir='ltr'><strong>ac</strong></span> <span class='ocrx_word' id='word_1_360' title='bbox 1055 5116 1234 5169; x_wconf 89' lang='lat' dir='ltr'><strong>libere</strong></span> <span class='ocrx_word' id='word_1_361' title='bbox 1278 5116 1552 5169; x_wconf 85' lang='lat' dir='ltr'><strong>natalitiis</strong></span> <span class='ocrx_word' id='word_1_362' title='bbox 1597 5116 1828 5181; x_wconf 86' lang='lat' dir='ltr'><strong>Christi,</strong></span> 
     </span>
    </p>
   </div>
   <div class='ocr_carea' id='block_1_54' title="bbox 148 5201 1829 5274">
    <p class='ocr_par' dir='ltr' id='par_1_54' title="bbox 148 5201 1829 5274">
     <span class='ocr_line' id='line_1_55' title="bbox 148 5201 1829 5274; baseline 0.005 -25"><span class='ocrx_word' id='word_1_363' title='bbox 148 5209 229 5249; x_wconf 84' lang='lat' dir='ltr'><strong>seu</strong></span> <span class='ocrx_word' id='word_1_364' title='bbox 254 5201 651 5272; x_wconf 88' lang='lat' dir='ltr'><strong>apparitionis,</strong></span> <span class='ocrx_word' id='word_1_365' title='bbox 686 5218 911 5256; x_wconf 90' lang='lat' dir='ltr'><strong>necnon</strong></span> <span class='ocrx_word' id='word_1_366' title='bbox 941 5209 999 5257; x_wconf 88' lang='lat' dir='ltr'><strong>et</strong></span> <span class='ocrx_word' id='word_1_367' title='bbox 1029 5205 1451 5273; x_wconf 88' lang='lat' dir='ltr'><strong>apostolorum,</strong></span> <span class='ocrx_word' id='word_1_368' title='bbox 1484 5220 1581 5257; x_wconf 90' lang='lat' dir='ltr'><strong>seu</strong></span> <span class='ocrx_word' id='word_1_369' title='bbox 1613 5210 1829 5274; x_wconf 86' lang='lat' dir='ltr'><strong>marty-</strong></span> 
     </span>
    </p>
   </div>
   <div class='ocr_carea' id='block_1_55' title="bbox 148 5289 1829 5361">
    <p class='ocr_par' dir='ltr' id='par_1_55' title="bbox 148 5289 1829 5361">
     <span class='ocr_line' id='line_1_56' title="bbox 148 5289 1829 5361; baseline 0.002 -20"><span class='ocrx_word' id='word_1_370' title='bbox 148 5300 252 5341; x_wconf 83' lang='lat' dir='ltr'><strong>rnm</strong></span> <span class='ocrx_word' id='word_1_371' title='bbox 309 5289 718 5345; x_wconf 87' lang='lat' dir='ltr'><strong>festivitatibus</strong></span> <span class='ocrx_word' id='word_1_372' title='bbox 789 5290 1134 5360; x_wconf 81' lang='lat' dir='ltr'><strong>innumerae,</strong></span> <span class='ocrx_word' id='word_1_373' title='bbox 1217 5298 1281 5345; x_wconf 88' lang='lat' dir='ltr'><strong>ut</strong></span> <span class='ocrx_word' id='word_1_374' title='bbox 1335 5292 1559 5359; x_wconf 83' lang='lat' dir='ltr'><strong>asseris,</strong></span> <span class='ocrx_word' id='word_1_375' title='bbox 1633 5293 1829 5361; x_wconf 89' lang='lat' dir='ltr'><strong>plebes</strong></span> 
     </span>
    </p>
   </div>
   <div class='ocr_carea' id='block_1_56' title="bbox 149 5372 1829 5451">
    <p class='ocr_par' dir='ltr' id='par_1_56' title="bbox 149 5372 1829 5451">
     <span class='ocr_line' id='line_1_57' title="bbox 149 5372 1829 5451; baseline 0.004 -23"><span class='ocrx_word' id='word_1_376' title='bbox 149 5372 382 5442; x_wconf 81' lang='lat' dir='ltr'><strong>baptismi</strong></span> <span class='ocrx_word' id='word_1_377' title='bbox 435 5379 783 5449; x_wconf 87' lang='lat' dir='ltr'><strong>mysterium</strong></span> <span class='ocrx_word' id='word_1_378' title='bbox 853 5384 1302 5451; x_wconf 86' lang='lat' dir='ltr'><strong>consequantur,</strong></span> <span class='ocrx_word' id='word_1_379' title='bbox 1371 5397 1501 5433; x_wconf 90' lang='lat' dir='ltr'><strong>cum</strong></span> <span class='ocrx_word' id='word_1_380' title='bbox 1554 5382 1661 5434; x_wconf 91' lang='lat' dir='ltr'><strong>hoc</strong></span> <span class='ocrx_word' id='word_1_381' title='bbox 1720 5380 1829 5434; x_wconf 89' lang='lat' dir='ltr'><strong>sibi</strong></span> 
     </span>
    </p>
   </div>
   <div class='ocr_carea' id='block_1_57' title="bbox 148 5463 1824 5540">
    <p class='ocr_par' dir='ltr' id='par_1_57' title="bbox 148 5463 1824 5540">
     <span class='ocr_line' id='line_1_58' title="bbox 148 5463 1824 5540; baseline 0.005 -27"><span class='ocrx_word' id='word_1_382' title='bbox 148 5463 479 5537; x_wconf 82' lang='lat' dir='ltr'><strong>privilegium</strong></span> <span class='ocrx_word' id='word_1_383' title='bbox 533 5472 597 5521; x_wconf 94' lang='lat' dir='ltr'><strong>et</strong></span> <span class='ocrx_word' id='word_1_384' title='bbox 637 5468 791 5537; x_wconf 89' lang='lat' dir='ltr'><strong>apud</strong></span> <span class='ocrx_word' id='word_1_385' title='bbox 824 5484 947 5537; x_wconf 90' lang='lat' dir='ltr'><strong>nos,</strong></span> <span class='ocrx_word' id='word_1_386' title='bbox 995 5476 1051 5523; x_wconf 90' lang='lat' dir='ltr'><strong>et</strong></span> <span class='ocrx_word' id='word_1_387' title='bbox 1098 5470 1249 5540; x_wconf 90' lang='lat' dir='ltr'><strong>apud</strong></span> <span class='ocrx_word' id='word_1_388' title='bbox 1299 5486 1498 5523; x_wconf 91' lang='lat' dir='ltr'><strong>omnes</strong></span> <span class='ocrx_word' id='word_1_389' title='bbox 1534 5470 1824 5532; x_wconf 89' lang='lat' dir='ltr'><strong>Ecclesias,</strong></span> 
     </span>
    </p>
   </div>
   <div class='ocr_carea' id='block_1_58' title="bbox 150 5548 1829 5689">
    <p class='ocr_par' dir='ltr' id='par_1_58' title="bbox 150 5548 1829 5689">
     <span class='ocr_line' id='line_1_59' title="bbox 150 5548 1829 5625; baseline 0.007 -26"><span class='ocrx_word' id='word_1_390' title='bbox 150 5548 480 5609; x_wconf 88' lang='lat' dir='ltr'><strong>Dominicum</strong></span> <span class='ocrx_word' id='word_1_391' title='bbox 532 5554 867 5625; x_wconf 86' lang='lat' dir='ltr'><strong>specialiter</strong></span> <span class='ocrx_word' id='word_1_392' title='bbox 903 5572 1034 5611; x_wconf 92' lang='lat' dir='ltr'><strong>cum</strong></span> <span class='ocrx_word' id='word_1_393' title='bbox 1083 5558 1417 5611; x_wconf 90' lang='lat' dir='ltr'><strong>Pentecoste</strong></span> <span class='ocrx_word' id='word_1_394' title='bbox 1466 5574 1567 5611; x_wconf 90' lang='lat' dir='ltr'><strong>suo</strong></span> <span class='ocrx_word' id='word_1_395' title='bbox 1616 5558 1829 5611; x_wconf 88' lang='lat' dir='ltr'><strong>Pascha</strong></span> 
     </span>
     <span class='ocr_line' id='line_1_60' title="bbox 150 5634 400 5689; baseline 0 0"><span class='ocrx_word' id='word_1_396' title='bbox 150 5634 400 5689; x_wconf 80' lang='lat' dir='ltr'><strong>defendat-</strong></span> 
     </span>
    </p>
   </div>
   <div class='ocr_carea' id='block_1_59' title="bbox 180 5638 400 5698">
    <p class='ocr_par' dir='ltr' id='par_1_59' title="bbox 180 5638 400 5698">
     <span class='ocr_line' id='line_1_61' title="bbox 180 5638 400 5698; baseline 0.032 -8"><span class='ocrx_word' id='word_1_397' title='bbox 180 5638 400 5698; x_wconf 85' lang='lat' dir='ltr'><strong>etendat.</strong></span> 
     </span>
    </p>
   </div>
   <div class='ocr_carea' id='block_1_60' title="bbox 3549 400 3653 453">
    <p class='ocr_par' dir='ltr' id='par_1_60' title="bbox 3549 400 3653 453">
     <span class='ocr_line' id='line_1_62' title="bbox 3549 400 3653 453; baseline 0.019 -2"><span class='ocrx_word' id='word_1_398' title='bbox 3549 400 3653 453; x_wconf 81' lang='lat'><strong>730</strong></span> 
     </span>
    </p>
   </div>
   <div class='ocr_carea' id='block_1_61' title="bbox 2416 519 3183 574">
    <p class='ocr_par' dir='ltr' id='par_1_61' title="bbox 2416 519 3183 574">
     <span class='ocr_line' id='line_1_63' title="bbox 2416 519 3183 574; baseline 0.004 -3"><span class='ocrx_word' id='word_1_399' title='bbox 2416 519 2543 571; x_wconf 91' lang='lat' dir='ltr'><strong>CAP.</strong></span> <span class='ocrx_word' id='word_1_400' title='bbox 2579 520 2666 572; x_wconf 91' lang='lat' dir='ltr'><strong>Vl.</strong></span> <span class='ocrx_word' id='word_1_401' title='bbox 2703 549 2769 557; x_wconf 91' lang='lat'><strong>—</strong></span> <span class='ocrx_word' id='word_1_402' title='bbox 2801 521 2875 572; x_wconf 88' lang='lat' dir='ltr'><strong>De</strong></span> <span class='ocrx_word' id='word_1_403' title='bbox 2896 521 3081 574; x_wconf 85' lang='lat' dir='ltr'><strong>eadem</strong></span> <span class='ocrx_word' id='word_1_404' title='bbox 3108 536 3183 574; x_wconf 87' lang='lat' dir='ltr'><strong>re.</strong></span> 
     </span>
    </p>
   </div>
   <div class='ocr_carea' id='block_1_62' title="bbox 2020 607 3647 678">
    <p class='ocr_par' dir='ltr' id='par_1_62' title="bbox 2020 607 3647 678">
     <span class='ocr_line' id='line_1_64' title="bbox 2020 607 3647 678; baseline 0 -17"><span class='ocrx_word' id='word_1_405' title='bbox 2020 608 2127 676; x_wconf 76' lang='lat' dir='ltr'><strong>(Ea:</strong></span> <span class='ocrx_word' id='word_1_406' title='bbox 2167 607 2355 661; x_wconf 89' lang='lat' dir='ltr'><strong>concil.</strong></span> <span class='ocrx_word' id='word_1_407' title='bbox 2411 607 2562 675; x_wconf 85' lang='lat' dir='ltr'><strong>apud</strong></span> <span class='ocrx_word' id='word_1_408' title='bbox 2594 608 3011 675; x_wconf 89' lang='lat' dir='ltr'><strong>Compendium,</strong></span> <span class='ocrx_word' id='word_1_409' title='bbox 3069 624 3190 676; x_wconf 88' lang='lat' dir='ltr'><strong>cap.</strong></span> <span class='ocrx_word' id='word_1_410' title='bbox 3242 611 3320 678; x_wconf 91' lang='lat'><strong>3.)</strong></span> <span class='ocrx_word' id='word_1_411' title='bbox 3377 610 3443 663; x_wconf 88' lang='lat' dir='ltr'><strong>Ut</strong></span> <span class='ocrx_word' id='word_1_412' title='bbox 3493 614 3647 663; x_wconf 85' lang='lat' dir='ltr'><strong>ex-tra</strong></span> 
     </span>
    </p>
   </div>
   <div class='ocr_carea' id='block_1_63' title="bbox 1948 696 3651 765">
    <p class='ocr_par' dir='ltr' id='par_1_63' title="bbox 1948 696 3651 765">
     <span class='ocr_line' id='line_1_65' title="bbox 1948 696 3651 765; baseline 0.002 -18"><span class='ocrx_word' id='word_1_413' title='bbox 1948 699 2158 747; x_wconf 89' lang='lat' dir='ltr'><strong>statuta</strong></span> <span class='ocrx_word' id='word_1_414' title='bbox 2190 700 2454 765; x_wconf 89' lang='lat' dir='ltr'><strong>tempora</strong></span> <span class='ocrx_word' id='word_1_415' title='bbox 2500 711 2810 755; x_wconf 86' lang='lat' dir='ltr'><strong>canonum.</strong></span> <span class='ocrx_word' id='word_1_416' title='bbox 2854 696 2907 748; x_wconf 92' lang='lat' dir='ltr'><strong>id</strong></span> <span class='ocrx_word' id='word_1_417' title='bbox 2940 703 3025 749; x_wconf 89' lang='lat' dir='ltr'><strong>est</strong></span> <span class='ocrx_word' id='word_1_418' title='bbox 3058 696 3117 749; x_wconf 92' lang='lat' dir='ltr'><strong>in</strong></span> <span class='ocrx_word' id='word_1_419' title='bbox 3166 697 3381 751; x_wconf 87' lang='lat' dir='ltr'><strong>Pascha</strong></span> <span class='ocrx_word' id='word_1_420' title='bbox 3411 702 3467 750; x_wconf 88' lang='lat' dir='ltr'><strong>et</strong></span> <span class='ocrx_word' id='word_1_421' title='bbox 3514 700 3651 751; x_wconf 87' lang='lat' dir='ltr'><strong>Pen-</strong></span> 
     </span>
    </p>
   </div>
   <div class='ocr_carea' id='block_1_64' title="bbox 1949 784 3651 855">
    <p class='ocr_par' dir='ltr' id='par_1_64' title="bbox 1949 784 3651 855">
     <span class='ocr_line' id='line_1_66' title="bbox 1949 784 3651 855; baseline 0.001 -18"><span class='ocrx_word' id='word_1_422' title='bbox 1949 788 2180 849; x_wconf 89' lang='lat' dir='ltr'><strong>tecoste,</strong></span> <span class='ocrx_word' id='word_1_423' title='bbox 2227 784 2513 853; x_wconf 88' lang='lat' dir='ltr'><strong>baptisma</strong></span> <span class='ocrx_word' id='word_1_424' title='bbox 2560 800 2679 836; x_wconf 88' lang='lat' dir='ltr'><strong>non</strong></span> <span class='ocrx_word' id='word_1_425' title='bbox 2728 786 3090 838; x_wconf 88' lang='lat' dir='ltr'><strong>celebretur:</strong></span> <span class='ocrx_word' id='word_1_426' title='bbox 3125 786 3262 855; x_wconf 88' lang='lat' dir='ltr'><strong>quia</strong></span> <span class='ocrx_word' id='word_1_427' title='bbox 3293 787 3435 839; x_wconf 89' lang='lat' dir='ltr'><strong>sacri</strong></span> <span class='ocrx_word' id='word_1_428' title='bbox 3486 803 3651 840; x_wconf 89' lang='lat' dir='ltr'><strong>cano-</strong></span> 
     </span>
    </p>
   </div>
   <div class='ocr_carea' id='block_1_65' title="bbox 1946 872 3647 943">
    <p class='ocr_par' dir='ltr' id='par_1_65' title="bbox 1946 872 3647 943">
     <span class='ocr_line' id='line_1_67' title="bbox 1946 872 3647 943; baseline 0.001 -19"><span class='ocrx_word' id='word_1_429' title='bbox 1946 887 2048 924; x_wconf 89' lang='lat' dir='ltr'><strong>nes</strong></span> <span class='ocrx_word' id='word_1_430' title='bbox 2080 872 2189 925; x_wconf 90' lang='lat' dir='ltr'><strong>hoc</strong></span> <span class='ocrx_word' id='word_1_431' title='bbox 2221 873 2403 925; x_wconf 89' lang='lat' dir='ltr'><strong>modis</strong></span> <span class='ocrx_word' id='word_1_432' title='bbox 2449 872 2739 935; x_wconf 89' lang='lat' dir='ltr'><strong>omnibus,</strong></span> <span class='ocrx_word' id='word_1_433' title='bbox 2788 872 2894 924; x_wconf 88' lang='lat' dir='ltr'><strong>nisi</strong></span> <span class='ocrx_word' id='word_1_434' title='bbox 2927 873 3158 943; x_wconf 91' lang='lat' dir='ltr'><strong>aliquod</strong></span> <span class='ocrx_word' id='word_1_435' title='bbox 3206 872 3527 943; x_wconf 86' lang='lat' dir='ltr'><strong>periculum</strong></span> <span class='ocrx_word' id='word_1_436' title='bbox 3560 874 3647 925; x_wconf 91' lang='lat' dir='ltr'><strong>in-</strong></span> 
     </span>
    </p>
   </div>
   <div class='ocr_carea' id='block_1_66' title="bbox 1948 959 3651 1031">
    <p class='ocr_par' dir='ltr' id='par_1_66' title="bbox 1948 959 3651 1031">
     <span class='ocr_line' id='line_1_68' title="bbox 1948 959 3651 1031; baseline 0.001 -20"><span class='ocrx_word' id='word_1_437' title='bbox 1948 959 2171 1025; x_wconf 84' lang='lat' dir='ltr'><strong>stiterit,</strong></span> <span class='ocrx_word' id='word_1_438' title='bbox 2208 961 2327 1014; x_wconf 83' lang='lat' dir='ltr'><strong>tieri</strong></span> <span class='ocrx_word' id='word_1_439' title='bbox 2375 961 2708 1031; x_wconf 86' lang='lat' dir='ltr'><strong>prohibent,</strong></span> <span class='ocrx_word' id='word_1_440' title='bbox 2751 960 2810 1013; x_wconf 90' lang='lat' dir='ltr'><strong>in</strong></span> <span class='ocrx_word' id='word_1_441' title='bbox 2857 966 3079 1014; x_wconf 90' lang='lat' dir='ltr'><strong>tantum</strong></span> <span class='ocrx_word' id='word_1_442' title='bbox 3114 967 3177 1014; x_wconf 90' lang='lat' dir='ltr'><strong>ut</strong></span> <span class='ocrx_word' id='word_1_443' title='bbox 3220 962 3393 1015; x_wconf 87' lang='lat' dir='ltr'><strong>etiam</strong></span> <span class='ocrx_word' id='word_1_444' title='bbox 3425 978 3519 1013; x_wconf 90' lang='lat' dir='ltr'><strong>eos</strong></span> <span class='ocrx_word' id='word_1_445' title='bbox 3550 961 3651 1031; x_wconf 87' lang='lat' dir='ltr'><strong>qui</strong></span> 
     </span>
    </p>
   </div>
   <div class='ocr_carea' id='block_1_67' title="bbox 1946 1048 3650 1119">
    <p class='ocr_par' dir='ltr' id='par_1_67' title="bbox 1946 1048 3650 1119">
     <span class='ocr_line' id='line_1_69' title="bbox 1946 1048 3650 1119; baseline 0.001 -19"><span class='ocrx_word' id='word_1_446' title='bbox 1946 1048 2058 1101; x_wconf 90' lang='lat' dir='ltr'><strong>alio</strong></span> <span class='ocrx_word' id='word_1_447' title='bbox 2108 1054 2365 1119; x_wconf 90' lang='lat' dir='ltr'><strong>tempore</strong></span> <span class='ocrx_word' id='word_1_448' title='bbox 2417 1048 2799 1119; x_wconf 76' lang='lat' dir='ltr'><strong>baptizantur,</strong></span> <span class='ocrx_word' id='word_1_449' title='bbox 2850 1066 2882 1101; x_wconf 89' lang='lat' dir='ltr'><strong>a</strong></span> <span class='ocrx_word' id='word_1_450' title='bbox 2926 1049 3201 1119; x_wconf 83' lang='lat' dir='ltr'><strong>gradibus</strong></span> <span class='ocrx_word' id='word_1_451' title='bbox 3261 1050 3650 1102; x_wconf 81' lang='lat' dir='ltr'><strong>ecclesiasticis</strong></span> 
     </span>
    </p>
   </div>
   <div class='ocr_carea' id='block_1_68' title="bbox 1947 1138 3204 1201">
    <p class='ocr_par' dir='ltr' id='par_1_68' title="bbox 1947 1138 3204 1201">
     <span class='ocr_line' id='line_1_70' title="bbox 1947 1138 3204 1201; baseline 0.001 -12"><span class='ocrx_word' id='word_1_452' title='bbox 1947 1138 2290 1201; x_wconf 87' lang='lat' dir='ltr'><strong>abstineant,</strong></span> <span class='ocrx_word' id='word_1_453' title='bbox 2322 1153 2427 1189; x_wconf 90' lang='lat' dir='ltr'><strong>nec</strong></span> <span class='ocrx_word' id='word_1_454' title='bbox 2461 1138 2526 1189; x_wconf 89' lang='lat' dir='ltr'><strong>ad</strong></span> <span class='ocrx_word' id='word_1_455' title='bbox 2561 1138 2776 1189; x_wconf 88' lang='lat' dir='ltr'><strong>clerum</strong></span> <span class='ocrx_word' id='word_1_456' title='bbox 2807 1138 3204 1190; x_wconf 75' lang='lat' dir='ltr'><strong>admittuntur.</strong></span> 
     </span>
    </p>
   </div>
   <div class='ocr_carea' id='block_1_69' title="bbox 2392 1242 3267 1295">
    <p class='ocr_par' dir='ltr' id='par_1_69' title="bbox 2392 1242 3267 1295">
     <span class='ocr_line' id='line_1_71' title="bbox 2392 1242 3267 1295; baseline -0.001 0"><span class='ocrx_word' id='word_1_457' title='bbox 2392 1242 2520 1295; x_wconf 81' lang='lat' dir='ltr'><strong>CAP.</strong></span> <span class='ocrx_word' id='word_1_458' title='bbox 2560 1243 2671 1295; x_wconf 90' lang='lat' dir='ltr'><strong>VII.</strong></span> <span class='ocrx_word' id='word_1_459' title='bbox 2706 1271 2771 1281; x_wconf 95' lang='lat'><strong><em>—</em></strong></span> <span class='ocrx_word' id='word_1_460' title='bbox 2811 1244 2890 1295; x_wconf 89' lang='lat' dir='ltr'><strong>De</strong></span> <span class='ocrx_word' id='word_1_461' title='bbox 2913 1244 3095 1295; x_wconf 81' lang='lat' dir='ltr'><strong>eadem</strong></span> <span class='ocrx_word' id='word_1_462' title='bbox 3126 1258 3200 1295; x_wconf 85' lang='lat' dir='ltr'><strong>re.</strong></span> <span class='ocrx_word' id='word_1_463' title='bbox 3257 1245 3267 1253; x_wconf 83' lang='lat'><strong>&#39;</strong></span> 
     </span>
    </p>
   </div>
   <div class='ocr_carea' id='block_1_70' title="bbox 2019 1330 3651 1401">
    <p class='ocr_par' dir='ltr' id='par_1_70' title="bbox 2019 1330 3651 1401">
     <span class='ocr_line' id='line_1_72' title="bbox 2019 1330 3651 1401; baseline 0.001 -18"><span class='ocrx_word' id='word_1_464' title='bbox 2019 1332 2129 1400; x_wconf 67' lang='lat' dir='ltr'><strong>(E1!</strong></span> <span class='ocrx_word' id='word_1_465' title='bbox 2169 1332 2356 1384; x_wconf 87' lang='lat' dir='ltr'><strong>concil.</strong></span> <span class='ocrx_word' id='word_1_466' title='bbox 2415 1333 2705 1395; x_wconf 86' lang='lat' dir='ltr'><strong>Wormac.,</strong></span> <span class='ocrx_word' id='word_1_467' title='bbox 2771 1347 2893 1399; x_wconf 89' lang='lat' dir='ltr'><strong>cap.</strong></span> <span class='ocrx_word' id='word_1_468' title='bbox 2952 1331 3056 1397; x_wconf 90' lang='grc'>10.)</span> <span class='ocrx_word' id='word_1_469' title='bbox 3113 1330 3467 1384; x_wconf 89' lang='lat' dir='ltr'><strong>Sacrosancti</strong></span> <span class='ocrx_word' id='word_1_470' title='bbox 3516 1332 3651 1401; x_wconf 84' lang='lat' dir='ltr'><strong>bap-</strong></span> 
     </span>
    </p>
   </div>
   <div class='ocr_carea' id='block_1_71' title="bbox 1945 1418 3646 1485">
    <p class='ocr_par' dir='ltr' id='par_1_71' title="bbox 1945 1418 3646 1485">
     <span class='ocr_line' id='line_1_73' title="bbox 1945 1418 3646 1485; baseline 0 -13"><span class='ocrx_word' id='word_1_471' title='bbox 1945 1418 2100 1472; x_wconf 89' lang='lat' dir='ltr'><strong>tismi</strong></span> <span class='ocrx_word' id='word_1_472' title='bbox 2147 1424 2586 1485; x_wconf 88' lang='lat' dir='ltr'><strong>sacramentum,</strong></span> <span class='ocrx_word' id='word_1_473' title='bbox 2636 1435 2750 1471; x_wconf 92' lang='lat' dir='ltr'><strong>non</strong></span> <span class='ocrx_word' id='word_1_474' title='bbox 2783 1419 2892 1471; x_wconf 92' lang='lat' dir='ltr'><strong>nisi</strong></span> <span class='ocrx_word' id='word_1_475' title='bbox 2941 1418 2998 1471; x_wconf 90' lang='lat' dir='ltr'><strong>in</strong></span> <span class='ocrx_word' id='word_1_476' title='bbox 3037 1419 3290 1472; x_wconf 87' lang='lat' dir='ltr'><strong>Paschali</strong></span> <span class='ocrx_word' id='word_1_477' title='bbox 3324 1419 3646 1485; x_wconf 78' lang='lat' dir='ltr'><strong>festivitate,</strong></span> 
     </span>
    </p>
   </div>
   <div class='ocr_carea' id='block_1_72' title="bbox 1946 1507 3649 1577">
    <p class='ocr_par' dir='ltr' id='par_1_72' title="bbox 1946 1507 3649 1577">
     <span class='ocr_line' id='line_1_74' title="bbox 1946 1507 3649 1577; baseline 0.001 -17"><span class='ocrx_word' id='word_1_478' title='bbox 1946 1512 2002 1560; x_wconf 90' lang='lat' dir='ltr'><strong>et</strong></span> <span class='ocrx_word' id='word_1_479' title='bbox 2032 1507 2362 1561; x_wconf 89' lang='lat' dir='ltr'><strong>Pentecoste</strong></span> <span class='ocrx_word' id='word_1_480' title='bbox 2395 1507 2791 1577; x_wconf 79' lang='lat' dir='ltr'><strong>unusquisque</strong></span> <span class='ocrx_word' id='word_1_481' title='bbox 2827 1507 3078 1560; x_wconf 85' lang='lat' dir='ltr'><strong>ﬁdelium</strong></span> <span class='ocrx_word' id='word_1_482' title='bbox 3110 1507 3331 1560; x_wconf 86' lang='lat' dir='ltr'><strong>noverit</strong></span> <span class='ocrx_word' id='word_1_483' title='bbox 3361 1523 3479 1560; x_wconf 89' lang='lat' dir='ltr'><strong>esse</strong></span> <span class='ocrx_word' id='word_1_484' title='bbox 3506 1524 3649 1577; x_wconf 69' lang='lat' dir='ltr'><strong>pra:-</strong></span> 
     </span>
    </p>
   </div>
   <div class='ocr_carea' id='block_1_73' title="bbox 1944 1594 3646 1665">
    <p class='ocr_par' dir='ltr' id='par_1_73' title="bbox 1944 1594 3646 1665">
     <span class='ocr_line' id='line_1_75' title="bbox 1944 1594 3646 1665; baseline 0.001 -18"><span class='ocrx_word' id='word_1_485' title='bbox 1944 1594 2198 1648; x_wconf 89' lang='lat' dir='ltr'><strong>bendum</strong></span> <span class='ocrx_word' id='word_1_486' title='bbox 2238 1611 2251 1649; x_wconf 88' lang='lat'><strong>:</strong></span> <span class='ocrx_word' id='word_1_487' title='bbox 2287 1596 2533 1665; x_wconf 81' lang='lat' dir='ltr'><strong>exceptis</strong></span> <span class='ocrx_word' id='word_1_488' title='bbox 2583 1595 2671 1648; x_wconf 88' lang='lat' dir='ltr'><strong>his</strong></span> <span class='ocrx_word' id='word_1_489' title='bbox 2724 1596 2933 1665; x_wconf 88' lang='lat' dir='ltr'><strong>quibus</strong></span> <span class='ocrx_word' id='word_1_490' title='bbox 2988 1596 3191 1648; x_wconf 87' lang='lat' dir='ltr'><strong>mortis</strong></span> <span class='ocrx_word' id='word_1_491' title='bbox 3239 1596 3493 1665; x_wconf 91' lang='lat' dir='ltr'><strong>periculo</strong></span> <span class='ocrx_word' id='word_1_492' title='bbox 3553 1612 3646 1648; x_wconf 88' lang='lat' dir='ltr'><strong>ur-</strong></span> 
     </span>
    </p>
   </div>
   <div class='ocr_carea' id='block_1_74' title="bbox 1945 1684 3644 1754">
    <p class='ocr_par' dir='ltr' id='par_1_74' title="bbox 1945 1684 3644 1754">
     <span class='ocr_line' id='line_1_76' title="bbox 1945 1684 3644 1754; baseline 0.001 -18"><span class='ocrx_word' id='word_1_493' title='bbox 1945 1691 2134 1753; x_wconf 82' lang='lat' dir='ltr'><strong>gente,</strong></span> <span class='ocrx_word' id='word_1_494' title='bbox 2169 1700 2237 1737; x_wconf 92' lang='lat' dir='ltr'><strong>ne</strong></span> <span class='ocrx_word' id='word_1_495' title='bbox 2270 1684 2331 1736; x_wconf 90' lang='lat' dir='ltr'><strong>in</strong></span> <span class='ocrx_word' id='word_1_496' title='bbox 2362 1691 2641 1736; x_wconf 57' lang='lat' dir='ltr'><strong>aeternum</strong></span> <span class='ocrx_word' id='word_1_497' title='bbox 2675 1691 2930 1754; x_wconf 79' lang='lat' dir='ltr'><strong>pereant,</strong></span> <span class='ocrx_word' id='word_1_498' title='bbox 2966 1684 3173 1737; x_wconf 88' lang='lat' dir='ltr'><strong>talibus</strong></span> <span class='ocrx_word' id='word_1_499' title='bbox 3205 1689 3432 1753; x_wconf 87' lang='lat' dir='ltr'><strong>oportet</strong></span> <span class='ocrx_word' id='word_1_500' title='bbox 3462 1700 3644 1737; x_wconf 86' lang='lat' dir='ltr'><strong>reme—</strong></span> 
     </span>
    </p>
   </div>
   <div class='ocr_carea' id='block_1_75' title="bbox 1946 1772 2415 1826">
    <p class='ocr_par' dir='ltr' id='par_1_75' title="bbox 1946 1772 2415 1826">
     <span class='ocr_line' id='line_1_77' title="bbox 1946 1772 2415 1826; baseline -0.006 0"><span class='ocrx_word' id='word_1_501' title='bbox 1946 1772 2055 1826; x_wconf 88' lang='lat' dir='ltr'><strong>diis</strong></span> <span class='ocrx_word' id='word_1_502' title='bbox 2088 1772 2415 1826; x_wconf 85' lang='lat' dir='ltr'><strong>subvenire.</strong></span> 
     </span>
    </p>
   </div>
   <div class='ocr_carea' id='block_1_76' title="bbox 1948 1879 3650 1949">
    <p class='ocr_par' dir='ltr' id='par_1_76' title="bbox 1948 1879 3650 1949">
     <span class='ocr_line' id='line_1_78' title="bbox 1948 1879 3650 1949; baseline 0.001 -17"><span class='ocrx_word' id='word_1_503' title='bbox 1948 1879 2076 1933; x_wconf 91' lang='lat' dir='ltr'><strong>CAP.</strong></span> <span class='ocrx_word' id='word_1_504' title='bbox 2112 1880 2256 1931; x_wconf 90' lang='lat' dir='ltr'><strong>VIII.</strong></span> <span class='ocrx_word' id='word_1_505' title='bbox 2288 1908 2357 1919; x_wconf 95' lang='lat'><strong>—</strong></span> <span class='ocrx_word' id='word_1_506' title='bbox 2393 1881 2458 1933; x_wconf 88' lang='lat' dir='ltr'><strong>Ut</strong></span> <span class='ocrx_word' id='word_1_507' title='bbox 2489 1880 2688 1941; x_wconf 74' lang='lat' dir='ltr'><strong>viginti</strong></span> <span class='ocrx_word' id='word_1_508' title='bbox 2734 1879 2849 1931; x_wconf 82' lang='lat' dir='ltr'><strong>dies</strong></span> <span class='ocrx_word' id='word_1_509' title='bbox 2880 1883 3004 1931; x_wconf 87' lang='lat' dir='ltr'><strong>ante</strong></span> <span class='ocrx_word' id='word_1_510' title='bbox 3044 1879 3373 1949; x_wconf 80' lang='lat' dir='ltr'><strong>baptismum</strong></span> <span class='ocrx_word' id='word_1_511' title='bbox 3403 1879 3477 1932; x_wconf 87' lang='lat' dir='ltr'><strong>ad</strong></span> <span class='ocrx_word' id='word_1_512' title='bbox 3518 1895 3650 1949; x_wconf 85' lang='lat' dir='ltr'><strong>pur-</strong></span> 
     </span>
    </p>
   </div>
   <div class='ocr_carea' id='block_1_77' title="bbox 2171 1951 3421 2015">
    <p class='ocr_par' dir='ltr' id='par_1_77' title="bbox 2171 1951 3421 2015">
     <span class='ocr_line' id='line_1_79' title="bbox 2171 1951 3421 2015; baseline 0.002 -14"><span class='ocrx_word' id='word_1_513' title='bbox 2171 1953 2441 2015; x_wconf 87' lang='lat' dir='ltr'><strong>gationem</strong></span> <span class='ocrx_word' id='word_1_514' title='bbox 2473 1952 2763 2002; x_wconf 72' lang='lat' dir='ltr'><strong>emorcismi</strong></span> <span class='ocrx_word' id='word_1_515' title='bbox 2791 1951 3157 2003; x_wconf 84' lang='lat' dir='ltr'><strong>catechumeni</strong></span> <span class='ocrx_word' id='word_1_516' title='bbox 3182 1953 3421 2003; x_wconf 78' lang='lat' dir='ltr'><strong>veniant.</strong></span> 
     </span>
    </p>
   </div>
   <div class='ocr_carea' id='block_1_78' title="bbox 2019 2038 3649 2108">
    <p class='ocr_par' dir='ltr' id='par_1_78' title="bbox 2019 2038 3649 2108">
     <span class='ocr_line' id='line_1_80' title="bbox 2019 2038 3649 2108; baseline 0.001 -17"><span class='ocrx_word' id='word_1_517' title='bbox 2019 2038 2123 2106; x_wconf 72' lang='lat' dir='ltr'><strong>(Ex</strong></span> <span class='ocrx_word' id='word_1_518' title='bbox 2155 2039 2340 2091; x_wconf 90' lang='lat' dir='ltr'><strong>concil.</strong></span> <span class='ocrx_word' id='word_1_519' title='bbox 2386 2040 2685 2104; x_wconf 84' lang='lat' dir='ltr'><strong>Braggar.,</strong></span> <span class='ocrx_word' id='word_1_520' title='bbox 2717 2054 2833 2105; x_wconf 87' lang='lat' dir='ltr'><strong>cap.</strong></span> <span class='ocrx_word' id='word_1_521' title='bbox 2866 2039 2942 2107; x_wconf 91' lang='lat'><strong>3.)</strong></span> <span class='ocrx_word' id='word_1_522' title='bbox 2988 2039 3102 2091; x_wconf 89' lang='lat' dir='ltr'><strong>Hoc</strong></span> <span class='ocrx_word' id='word_1_523' title='bbox 3132 2038 3479 2092; x_wconf 87' lang='lat' dir='ltr'><strong>omnimodis</strong></span> <span class='ocrx_word' id='word_1_524' title='bbox 3511 2054 3649 2108; x_wconf 73' lang='lat' dir='ltr'><strong>pras~</strong></span> 
     </span>
    </p>
   </div>
   <div class='ocr_carea' id='block_1_79' title="bbox 1946 2126 3647 2197">
    <p class='ocr_par' dir='ltr' id='par_1_79' title="bbox 1946 2126 3647 2197">
     <span class='ocr_line' id='line_1_81' title="bbox 1946 2126 3647 2197; baseline 0.001 -19"><span class='ocrx_word' id='word_1_525' title='bbox 1946 2126 2191 2196; x_wconf 90' lang='lat' dir='ltr'><strong>cipimus</strong></span> <span class='ocrx_word' id='word_1_526' title='bbox 2247 2132 2302 2179; x_wconf 91' lang='lat' dir='ltr'><strong>et</strong></span> <span class='ocrx_word' id='word_1_527' title='bbox 2366 2126 2591 2195; x_wconf 89' lang='lat' dir='ltr'><strong>antiqui</strong></span> <span class='ocrx_word' id='word_1_528' title='bbox 2658 2142 2906 2179; x_wconf 89' lang='lat' dir='ltr'><strong>canones</strong></span> <span class='ocrx_word' id='word_1_529' title='bbox 2973 2127 3329 2197; x_wconf 85' lang='lat' dir='ltr'><strong>praecipiunt,</strong></span> <span class='ocrx_word' id='word_1_530' title='bbox 3399 2132 3461 2180; x_wconf 87' lang='lat' dir='ltr'><strong>ut</strong></span> <span class='ocrx_word' id='word_1_531' title='bbox 3517 2133 3647 2180; x_wconf 87' lang='lat' dir='ltr'><strong>ante</strong></span> 
     </span>
    </p>
   </div>
   <div class='ocr_carea' id='block_1_80' title="bbox 1946 2213 3649 2285">
    <p class='ocr_par' dir='ltr' id='par_1_80' title="bbox 1946 2213 3649 2285">
     <span class='ocr_line' id='line_1_82' title="bbox 1946 2213 3649 2285; baseline 0 -18"><span class='ocrx_word' id='word_1_532' title='bbox 1946 2213 2300 2283; x_wconf 87' lang='lat' dir='ltr'><strong>baptismum</strong></span> <span class='ocrx_word' id='word_1_533' title='bbox 2350 2214 2553 2285; x_wconf 90' lang='lat' dir='ltr'><strong>viginti</strong></span> <span class='ocrx_word' id='word_1_534' title='bbox 2604 2214 2725 2268; x_wconf 91' lang='lat' dir='ltr'><strong>dies</strong></span> <span class='ocrx_word' id='word_1_535' title='bbox 2774 2214 2842 2267; x_wconf 89' lang='lat' dir='ltr'><strong>ad</strong></span> <span class='ocrx_word' id='word_1_536' title='bbox 2896 2215 3300 2284; x_wconf 87' lang='lat' dir='ltr'><strong>purgationem</strong></span> <span class='ocrx_word' id='word_1_537' title='bbox 3345 2214 3649 2267; x_wconf 80' lang='lat' dir='ltr'><strong>exorcismi</strong></span> 
     </span>
    </p>
   </div>
   <div class='ocr_carea' id='block_1_81' title="bbox 1944 2302 3648 2369">
    <p class='ocr_par' dir='ltr' id='par_1_81' title="bbox 1944 2302 3648 2369">
     <span class='ocr_line' id='line_1_83' title="bbox 1944 2302 3648 2369; baseline 0.001 -14"><span class='ocrx_word' id='word_1_538' title='bbox 1944 2303 2340 2357; x_wconf 90' lang='lat' dir='ltr'><strong>catechumeni</strong></span> <span class='ocrx_word' id='word_1_539' title='bbox 2408 2302 2674 2369; x_wconf 88' lang='lat' dir='ltr'><strong>veniant,</strong></span> <span class='ocrx_word' id='word_1_540' title='bbox 2744 2308 2799 2355; x_wconf 90' lang='lat' dir='ltr'><strong>et</strong></span> <span class='ocrx_word' id='word_1_541' title='bbox 2862 2302 2922 2355; x_wconf 91' lang='lat' dir='ltr'><strong>in</strong></span> <span class='ocrx_word' id='word_1_542' title='bbox 2988 2304 3101 2355; x_wconf 88' lang='lat' dir='ltr'><strong>illis</strong></span> <span class='ocrx_word' id='word_1_543' title='bbox 3166 2303 3371 2369; x_wconf 84' lang='lat' dir='ltr'><strong>viginti</strong></span> <span class='ocrx_word' id='word_1_544' title='bbox 3445 2303 3648 2357; x_wconf 89' lang='lat' dir='ltr'><strong>diebus</strong></span> 
     </span>
    </p>
   </div>
   <div class='ocr_carea' id='block_1_82' title="bbox 1938 2391 3647 2462">
    <p class='ocr_par' dir='ltr' id='par_1_82' title="bbox 1938 2391 3647 2462">
     <span class='ocr_line' id='line_1_84' title="bbox 1938 2391 3647 2462; baseline 0 -18"><span class='ocrx_word' id='word_1_545' title='bbox 1938 2392 2105 2462; x_wconf 83' lang='lat' dir='ltr'><strong>juxta</strong></span> <span class='ocrx_word' id='word_1_546' title='bbox 2151 2391 2493 2445; x_wconf 90' lang='lat' dir='ltr'><strong>canonicum</strong></span> <span class='ocrx_word' id='word_1_547' title='bbox 2543 2398 2916 2462; x_wconf 57' lang='lat' dir='ltr'><strong>praeceptum,</strong></span> <span class='ocrx_word' id='word_1_548' title='bbox 2952 2396 3008 2445; x_wconf 90' lang='lat' dir='ltr'><strong>et</strong></span> <span class='ocrx_word' id='word_1_549' title='bbox 3045 2391 3380 2445; x_wconf 88' lang='lat' dir='ltr'><strong>erudiantur</strong></span> <span class='ocrx_word' id='word_1_550' title='bbox 3427 2396 3481 2445; x_wconf 91' lang='lat' dir='ltr'><strong>et</strong></span> <span class='ocrx_word' id='word_1_551' title='bbox 3511 2407 3647 2444; x_wconf 90' lang='lat' dir='ltr'><strong>con-</strong></span> 
     </span>
    </p>
   </div>
   <div class='ocr_carea' id='block_1_83' title="bbox 1943 2485 2257 2535">
    <p class='ocr_par' dir='ltr' id='par_1_83' title="bbox 1943 2485 2257 2535">
     <span class='ocr_line' id='line_1_85' title="bbox 1943 2485 2257 2535; baseline 0.003 -2"><span class='ocrx_word' id='word_1_552' title='bbox 1943 2485 2257 2535; x_wconf 89' lang='lat' dir='ltr'><strong>secrentur.</strong></span> 
     </span>
    </p>
   </div>
   <div class='ocr_carea' id='block_1_84' title="bbox 1945 2572 3646 2654">
    <p class='ocr_par' dir='ltr' id='par_1_84' title="bbox 1945 2572 3646 2654">
     <span class='ocr_line' id='line_1_86' title="bbox 1945 2572 3646 2654; baseline -0.001 -14"><span class='ocrx_word' id='word_1_553' title='bbox 1945 2587 2073 2640; x_wconf 89' lang='lat' dir='ltr'><strong>CAP.</strong></span> <span class='ocrx_word' id='word_1_554' title='bbox 2141 2587 2225 2640; x_wconf 84' lang='lat' dir='ltr'><strong>IX.</strong></span> <span class='ocrx_word' id='word_1_555' title='bbox 2292 2616 2356 2626; x_wconf 93' lang='lat'><strong>—</strong></span> <span class='ocrx_word' id='word_1_556' title='bbox 2401 2572 2558 2651; x_wconf 85' lang='lat' dir='ltr'><strong>Quod</strong></span> <span class='ocrx_word' id='word_1_557' title='bbox 2618 2601 2797 2640; x_wconf 88' lang='lat' dir='ltr'><strong>omnes</strong></span> <span class='ocrx_word' id='word_1_558' title='bbox 2857 2586 2931 2638; x_wconf 88' lang='lat' dir='ltr'><strong>ad</strong></span> <span class='ocrx_word' id='word_1_559' title='bbox 2996 2586 3325 2654; x_wconf 84' lang='lat' dir='ltr'><strong>baptismum</strong></span> <span class='ocrx_word' id='word_1_560' title='bbox 3380 2588 3646 2639; x_wconf 80' lang='lat' dir='ltr'><strong>venientes</strong></span> 
     </span>
    </p>
   </div>
   <div class='ocr_carea' id='block_1_85' title="bbox 2017 2655 3647 2726">
    <p class='ocr_par' dir='ltr' id='par_1_85' title="bbox 2017 2655 3647 2726">
     <span class='ocr_line' id='line_1_87' title="bbox 2017 2655 3647 2726; baseline 0 -17"><span class='ocrx_word' id='word_1_561' title='bbox 2017 2659 2211 2725; x_wconf 83' lang='lat' dir='ltr'><strong>quinta</strong></span> <span class='ocrx_word' id='word_1_562' title='bbox 2252 2660 2395 2723; x_wconf 76' lang='lat' dir='ltr'><strong>feria</strong></span> <span class='ocrx_word' id='word_1_563' title='bbox 2428 2660 2653 2724; x_wconf 66' lang='lat' dir='ltr'><strong>majoris</strong></span> <span class='ocrx_word' id='word_1_564' title='bbox 2687 2656 3053 2721; x_wconf 51' lang='lat' dir='ltr'><strong>hebdomade,</strong></span> <span class='ocrx_word' id='word_1_565' title='bbox 3085 2655 3250 2726; x_wconf 81' lang='lat' dir='ltr'><strong>ﬁdem</strong></span> <span class='ocrx_word' id='word_1_566' title='bbox 3279 2659 3524 2725; x_wconf 87' lang='lat' dir='ltr'><strong>episcopo</strong></span> <span class='ocrx_word' id='word_1_567' title='bbox 3568 2658 3647 2710; x_wconf 82' lang='lat' dir='ltr'><strong>vel</strong></span> 
     </span>
    </p>
   </div>
   <div class='ocr_carea' id='block_1_86' title="bbox 2010 2728 2861 2797">
    <p class='ocr_par' dir='ltr' id='par_1_86' title="bbox 2010 2728 2861 2797">
     <span class='ocr_line' id='line_1_88' title="bbox 2010 2728 2861 2797; baseline -0.001 -17"><span class='ocrx_word' id='word_1_568' title='bbox 2010 2728 2327 2797; x_wconf 76' lang='lat' dir='ltr'><strong>presbytero</strong></span> <span class='ocrx_word' id='word_1_569' title='bbox 2359 2728 2586 2781; x_wconf 81' lang='lat' dir='ltr'><strong>reddere</strong></span> <span class='ocrx_word' id='word_1_570' title='bbox 2616 2728 2861 2781; x_wconf 80' lang='lat' dir='ltr'><strong>debeant.</strong></span> 
     </span>
    </p>
   </div>
   <div class='ocr_carea' id='block_1_87' title="bbox 2019 2814 3647 2885">
    <p class='ocr_par' dir='ltr' id='par_1_87' title="bbox 2019 2814 3647 2885">
     <span class='ocr_line' id='line_1_89' title="bbox 2019 2814 3647 2885; baseline -0.001 -15"><span class='ocrx_word' id='word_1_571' title='bbox 2019 2820 2121 2885; x_wconf 78' lang='lat' dir='ltr'><strong>(Ea:</strong></span> <span class='ocrx_word' id='word_1_572' title='bbox 2153 2818 2339 2871; x_wconf 87' lang='lat' dir='ltr'><strong>concil.</strong></span> <span class='ocrx_word' id='word_1_573' title='bbox 2388 2816 2721 2881; x_wconf 84' lang='lat' dir='ltr'><strong>Laodicensi,</strong></span> <span class='ocrx_word' id='word_1_574' title='bbox 2756 2832 2875 2884; x_wconf 86' lang='lat' dir='ltr'><strong>cap.</strong></span> <span class='ocrx_word' id='word_1_575' title='bbox 2913 2814 3022 2884; x_wconf 79' lang='grc'>46.)</span> <span class='ocrx_word' id='word_1_576' title='bbox 3056 2815 3215 2879; x_wconf 85' lang='lat' dir='ltr'><strong>Quod</strong></span> <span class='ocrx_word' id='word_1_577' title='bbox 3251 2820 3510 2885; x_wconf 88' lang='lat' dir='ltr'><strong>oporteat</strong></span> <span class='ocrx_word' id='word_1_578' title='bbox 3550 2832 3647 2868; x_wconf 90' lang='lat' dir='ltr'><strong>eos</strong></span> 
     </span>
    </p>
   </div>
   <div class='ocr_carea' id='block_1_88' title="bbox 1946 2903 3644 2974">
    <p class='ocr_par' dir='ltr' id='par_1_88' title="bbox 1946 2903 3644 2974">
     <span class='ocr_line' id='line_1_90' title="bbox 1946 2903 3644 2974; baseline -0.001 -17"><span class='ocrx_word' id='word_1_579' title='bbox 1946 2905 2045 2974; x_wconf 90' lang='lat' dir='ltr'><strong>qui</strong></span> <span class='ocrx_word' id='word_1_580' title='bbox 2093 2906 2164 2958; x_wconf 90' lang='lat' dir='ltr'><strong>ad</strong></span> <span class='ocrx_word' id='word_1_581' title='bbox 2215 2905 2495 2974; x_wconf 86' lang='lat' dir='ltr'><strong>baptisma</strong></span> <span class='ocrx_word' id='word_1_582' title='bbox 2542 2903 2778 2957; x_wconf 90' lang='lat' dir='ltr'><strong>veniunt</strong></span> <span class='ocrx_word' id='word_1_583' title='bbox 2830 2903 2999 2956; x_wconf 84' lang='lat' dir='ltr'><strong>fidem</strong></span> <span class='ocrx_word' id='word_1_584' title='bbox 3053 2903 3289 2966; x_wconf 90' lang='lat' dir='ltr'><strong>discere,</strong></span> <span class='ocrx_word' id='word_1_585' title='bbox 3340 2908 3395 2956; x_wconf 90' lang='lat' dir='ltr'><strong>et</strong></span> <span class='ocrx_word' id='word_1_586' title='bbox 3446 2903 3644 2974; x_wconf 87' lang='lat' dir='ltr'><strong>quinta</strong></span> 
     </span>
    </p>
   </div>
   <div class='ocr_carea' id='block_1_89' title="bbox 1944 2989 3645 3061">
    <p class='ocr_par' dir='ltr' id='par_1_89' title="bbox 1944 2989 3645 3061">
     <span class='ocr_line' id='line_1_91' title="bbox 1944 2989 3645 3061; baseline -0.001 -18"><span class='ocrx_word' id='word_1_587' title='bbox 1944 2989 2088 3043; x_wconf 89' lang='lat' dir='ltr'><strong>feria</strong></span> <span class='ocrx_word' id='word_1_588' title='bbox 2140 2991 2477 3061; x_wconf 67' lang='lat' dir='ltr'><strong>septimana:</strong></span> <span class='ocrx_word' id='word_1_589' title='bbox 2535 2990 2767 3060; x_wconf 88' lang='lat' dir='ltr'><strong>majoris</strong></span> <span class='ocrx_word' id='word_1_590' title='bbox 2824 2990 3093 3060; x_wconf 90' lang='lat' dir='ltr'><strong>episcopo</strong></span> <span class='ocrx_word' id='word_1_591' title='bbox 3150 2995 3250 3043; x_wconf 87' lang='lat' dir='ltr'><strong>aut</strong></span> <span class='ocrx_word' id='word_1_592' title='bbox 3298 2989 3645 3060; x_wconf 86' lang='lat' dir='ltr'><strong>presbyteris</strong></span> 
     </span>
    </p>
   </div>
   <div class='ocr_carea' id='block_1_90' title="bbox 1944 3080 2206 3133">
    <p class='ocr_par' dir='ltr' id='par_1_90' title="bbox 1944 3080 2206 3133">
     <span class='ocr_line' id='line_1_92' title="bbox 1944 3080 2206 3133; baseline -0.004 0"><span class='ocrx_word' id='word_1_593' title='bbox 1944 3080 2206 3133; x_wconf 89' lang='lat' dir='ltr'><strong>reddere.</strong></span> 
     </span>
    </p>
   </div>
   <div class='ocr_carea' id='block_1_91' title="bbox 1947 3186 3645 3310">
    <p class='ocr_par' dir='ltr' id='par_1_91' title="bbox 1947 3186 3645 3310">
     <span class='ocr_line' id='line_1_93' title="bbox 1947 3186 3645 3310; baseline -0.002 -69"><span class='ocrx_word' id='word_1_594' title='bbox 1947 3187 2073 3242; x_wconf 88' lang='lat' dir='ltr'><strong>CAP.</strong></span> <span class='ocrx_word' id='word_1_595' title='bbox 2130 3188 2188 3241; x_wconf 87' lang='lat' dir='ltr'><strong>X.</strong></span> <span class='ocrx_word' id='word_1_596' title='bbox 2246 3216 2317 3227; x_wconf 93' lang='lat'><strong>—</strong></span> <span class='ocrx_word' id='word_1_597' title='bbox 2368 3189 2433 3241; x_wconf 90' lang='lat' dir='ltr'><strong>Ut</strong></span> <span class='ocrx_word' id='word_1_598' title='bbox 2492 3202 2669 3241; x_wconf 89' lang='lat' dir='ltr'><strong>omnes</strong></span> <span class='ocrx_word' id='word_1_599' title='bbox 2710 3186 3031 3310; x_wconf 46' lang='lat' dir='ltr'><strong>bapéigandi</strong></span> <span class='ocrx_word' id='word_1_600' title='bbox 3076 3188 3232 3253; x_wconf 82' lang='lat' dir='ltr'><strong>prius</strong></span> <span class='ocrx_word' id='word_1_601' title='bbox 3270 3186 3380 3239; x_wconf 86' lang='lat' dir='ltr'><strong>sint</strong></span> <span class='ocrx_word' id='word_1_602' title='bbox 3437 3188 3645 3241; x_wconf 69' lang='lat' dir='ltr'><strong>exorci-</strong></span> 
     </span>
     <span class='ocr_line' id='line_1_94' title="bbox 2704 3274 2889 3310; baseline -0.005 0"><span class='ocrx_word' id='word_1_603' title='bbox 2704 3274 2803 3310; x_wconf 82' lang='lat' dir='ltr'><strong>zan</strong></span> <span class='ocrx_word' id='word_1_604' title='bbox 2850 3276 2889 3310; x_wconf 69' lang='grc' dir='ltr'>ι.</span> 
     </span>
    </p>
   </div>
   <div class='ocr_carea' id='block_1_92' title="bbox 2704 3274 2889 3311">
    <p class='ocr_par' dir='ltr' id='par_1_92' title="bbox 2704 3274 2889 3311">
     <span class='ocr_line' id='line_1_95' title="bbox 2704 3274 2889 3311; baseline -0.005 -1"><span class='ocrx_word' id='word_1_605' title='bbox 2704 3274 2867 3311; x_wconf 77' lang='lat' dir='ltr'><strong>zanai</strong></span> <span class='ocrx_word' id='word_1_606' title='bbox 2878 3298 2889 3309; x_wconf 91' lang='lat'><strong>.</strong></span> 
     </span>
    </p>
   </div>
   <div class='ocr_carea' id='block_1_93' title="bbox 2016 3344 3641 3415">
    <p class='ocr_par' dir='ltr' id='par_1_93' title="bbox 2016 3344 3641 3415">
     <span class='ocr_line' id='line_1_96' title="bbox 2016 3344 3641 3415; baseline -0.001 -16"><span class='ocrx_word' id='word_1_607' title='bbox 2016 3344 2124 3415; x_wconf 74' lang='lat' dir='ltr'><strong>(Ea:</strong></span> <span class='ocrx_word' id='word_1_608' title='bbox 2146 3345 2289 3398; x_wconf 88' lang='lat' dir='ltr'><strong>decr.</strong></span> <span class='ocrx_word' id='word_1_609' title='bbox 2326 3346 2538 3399; x_wconf 59' lang='lat' dir='ltr'><strong>Caelest.</strong></span> <span class='ocrx_word' id='word_1_610' title='bbox 2570 3362 2703 3414; x_wconf 89' lang='lat' dir='ltr'><strong>pap.</strong></span> <span class='ocrx_word' id='word_1_611' title='bbox 2745 3347 3055 3398; x_wconf 87' lang='lat' dir='ltr'><strong>Galliarum</strong></span> <span class='ocrx_word' id='word_1_612' title='bbox 3087 3347 3249 3413; x_wconf 84' lang='lat' dir='ltr'><strong>episc.</strong></span> <span class='ocrx_word' id='word_1_613' title='bbox 3283 3346 3484 3411; x_wconf 83' lang='lat' dir='ltr'><strong>missis,</strong></span> <span class='ocrx_word' id='word_1_614' title='bbox 3520 3360 3641 3413; x_wconf 84' lang='lat' dir='ltr'><strong>cap.</strong></span> 
     </span>
    </p>
   </div>
   <div class='ocr_carea' id='block_1_94' title="bbox 1952 3432 3644 3504">
    <p class='ocr_par' dir='ltr' id='par_1_94' title="bbox 1952 3432 3644 3504">
     <span class='ocr_line' id='line_1_97' title="bbox 1952 3432 3644 3504; baseline 0 -18"><span class='ocrx_word' id='word_1_615' title='bbox 1952 3436 2059 3503; x_wconf 74' lang='grc'>12.)</span> <span class='ocrx_word' id='word_1_616' title='bbox 2108 3434 2249 3486; x_wconf 89' lang='lat' dir='ltr'><strong>Illud</strong></span> <span class='ocrx_word' id='word_1_617' title='bbox 2282 3434 2469 3497; x_wconf 82' lang='lat' dir='ltr'><strong>etiam,</strong></span> <span class='ocrx_word' id='word_1_618' title='bbox 2508 3435 2658 3504; x_wconf 89' lang='lat' dir='ltr'><strong>quod</strong></span> <span class='ocrx_word' id='word_1_619' title='bbox 2704 3434 2849 3487; x_wconf 87' lang='lat' dir='ltr'><strong>circa</strong></span> <span class='ocrx_word' id='word_1_620' title='bbox 2881 3434 3255 3502; x_wconf 87' lang='lat' dir='ltr'><strong>haptizandos</strong></span> <span class='ocrx_word' id='word_1_621' title='bbox 3286 3432 3346 3485; x_wconf 90' lang='lat' dir='ltr'><strong>in</strong></span> <span class='ocrx_word' id='word_1_622' title='bbox 3382 3433 3644 3486; x_wconf 89' lang='lat' dir='ltr'><strong>universo</strong></span> 
     </span>
    </p>
   </div>
   <div class='ocr_carea' id='block_1_95' title="bbox 1946 3521 3646 3591">
    <p class='ocr_par' dir='ltr' id='par_1_95' title="bbox 1946 3521 3646 3591">
     <span class='ocr_line' id='line_1_98' title="bbox 1946 3521 3646 3591; baseline 0.001 -18"><span class='ocrx_word' id='word_1_623' title='bbox 1946 3521 2160 3574; x_wconf 92' lang='lat' dir='ltr'><strong>mundo</strong></span> <span class='ocrx_word' id='word_1_624' title='bbox 2196 3527 2389 3574; x_wconf 91' lang='lat' dir='ltr'><strong>sancta</strong></span> <span class='ocrx_word' id='word_1_625' title='bbox 2437 3522 2680 3575; x_wconf 82' lang='lat' dir='ltr'><strong>Ecclesia</strong></span> <span class='ocrx_word' id='word_1_626' title='bbox 2730 3521 3096 3575; x_wconf 87' lang='lat' dir='ltr'><strong>uniformiter</strong></span> <span class='ocrx_word' id='word_1_627' title='bbox 3144 3521 3280 3591; x_wconf 89' lang='lat' dir='ltr'><strong>agit,</strong></span> <span class='ocrx_word' id='word_1_628' title='bbox 3316 3537 3429 3573; x_wconf 88' lang='lat' dir='ltr'><strong>non</strong></span> <span class='ocrx_word' id='word_1_629' title='bbox 3467 3521 3646 3574; x_wconf 91' lang='lat' dir='ltr'><strong>otioso</strong></span> 
     </span>
    </p>
   </div>
   <div class='ocr_carea' id='block_1_96' title="bbox 1944 3607 3645 3680">
    <p class='ocr_par' dir='ltr' id='par_1_96' title="bbox 1944 3607 3645 3680">
     <span class='ocr_line' id='line_1_99' title="bbox 1944 3607 3645 3680; baseline -0.001 -19"><span class='ocrx_word' id='word_1_630' title='bbox 1944 3610 2648 3680; x_wconf 85' lang='lat' dir='ltr'><strong>contemplamurintuitu,</strong></span> <span class='ocrx_word' id='word_1_631' title='bbox 2663 3625 2793 3663; x_wconf 90' lang='lat' dir='ltr'><strong>cum</strong></span> <span class='ocrx_word' id='word_1_632' title='bbox 2813 3609 2927 3661; x_wconf 86' lang='lat' dir='ltr'><strong>sive</strong></span> <span class='ocrx_word' id='word_1_633' title='bbox 2941 3609 3184 3677; x_wconf 89' lang='lat' dir='ltr'><strong>parvuli,</strong></span> <span class='ocrx_word' id='word_1_634' title='bbox 3203 3608 3317 3661; x_wconf 86' lang='lat' dir='ltr'><strong>sive</strong></span> <span class='ocrx_word' id='word_1_635' title='bbox 3332 3607 3558 3679; x_wconf 84' lang='lat' dir='ltr'><strong>[adulti]</strong></span> <span class='ocrx_word' id='word_1_636' title='bbox 3575 3608 3645 3661; x_wconf 89' lang='lat' dir='ltr'><strong>ad</strong></span> 
     </span>
    </p>
   </div>
   <div class='ocr_carea' id='block_1_97' title="bbox 1944 3697 3645 3767">
    <p class='ocr_par' dir='ltr' id='par_1_97' title="bbox 1944 3697 3645 3767">
     <span class='ocr_line' id='line_1_100' title="bbox 1944 3697 3645 3767; baseline -0.001 -17"><span class='ocrx_word' id='word_1_637' title='bbox 1944 3697 2396 3767; x_wconf 90' lang='lat' dir='ltr'><strong>regenerationis</strong></span> <span class='ocrx_word' id='word_1_638' title='bbox 2429 3697 2666 3750; x_wconf 88' lang='lat' dir='ltr'><strong>veniunt</strong></span> <span class='ocrx_word' id='word_1_639' title='bbox 2699 3701 3142 3760; x_wconf 91' lang='lat' dir='ltr'><strong>sacramentum,</strong></span> <span class='ocrx_word' id='word_1_640' title='bbox 3181 3712 3296 3749; x_wconf 89' lang='lat' dir='ltr'><strong>non</strong></span> <span class='ocrx_word' id='word_1_641' title='bbox 3328 3697 3487 3765; x_wconf 88' lang='lat' dir='ltr'><strong>prius</strong></span> <span class='ocrx_word' id='word_1_642' title='bbox 3518 3697 3645 3749; x_wconf 92' lang='lat' dir='ltr'><strong>fon-</strong></span> 
     </span>
    </p>
   </div>
   <div class='ocr_carea' id='block_1_98' title="bbox 1942 3782 3645 3854">
    <p class='ocr_par' dir='ltr' id='par_1_98' title="bbox 1942 3782 3645 3854">
     <span class='ocr_line' id='line_1_101' title="bbox 1942 3782 3645 3854; baseline -0.001 -17"><span class='ocrx_word' id='word_1_643' title='bbox 1942 3789 2061 3838; x_wconf 84' lang='lat' dir='ltr'><strong>tem</strong></span> <span class='ocrx_word' id='word_1_644' title='bbox 2093 3784 2222 3838; x_wconf 79' lang='lat' dir='ltr'><strong>vitae</strong></span> <span class='ocrx_word' id='word_1_645' title='bbox 2253 3785 2479 3849; x_wconf 89' lang='lat' dir='ltr'><strong>adeant,</strong></span> <span class='ocrx_word' id='word_1_646' title='bbox 2515 3800 2688 3854; x_wconf 91' lang='lat' dir='ltr'><strong>quam</strong></span> <span class='ocrx_word' id='word_1_647' title='bbox 2716 3789 2772 3837; x_wconf 84' lang='lat' dir='ltr'><strong>et</strong></span> <span class='ocrx_word' id='word_1_648' title='bbox 2805 3782 3273 3837; x_wconf 68' lang='lat' dir='ltr'><strong>exut‘tlationibus</strong></span> <span class='ocrx_word' id='word_1_649' title='bbox 3303 3784 3645 3837; x_wconf 87' lang='lat' dir='ltr'><strong>clericorum</strong></span> 
     </span>
    </p>
   </div>
   <div class='ocr_carea' id='block_1_99' title="bbox 1945 3873 3645 3944">
    <p class='ocr_par' dir='ltr' id='par_1_99' title="bbox 1945 3873 3645 3944">
     <span class='ocr_line' id='line_1_102' title="bbox 1945 3873 3645 3944; baseline -0.001 -17"><span class='ocrx_word' id='word_1_650' title='bbox 1945 3874 2180 3944; x_wconf 88' lang='lat' dir='ltr'><strong>spiritus</strong></span> <span class='ocrx_word' id='word_1_651' title='bbox 2234 3875 2301 3927; x_wconf 90' lang='lat' dir='ltr'><strong>ab</strong></span> <span class='ocrx_word' id='word_1_652' title='bbox 2352 3874 2433 3927; x_wconf 91' lang='lat' dir='ltr'><strong>eis</strong></span> <span class='ocrx_word' id='word_1_653' title='bbox 2489 3873 2827 3927; x_wconf 90' lang='lat' dir='ltr'><strong>immundus</strong></span> <span class='ocrx_word' id='word_1_654' title='bbox 2875 3873 3160 3941; x_wconf 80' lang='lat' dir='ltr'><strong>abigatur,</strong></span> <span class='ocrx_word' id='word_1_655' title='bbox 3216 3880 3279 3926; x_wconf 91' lang='lat' dir='ltr'><strong>ut</strong></span> <span class='ocrx_word' id='word_1_656' title='bbox 3326 3879 3461 3926; x_wconf 87' lang='lat' dir='ltr'><strong>tunc</strong></span> <span class='ocrx_word' id='word_1_657' title='bbox 3516 3889 3645 3926; x_wconf 90' lang='lat' dir='ltr'><strong>vere</strong></span> 
     </span>
    </p>
   </div>
   <div class='ocr_carea' id='block_1_100' title="bbox 1945 3961 3647 4033">
    <p class='ocr_par' dir='ltr' id='par_1_100' title="bbox 1945 3961 3647 4033">
     <span class='ocr_line' id='line_1_103' title="bbox 1945 3961 3647 4033; baseline -0.001 -18"><span class='ocrx_word' id='word_1_658' title='bbox 1945 3968 2219 4032; x_wconf 87' lang='lat' dir='ltr'><strong>appareat</strong></span> <span class='ocrx_word' id='word_1_659' title='bbox 2267 3963 2557 4033; x_wconf 90' lang='lat' dir='ltr'><strong>quomodo</strong></span> <span class='ocrx_word' id='word_1_660' title='bbox 2606 3965 2873 4032; x_wconf 88' lang='lat' dir='ltr'><strong>princeps</strong></span> <span class='ocrx_word' id='word_1_661' title='bbox 2919 3961 3089 4031; x_wconf 85' lang='lat' dir='ltr'><strong>hujus</strong></span> <span class='ocrx_word' id='word_1_662' title='bbox 3133 3962 3338 4015; x_wconf 90' lang='lat' dir='ltr'><strong>mundi</strong></span> <span class='ocrx_word' id='word_1_663' title='bbox 3388 3963 3647 4015; x_wconf 85' lang='lat' dir='ltr'><strong>mittatur</strong></span> 
     </span>
    </p>
   </div>
   <div class='ocr_carea' id='block_1_101' title="bbox 1943 4051 2113 4104">
    <p class='ocr_par' dir='ltr' id='par_1_101' title="bbox 1943 4051 2113 4104">
     <span class='ocr_line' id='line_1_104' title="bbox 1943 4051 2113 4104; baseline 0 0"><span class='ocrx_word' id='word_1_664' title='bbox 1943 4051 2113 4104; x_wconf 89' lang='lat' dir='ltr'><strong>foras.</strong></span> 
     </span>
    </p>
   </div>
   <div class='ocr_carea' id='block_1_102' title="bbox 1945 4156 3647 4227">
    <p class='ocr_par' dir='ltr' id='par_1_102' title="bbox 1945 4156 3647 4227">
     <span class='ocr_line' id='line_1_105' title="bbox 1945 4156 3647 4227; baseline 0.001 -17"><span class='ocrx_word' id='word_1_665' title='bbox 1945 4157 2072 4211; x_wconf 90' lang='lat' dir='ltr'><strong>CAP.</strong></span> <span class='ocrx_word' id='word_1_666' title='bbox 2107 4158 2193 4211; x_wconf 83' lang='lat' dir='ltr'><strong>XI.</strong></span> <span class='ocrx_word' id='word_1_667' title='bbox 2240 4160 2305 4212; x_wconf 89' lang='lat' dir='ltr'><strong>Ut</strong></span> <span class='ocrx_word' id='word_1_668' title='bbox 2351 4157 2675 4227; x_wconf 80' lang='lat' dir='ltr'><strong>baptizandi</strong></span> <span class='ocrx_word' id='word_1_669' title='bbox 2726 4159 2940 4210; x_wconf 87' lang='lat' dir='ltr'><strong>nomine</strong></span> <span class='ocrx_word' id='word_1_670' title='bbox 2996 4156 3124 4210; x_wconf 91' lang='lat' dir='ltr'><strong>dato</strong></span> <span class='ocrx_word' id='word_1_671' title='bbox 3156 4173 3190 4210; x_wconf 92' lang='lat' dir='ltr'><strong>a</strong></span> <span class='ocrx_word' id='word_1_672' title='bbox 3237 4174 3397 4211; x_wconf 86' lang='lat' dir='ltr'><strong>carne</strong></span> <span class='ocrx_word' id='word_1_673' title='bbox 3441 4161 3489 4210; x_wconf 87' lang='lat' dir='ltr'><strong>et</strong></span> <span class='ocrx_word' id='word_1_674' title='bbox 3521 4158 3647 4211; x_wconf 86' lang='lat' dir='ltr'><strong>vino</strong></span> 
     </span>
    </p>
   </div>
   <div class='ocr_carea' id='block_1_103' title="bbox 2584 4229 3001 4283">
    <p class='ocr_par' dir='ltr' id='par_1_103' title="bbox 2584 4229 3001 4283">
     <span class='ocr_line' id='line_1_106' title="bbox 2584 4229 3001 4283; baseline -0.002 -1"><span class='ocrx_word' id='word_1_675' title='bbox 2584 4244 2638 4282; x_wconf 88' lang='lat' dir='ltr'><strong>se</strong></span> <span class='ocrx_word' id='word_1_676' title='bbox 2673 4229 3001 4283; x_wconf 88' lang='lat' dir='ltr'><strong>abstineant.</strong></span> 
     </span>
    </p>
   </div>
   <div class='ocr_carea' id='block_1_104' title="bbox 2011 4315 3647 4385">
    <p class='ocr_par' dir='ltr' id='par_1_104' title="bbox 2011 4315 3647 4385">
     <span class='ocr_line' id='line_1_107' title="bbox 2011 4315 3647 4385; baseline -0.001 -15"><span class='ocrx_word' id='word_1_677' title='bbox 2011 4316 2123 4384; x_wconf 72' lang='lat' dir='ltr'><strong>(Em</strong></span> <span class='ocrx_word' id='word_1_678' title='bbox 2162 4318 2349 4371; x_wconf 85' lang='lat' dir='ltr'><strong>concil.</strong></span> <span class='ocrx_word' id='word_1_679' title='bbox 2406 4318 2691 4382; x_wconf 86' lang='lat' dir='ltr'><strong>Carthag.,</strong></span> <span class='ocrx_word' id='word_1_680' title='bbox 2737 4332 2859 4385; x_wconf 88' lang='lat' dir='ltr'><strong>cap.</strong></span> <span class='ocrx_word' id='word_1_681' title='bbox 2893 4315 3004 4384; x_wconf 79' lang='lat'><strong>85.)</strong></span> <span class='ocrx_word' id='word_1_682' title='bbox 3055 4315 3386 4384; x_wconf 85' lang='lat' dir='ltr'><strong>Baptizandi</strong></span> <span class='ocrx_word' id='word_1_683' title='bbox 3434 4331 3647 4369; x_wconf 91' lang='lat' dir='ltr'><strong>nomen</strong></span> 
     </span>
    </p>
   </div>
   <div class='ocr_carea' id='block_1_105' title="bbox 1943 4403 3646 4469">
    <p class='ocr_par' dir='ltr' id='par_1_105' title="bbox 1943 4403 3646 4469">
     <span class='ocr_line' id='line_1_108' title="bbox 1943 4403 3646 4469; baseline -0.001 -12"><span class='ocrx_word' id='word_1_684' title='bbox 1943 4421 2113 4458; x_wconf 91' lang='lat' dir='ltr'><strong>suum</strong></span> <span class='ocrx_word' id='word_1_685' title='bbox 2145 4405 2281 4459; x_wconf 93' lang='lat' dir='ltr'><strong>dent</strong></span> <span class='ocrx_word' id='word_1_686' title='bbox 2314 4405 2418 4458; x_wconf 89' lang='lat' dir='ltr'><strong>sub</strong></span> <span class='ocrx_word' id='word_1_687' title='bbox 2461 4404 2810 4459; x_wconf 87' lang='lat' dir='ltr'><strong>abstinentia</strong></span> <span class='ocrx_word' id='word_1_688' title='bbox 2840 4403 2957 4456; x_wconf 89' lang='lat' dir='ltr'><strong>vini</strong></span> <span class='ocrx_word' id='word_1_689' title='bbox 2995 4414 3050 4456; x_wconf 84' lang='lat' dir='ltr'><strong>et</strong></span> <span class='ocrx_word' id='word_1_690' title='bbox 3093 4405 3374 4469; x_wconf 88' lang='lat' dir='ltr'><strong>carnium,</strong></span> <span class='ocrx_word' id='word_1_691' title='bbox 3410 4420 3472 4457; x_wconf 91' lang='lat' dir='ltr'><strong>ac</strong></span> <span class='ocrx_word' id='word_1_692' title='bbox 3520 4420 3646 4457; x_wconf 90' lang='lat' dir='ltr'><strong>ma-</strong></span> 
     </span>
    </p>
   </div>
   <div class='ocr_carea' id='block_1_106' title="bbox 1944 4490 3429 4567">
    <p class='ocr_par' dir='ltr' id='par_1_106' title="bbox 1944 4490 3429 4567">
     <span class='ocr_line' id='line_1_109' title="bbox 1944 4490 3429 4567; baseline -0.001 -22"><span class='ocrx_word' id='word_1_693' title='bbox 1944 4508 2053 4546; x_wconf 89' lang='lat' dir='ltr'><strong>nus</strong></span> <span class='ocrx_word' id='word_1_694' title='bbox 2081 4493 2444 4563; x_wconf 91' lang='lat' dir='ltr'><strong>impositione</strong></span> <span class='ocrx_word' id='word_1_695' title='bbox 2474 4491 2673 4545; x_wconf 83' lang='lat' dir='ltr'><strong>crebro</strong></span> <span class='ocrx_word' id='word_1_696' title='bbox 2706 4491 3033 4544; x_wconf 84' lang='lat' dir='ltr'><strong>examinent</strong></span> <span class='ocrx_word' id='word_1_697' title='bbox 3059 4490 3429 4567; x_wconf 77' lang='lat' dir='ltr'><strong>baptismum.</strong></span> 
     </span>
    </p>
   </div>
   <div class='ocr_carea' id='block_1_107' title="bbox 1945 4596 3647 4667">
    <p class='ocr_par' dir='ltr' id='par_1_107' title="bbox 1945 4596 3647 4667">
     <span class='ocr_line' id='line_1_110' title="bbox 1945 4596 3647 4667; baseline -0.002 -14"><span class='ocrx_word' id='word_1_698' title='bbox 1945 4599 2073 4653; x_wconf 84' lang='lat' dir='ltr'><strong>CAP.</strong></span> <span class='ocrx_word' id='word_1_699' title='bbox 2107 4600 2217 4652; x_wconf 82' lang='lat' dir='ltr'><strong>XII.</strong></span> <span class='ocrx_word' id='word_1_700' title='bbox 2249 4628 2317 4637; x_wconf 86' lang='lat'><strong>—-</strong></span> <span class='ocrx_word' id='word_1_701' title='bbox 2353 4598 2505 4667; x_wconf 77' lang='lat' dir='ltr'><strong>Quod</strong></span> <span class='ocrx_word' id='word_1_702' title='bbox 2530 4597 2792 4666; x_wconf 85' lang='lat' dir='ltr'><strong>necphyti</strong></span> <span class='ocrx_word' id='word_1_703' title='bbox 2840 4612 2873 4648; x_wconf 92' lang='lat' dir='ltr'><strong>a</strong></span> <span class='ocrx_word' id='word_1_704' title='bbox 2906 4596 3231 4667; x_wconf 82' lang='lat' dir='ltr'><strong>lautioribus</strong></span> <span class='ocrx_word' id='word_1_705' title='bbox 3246 4596 3391 4667; x_wconf 12' lang='lat' dir='ltr'><strong>icibis</strong></span> <span class='ocrx_word' id='word_1_706' title='bbox 3421 4597 3647 4664; x_wconf 84' lang='lat' dir='ltr'><strong>aliquod</strong></span> 
     </span>
    </p>
   </div>
   <div class='ocr_carea' id='block_1_108' title="bbox 2123 4666 3461 4737">
    <p class='ocr_par' dir='ltr' id='par_1_108' title="bbox 2123 4666 3461 4737">
     <span class='ocr_line' id='line_1_111' title="bbox 2123 4666 3461 4737; baseline -0.002 -15"><span class='ocrx_word' id='word_1_707' title='bbox 2123 4676 2350 4737; x_wconf 81' lang='lat' dir='ltr'><strong>tempus,</strong></span> <span class='ocrx_word' id='word_1_708' title='bbox 2370 4666 2435 4721; x_wconf 81' lang='lat' dir='ltr'><strong>et</strong></span> <span class='ocrx_word' id='word_1_709' title='bbox 2466 4684 2500 4721; x_wconf 92' lang='lat' dir='ltr'><strong>a</strong></span> <span class='ocrx_word' id='word_1_710' title='bbox 2534 4668 2805 4735; x_wconf 86' lang='lat' dir='ltr'><strong>conjugiis</strong></span> <span class='ocrx_word' id='word_1_711' title='bbox 2837 4681 2891 4719; x_wconf 89' lang='lat' dir='ltr'><strong>se</strong></span> <span class='ocrx_word' id='word_1_712' title='bbox 2921 4666 3191 4719; x_wconf 85' lang='lat' dir='ltr'><strong>abstinere</strong></span> <span class='ocrx_word' id='word_1_713' title='bbox 3218 4666 3461 4720; x_wconf 85' lang='lat' dir='ltr'><strong>debeant.</strong></span> 
     </span>
    </p>
   </div>
   <div class='ocr_carea' id='block_1_109' title="bbox 2019 4753 3645 4825">
    <p class='ocr_par' dir='ltr' id='par_1_109' title="bbox 2019 4753 3645 4825">
     <span class='ocr_line' id='line_1_112' title="bbox 2019 4753 3645 4825; baseline -0.002 -14"><span class='ocrx_word' id='word_1_714' title='bbox 2019 4759 2134 4824; x_wconf 70' lang='lat' dir='ltr'><strong>(Em</strong></span> <span class='ocrx_word' id='word_1_715' title='bbox 2164 4758 2363 4822; x_wconf 86' lang='lat' dir='ltr'><strong>eodem,</strong></span> <span class='ocrx_word' id='word_1_716' title='bbox 2395 4773 2515 4825; x_wconf 89' lang='lat' dir='ltr'><strong>cap.</strong></span> <span class='ocrx_word' id='word_1_717' title='bbox 2552 4754 2665 4825; x_wconf 86' lang='lat'><strong>87.)</strong></span> <span class='ocrx_word' id='word_1_718' title='bbox 2705 4754 2985 4824; x_wconf 75' lang='lat' dir='ltr'><strong>Neophyti</strong></span> <span class='ocrx_word' id='word_1_719' title='bbox 3014 4754 3351 4824; x_wconf 90' lang='lat' dir='ltr'><strong>aliquandiu</strong></span> <span class='ocrx_word' id='word_1_720' title='bbox 3382 4772 3413 4808; x_wconf 90' lang='lat' dir='ltr'><strong>a</strong></span> <span class='ocrx_word' id='word_1_721' title='bbox 3446 4753 3645 4808; x_wconf 88' lang='lat' dir='ltr'><strong>lautio-</strong></span> 
     </span>
    </p>
   </div>
   <div class='ocr_carea' id='block_1_110' title="bbox 1942 4844 3645 4916">
    <p class='ocr_par' dir='ltr' id='par_1_110' title="bbox 1942 4844 3645 4916">
     <span class='ocr_line' id='line_1_113' title="bbox 1942 4844 3645 4916; baseline -0.002 -14"><span class='ocrx_word' id='word_1_722' title='bbox 1942 4848 2101 4902; x_wconf 89' lang='lat' dir='ltr'><strong>ribus</strong></span> <span class='ocrx_word' id='word_1_723' title='bbox 2146 4846 2350 4916; x_wconf 88' lang='lat' dir='ltr'><strong>cpulis,</strong></span> <span class='ocrx_word' id='word_1_724' title='bbox 2410 4850 2465 4899; x_wconf 90' lang='lat' dir='ltr'><strong>et</strong></span> <span class='ocrx_word' id='word_1_725' title='bbox 2521 4844 2875 4914; x_wconf 84' lang='lat' dir='ltr'><strong>spectaculis,</strong></span> <span class='ocrx_word' id='word_1_726' title='bbox 2922 4844 3009 4897; x_wconf 85' lang='lat' dir='ltr'><strong>vel</strong></span> <span class='ocrx_word' id='word_1_727' title='bbox 3058 4845 3403 4915; x_wconf 78' lang='lat' dir='ltr'><strong>conjugibus</strong></span> <span class='ocrx_word' id='word_1_728' title='bbox 3461 4845 3645 4899; x_wconf 86' lang='lat' dir='ltr'><strong>absti-</strong></span> 
     </span>
    </p>
   </div>
   <div class='ocr_carea' id='block_1_111' title="bbox 1943 4941 2135 4990">
    <p class='ocr_par' dir='ltr' id='par_1_111' title="bbox 1943 4941 2135 4990">
     <span class='ocr_line' id='line_1_114' title="bbox 1943 4941 2135 4990; baseline 0 0"><span class='ocrx_word' id='word_1_729' title='bbox 1943 4941 2135 4990; x_wconf 91' lang='lat' dir='ltr'><strong>neant.</strong></span> 
     </span>
    </p>
   </div>
   <div class='ocr_carea' id='block_1_112' title="bbox 1942 5040 3645 5164">
    <p class='ocr_par' dir='ltr' id='par_1_112' title="bbox 1942 5040 3645 5164">
     <span class='ocr_line' id='line_1_115' title="bbox 1942 5040 3645 5164; baseline -0.002 -66"><span class='ocrx_word' id='word_1_730' title='bbox 1942 5043 2068 5098; x_wconf 87' lang='lat' dir='ltr'><strong>CAP.</strong></span> <span class='ocrx_word' id='word_1_731' title='bbox 2104 5042 2239 5097; x_wconf 84' lang='lat' dir='ltr'><strong>XIII.</strong></span> <span class='ocrx_word' id='word_1_732' title='bbox 2288 5071 2357 5081; x_wconf 90' lang='lat'><strong><em>—</em></strong></span> <span class='ocrx_word' id='word_1_733' title='bbox 2395 5044 2460 5096; x_wconf 89' lang='lat' dir='ltr'><strong>Ut</strong></span> <span class='ocrx_word' id='word_1_734' title='bbox 2505 5042 2676 5095; x_wconf 88' lang='lat' dir='ltr'><strong>omnis</strong></span> <span class='ocrx_word' id='word_1_735' title='bbox 2721 5040 3006 5164; x_wconf 50' lang='lat' dir='ltr'><strong>pggjbyter</strong></span> <span class='ocrx_word' id='word_1_736' title='bbox 3040 5056 3136 5094; x_wconf 84' lang='lat' dir='ltr'><strong>vas</strong></span> <span class='ocrx_word' id='word_1_737' title='bbox 3188 5040 3511 5110; x_wconf 75' lang='lat' dir='ltr'><strong>baptismate</strong></span> <span class='ocrx_word' id='word_1_738' title='bbox 3548 5042 3645 5096; x_wconf 85' lang='lat' dir='ltr'><strong>ha-</strong></span> 
     </span>
    </p>
   </div>
   <div class='ocr_carea' id='block_1_113' title="bbox 2761 5118 2867 5166">
    <p class='ocr_par' dir='ltr' id='par_1_113' title="bbox 2761 5118 2867 5166">
     <span class='ocr_line' id='line_1_116' title="bbox 2761 5118 2867 5166; baseline 0 -1"><span class='ocrx_word' id='word_1_739' title='bbox 2761 5118 2867 5166; x_wconf 89' lang='lat' dir='ltr'><strong>eat.</strong></span> 
     </span>
    </p>
   </div>
   <div class='ocr_carea' id='block_1_114' title="bbox 2014 5200 3643 5271">
    <p class='ocr_par' dir='ltr' id='par_1_114' title="bbox 2014 5200 3643 5271">
     <span class='ocr_line' id='line_1_117' title="bbox 2014 5200 3643 5271; baseline -0.002 -15"><span class='ocrx_word' id='word_1_740' title='bbox 2014 5205 2120 5266; x_wconf 77' lang='lat' dir='ltr'><strong>(Ea:</strong></span> <span class='ocrx_word' id='word_1_741' title='bbox 2152 5203 2320 5256; x_wconf 84' lang='lat' dir='ltr'><strong>concil</strong></span> <span class='ocrx_word' id='word_1_742' title='bbox 2368 5201 2648 5267; x_wconf 85' lang='lat' dir='ltr'><strong>Meldens.,</strong></span> <span class='ocrx_word' id='word_1_743' title='bbox 2677 5216 2797 5269; x_wconf 85' lang='lat' dir='ltr'><strong>cap.</strong></span> <span class='ocrx_word' id='word_1_744' title='bbox 2855 5201 2930 5270; x_wconf 86' lang='lat'><strong>7.)</strong></span> <span class='ocrx_word' id='word_1_745' title='bbox 2961 5201 3158 5257; x_wconf 88' lang='lat' dir='ltr'><strong>Omnis</strong></span> <span class='ocrx_word' id='word_1_746' title='bbox 3204 5200 3501 5271; x_wconf 75' lang='lat' dir='ltr'><strong>presbyter</strong></span> <span class='ocrx_word' id='word_1_747' title='bbox 3544 5201 3643 5271; x_wconf 89' lang='lat' dir='ltr'><strong>qui</strong></span> 
     </span>
    </p>
   </div>
   <div class='ocr_carea' id='block_1_115' title="bbox 1938 5287 3642 5359">
    <p class='ocr_par' dir='ltr' id='par_1_115' title="bbox 1938 5287 3642 5359">
     <span class='ocr_line' id='line_1_118' title="bbox 1938 5287 3642 5359; baseline -0.001 -15"><span class='ocrx_word' id='word_1_748' title='bbox 1938 5292 2158 5345; x_wconf 88' lang='lat' dir='ltr'><strong>fontem</strong></span> <span class='ocrx_word' id='word_1_749' title='bbox 2201 5289 2496 5359; x_wconf 89' lang='lat' dir='ltr'><strong>lapideum</strong></span> <span class='ocrx_word' id='word_1_750' title='bbox 2542 5289 2753 5343; x_wconf 89' lang='lat' dir='ltr'><strong>habere</strong></span> <span class='ocrx_word' id='word_1_751' title='bbox 2784 5288 3124 5357; x_wconf 87' lang='lat' dir='ltr'><strong>nequiverit,</strong></span> <span class='ocrx_word' id='word_1_752' title='bbox 3160 5305 3255 5339; x_wconf 84' lang='lat' dir='ltr'><strong>vas</strong></span> <span class='ocrx_word' id='word_1_753' title='bbox 3299 5287 3642 5342; x_wconf 87' lang='lat' dir='ltr'><strong>conveniens</strong></span> 
     </span>
    </p>
   </div>
   <div class='ocr_carea' id='block_1_116' title="bbox 1940 5376 3641 5446">
    <p class='ocr_par' dir='ltr' id='par_1_116' title="bbox 1940 5376 3641 5446">
     <span class='ocr_line' id='line_1_119' title="bbox 1940 5376 3641 5446; baseline -0.001 -13"><span class='ocrx_word' id='word_1_754' title='bbox 1940 5381 2011 5433; x_wconf 90' lang='lat' dir='ltr'><strong>ad</strong></span> <span class='ocrx_word' id='word_1_755' title='bbox 2043 5379 2149 5432; x_wconf 93' lang='lat' dir='ltr'><strong>hoc</strong></span> <span class='ocrx_word' id='word_1_756' title='bbox 2174 5378 2539 5432; x_wconf 88' lang='lat' dir='ltr'><strong>solummodo</strong></span> <span class='ocrx_word' id='word_1_757' title='bbox 2574 5377 2903 5446; x_wconf 86' lang='lat' dir='ltr'><strong>baptizandi</strong></span> <span class='ocrx_word' id='word_1_758' title='bbox 2936 5376 3187 5430; x_wconf 81' lang='lat' dir='ltr'><strong>officium</strong></span> <span class='ocrx_word' id='word_1_759' title='bbox 3221 5376 3446 5441; x_wconf 87' lang='lat' dir='ltr'><strong>haheat,</strong></span> <span class='ocrx_word' id='word_1_760' title='bbox 3484 5379 3641 5446; x_wconf 92' lang='lat' dir='ltr'><strong>quod</strong></span> 
     </span>
    </p>
   </div>
   <div class='ocr_carea' id='block_1_117' title="bbox 1940 5465 3640 5536">
    <p class='ocr_par' dir='ltr' id='par_1_117' title="bbox 1940 5465 3640 5536">
     <span class='ocr_line' id='line_1_120' title="bbox 1940 5465 3640 5536; baseline -0.001 -15"><span class='ocrx_word' id='word_1_761' title='bbox 1940 5474 2095 5522; x_wconf 81' lang='lat' dir='ltr'><strong>extra</strong></span> <span class='ocrx_word' id='word_1_762' title='bbox 2130 5468 2424 5521; x_wconf 90' lang='lat' dir='ltr'><strong>ecclesiam</strong></span> <span class='ocrx_word' id='word_1_763' title='bbox 2458 5483 2573 5520; x_wconf 91' lang='lat' dir='ltr'><strong>non</strong></span> <span class='ocrx_word' id='word_1_764' title='bbox 2623 5467 2975 5535; x_wconf 88' lang='lat' dir='ltr'><strong>deportetur.</strong></span> <span class='ocrx_word' id='word_1_765' title='bbox 3028 5465 3302 5517; x_wconf 88' lang='lat' dir='ltr'><strong>Similiter</strong></span> <span class='ocrx_word' id='word_1_766' title='bbox 3327 5465 3397 5517; x_wconf 91' lang='lat' dir='ltr'><strong>ad</strong></span> <span class='ocrx_word' id='word_1_767' title='bbox 3435 5481 3640 5536; x_wconf 89' lang='lat' dir='ltr'><strong>corpo-</strong></span> 
     </span>
    </p>
   </div>
   <div class='ocr_carea' id='block_1_118' title="bbox 1938 5553 3640 5623">
    <p class='ocr_par' dir='ltr' id='par_1_118' title="bbox 1938 5553 3640 5623">
     <span class='ocr_line' id='line_1_121' title="bbox 1938 5553 3640 5623; baseline -0.001 -13"><span class='ocrx_word' id='word_1_768' title='bbox 1938 5559 2055 5610; x_wconf 90' lang='lat' dir='ltr'><strong>rale</strong></span> <span class='ocrx_word' id='word_1_769' title='bbox 2086 5557 2416 5618; x_wconf 85' lang='lat' dir='ltr'><strong>lavandum,</strong></span> <span class='ocrx_word' id='word_1_770' title='bbox 2448 5560 2505 5609; x_wconf 88' lang='lat' dir='ltr'><strong>et</strong></span> <span class='ocrx_word' id='word_1_771' title='bbox 2551 5554 2621 5608; x_wconf 88' lang='lat' dir='ltr'><strong>ad</strong></span> <span class='ocrx_word' id='word_1_772' title='bbox 2665 5555 2844 5623; x_wconf 88' lang='lat' dir='ltr'><strong>pallas</strong></span> <span class='ocrx_word' id='word_1_773' title='bbox 2875 5553 3069 5605; x_wconf 87' lang='lat' dir='ltr'><strong>altaris</strong></span> <span class='ocrx_word' id='word_1_774' title='bbox 3101 5554 3333 5623; x_wconf 89' lang='lat' dir='ltr'><strong>propria</strong></span> <span class='ocrx_word' id='word_1_775' title='bbox 3376 5570 3509 5606; x_wconf 84' lang='lat' dir='ltr'><strong>vasa</strong></span> <span class='ocrx_word' id='word_1_776' title='bbox 3538 5555 3640 5609; x_wconf 90' lang='lat' dir='ltr'><strong>ha-</strong></span> 
     </span>
    </p>
   </div>
   <div class='ocr_carea' id='block_1_119' title="bbox 1937 5641 3045 5713">
    <p class='ocr_par' dir='ltr' id='par_1_119' title="bbox 1937 5641 3045 5713">
     <span class='ocr_line' id='line_1_122' title="bbox 1937 5641 3045 5713; baseline -0.006 -14"><span class='ocrx_word' id='word_1_777' title='bbox 1937 5645 2201 5709; x_wconf 89' lang='lat' dir='ltr'><strong>beantur,</strong></span> <span class='ocrx_word' id='word_1_778' title='bbox 2236 5644 2295 5697; x_wconf 91' lang='lat' dir='ltr'><strong>in</strong></span> <span class='ocrx_word' id='word_1_779' title='bbox 2326 5643 2536 5713; x_wconf 88' lang='lat' dir='ltr'><strong>quibus</strong></span> <span class='ocrx_word' id='word_1_780' title='bbox 2566 5642 2709 5695; x_wconf 87' lang='lat' dir='ltr'><strong>nihil</strong></span> <span class='ocrx_word' id='word_1_781' title='bbox 2741 5641 2894 5694; x_wconf 89' lang='lat' dir='ltr'><strong>aliud</strong></span> <span class='ocrx_word' id='word_1_782' title='bbox 2927 5641 3045 5694; x_wconf 85' lang='lat' dir='ltr'><strong>tiat.</strong></span> 
     </span>
    </p>
   </div>
  </div>
