3966 6410
332 376 433 429 ’731

456 567 736 635 baptizare
757 570 1077 634 praesumat,
1107 570 1332 634 emcepta
1360 580 1526 618 causa
1553 566 1910 633 inﬁrmitatis.

293 663 305 676 '
405 652 523 723 (Ea:
555 652 754 718 eodem,
778 667 898 720 cap.
921 650 1038 719 48.)
1059 652 1236 705 Nemo
1260 651 1722 721 presbyterorum
1751 648 2040 719 baptizare

331 746 663 812 praesumat,
698 739 808 793 nisi
841 741 900 794 in
932 739 1254 792 civitatibus
1300 744 1471 809 atque
1505 738 1860 808 temporibus
1898 753 2036 790 con-

331 828 567 895 stitutis,
615 827 726 882 nisi
775 843 947 881 causa
993 826 1372 896 aegritudinis,
1406 828 1493 881 vel
1541 836 1708 880 certae
1740 826 2040 880 necessita-

328 917 420 982 tis,
455 920 512 969 et
559 916 679 968 loca
713 915 811 968 illa
855 913 1261 968 auctoritatem
1301 918 1357 968 et
1386 912 1684 984 privilegia
1723 912 1916 967 debita
1945 928 2039 966 re-

330 1003 570 1058 tineaut.

334 1093 464 1146 CAP.
495 1092 602 1146 XV.
653 1120 726 1132 —
773 1092 1021 1156 Qualiter
1050 1093 1100 1144 ei
1142 1092 1240 1158 qui
1279 1090 1455 1157 ﬁdelis
1507 1091 1736 1143 existere
1782 1090 2031 1156 voluerit,

782 1163 1109 1230 baptismum
1137 1167 1211 1215 sit
1233 1159 1597 1214 tribuendum.

405 1250 514 1320 (Ex
545 1250 688 1304 decr.
726 1251 1017 1304 Clementis
1063 1265 1240 1317 papae,
1282 1249 1486 1302 cunctis
1534 1247 1783 1316 ﬁdelibus
1828 1247 2030 1313 missis,

327 1354 450 1407 cap.
486 1341 599 1406 62.)
633 1338 689 1393 Si
721 1337 849 1408 quis
879 1353 1016 1407 ergo
1049 1337 1233 1390 ﬁdelis
1263 1335 1508 1390 voluerit
1543 1334 1810 1400 existere,
1846 1339 1902 1388 et
1931 1335 2030 1389 de-

331 1426 544 1480 siderat
596 1426 893 1496 baptizari,
945 1431 1148 1479 exutus
1179 1424 1466 1496 prioribus
1512 1423 1676 1476 malis
1707 1423 1776 1476 de
1807 1422 2030 1493 reliquo

330 1531 437 1585 pro
466 1514 633 1569 bonis
659 1514 877 1569 actibus
901 1514 1084 1568 haeres
1106 1513 1393 1567 bonorum
1415 1511 1732 1566 caelestium
1761 1527 1829 1564 ex
1858 1510 2032 1582 gestis

330 1603 580 1674 prOpriis
626 1604 745 1658 ﬁat.
793 1604 1041 1657 Accedat
1083 1602 1155 1656 ad
1194 1602 1550 1656 sacerdotem
1599 1617 1788 1668 suum,
1823 1607 1880 1653 et
1920 1600 2030 1669 ipsi

331 1690 427 1744 det
456 1707 670 1745 nomen
697 1707 886 1758 suum,
921 1697 1091 1760 atque
1123 1690 1192 1744 ab
1225 1706 1292 1744 eo
1320 1690 1517 1744 audiat
1565 1689 1835 1758 mysteria
1867 1688 2032 1759 regni

330 1779 626 1833 coalorum.
674 1779 916 1848 Jejuniis
971 1779 1368 1848 frequentibus
1425 1793 1660 1847 operam
1705 1777 2025 1846 impendat,
2061 1769 2101 1822 Β

331 1883 394 1920 ac
423 1868 796 1938 semetipsum
828 1867 888 1921 in
910 1867 1179 1920 omnibus
1198 1867 1422 1936 probet,
1452 1873 1514 1918 ut
1533 1872 1649 1919 tres
1673 1865 2030 1935 mensesjam

329 1957 804 2022 consummando,
837 1956 892 2009 in
926 1955 1017 2009 die
1047 1955 1188 2008 festo
1220 1954 1399 2024 possit
1435 1953 1731 2023 baptizari.
1780 1953 2034 2024 Baptize-

327 2047 424 2097 tur
453 2044 850 2115 unusquisque
898 2043 960 2096 in
990 2043 1152 2113 aquis
1183 2043 1552 2113 perennibus,
1605 2042 1838 2096 nomine
1867 2043 2031 2095 trina:

329 2132 704 2187 beatitudinis
735 2131 999 2184 invocato
1033 2147 1206 2200 super
1237 2147 1317 2198 se,
1348 2134 1658 2201 perunctus
1688 2130 1876 2198 primo
1907 2130 2032 2184 oleo

331 2236 438 2291 per
487 2220 804 2274 orationem
857 2219 1230 2284 sanctiﬁcato,
1275 2224 1340 2272 ut
1367 2219 1448 2272 ita
1495 2219 1729 2272 demum
1776 2235 1880 2289 per
1913 2220 2034 2273 haac

331 2313 714 2374 consecratus,
747 2307 925 2378 possit
953 2308 1249 2378 percipere
1279 2308 1470 2361 locum
1495 2323 1627 2361 cum
1659 2306 1885 2360 sanctis.

333 2413 462 2468 CAP.
508 2413 640 2467 XVI.
672 2442 741 2453 —
794 2415 867 2467 De
910 2413 1248 2482 martyribus
1299 2415 1398 2481 qui
1425 2415 1542 2467 sine
1581 2413 1848 2482 baptismo
1877 2429 2030 2467 mar-

893 2486 1096 2552 tyrium
1115 2489 1477 2553 susceperunt.

405 2571 524 2643 (Ea:
577 2571 739 2626 dictis
793 2573 1052 2642 August.)
1113 2573 1600 2626 Catechumenum
1651 2571 1910 2642 quamvis
1970 2571 2032 2625 in

331 2659 496 2715 bonis
538 2660 809 2729 operibus
852 2661 1205 2727 defunctum,
1239 2660 1414 2712 vitam
1463 2659 1674 2713 habere
1706 2675 1822 2712 non
1855 2657 2034 2711 credi-

332 2765 482 2814 mus,
553 2754 788 2820 excepto
852 2749 1130 2804 duntaxat
1189 2749 1300 2802 nisi
1359 2748 1618 2818 martyrii
1678 2752 2033 2802 sacramenta

333 2837 753 2908 compleantur.
808 2838 1132 2908 Baptizatus
1181 2837 1490 2890 conﬁtetur
1518 2835 1693 2890 ﬁdem
1739 2852 1903 2889 suam
1943 2853 2032 2888 co-

331 2941 456 2979 ram
520 2926 830 2989 sacerdote,
893 2931 952 2980 et
1014 2925 1402 2996 interrogatus
1468 2924 1856 2995 respondebit.
1919 2925 2033 2978 Hoc

336 3013 490 3068 idem
522 3019 741 3085 martyr
779 3030 971 3068 coram
1001 3021 1366 3084 persecutore
1415 3013 1570 3079 facit,
1618 3014 1804 3083 quiet
1850 3012 2030 3067 conﬁ-

333 3106 485 3155 tetur
537 3103 731 3170 ﬁdem,
793 3108 850 3156 et
904 3102 1294 3171 interrogatus
1352 3102 1686 3172 respondet.
1751 3101 1848 3156 Ille
1905 3107 2036 3172 post

334 3190 751 3244 confessionem
801 3191 1126 3261 aspergitur
1172 3189 1466 3260 martyrio,
1497 3191 1583 3243 vel
1615 3205 1746 3243 vero
1777 3189 2032 3259 aspergi-

333 3283 430 3332 tur
459 3279 762 3348 sanguine,
797 3280 884 3332 vel
922 3278 1168 3349 tingitur
1210 3278 1362 3346 igne.
1411 3279 1510 3332 Ille
1543 3294 1747 3331 manus
1794 3279 2029 3349 imposi-

334 3367 490 3420 tione
521 3365 807 3435 pontiﬁcis
848 3367 1056 3436 accipit
1084 3367 1362 3437 Spiritum
1411 3372 1692 3420 sanctum.
1742 3367 1840 3420 Hic
1869 3365 2031 3420 habi-

333 3455 589 3508 taculum
620 3455 867 3509 efﬁcitur
898 3455 1139 3526 Spiritus
1165 3455 1346 3508 sancti
1371 3455 1506 3509 dum
1535 3471 1650 3508 non
1681 3459 1765 3508 est
1791 3455 1910 3524 ipse
1933 3455 2034 3525 qui

336 3541 614 3613 loquitur,
659 3543 756 3596 sed
788 3541 1024 3613 spiritus
1056 3542 1156 3613 qui
1204 3542 1264 3596 in
1296 3543 1394 3596 illo
1436 3543 1710 3613 loquitur.
1748 3543 1847 3596 Ille
1879 3558 2032 3596 com-

336 3630 590 3684 municat
652 3631 1018 3685 Eucharistia:
1085 3631 1148 3685 in
1222 3631 1766 3685 commemoratione
1831 3631 2032 3684 mortis

336 3720 562 3774 Domini
593 3736 606 3774 :
644 3720 738 3774 hic
766 3719 875 3791 ipsi
907 3719 1128 3776 Christo
1159 3720 1554 3774 commoritur.
1589 3720 1688 3774 Ille
1728 3719 2034 3774 conﬁtetur

334 3825 393 3862 se
425 3808 624 3863 mundi
671 3808 889 3862 actibus
922 3809 1409 3876 renuntiaturum,
1445 3809 1536 3863 hic
1581 3808 1702 3879 ipse
1734 3810 2031 3863 renuntia-

333 3896 417 3950 vit
444 3897 592 3950 vitm.
643 3896 732 3949 Illi
761 3896 960 3950 omnia
1001 3902 1234 3967 peccata
1265 3896 1656 3958 remittuntur,
1692 3895 1788 3950 isti
1821 3897 2030 3950 exstin-

334 3990 612 4055 guuntur.

337 4072 464 4125 CAP.
524 4072 681 4126 XVII.
743 4101 814 4110 -—
863 4072 1016 4140 Quod
1076 4073 1467 4125 catechumenis
1524 4078 1918 4127 sacramentum
1974 4075 2033 4126 in

818 4144 1026 4196 Pascha
1053 4143 1184 4196 dari
1209 4158 1316 4196 non
1345 4143 1552 4196 debeat.

409 4229 518 4300 (Ea:
547 4232 735 4286 concil.
791 4231 1074 4299 Carthag.,
1121 4246 1242 4299 cap.
1277 4231 1350 4299 5.)
1383 4232 1523 4284 Item
1570 4231 1783 4300 placuit
1821 4236 1884 4285 ut
1930 4247 2035 4301 per

1419 369 1827 425 BURCHARDI
1863 365 2403 424 WORMACIENSIS
2439 361 2778 421 EPISCOPI.

334 497 463 552 CAP.
515 496 648 551 XIV.
691 525 760 534 —-
811 495 880 548 Ut
923 493 1108 548 nullus
1150 493 1434 562 presbyter
1463 495 1576 547 nisi
1619 496 1679 546 in
1721 492 2034 546 civitatibus
2064 493 2112 545 A

3749 366 3864 419 732

2355 491 2483 544 CAP.
2518 491 2619 543 XX.
2652 517 2724 528 —
2751 488 2833 541 De
2859 487 3252 542 catechumenis
3276 488 3642 556 peccantibus.

2222 580 2331 648 (Ea:
2361 580 2550 633 concil.
2600 580 2924 643 Neocaesar.,
2974 592 3093 646 cap.
3152 577 3227 648 6.)
3281 577 3758 643 Catechumenus,
3810 575 3858 629 si

2147 667 2505 739 ingrediatur
2552 665 2871 731 ecclesiam,
2926 665 3074 718 etin
3105 665 3307 719 ordine
3356 681 3580 729 eorum,
3631 663 3731 735 qui
3760 663 3854 717 in-

2148 758 2469 820 struuntur,
2529 753 2771 819 assistat,
2827 753 2921 807 hic
2974 757 3167 806 autem
3225 752 3618 822 deprehensus
3675 751 3857 806 fuerit

2145 858 2407 913 peccans,
2458 841 2744 912 siquidem
2790 857 2942 912 genu
2973 841 3168 906 ﬂectit,
3221 842 3435 908 audiat,
3488 846 3551 895 ut
3591 857 3710 895 non
3758 841 3858 894 de-

2143 932 2372 1002 linquat
2416 931 2682 985 ulterius.
2736 931 2795 986 Si
2823 946 2958 985 vero
2989 936 3047 984 et
3093 930 3334 984 audiens
3383 930 3723 1001 peccaverit,
3757 945 3857 984 ex-

2143 1021 2414 1090 pellatur.

2143 1109 2272 1164 CAP.
2303 1110 2430 1163 XXI.
2469 1137 2538 1148 —
2582 1108 2664 1161 De
2711 1108 2826 1161 illis
2867 1109 2964 1176 qui
2991 1123 3166 1177 nuper
3196 1111 3323 1162 sunt
3359 1107 3651 1176 baptizati,
3703 1105 3860 1175 quod

2638 1180 2944 1248 promoveri
2964 1194 3070 1232 non
3099 1179 3344 1231 debeant.

2216 1267 2326 1336 (Ea:
2375 1269 2562 1322 concil.
2618 1267 2929 1333 Laodiensi,
2978 1282 3097 1335 cap.
3152 1265 3228 1335 3.)
3260 1267 3340 1320 De
3371 1264 3461 1318 his
3512 1265 3613 1336 qui
3659 1281 3858 1336 nuper

2141 1360 2274 1409 sunt
2314 1355 2626 1410 illuminati
2670 1354 3035 1424 baptismate,
3087 1354 3241 1424 quod
3273 1371 3367 1407 eos
3412 1353 3471 1407 in
3503 1354 3857 1407 sacerdotali

2141 1461 2259 1498 non
2289 1443 2594 1498 conveniat
2621 1443 2820 1497 ordine
2853 1443 3206 1513 promoveri.

2141 1551 2269 1606 CAP.
2301 1552 2461 1605 XXII.
2510 1580 2581 1589 —
2619 1551 2697 1603 De
2739 1550 3089 1618 presbyteris,
3141 1551 3192 1602 si
3239 1551 3296 1602 in
3355 1549 3622 1602 Trinitate
3669 1549 3854 1617 jumta

2410 1626 2738 1690 praceptum
2770 1623 2982 1673 Domini
3010 1635 3116 1673 non
3148 1621 3562 1687 baptizaverint.

2213 1710 2318 1780 (Ea:
2351 1725 2548 1763 canone
2592 1708 2906 1777 apostolor.)
2956 1707 3168 1777 Siquis
3215 1708 3520 1776 episcopus
3563 1711 3664 1760 aut
3711 1722 3850 1776 pre-

2142 1797 2334 1868 sbyter
2371 1797 2530 1867 juxta
2560 1802 2914 1866 prasceptum
2966 1795 3191 1848 Domini
3225 1811 3339 1848 non
3372 1794 3751 1864 baptizaverit
3784 1793 3852 1846 in

2140 1884 2378 1938 nomine
2411 1884 2612 1952 Patris,
2658 1888 2714 1937 et
2743 1883 2889 1949 Filii,
2922 1886 2978 1936 et
3007 1882 3252 1952 Spiritus
3282 1881 3482 1947 sancti,
3516 1881 3614 1935 sed
3643 1881 3706 1934 in
3736 1882 3850 1935 tri-

2139 1975 2245 2027 bus
2286 1973 2408 2026 sine
2439 1972 2602 2026 initio
2654 1971 2978 2042 principiis,
3010 1978 3110 2024 aut
3139 1970 3198 2023 in
3229 1971 3416 2024 tribus
3462 1969 3615 2039 ﬁliis,
3649 1974 3752 2024 aut
3787 1971 3854 2023 in

2139 2062 2321 2116 tribus
2346 2061 2670 2132 paracletis,
2707 2061 3028 2130 abjiciatur.

2555 2149 2683 2204 CAP.
2717 2150 2898 2204 XXIII.
2933 2180 3001 2188 —
3027 2149 3109 2204 De
3138 2148 3321 2201 eadem
3346 2163 3422 2202 re.

2212 2239 2332 2309 (Ea:
2361 2237 2587 2308 eodem.)
2624 2238 2682 2293 Si
2731 2239 2858 2309 quis
2903 2238 3207 2308 episcopus
3249 2241 3346 2290 aut
3375 2236 3694 2306 presbyter,
3727 2252 3853 2290 non

2139 2327 2350 2382 trinam
2402 2327 2752 2381 mersionem
2783 2327 2957 2379 unius
2992 2326 3245 2396 mysterii
3279 2323 3690 2392 celebraverit,
3741 2325 3851 2378 sed

2142 2418 2320 2470 semel
2374 2416 2583 2486 mergit
2629 2416 2687 2468 in
2738 2415 3102 2484 baptismate,
3159 2414 3315 2484 quod
3347 2413 3471 2467 dari
3518 2413 3746 2466 videtur
3786 2413 3852 2466 in

2141 2511 2325 2560 morte
2356 2505 2608 2568 Domini,
2642 2505 2983 2573 deponatur.
3016 2505 3135 2556 Non
3163 2502 3318 2556 enim
3353 2502 3494 2556 dixit
3527 2501 3844 2554 Dominus:

2141 2596 2203 2648 In
2233 2597 2417 2646 morte
2467 2609 2594 2646 mea
2624 2592 2932 2662 baptizata,
2966 2593 3062 2644 sed
3093 2607 3105 2643 :
3145 2592 3354 2644 Euntes
3403 2590 3599 2643 docete
3639 2604 3849 2642 omnes

2141 2686 2360 2753 gentes,
2396 2682 2750 2752 baptizantes
2781 2698 2878 2734 eos
2906 2681 2967 2734 in
2998 2680 3233 2734 nomine
3281 2679 3480 2746 Patris,
3517 2684 3573 2732 et
3606 2676 3753 2743 Filii,
3788 2681 3852 2731 et

2140 2771 2385 2842 Spiritus
2415 2770 2611 2824 sancti.

2141 2880 2270 2934 CAP.
2302 2878 2481 2933 XXIV.
2514 2908 2582 2916 ——
2614 2876 2765 2942 Quod
2793 2878 2852 2930 in
2899 2877 3188 2944 baptismo,
3231 2879 3282 2928 et
3320 2877 3379 2928 in
3417 2875 3848 2941 conﬁrmatione,

2329 2951 2380 3003 si
2407 2963 2614 3002 necesse
2645 2951 2834 3013 fuerit,
2867 2962 3006 3001 unus
3031 2949 3285 3014 patrinus
3314 2948 3488 3014 possit
3518 2959 3646 2998 esse.

2214 3038 2318 3106 (Em
2366 3037 2510 3090 decr.
2548 3037 2710 3102 Ygini
2757 3051 2934 3103 papa,
2983 3050 3104 3103 cap.
3162 3037 3268 3100 10.)
3310 3035 3375 3086 In
3408 3031 3845 3098 catechumeno,

2144 3131 2202 3180 et
2227 3127 2289 3179 in
2313 3125 2619 3196 baptismo,
2658 3129 2714 3177 et
2739 3124 2800 3177 in
2830 3123 3262 3177 conﬁrmatione
3286 3138 3434 3175 unus
3461 3126 3626 3192 pater
3656 3124 3852 3190 potest

2143 3215 2291 3280 ﬁeri,
2337 3215 2385 3267 si
2416 3211 2718 3267 necessitas
2755 3211 2910 3281 cogit
2938 3228 2950 3266 :
2989 3227 3104 3264 non
3148 3216 3235 3264 est
3268 3217 3459 3264 tamen
3490 3208 3851 3262 consuetudo

2144 3303 2422 3369 Romana,
2455 3301 2550 3354 sed
2582 3317 2686 3370 per
2716 3299 2946 3369 singula
2973 3300 3188 3370 singuli
3217 3300 3552 3369 suscipiunt.

2143 3409 2277 3463 CAP.
2315 3409 2464 3462 XXV.
2497 3437 2566 3447 —
2601 3410 2668 3462 Ut
2708 3423 2846 3461 unus
2884 3409 3160 3475 patrinus,
3219 3407 3304 3460 vel
3345 3407 3570 3474 patrina
3611 3403 3687 3458 ad
3713 3418 3850 3458 sus-

2551 3478 2855 3546 cipiendum
2881 3480 3150 3544 infantem
3181 3477 3424 3531 accedat.

2214 3566 2322 3638 (Ern
2376 3567 2518 3621 decr.
2574 3569 2763 3621 Leonis
2814 3582 2978 3635 papa
3025 3566 3176 3635 apud
3236 3566 3292 3620 S.
3346 3560 3712 3632 Medardum.)
3778 3563 3852 3616 Ut

2140 3671 2260 3710 non
2307 3656 2499 3726 plures
2543 3655 2614 3708 ad
2648 3655 3077 3724 suscipiendum
3127 3655 3197 3708 de
3227 3653 3510 3724 baptismo
3556 3651 3848 3705 infantem

2141 3745 2429 3809 accedant,
2461 3759 2634 3814 quam
2681 3759 2852 3808 unus,
2895 3742 3010 3796 sive
3040 3741 3144 3801 vir,
3177 3741 3292 3795 sive
3335 3740 3564 3794 mulier.
3616 3741 3679 3793 In
3707 3754 3848 3792 con-

2139 3831 2561 3887 ﬁrmationibus
2585 3846 2813 3902 quoque
2841 3831 3089 3900 idipsum
3121 3830 3240 3883 ﬁat.

2143 3921 2269 3975 CAP.
2299 3921 2476 3974 XXVI.
2510 3949 2577 3958 —
2611 3921 2678 3973 Ut
2719 3921 2812 3972 ille
2841 3921 2937 3987 qui
2964 3933 3070 3972 non
3104 3923 3186 3972 est
3229 3918 3560 3987 baptizatus,
3602 3916 3686 3970 vel
3715 3931 3846 3969 con-

2423 3991 2694 4060 ﬁrmatus,
2724 4007 2757 4043 a
2777 3991 3041 4058 baptismo
3059 3991 3270 4042 nullum
3302 3991 3551 4057 recipiat.

2215 4077 2336 4148 (Ea:
2377 4079 2567 4132 concil.
2602 4080 2874 4145 Mogunt.,
2928 4093 3049 4146 cap.
3098 4076 3173 4148 2.)
3221 4080 3285 4132 In
3330 4075 3613 4145 baptismo
3659 4074 3748 4127 vel
3783 4074 3848 4128 in

2142 4166 2446 4220 chrismate
2477 4182 2593 4220 non
2639 4171 2826 4235 potest
2853 4166 3033 4220 alium
3064 4165 3349 4235 suscipere
3380 4165 3441 4218 in
3481 4163 3670 4218 ﬁlium
3719 4161 3848 4232 ipse

2143 4255 2244 4325 qui
2269 4271 2384 4309 non
2412 4260 2496 4308 est
2523 4254 2867 4324 baptizatus,
2897 4255 2986 4308 vel
3018 4253 3410 4308 conﬁrmatus.

337 4317 785 4410 solemnissimos
818 4320 1118 4410 Pascliales
1149 4320 1269 4373 dies
1299 4325 1738 4410 sacramentum
1767 4321 2031 4410 catechu-
2064 4325 2106 4379 D
2147 4317 2272 4396 (In.
2327 4343 2530 4398 xxv".
2586 4317 2648 4383 ζ,
2711 4345 2777 4398 ω
2823 4317 3004 4397 ηὐηαε
3054 4345 3313 4410 murinus
3364 4341 3497 4410 ﬁat,
3545 4341 3659 4393 nisi
3705 4345 3850 4392 recte

338 4407 522 4462 meuis
550 4423 668 4460 non
715 4408 904 4474 detur,
937 4407 998 4462 ui
1041 4409 1231 4462 solum
1261 4409 1415 4472 salis,
1467 4408 1602 4479 quia
1633 4409 1679 4461 si
1709 4408 1903 4463 ﬁdeles
1934 4426 2038 4478 per

335 4497 465 4551 illos
495 4485 614 4549 dies
646 4502 1068 4553 sacramentum
1099 4513 1214 4551 non
1246 4503 1495 4561 mutant,
1542 4514 1647 4551 nec
1676 4500 2035 4553 catechume-

337 4602 444 4639 nos
475 4591 704 4657 oportet
732 4593 978 4641 mutare.

338 4675 465 4728 CAP.
529 4675 715 4730 XVIII.
785 4676 868 4729 De
931 4677 1323 4798 catechunzlenis
1391 4692 1426 4730 a
1484 4675 1801 4746 baptisteria
1865 4692 2038 4731 remo-

1081 4763 1180 4798 ven
1225 4763 1290 4798 28.

1081 4763 1290 4801 υθηατε.

410 4836 520 4900 (Em
557 4835 743 4887 concil.
805 4837 1092 4900 Arausic.,
1143 4851 1265 4903 cap.
1330 4836 1442 4904 l7.)
1506 4835 1591 4889 Ab
1637 4835 2038 4905 baptisterium

337 4921 735 4976 catechumeni
786 4937 1086 4992 nunquam
1152 4923 1494 4978 admittendi
1546 4930 1700 4991 sunt,
1759 4924 1869 4978 nisi
1927 4924 2040 4995 ipsi

337 5010 718 5080 baptizentur.

339 5101 468 5155 CAP.
504 5099 634 5153 XIX.
666 5127 735 5136 -—
782 5101 862 5152 De
917 5100 1306 5222 catechumednis
1355 5101 1724 5169 segregandis,
1775 5105 1828 5154 et
1871 5103 2042 5168 infor-

1071 5185 1197 5222 man
1241 5185 1307 5222 is.

1071 5185 1307 5223 mancus.

410 5257 530 5329 (Ea:
559 5257 762 5325 eodem,
789 5272 910 5326 cap.
950 5259 1058 5323 l8.)
1102 5260 1149 5310 A
1178 5257 1436 5312 ﬁdelium
1468 5259 1864 5313 benedictione
1896 5264 2042 5314 cate-

339 5347 635 5413 chumeni,
681 5345 853 5400 etiam
884 5346 1038 5400 inter
1085 5346 1430 5400 domesticos
1471 5347 1726 5416 ordines,
1772 5347 1832 5402 in
1865 5365 2044 5420 quan-

339 5441 463 5490 tum
495 5437 680 5490 caveri
731 5439 942 5505 potest,
973 5434 1316 5505 segregandi
1364 5435 1859 5508 informandique~
1886 5442 2038 5504 sunt,

340 5529 407 5578 ut
437 5541 495 5577 se
537 5531 596 5578 et
641 5525 952 5595 signandos
1001 5525 1090 5579 vel
1137 5523 1555 5578 benedicendos
1593 5525 1861 5579 semotim
1900 5525 2042 5580 oﬁ'e-

345 5618 494 5666 rant.

2890 4413 3093 4467 credat.

2216 4500 2330 4570 (Ea:
2376 4503 2560 4556 concil.
2621 4503 2936 4567 Parisiensi,
2992 4517 3111 4570 cap.
3163 4499 3240 4570 2.)
3275 4501 3342 4554 Ut
3398 4514 3568 4553 nemo
3601 4514 3634 4551 a
3681 4512 3846 4550 sacro

2145 4589 2298 4644 fonte
2345 4591 2598 4660 aliquem
2648 4590 2939 4661 suscipiat,
2973 4589 3083 4643 nisi
3114 4588 3442 4644 Orationem
3494 4585 3847 4640 dominicam

2146 4683 2203 4733 et
2248 4678 2580 4748 Symbolum
2628 4679 2794 4748 juxta
2839 4694 3000 4732 suam
3058 4677 3316 4747 linguam
3368 4681 3424 4729 et
3481 4675 3848 4729 intellectum

2145 4771 2354 4834 teneat,
2392 4772 2448 4820 et
2492 4783 2682 4820 coram
2735 4767 3067 4838 presbytero
3111 4765 3392 4828 decantet,
3435 4768 3490 4816 et
3535 4766 3601 4816 ut
3630 4761 3848 4816 intelli-

2148 4861 2286 4926 gant
2316 4872 2514 4909 omnes
2534 4861 2787 4927 pactum,
2823 4855 2976 4925 quod
3010 4869 3137 4906 cum
3172 4853 3286 4906 Deo
3316 4854 3694 4922 pepegerunt.

2147 4945 2276 5000 CAP.
2329 4945 2557 5000 XXVIII.
2606 4975 2676 4984 ——
2723 4946 2788 4998 Ut
2839 4943 3140 5011 presbyteri
3188 4956 3222 4993 a
3265 4941 3507 5009 patrinis
3554 4941 3851 5008 requirant

2664 5016 2715 5068 si
2745 5013 3056 5080 Symbolum
3089 5015 3323 5064 teneant.

2220 5102 2340 5172 (Ea:
2371 5102 2558 5156 concil.
2619 5102 3006 5154 Wormaciens.
3060 5115 3132 5165 IV,
3190 5113 3311 5168 cap.
3366 5098 3434 5169 1.)
3488 5098 3852 5154 Annuntient

2147 5191 2488 5262 presbyteri,
2519 5195 2584 5243 ut
2629 5204 2817 5257 neque
2869 5187 2993 5253 viri,
3049 5203 3234 5257 neque
3263 5187 3517 5242 foeminze
3565 5188 3635 5242 de
3687 5204 3850 5243 sacro

2150 5279 2308 5333 fonte
2355 5277 2581 5344 ﬁliolos,
2617 5278 2702 5330 vel
2755 5275 2960 5330 ﬁliolas
3014 5274 3306 5345 suscipiat,
3357 5274 3470 5327 nisi
3516 5271 3854 5326 memoriter

2151 5367 2483 5438 Symbolum
2514 5371 2568 5421 et
2598 5365 2928 5421 Orationem
2961 5365 3310 5419 dominicam
3338 5363 3646 5416 tenuerint.

2152 5457 2281 5510 CAP.
2312 5455 2486 5510 XXIX.
2518 5483 2590 5495 —
2617 5457 2692 5509 De
2734 5453 2973 5523 symbolo
3012 5458 3126 5507 octo
3170 5454 3282 5506 dies
3327 5456 3450 5505 ante
3481 5451 3695 5523 Pascha
3744 5466 3854 5518 pu-

2473 5526 2605 5580 blice
2635 5528 2694 5579 in
2717 5522 2963 5580 omnibus
2993 5526 3226 5579 ecclesiis
3252 5522 3549 5577 recitando.

2224 5615 2333 5684 (Ea:
2369 5614 2558 5669 concil.
2589 5614 2863 5693 Agathen.
2897 5628 3017 5682 cap.
3056 5611 3132 5680 l.)
3163 5611 3502 5682 Symbolum
3530 5609 3702 5664 etiam
3733 5610 3854 5680 pla-
