3966 6406
135 376 226 428 733
1098 374 1573 431 DECRETORUM
1617 378 1801 433 LIBRI
1840 379 1944 435 XX.
1984 410 2053 420 —
2094 382 2299 437 LIBER
2339 382 2679 446 QUARTUS.

134 494 241 548 cuit
266 494 335 548 ab
362 494 641 549 omnibus
672 496 924 550 ecclesiis
958 511 1071 550 una
1102 496 1214 564 die,
1264 496 1318 552 id
1373 504 1474 562 est,
1529 504 1655 553 octo
1706 500 1827 553 dies
1864 503 1912 555 A

136 588 257 636 ante
296 583 657 637 Dominicam
690 586 1207 653 Qresurrectionem,
1240 587 1467 657 publice
1498 588 1559 641 in
1602 590 1839 643 ecclesia

136 687 248 724 com
260 672 593 742 petentibus
623 673 793 727 tradi.

139 779 253 833 Car.
307 780 450 832 XXX.
487 808 553 819 —
608 783 681 833 De
736 780 1029 852 gentilibus
1083 780 1345 848 inﬁrmis,
1399 785 1450 836 si
1508 782 1837 852 baptismum

817 851 1149 906 desiderant.

206 938 323 1005 (Ea:
350 938 534 992 eodem
579 939 826 1007 concilio,
876 955 998 1007 cap.
1046 941 1123 1010 3.)
1172 940 1446 1010 Gentiles,
1492 940 1537 994 si
1584 941 1645 995 in
1673 942 1832 996 inﬁr-

147 1026 333 1079 mitate
364 1026 814 1081 desideraverint
850 1027 957 1081 sibi
986 1044 1223 1083 manum
1254 1028 1500 1100 imponi,
1530 1031 1577 1086 si
1624 1032 1840 1085 fuerint

148 1130 209 1167 ex
237 1114 431 1185 aliqua
463 1120 627 1184 parte
652 1115 896 1169 honesta
926 1116 1059 1182 vita,
1093 1118 1310 1187 placuit
1339 1119 1422 1172 eis
1455 1135 1691 1174 manum
1722 1120 1835 1175 im-

144 1203 288 1271 poni,
322 1209 381 1256 et
411 1204 537 1257 ﬁeri
567 1203 941 1258 Christianos.

383 1292 513 1346 CAP.
539 1294 708 1346 XXXI.
739 1321 812 1333 —
845 1296 915 1347 De
946 1295 1185 1360 gravida
1216 1295 1570 1363 baptizanda.

207 1380 320 1440 (Ea:
374 1381 565 1434 concil.
615 1383 941 1447 Neocaesar,
983 1398 1101 1451 cap.
1130 1384 1207 1452 6.)
1257 1383 1555 1437 Gravidam
1609 1390 1835 1454 oportet

142 1468 430 1537 baptizari,
464 1470 696 1539 quando
738 1466 1000 1525 voluerit.
1057 1471 1207 1524 Nihil
1240 1472 1392 1525 enim
1443 1474 1507 1525 in
1553 1474 1657 1527 hoc
1707 1491 1835 1544 quas

141 1558 277 1626 parit
308 1558 568 1611 nascenti
602 1560 1009 1625 communicat,
1046 1566 1349 1630 propterea
1376 1563 1527 1632 quod
1562 1563 1833 1616 uniuscu-

136 1646 329 1714 jusque
353 1646 716 1714 propositum
743 1647 800 1699 in
828 1648 1186 1701 confessione
1209 1650 1549 1703 declaratur.

203 1734 323 1787 Cir.
356 1734 553 1786 XXXII.
589 1763 645 1772 »-
686 1737 758 1787 De
775 1736 1028 1802 parvulis
1060 1736 1292 1803 inﬁrmis
1325 1738 1696 1805 baptizandis.

204 1822 309 1883 (Ea:
361 1823 553 1875 concil.
614 1824 1061 1891 Habergerunda,
1122 1841 1241 1893 cap.
1314 1827 1389 1894 5.)
1446 1827 1522 1879 De
1580 1828 1832 1897 parvulis

136 1926 276 1969 vero,
311 1910 415 1980 qui
442 1926 629 1980 nuper
683 1918 943 1965 materno
1008 1918 1169 1966 utero
1224 1914 1383 1967 aediti
1430 1922 1583 1983 sunt,
1618 1917 1835 1985 placuit

140 1997 422 2062 constitui,
472 2005 534 2050 ut
583 1999 629 2051 si
676 1999 912 2066 inlirmi,
962 2006 1025 2054 ut
1076 2002 1304 2066 assolet,
1354 2003 1589 2069 fuerint,
1643 2010 1699 2058 et
1748 2006 1833 2059 lac

141 2091 455 2139 maternum
489 2104 604 2139 non
636 2094 932 2158 appetunt,
963 2089 1134 2142 etiam
1184 2091 1381 2143 eadem
1416 2091 1506 2145 die
1550 2108 1664 2163 qua
1713 2094 1833 2147 nati

140 2179 278 2242 sunt,
311 2176 358 2227 si
395 2176 574 2229 oblati
606 2176 840 2241 fuerint,
873 2178 1257 2246 baptizentur.

140 2264 251 2316 CAP.
284 2265 513 2317 XXXIII.
553 2294 610 2303 -ο
638 2267 712 2317 De
742 2267 851 2318 illis
885 2269 982 2333 qui
1005 2269 1059 2319 in
1099 2269 1425 2333 aegritudine
1463 2269 1828 2338 baptizentur.

201 2352 309 2417 (Ea:
356 2354 550 2406 concil.
592 2355 913 2421 Neocaesar.,
964 2371 1087 2424 cap.
1139 2360 1249 2421 12.)
1293 2357 1347 2411 Si
1396 2358 1522 2427 quis
1571 2374 1707 2428 ergo
1771 2363 1832 2413 in

140 2441 470 2507 aegritudine
499 2441 675 2494 fuerit
702 2443 1040 2513 baptizatus,
1071 2445 1367 2514 presbyter
1412 2446 1669 2499 ordinari
1716 2464 1831 2503 non

142 2529 335 2582 debet:
371 2547 495 2584 non
544 2530 698 2585 enim
747 2532 888 2585 ﬁdes
934 2532 1090 2585 illius
1141 2539 1195 2586 et
1244 2536 1586 2601 voluntaria,
1642 2538 1735 2590 sed
1766 2555 1831 2591 ex

144 2619 466 2671 necessitate
507 2620 822 2687 descendit,
881 2621 987 2674 nisi
1047 2622 1193 2675 forte
1239 2628 1436 2692 postea
1480 2624 1659 2694 ipsius
1711 2631 1832 2679 stu—

141 2706 302 2772 dium,
336 2713 395 2761 et
426 2708 573 2761 ﬁdes
596 2708 768 2777 hujus
798 2710 1108 2778 probabilis
1133 2710 1379 2781 videtur,
1408 2718 1507 2766 aut
1530 2713 1830 2767 hominum

144 2797 331 2848 raritas
359 2795 541 2867 cogit.

141 2900 251 2954 Car.
287 2901 515 2956 XXXIV.
550 2931 619 2942 —
649 2906 721 2957 De
760 2904 870 2957 illis
920 2906 1019 2971 qni
1063 2906 1321 2972 parvulos
1353 2912 1583 2962 recentes
1631 2915 1833 2975 negant

734 2989 845 3027 esse
879 2976 1257 3043 baptizandos.

140 3150 457 3220 quicunque
541 3151 810 3220 parvulos
871 3158 1129 3206 recentes
1207 3153 1278 3207 ab
1352 3154 1526 3208 uteris
1584 3162 1833 3211 matrum

140 3236 502 3307 baptizandos
530 3244 721 3310 negat,
757 3246 857 3293 aut
887 3240 1021 3295 dicit
1051 3243 1110 3295 in
1143 3242 1535 3298 remissionem
1594 3246 1831 3316 quidem

140 3333 493 3393 peccatorum
546 3344 646 3381 eos
698 3345 815 3382 non
864 3330 1143 3400 baptizari
1191 3332 1289 3384 sed
1336 3332 1482 3386 nihil
1534 3350 1597 3387 ex
1647 3335 1831 3390 Adam

142 3416 347 3469 trahere
403 3417 710 3486 originalis
789 3420 1005 3487 peccati
1077 3421 1227 3490 quod
1273 3422 1494 3475 lavacro
1527 3439 1826 3492 regenera~

141 3502 298 3557 tionis
330 3505 614 3575 expietur,
652 3506 801 3559 unde
834 3506 906 3560 sit
934 3523 1313 3578 consequens,
1350 3516 1410 3563 ut
1438 3512 1495 3563 in
1524 3512 1605 3564 eis
1648 3514 1832 3568 forma

137 3588 487 3660 baptismatis
534 3592 593 3644 in
653 3593 1053 3647 remissionem
1121 3603 1485 3665 peccatorum
1536 3616 1651 3653 non
1698 3618 1831 3655 vera

138 3679 219 3731 sed
247 3681 384 3734 falsa
420 3681 868 3750 intelligendum
902 3687 987 3736 est
1019 3685 1172 3753 quod
1207 3685 1285 3737 ait
1315 3688 1626 3755 Apostolus
1660 3705 1673 3741 :
1728 3691 1831 3743 Per

141 3782 301 3823 unum
353 3770 659 3823 hominem
704 3777 1002 3839 peccatum
1053 3773 1285 3827 intravit
1335 3774 1394 3827 in
1435 3777 1737 3844 mundum,
1777 3783 1832 3831 et

143 3871 231 3922 per
259 3865 561 3925 peccatum
599 3874 771 3922 mors,
812 3864 865 3912 et
897 3860 977 3913 ita
1028 3860 1087 3913 in
1146 3877 1346 3914 omnes
1378 3863 1642 3917 homines
1700 3882 1829 3935 per-

144 3944 365 4009 transiit,
401 3946 463 3998 in
496 3961 613 4015 quo
644 3961 844 3999 omnes
870 3955 1268 4016 peccaverunt,
1304 3950 1411 4003 nisi
1455 3952 1829 4021 quemadmo-

146 4030 262 4084 dum
292 4034 545 4087 Ecclesia
576 4034 861 4088 catholica
892 4035 1102 4106 ubique
1131 4037 1336 4091 diffusa
1385 4056 1614 4110 semper
1661 4042 1830 4096 intel-

146 4117 280 4173 lexit.
314 4123 561 4192 Pr0pter
592 4122 739 4176 hanc
769 4124 925 4177 enim
961 4126 1221 4194 regulam
1265 4127 1422 4192 ﬁdei,
1474 4130 1643 4182 etiam
1698 4148 1829 4200 par-

147 4209 263 4273 vuli,
284 4211 381 4281 qui
409 4211 557 4264 nihil
588 4218 954 4280 peccatorum
996 4214 1055 4267 in
1100 4214 1300 4284 seipsis
1344 4216 1532 4270 adhuc
1558 4220 1830 4273 commit-

3540 388 3647 441 734

2085 505 2211 558 CAP.
2239 505 2487 558 XXXVII.
2520 534 2589 543 —
2624 505 2702 557 De
2722 507 2949 559 mortuis
2974 521 3081 559 non
3110 506 3478 574 baptizandis.

2021 595 2127 657 (Ea:
2175 594 2364 646 concil.
2429 594 2688 658 Carthag.
2748 610 2869 661 cap.
2927 596 2999 661 6.)
3056 596 3384 648 Cavendum
3434 601 3520 649 est
3576 612 3646 649 ne

1946 687 2203 734 mortuos
2260 681 2433 734 etiam
2480 682 2757 750 baptizari
2822 699 2988 750 posse
3047 684 3289 736 fratrum
3342 684 3645 737 inﬁrmitas

1946 769 2158 830 credat,
2218 770 2428 840 quibus
2508 786 2611 823 nec
2688 771 3101 825 Eucharistiam
3163 773 3297 825 dare
3374 774 3643 828 animad-

1944 862 2144 911 vertat.

1946 945 2074 999 CAP.
2135 947 2408 1000 XXXVIII.
2443 977 2510 986 -—
2566 952 2641 1001 De
2685 949 2864 1001 subito
2920 949 3328 1015 obmutescente,
3374 952 3425 1003 si
3491 956 3644 1004 testes

2463 1019 2735 1079 habuerit,
2770 1020 3122 1087 baptizando.

2016 1107 2134 1171 (Ea:
2177 1108 2367 1160 concil.
2423 1109 2703 1173 Arausic.,
2774 1123 2894 1176 cap.
2951 1111 3063 1176 ll.)
3123 1108 3320 1162 Subito
3379 1109 3641 1162 obmute-

1944 1208 2130 1259 scens,
2165 1197 2335 1263 prout
2369 1200 2647 1247 statutum
2680 1200 2783 1260 est,
2838 1195 3115 1264 baptizari
3147 1201 3202 1249 et
3243 1196 3641 1267 paenitentiam

1943 1281 2199 1351 accipere
2255 1286 2463 1351 potest,
2526 1282 2570 1334 si
2636 1283 2943 1336 voluntatis
3015 1284 3324 1352 praeteritae
3383 1286 3642 1338 testimo-

1945 1370 2104 1423 nium
2139 1370 2386 1424 aliorum
2429 1371 2613 1424 verbis
2666 1371 2858 1437 habet,
2906 1376 3004 1424 aut
3060 1378 3373 1441 praesentes
3421 1372 3479 1426 in
3537 1389 3641 1427 suo

1942 1465 2315 1584 Eiii‘kxxrx.
2348 1560 2416 1568 ——
2449 1532 2520 1583 De
2548 1530 2633 1584 his
2688 1533 2784 1598 qui
2824 1532 2975 1598 apud
3022 1532 3294 1585 hareticos
3353 1532 3640 1600 baptizan-

2299 1607 2389 1654 tur
2415 1604 2469 1654 in
2495 1604 2709 1654 nomine
2733 1609 2933 1656 sancta:
2966 1605 3276 1656 Trinitatis.

2014 1691 2132 1755 (Em
2158 1690 2344 1742 concil.
2408 1691 2748 1757 Ret/comag.,
2806 1706 2927 1757 cap.
2983 1690 3061 1757 3.)
3114 1691 3406 1759 Baptisma
3457 1706 3637 1743 unum

1873 1781 1912 1834 Β
1946 1783 2050 1841 est,
2113 1777 2208 1829 sed
2278 1778 2337 1830 in
2387 1778 2630 1830 Ecclesia
2673 1779 2967 1846 catholica,
3024 1779 3185 1847 cujus
3228 1794 3329 1831 nos
3378 1778 3641 1831 membra

1943 1864 2125 1917 effecti
2159 1882 2377 1933 sumus,
2404 1866 2502 1919 ubi
2525 1883 2641 1919 una
2671 1867 2811 1919 ﬁdes
2840 1872 2943 1932 est,
2983 1867 3079 1919 ubi
3120 1866 3183 1919 in
3250 1867 3483 1919 nomine
3532 1868 3637 1920 Pa-

1941 1952 2067 2020 tris,
2095 1958 2150 2006 et
2207 1955 2353 2016 Filii,
2384 1960 2439 2006 et
2486 1954 2730 2023 Spiritus
2780 1956 2960 2007 sancti
3005 1956 3189 2008 datur.
3254 1958 3315 2009 Et
3352 1955 3480 2008 ideo
3538 1954 3639 2024 qui

1942 2042 2095 2110 apud
2122 2041 2252 2094 illos
2286 2042 2583 2095 haereticos
2626 2042 2897 2111 baptizati
2949 2049 3101 2107 sunt,
3150 2043 3249 2112 qui
3300 2044 3360 2096 in
3427 2048 3639 2096 sancta

1941 2129 2234 2182 Trinitatis
2259 2130 2615 2183 confessione
2646 2130 2956 2201 bziptizant,
3012 2136 3068 2183 et
3098 2132 3335 2183 veniunt
3389 2131 3461 2184 ad
3514 2147 3640 2198 nos,

1940 2217 2292 2286 recipiantur
2323 2218 2555 2287 quidem
2585 2219 2743 2289 quasi
2786 2219 3079 2288 baptizati,
3124 2236 3193 2272 ne
3250 2224 3459 2273 sanctas
3512 2219 3637 2272 Tri-

1941 2305 2137 2358 nitatis
2189 2306 2475 2359 invocatio
2524 2308 2609 2359 vel
2657 2307 2935 2359 confessio
2980 2309 3328 2368 annulletur,
3389 2308 3485 2360 sed
3536 2307 3639 2360 do-

1941 2402 2178 2447 ceantur
2208 2395 2451 2463 integre,
2485 2400 2541 2448 et
2595 2395 2969 2460 instruantur,
3017 2413 3181 2449 sensu
3217 2401 3426 2449 sanctae
3455 2396 3639 2449 Trini-

1939 2482 2175 2547 tatis,et
2199 2484 2470 2552 mysterio
2515 2484 2664 2553 quod
2729 2483 2790 2536 in
2832 2489 3025 2537 sancta
3066 2484 3312 2536 Eaclesia
3363 2488 3640 2536 tenetur:

1941 2576 1997 2623 et
2026 2571 2071 2622 si
2101 2572 2464 2624 consentiunt
2509 2572 2760 2637 credere,
2811 2574 2898 2625 vel
2946 2573 3317 2642 acquiescunt
3355 2572 3638 2637 conﬁteri,

1941 2665 2201 2728 purgatm
2231 2660 2362 2712 ﬁdei
2406 2660 2758 2725 integritate,
2815 2662 3120 2714 ﬁrmentur
3161 2677 3367 2714 manus
3402 2661 3639 2730 imposi-

1941 2748 2117 2802 tione.
2150 2749 2208 2801 Si
2240 2764 2371 2800 vero
2408 2749 2629 2815 parvuli
2676 2756 2807 2802 sunt
2856 2750 3110 2815 hebetes,
3165 2750 3264 2820 qui
3316 2750 3637 2804 doctrinam

1941 2853 2057 2890 non
2084 2837 2330 2907 capiant,
2364 2836 2750 2905 respondeant
2784 2854 2889 2906 pro
2936 2837 3049 2890 illis
3100 2838 3198 2907 qui
3240 2854 3335 2890 eos
3392 2838 3642 2891 offerunt

1934 2927 2098 2995 juxta
2145 2941 2363 2978 morem
2413 2924 2763 2994 baptizandi,
2820 2931 2875 2978 et
2941 2925 3019 2978 ita
3070 2926 3520 2993 interragentur,
3579 2928 3641 2977 ut

202 3061 303 3125 (Em
355 3063 534 3116 conca
605 3013 1257 3128 Afri;";7‘;o"":;““”w°'
1656 3068 1665 3078 ,
1863 3055 1903 3108 C
1942 3014 2123 3067 sciant
2170 3013 2307 3083 quid
2360 3013 2708 3083 respondere
2755 3013 3018 3081 debeant,
3067 3020 3125 3067 et
3161 3014 3240 3067 sic
3287 3029 3492 3066 manus
3530 3013 3640 3066 im-

541 3104 553 3117 .
764 3102 767 3106 «
883 3105 896 3129 ,
1012 3081 1069 3133 p.
1124 3066 1234 3135 66.)
1296 3066 1435 3120 Item
1478 3067 1714 3137 placuit,
1768 3076 1832 3123 ut
1947 3102 2283 3137 nm;,;nmm
2316 3102 2593 3137 “nimo”,

1943 3102 2286 3173 positionem
2315 3102 2614 3172 accipiant.

2399 3190 2528 3244 CAP.
2563 3190 2665 3244 XL.
2690 3220 2761 3231 —
2786 3193 2859 3245 De
2895 3190 3079 3243 eadem
3107 3206 3182 3244 re.

2014 3280 2132 3350 (Ea:
2155 3280 2342 3333 concil.
2386 3280 2801 3339 Wormaciens.,
2848 3295 2968 3347 cap.
3031 3279 3107 3348 5.)
3154 3278 3492 3349 Quicunque
3542 3279 3638 3333 ba-

1942 3368 2188 3437 ptizatus
2245 3366 2417 3419 fuerit
2473 3365 2542 3419 ab
2588 3366 2872 3420 haereticis
2922 3368 2981 3419 in
3032 3367 3269 3420 nomine
3323 3367 3523 3431 Patris,
3583 3372 3640 3420 et

1944 3454 2088 3521 Filii,
2123 3460 2175 3506 et
2204 3454 2447 3522 Spiritus
2481 3454 2678 3520 sancti,
2715 3456 2872 3508 nullo
2906 3456 3073 3508 modo
3136 3455 3482 3525 rebaptizari
3536 3455 3637 3507 de-

1940 3543 2056 3607 bet,
2081 3542 2175 3596 sed
2205 3558 2311 3612 per
2347 3543 2526 3595 solam
2571 3559 2775 3597 manus
2825 3544 3252 3614 impositionem
3302 3543 3637 3614 purgandus

1941 3636 2043 3684 est.

1941 3720 2068 3773 CAP.
2104 3718 2229 3772 XLI.
2262 3747 2331 3757 —
2360 3720 2425 3772 Ut
2456 3719 2755 3843 baptismps
2784 3721 2843 3845 ip
2898 3721 3168 3773 Trinitate
3217 3725 3493 3788 susceptus
3534 3734 3638 3773 non

2666 3806 2685 3842 ι
2714 3806 2798 3843 ere
2829 3806 2911 3843 ur.

2666 3806 2911 3843 iteratur.

2011 3881 2121 3948 (Ea:
2151 3878 2334 3931 conczl.
2383 3879 2738 3946 Carthagin.,
2784 3895 2905 3947 cap.
2972 3878 3042 3945 I.)
3092 3879 3160 3933 Ut
3209 3878 3527 3949 baptismus
3576 3878 3636 3931 in

1939 3966 2216 4021 Trinitate
2269 3972 2563 4036 susceptus
2647 3984 2761 4020 non
2829 3968 3090 4021 iteretur.
3178 3968 3324 4039 Ergo
3385 3968 3431 4020 si
3475 3966 3636 4019 vobis

1940 4056 2142 4126 placet,
2177 4055 2603 4109 consideremus
2639 4055 2892 4125 primum
2941 4056 3173 4110 titulum
3204 4057 3272 4110 de
3318 4056 3635 4126 rebaptiza-

1940 4145 2031 4211 tis,
2066 4150 2123 4199 et
2140 4145 2501 4197 sanctitatem
2541 4150 2785 4197 vestram
2817 4146 3063 4214 postulo,
3096 4150 3159 4199 ut
3190 4147 3396 4223 mentis
3438 4150 3635 4198 vestrae

1940 4235 2147 4305 placita
2210 4235 2533 4305 producatis
2588 4235 2657 4287 ad
2706 4235 3146 4288 descendentem
3196 4235 3254 4288 in
3303 4252 3533 4306 aquam,
3582 4238 3637 4287 et

146 4299 242 4349 tere
294 4304 639 4367 potuerunt,
700 4300 828 4353 ideo
874 4302 933 4355 in
1009 4307 1373 4372 peccatorum
1428 4306 1810 4360 remissionen

2013 4329 2361 4393 terrogatum
2384 4322 2443 4375 in
2472 4322 2746 4376 Trinitate
2777 4323 3088 4376 secundum
3122 4323 3412 4393 Evangelii
3438 4324 3632 4389 ﬁdem,

144 4388 393 4441 veraciter
425 4388 820 4458 baptizantur,
873 4395 938 4444 ut
967 4390 1027 4444 in
1079 4391 1159 4444 eis
1188 4394 1623 4461 regeneratione
1659 4411 1821 4450 mun-

142 4470 285 4525 detur
314 4477 466 4545 quod
500 4476 881 4545 generatione
913 4483 1227 4532 traxerunt.

371 4566 501 4618 CAP.
541 4564 733 4617 XXXV.
777 4593 850 4605 —
881 4569 952 4619 De
984 4569 1218 4635 inﬁrmis
1250 4568 1562 4637 baptizatis.

200 4648 305 4709 (Ea:
331 4652 522 4704 concil.
561 4650 848 4719 Laodien.,
880 4668 1000 4721 cap.
1034 4655 1147 4721 47.)
1197 4655 1360 4718 Quod
1416 4664 1676 4726 oporteat
1730 4676 1825 4714 eos

140 4735 311 4801 quiin
359 4740 713 4807 aegritudine
772 4741 1097 4811 percipiunt
1152 4743 1457 4813 baptisma,
1518 4753 1823 4818 postquam

137 4827 531 4891 convaluerint,
568 4826 744 4880 ﬁdem
789 4830 1131 4898 perdiscere,
1168 4837 1223 4886 et
1261 4833 1403 4887 scire
1435 4835 1597 4904 cujus
1629 4852 1825 4891 mune-

143 4910 206 4962 ris
232 4916 533 4985 participes
565 4915 700 4969 facti
732 4923 883 4970 sunt.

226 5021 343 5078 Car.
376 5024 708 5098 XXX_VI._—
739 5026 813 5077 De
839 5027 1245 5091 aegrotantibus,
1278 5030 1328 5080 si
1368 5029 1696 5098 baptismum

472 5095 815 5159 desiderant,
839 5104 889 5149 et
912 5103 1034 5164 post
1062 5095 1448 5154 obmutescunt:

195 5180 287 5245 (Ea:
323 5185 512 5241 cancil.
557 5182 850 5250 Africano,
883 5200 1007 5253 cap.
1062 5186 1168 5255 l2.)
1218 5188 1288 5241 Ut
1349 5194 1707 5258 aegrotantes,
1775 5191 1821 5244 si

138 5278 221 5331 pro
264 5285 316 5322 se
385 5271 749 5341 respondere
810 5288 924 5325 non
1000 5281 1265 5343 possunt,
1324 5291 1455 5330 cum
1518 5279 1821 5332 voluntatis

138 5368 307 5410 eorum
333 5359 859 5429 testimoniumsui
892 5361 992 5431 qui
1032 5363 1290 5432 periculo
1323 5366 1557 5436 proprio
1589 5367 1821 5421 adfuere

138 5439 369 5513 dixerint,
423 5448 825 5519 baptizentur,
867 5455 924 5504 et
972 5456 1033 5505 ut
1073 5453 1331 5506 scmnicis
1376 5460 1547 5525 atque
1592 5454 1819 5509 histrio-

138 5529 295 5600 nibus,
343 5538 692 5608 cazterisque
746 5536 1078 5608 hujusmodi
1122 5542 1380 5612 personis
1435 5543 1820 5598 reconciliatio

137 5630 233 5674 non
259 5631 515 5697 negetur.

1937 4417 1994 4466 et
2058 4413 2451 4482 apostolorum
2520 4412 2863 4475 doctrinam,
2925 4416 2980 4463 et
3034 4413 3357 4465 confessum
3422 4412 3633 4465 bonam

1936 4500 2345 4554 conscientiam
2375 4500 2431 4551 in
2468 4501 2648 4552 Deum
2685 4500 2753 4551 de
2788 4500 3210 4551 resurrectione
3240 4501 3370 4553 Jesu
3403 4500 3632 4566 Christi,

1936 4590 2102 4642 liceat
2130 4594 2339 4641 iterum
2372 4587 2713 4655 interrogari
2741 4587 2799 4638 in
2832 4587 3032 4639 eadem
3074 4587 3207 4652 ﬁde,
3259 4592 3315 4640 et
3368 4587 3425 4640 in
3484 4604 3635 4658 aqua

1934 4678 2142 4730 iterum
2175 4675 2358 4744 tingi?
2392 4673 2649 4727 Universi
2683 4673 2936 4742 episcopi
2968 4672 3237 4727 dixerunt
3266 4690 3278 4727 :
3313 4672 3497 4741 Absit,
3530 4675 3634 4727 ab-

1934 4763 2037 4818 sit!
2070 4763 2329 4817 illicitam
2359 4778 2479 4815 esse
2511 4761 2798 4814 sancimus
2843 4762 3378 4831 rebaptizationem,
3412 4768 3469 4815 et
3496 4762 3633 4816 satis

1934 4870 2056 4907 esse
2104 4853 2354 4905 alienum
2400 4867 2429 4903 a
2476 4850 2698 4903 sincera
2738 4850 2849 4903 ﬁde
2915 4856 2971 4903 et
3029 4866 3059 4902 a
3116 4850 3398 4904 catholica
3465 4850 3631 4904 disci-

1936 4943 2117 5013 plina.

1932 5031 2059 5085 Csp.
2091 5030 2251 5084 XLII.
2288 5058 2351 5069 —
2379 5032 2454 5083 De
2483 5029 2595 5083 illis
2642 5032 2740 5097 qui
2788 5032 3033 5153 ntesciunt
3074 5045 3185 5098 qua
3215 5030 3327 5101 ﬁde
3366 5032 3636 5099 baptizati

2701 5116 2804 5153 sun
2835 5141 2847 5152 .

2701 5116 2847 5154 sunt.

2004 5188 2116 5257 (Em
2146 5190 2297 5244 decr.
2329 5188 2521 5243 Leonis
2550 5204 2709 5257 papa
2735 5192 3002 5258 episcopis
3047 5206 3149 5257 per
3202 5191 3451 5245 Siciliam
3506 5203 3630 5243 con-

1930 5280 2137 5332 stitutis
2180 5279 2383 5342 missis,
2432 5292 2551 5344 cap.
2603 5279 2712 5343 29.)
2760 5277 2825 5331 Hi
2875 5283 3065 5330 autem
3121 5278 3188 5329 de
3238 5277 3447 5346 quibus
3492 5276 3630 5329 scri-

1931 5367 2109 5436 psisti,
2146 5366 2244 5437 qui
2277 5382 2334 5419 se
2364 5366 2684 5435 baptizatos
2709 5365 2916 5433 sciunt,
2965 5365 3054 5419 sed
3118 5366 3279 5434 cujus
3326 5364 3462 5419 ﬁdei
3506 5365 3629 5418 fue-

1930 5456 2047 5508 rint
2089 5454 2190 5525 qui
2239 5470 2335 5508 eos
2383 5454 2815 5523 baptizaverunt
2887 5469 2944 5505 se
2990 5452 3208 5505 nescire
3260 5454 3629 5522 proﬁtentur,

1931 5545 2206 5613 quoniam
2237 5542 2497 5614 quolibet
2540 5542 2710 5596 modo
2758 5542 3007 5595 formam
3061 5540 3428 5609 baptismatis
3471 5559 3629 5597 acce-

1930 5638 2163 5703 perunt,
2184 5632 2517 5703 baptizandi
2540 5648 2657 5685 non
2710 5636 2862 5694 sunt,
2891 5630 2989 5685 sed
3022 5646 3125 5701 per
3155 5646 3360 5685 manus
3390 5632 3631 5704 imposi-
