3966 6412
286 389 389 442 ’735

1368 388 1775 446 BURCHARDI
1815 391 2346 450 WORMACIENSIS
2384 393 2717 450 EPISCOPI.

3694 397 3805 451 736

283 514 526 579 tionem,
578 503 849 567 virtutem
897 512 1140 583 Spiritus
1185 513 1388 579 sancti,
1440 530 1613 585 quam
1682 516 1752 569 ab
1798 517 1981 570 haere-
2012 520 2060 572 Α
2099 519 2228 573 CAP.
2262 519 2440 573 XLVI.
2477 547 2538 557 —
2571 520 2650 572 De
2700 517 3030 586 presbyteris
3085 532 3185 586 per
3241 532 3471 585 quorum
3525 519 3805 588 negligen-

287 603 416 658 ticis
473 601 728 672 accipere
777 618 895 656 non
938 607 1272 672 potuerunt,
1332 603 1622 658 catholicis
1677 607 1986 677 copulandi

288 695 440 746 sunt.

360 796 488 849 CAP.
531 795 716 850 XLIII.
749 825 816 834 —
863 797 935 848 De
972 795 1304 863 presbytero,
1362 797 1458 864 qui
1499 797 1916 863 grammaticam

463 867 776 934 ignorabat,
809 873 859 919 et
894 869 1146 919 tamenin
1172 868 1440 920 Trinitate
1466 867 1804 936 baptizabat.

362 969 470 1039 (Em
499 972 658 1038 epist.
706 971 984 1024 Zachariae
1019 987 1181 1040 papa
1210 972 1285 1026 ad
1339 973 1682 1038 Bonifacium
1741 976 1985 1040 Mogunt.

289 1058 798 1126 archiepiscopum.)
831 1058 1102 1128 Virgilius
1134 1065 1191 1112 et
1247 1060 1521 1113 Sedonius
1571 1061 1824 1131 religiosi
1882 1061 1987 1114 viri

291 1146 442 1216 apud
489 1145 856 1199 Bavariorum
932 1148 1288 1216 provinciam
1357 1148 1650 1217 degentes,
1720 1149 1836 1202 suis
1886 1165 1988 1202 nos

293 1234 497 1288 litteris
529 1235 739 1299 visunt,
771 1251 875 1304 per
897 1251 1037 1305 quas
1071 1236 1503 1303 intimaverunt,
1538 1237 1695 1307 quod
1745 1242 1843 1291 tua
1898 1255 1987 1292 re-

291 1321 542 1375 verenda
569 1322 896 1376 fraternitas
925 1323 1259 1394 injungeret
1301 1324 1382 1378 eis
1414 1324 1768 1378 Christianos
1798 1325 1986 1378 denuo

291 1410 600 1481 baptizare.
644 1411 805 1475 Quod
840 1411 1159 1476 audientes,
1201 1412 1375 1465 nimis
1405 1429 1601 1466 sumus
1639 1414 1984 1481 conturbati,

291 1505 346 1552 et
375 1499 436 1552 in
466 1499 904 1553 admirationem
939 1501 1252 1571 quamdam
1281 1501 1612 1568 incidimus,
1662 1501 1710 1554 si
1754 1502 1988 1556 habere-

290 1592 406 1654 tur,
450 1592 512 1642 ut
535 1587 748 1642 dictum
781 1593 885 1642 est.
934 1589 1276 1644 Retulerunt
1331 1591 1568 1660 quippe,
1624 1590 1774 1660 quod
1815 1591 1989 1645 fuerit

290 1674 348 1728 in
374 1674 571 1728 eadem
602 1675 897 1746 provincia
947 1676 1232 1745 sacerdos,
1281 1677 1378 1747 qui
1431 1677 1688 1731 Latinam
1730 1679 1984 1748 linguam

291 1763 518 1833 penitus
547 1763 870 1834 ignorabat,
898 1769 951 1818 et
985 1765 1122 1819 dum
1146 1765 1482 1835 baptizaret,
1514 1767 1770 1820 nesciens
1804 1767 1987 1820 Latini
2021 1797 2060 1849 Β

292 1851 510 1923 eloquii
547 1852 861 1924 infringere
902 1853 1185 1924 linguam,
1233 1855 1486 1909 diceret:
1527 1855 1758 1926 Baptizo
1819 1861 1873 1909 te
1927 1855 1989 1909 in

294 1942 530 1996 nomine
570 1943 776 2006 Patria,
831 1948 885 1996 et
931 1943 1090 2008 Filia,
1137 1947 1194 1996 et
1235 1943 1481 2014 Spiritus
1525 1943 1727 2010 sancti,
1776 1960 1840 1998 ac
1887 1959 1991 2014 per

291 2029 400 2084 hoc
430 2036 529 2084 tua
575 2031 888 2086 reverenda
927 2031 1256 2086 fraternitas
1302 2031 1683 2086 consideravit
1733 2031 1988 2103 rebapti-

290 2134 440 2173 zare.
474 2118 603 2184 Sed,
637 2118 993 2173 sanctissime
1042 2119 1236 2186 frater,
1287 2118 1335 2172 si
1384 2120 1478 2174 ille
1513 2121 1613 2190 qui
1656 2119 1986 2191 baptizavit,

291 2223 410 2262 non
438 2223 694 2262 errorem
724 2207 1093 2262 introducens
1124 2213 1224 2262 aut
1274 2209 1564 2277 haeresim,
1599 2210 1698 2264 sed
1731 2226 1834 2279 pro
1867 2210 1991 2264 sola

291 2296 623 2367 ignorantia
659 2297 932 2352 Romanae
965 2296 1270 2351 locutionis
1299 2297 1666 2368 infringendo
1706 2299 1986 2370 linguam,

289 2388 356 2439 ut
383 2384 609 2455 praefati
638 2401 856 2452 sumus,
897 2384 1195 2455 baptizans
1239 2385 1489 2454 dixisset,
1527 2402 1643 2440 non
1686 2402 1990 2456 possumus

290 2475 616 2527 consentire
677 2478 742 2528 ut
802 2475 992 2529 denuo
1039 2474 1448 2545 baptizentur:
1495 2475 1630 2546 quia
1687 2475 1838 2546 quod
1891 2481 1992 2530 tua

288 2561 437 2616 bene
468 2568 824 2632 compertum
851 2562 1025 2617 habet
1043 2569 1240 2616 sancta
1281 2563 1634 2631 fraternitas,
1661 2564 1991 2635 quicunque

289 2649 612 2720 baptizatus
641 2650 816 2705 fuerit
854 2651 924 2704 ab
969 2651 1248 2705 haereticis
1298 2651 1358 2704 in
1408 2652 1641 2705 nomine
1686 2651 1888 2719 Patris,
1935 2657 1991 2707 et

293 2738 442 2805 Filii,
468 2744 526 2793 et
553 2739 799 2809 Spiritus
837 2740 1039 2806 sancti,
1081 2741 1240 2794 nullo
1284 2741 1456 2795 modo
1501 2740 1844 2812 rebaptizari
1884 2741 1990 2795 de-

290 2826 405 2893 bet,
433 2827 530 2882 sed
560 2843 664 2898 per
692 2829 868 2882 solam
901 2844 1105 2883 manus
1136 2828 1563 2899 impositionem
1611 2830 1848 2900 purgari
1885 2830 1984 2884 de-

289 2915 403 2969 bet.
441 2917 602 2984 Nam,
635 2916 990 2971 sanctissime
1020 2917 1213 2984 frater,
1249 2918 1294 2970 si
1325 2917 1405 2971 ita
1445 2923 1544 2981 est,
1576 2923 1641 2972 ut
1682 2918 1846 2972 nobis
1899 2934 1988 2972 re-

288 3004 468 3057 latum
502 3009 608 3069 est,
642 3021 757 3058 non
786 3005 1036 3076 amplius
1066 3022 1098 3060 a
1130 3011 1184 3059 te
1214 3006 1329 3059 illis
1373 3006 1718 3076 praedicetur
1769 3006 1989 3077 aliquid

291 3091 646 3162 hujusmodi,
677 3094 772 3148 sed
804 3099 869 3148 ut
899 3093 1080 3148 sancti
1112 3096 1307 3148 Patres
1335 3094 1542 3150 docent
1569 3100 1624 3149 et
1652 3095 1983 3166 praedicant,
2019 3077 2059 3132 (ἶ

289 3182 390 3233 tua
418 3181 689 3235 sanctitas
717 3181 940 3236 studeat
964 3197 1318 3236 conservare.

292 3303 418 3358 CAP.
452 3303 631 3357 XLIV.
673 3307 838 3357 —De
865 3302 982 3358 illis
1021 3307 1118 3372 qui
1164 3306 1409 3372 aliquam
1458 3305 1652 3360 habent
1692 3305 1987 3360 dubitatio-

589 3390 709 3428 nem
741 3376 1112 3443 baptismatis,
1153 3381 1211 3428 ut
1243 3375 1669 3443 rebaptizentur.

363 3481 481 3551 (Ea:
533 3481 676 3534 decr.
736 3483 921 3535 Leonis
973 3497 1132 3550 papa
1197 3482 1271 3535 ad
1333 3484 1609 3536 Rusticum
1646 3483 1981 3538 Nabornens.

290 3572 596 3639 episcopum
646 3572 819 3633 missi,
867 3585 986 3638 cap.
1031 3569 1147 3636 27.)
1197 3569 1250 3624 Si
1294 3570 1450 3623 nulla
1509 3576 1728 3624 exstant
1777 3571 1989 3625 indicia

285 3658 438 3712 inter
465 3657 827 3728 propinquos
858 3663 956 3711 aut
986 3657 1316 3724 familiares,
1365 3660 1520 3713 nulla
1551 3659 1702 3713 inter
1756 3660 1989 3713 clericos

291 3753 390 3801 aut
413 3747 652 3814 vicinos,
685 3747 895 3818 quibus
930 3747 990 3801 hi
1018 3746 1088 3800 de
1120 3747 1330 3817 quibus
1377 3748 1660 3818 quaeritur
1716 3748 1989 3817 baptizati

286 3836 457 3890 fuisse
489 3836 822 3902 doceantur,
879 3835 1166 3906 agendum
1218 3841 1305 3889 est
1353 3841 1418 3890 ut
1467 3842 1855 3900 renascantur,
1918 3852 1989 3890 ne

289 3923 587 3976 manifeste
617 3929 874 3992 pereant.
925 3925 990 3977 In
1041 3923 1248 3993 quibus
1297 3923 1455 3993 quod
1505 3940 1623 3977 non
1668 3925 1991 3980 ostenditur

290 4016 536 4080 gestum,
567 4011 712 4064 ratio
757 4027 875 4064 non
925 4009 1064 4063 sinit
1111 4016 1174 4064 ut
1223 4011 1481 4064 videatur
1527 4011 1817 4068 iteratum.
1881 4013 1990 4077 Qui

290 4103 482 4151 autem
525 4103 760 4168 possunt
807 4098 1136 4151 meminisse
1177 4099 1327 4169 quod
1371 4100 1437 4152 ad
1476 4100 1772 4154 ecclesiam
1804 4103 1991 4154 venie-

287 4185 429 4240 bant
459 4202 588 4240 cum
622 4187 958 4255 parentibus
993 4187 1129 4251 suis,
1152 4192 1388 4256 possunt
1431 4189 1712 4242 recordari
1743 4206 1813 4242 an
1839 4191 1988 4260 quod

292 4290 493 4328 eorum
543 4274 878 4345 parentibus
930 4275 1172 4328 dabatur
1211 4276 1553 4345 acceperint.
1599 4277 1704 4331 Sed
1773 4277 1818 4330 si
1885 4279 1990 4332 hoc

292 4363 463 4416 etiam
493 4363 562 4416 ab
609 4363 734 4432 ipsa
784 4362 1064 4416 memoria
1116 4362 1369 4416 alienum
1429 4368 1534 4428 est,
1577 4365 1988 4421 conferendum
2020 4355 2062 4407 D

291 4451 374 4506 eis
399 4451 629 4504 videtur
661 4451 817 4520 quod
869 4451 1138 4504 collatum
1184 4467 1303 4504 esse
1363 4452 1632 4520 nescitur,
1681 4453 1818 4524 quia
1875 4471 1990 4508 non

288 4539 580 4593 temeritas
610 4538 916 4592 intervenit
944 4539 1435 4610 praesumptionis,
1473 4541 1569 4594 ubi
1629 4547 1713 4595 est
1743 4542 1990 4612 diligen-

287 4627 367 4681 tia
392 4627 641 4697 pietatis.

292 4750 422 4804 CAP.
457 4750 612 4804 XLV.
654 4780 719 4788 —
771 4753 844 4804 De
889 4752 1219 4819 infantibus,
1271 4754 1320 4806 si
1365 4758 1535 4806 certos
1592 4757 1746 4807 testes
1799 4755 1992 4808 habere

584 4837 689 4875 non
713 4830 960 4890 possunt,
983 4837 1068 4876 eos
1099 4838 1203 4876 non
1223 4838 1332 4876 esse
1363 4824 1689 4892 baptizatos.

362 4929 470 4991 (Ea:
515 4928 704 4980 concil.
767 4930 1062 4994 Africano,
1119 4945 1240 4998 cap.
1291 4930 1393 4998 39.)
1461 4931 1604 4983 Item
1659 4931 1875 5000 placuit
1921 4931 1991 4986 de

288 5011 603 5066 infantibus
631 5013 857 5083 quoties
889 5030 1007 5068 non
1037 5014 1412 5069 inveniuntur
1461 5017 1760 5071 certissimi
1818 5022 1990 5071 testes

288 5102 388 5172 qui
417 5117 513 5155 eos
563 5101 882 5172 baptizatos
931 5119 1052 5157 esse
1107 5103 1230 5158 sine
1271 5105 1631 5159 dubitatione
1685 5110 1989 5175 testentur,

283 5205 474 5261 neque
506 5190 614 5260 ipsi
665 5197 798 5244 sunt
847 5207 951 5261 per
1004 5197 1234 5246 aetatem
1291 5194 1360 5246 de
1405 5193 1631 5247 traditis
1662 5193 1772 5247 sibi
1808 5210 1992 5248 sacra-

288 5279 497 5334 mentis
527 5279 721 5333 idonei
749 5279 1114 5349 respondere,
1162 5281 1377 5350 absque
1413 5282 1530 5334 ullo
1588 5283 1857 5352 scrupulo
1894 5299 1991 5335 eos

286 5383 407 5422 esse
438 5369 831 5438 baptizandos,
877 5385 950 5422 ne
985 5369 1091 5423 ista
1121 5363 1428 5440 trepidatio
1461 5386 1557 5424 eos
1588 5370 1759 5423 faciat
1811 5387 1990 5425 sacra-

285 5462 615 5510 mentorum
668 5457 1014 5528 purgatione
1075 5458 1308 5528 privari.
1380 5458 1522 5514 Hinc
1603 5459 1760 5512 enim
1817 5460 1989 5530 legati

289 5545 614 5599 Maurorum
663 5549 867 5600 fratres
918 5552 1146 5601 nostros
1195 5549 1633 5612 consuluerunt,
1691 5548 1792 5618 qui
1848 5551 1990 5604 mul-

291 5635 374 5683 tos
398 5633 541 5686 tales
560 5649 591 5686 a
611 5633 866 5688 barbaris
886 5635 1203 5690 redimunt.

2262 593 2396 643 tiam
2424 591 2540 643 sine
2570 590 2902 657 baptismate
2927 590 3130 657 aliquis
3163 595 3407 642 mortuus
3438 592 3632 656 fuerit.

2171 680 2191 744 (
2219 678 2470 732 Exdecr.
2511 679 2662 733 Sim-ti
2692 693 2870 745 papae,
2904 692 3023 744 cap.
3059 677 3135 745 ὅ.)
3170 678 3535 746 Perpendant
3561 677 3806 746 presby-

2097 763 2206 817 teri
2238 765 2441 834 quanti
2469 763 2818 817 discriminis
2867 762 2938 815 sit
2969 763 3192 816 animas
3246 763 3646 818 innocentium
3699 779 3810 833 per

2099 867 2298 906 eorum
2331 851 2742 922 negligentiam
2776 867 2806 904 a
2856 867 3034 920 regno
3085 850 3186 904 Dei
3239 851 3480 906 excludi.
3537 852 3593 905 Si
3643 851 3806 904 enim

2096 940 2375 1011 gaudium
2407 947 2494 994 est
2532 941 2590 993 in
2619 940 2761 993 coelo
2793 955 2966 1009 super
2997 955 3114 993 uno
3143 947 3446 1008 peccatore
3507 941 3805 1010 poeniten-

2098 1029 2236 1083 tiam
2269 1034 2498 1098 agente,
2548 1029 2686 1100 quid
2727 1033 2911 1099 putas,
2965 1021 3190 1098 quanta
3239 1031 3323 1082 ira
3367 1035 3424 1082 et
3476 1029 3802 1098 indignatio

2099 1134 2272 1188 super
2297 1119 2461 1172 illum
2492 1117 2617 1181 erit,
2649 1119 2749 1188 qui
2794 1133 2896 1187 per
2941 1133 3104 1169 suam
3132 1116 3548 1186 negligentiam
3589 1117 3802 1185 januas

2097 1206 2343 1278 paradisi
2399 1205 2802 1259 innocentibus
2863 1204 3112 1258 claudit?
3173 1206 3234 1257 Et
3289 1205 3418 1258 ideo
3479 1203 3803 1273 presbyteri

2099 1311 2324 1349 summa
2382 1293 2680 1361 diligentia
2723 1299 2980 1358 caveant,
3036 1309 3109 1346 ne
3157 1293 3379 1346 animas
3428 1308 3534 1362 pro
3588 1292 3801 1361 quibus

2097 1385 2331 1453 sanguis
2379 1382 2588 1436 Christi
2639 1382 2851 1435 elfusus
2895 1385 2998 1446 est,
3056 1398 3159 1450 per
3207 1397 3366 1434 suam
3426 1381 3706 1434 incuriam
3766 1397 3802 1433 a

2098 1470 2309 1526 caelesti
2377 1470 2732 1524 beatitudine
2785 1474 3079 1539 separent;
3136 1471 3233 1522 sed
3280 1469 3348 1534 si,
3408 1469 3559 1539 quod
3620 1467 3796 1522 absit!

2099 1558 2376 1625 evenerit,
2411 1559 2570 1628 gravi
2600 1558 2955 1628 pmnitentiaa
2989 1559 3144 1611 luctu
3176 1559 3377 1611 diebus
3410 1558 3539 1610 vita:
3569 1573 3686 1610 suae
3739 1573 3799 1609 se

2099 1648 2415 1711 submittat,
2441 1663 2544 1716 per
2573 1648 2734 1715 cujus
2766 1646 3025 1700 evenerit
3057 1647 3402 1716 neglectum.

2101 1739 2230 1793 CAP.
2263 1737 2465 1790 XLVII.
2500 1765 2569 1775 —
2599 1738 2665 1789 Ut
2709 1735 2894 1790 nullus
2949 1736 3233 1804 presbyter
3282 1737 3338 1787 in
3367 1735 3604 1802 prop-ria
3669 1749 3800 1801 pro-

2170 1810 2372 1872 vincia,
2405 1808 2486 1860 vel
2506 1809 2563 1859 in
2604 1809 2719 1859 alia
2767 1811 3021 1874 cuiquam
3078 1809 3287 1874 inﬁrmo
3346 1806 3675 1874 baptismum
3705 1805 3800 1858 de-

2170 1895 2369 1946 negare
2395 1882 2712 1946 praesumat.

2173 1969 2278 2032 (Ea:
2310 1967 2453 2020 decr.
2486 1967 2716 2020 Martini
2747 1979 2931 2033 papae,
2960 1979 3081 2032 cap.
3143 1963 3219 2033 3.)
3251 1963 3609 2033 Quicumque
3659 1979 3801 2033 pre—

2101 2055 2292 2125 sbyter
2319 2055 2380 2108 in
2413 2053 2648 2124 propria
2677 2051 2972 2122 provincia
3001 2056 3100 2105 aut
3130 2051 3190 2104 in
3240 2050 3370 2117 alia,
3405 2052 3490 2104 vel
3550 2050 3801 2104 ubicun-

2101 2159 2213 2214 que
2263 2143 2528 2196 inventus
2573 2141 2767 2205 fuerit,
2813 2141 3280 2195 commendatum
3339 2141 3445 2194 sibi
3497 2141 3800 2195 inﬁrmum

2100 2231 2391 2302 baptizare
2417 2229 2688 2291 noluerit,
2729 2230 2814 2282 vel
2867 2246 2970 2300 pro
3026 2229 3345 2283 intentione
3403 2229 3648 2296 itineris,
3709 2231 3800 2284 vel

2100 2321 2170 2375 de
2199 2320 2394 2389 aliqua
2423 2318 2808 2384 excusatione,
2838 2322 2896 2372 et
2923 2317 3001 2372 sic
3029 2317 3153 2372 sine
3185 2317 3468 2388 baptismo
3526 2317 3796 2386 moritur,

2098 2409 2440 2478 deponatur.

2171 2497 2297 2551 CAP.
2321 2494 2552 2550 XLVIII.
2578 2523 2646 2531 —
2676 2497 2750 2547 De
2779 2494 2890 2546 illis
2924 2494 3022 2561 qui
3042 2493 3214 2546 denuo
3242 2493 3514 2562 baptizati
3540 2497 3686 2545 sunt.

2174 2585 2294 2652 (Ea:
2349 2584 2493 2636 decr.
2558 2584 2749 2636 Leonis
2830 2595 3007 2650 papae,
3037 2580 3111 2634 ad
3180 2582 3425 2635 Nicetam
3490 2583 3802 2649 episcopum

2098 2674 2493 2742 Aquiliensem,
2523 2687 2643 2739 cap.
2700 2670 2815 2737 47.)
2851 2670 2946 2723 His
2978 2686 3132 2735 vero,
3173 2669 3242 2722 de
3271 2669 3480 2740 quibus
3535 2666 3803 2721 similiter

2098 2761 2327 2817 dilectio
2368 2765 2466 2814 tua
2520 2775 2622 2812 nos
2685 2757 2930 2812 credidit
2976 2757 3376 2825 consulendos,
3426 2755 3526 2827 qui
3581 2755 3652 2808 ad
3692 2755 3798 2807 ite-

2100 2849 2344 2903 randum
2378 2845 2727 2917 baptismum
2758 2845 2845 2898 vel
2877 2849 3034 2898 metu
3067 2844 3266 2910 coacti,
3325 2844 3411 2897 vel
3452 2858 3642 2896 errore
3676 2847 3800 2894 tra-

2099 2937 2256 2992 ducti
2287 2941 2438 3002 sunt,
2469 2941 2524 2989 et
2555 2950 2706 2988 nunc
2747 2950 2804 2986 se
2836 2937 3036 2986 contra
3092 2932 3382 2986 catholicas
3440 2930 3575 2984 ﬁdei
3609 2945 3800 2982 sacra-

2101 3031 2363 3081 mentum
2395 3024 2575 3095 egisse
2607 3026 2976 3093 cognoscunt,
3035 3038 3100 3074 ea
3143 3027 3227 3075 est
3258 3021 3630 3075 custodienda
3681 3035 3803 3072 mo-

2096 3117 2338 3183 deratio,
2388 3130 2502 3184 qua
2560 3113 2620 3166 in
2675 3111 3007 3166 societatem
3057 3116 3311 3164 nostram
3366 3125 3481 3162 non
3529 3107 3640 3161 nisi
3694 3122 3802 3178 per

2095 3203 2452 3275 poenitentiae
2483 3200 2823 3266 remedium,
2865 3203 2920 3252 et
2956 3215 3060 3268 per
3087 3197 3519 3267 impositionem
3572 3195 3796 3264 episco-

2096 3293 2243 3364 palis
2303 3306 2529 3356 manus,
2621 3286 3048 3342 communionis
3127 3286 3410 3356 recipiant
3487 3285 3795 3338 unitatem.

2095 3382 2380 3450 Tempora
2403 3385 2592 3432 autem
2622 3375 3000 3448 paenitudinis
3029 3376 3224 3430 habita
3255 3373 3644 3428 moderatione
3698 3375 3799 3424 tuo

2096 3467 2495 3524 constituenda
2556 3465 2794 3536 judicio,
2865 3469 3036 3536 prout
3092 3479 3498 3518 conversurum
3570 3461 3800 3513 animos

2095 3555 2411 3626 inspexeris
2452 3570 2572 3607 esse
2601 3554 2853 3621 devotos,
2912 3553 3241 3622 pariterque
3304 3550 3473 3604 etiam
3519 3548 3801 3602 habentes

2098 3644 2282 3698 aetatis
2312 3641 2506 3695 senilis
2546 3641 2841 3706 intuitum,
2900 3650 2956 3694 et
3011 3639 3398 3709 periculorum
3430 3651 3798 3707 quorumque

2098 3737 2197 3786 aut
2222 3730 2630 3801 aegritudinum
2663 3728 3028 3798 respicientes
3059 3727 3442 3782 necessitates.
3488 3728 3553 3778 In
3586 3723 3800 3794 quibus

2098 3821 2144 3874 si
2178 3822 2306 3890 quis
2336 3819 2414 3872 ita
2444 3819 2693 3889 graviter
2723 3823 3015 3887 urgeatur,
3051 3821 3114 3870 ut
3144 3817 3284 3870 dum
3306 3815 3490 3869 adhuc
3538 3814 3801 3884 paenitet,

2098 3907 2167 3961 de
2200 3907 2381 3960 salute
2426 3905 2608 3975 ipsius
2651 3905 2989 3974 desperetur
3028 3909 3255 3974 oportet
3301 3902 3351 3955 ei
3393 3917 3495 3972 per
3537 3900 3803 3953 sacerdo-

2097 3996 2270 4048 talem
2304 3994 2746 4048 sollicitudinem
2781 3992 3202 4046 ccmmunionis
3254 3991 3434 4060 gratia
3486 3987 3802 4042 subveniri.

2099 4085 2228 4138 ΟΑΡ.
2263 4084 2436 4137 XLIX.
2470 4111 2537 4122 —
2571 4083 2649 4135 De
2681 4083 2794 4146 hoc,
2830 4084 2879 4134 si
2907 4081 3171 4148 parvulus
3203 4085 3472 4146 aegrotans
3505 4077 3578 4130 ad
3617 4092 3804 4145 quem-

2291 4154 2416 4207 libet
2442 4153 2823 4222 presbyterum
2850 4152 3114 4222 baptismi
3139 4156 3327 4219 gratia
3355 4151 3619 4216 defertur.

2171 4243 2282 4310 (Em
2333 4243 2476 4296 decr.
2534 4243 2768 4308 Eugenii
2832 4256 3016 4309 papae,
3075 4256 3194 4309 cap.
3266 4239 3341 4308 6.)
3403 4237 3458 4292 Si
3526 4236 3803 4308 parvulus

2101 4335 2383 4400 aegrotans
2415 4329 2485 4382 ad
2513 4329 2831 4398 quemlibet
2871 4328 3342 4398 presbyterorum
3370 4325 3639 4396 baptismi
3670 4339 3802 4393 gra-

2102 4419 2182 4473 tia
2213 4418 2282 4472 de
2315 4415 2623 4487 cujuslibet
2652 4415 2922 4486 parochio
2951 4416 3155 4468 allatus
3187 4413 3380 4477 fuerit,
3413 4414 3465 4466 ei
3527 4411 3802 4481 baptismi

2103 4513 2524 4562 sacramentum
2563 4521 2677 4559 non
2731 4505 3068 4574 denegetur.
3133 4503 3191 4557 Si
3236 4503 3366 4573 quis
3428 4503 3534 4554 hoc
3587 4516 3804 4553 munus
3873 4527 3916 4554 η.

2101 4596 2318 4667 petenti
2376 4594 2684 4648 concedere
2763 4592 3181 4656 detrectaverit,
3265 4595 3320 4643 et
3383 4589 3481 4642 ille
3529 4589 3804 4658 parvulus

2101 4686 2316 4756 absque
2361 4682 2719 4753 baptismatis
2777 4681 2962 4751 gratia
3009 4684 3272 4733 mortuus
3327 4677 3519 4740 fuerit,
3580 4676 3805 4729 noverit

2101 4771 2196 4825 ille
2227 4787 2307 4836 se,
2336 4771 2435 4840 qui
2485 4786 2618 4824 eum
2647 4785 2761 4823 non
2785 4767 3113 4839 baptizavit,
3168 4783 3272 4837 pro
3303 4767 3424 4836 ejus
3479 4763 3672 4817 anima
3704 4779 3802 4817 ra-

2101 4859 2318 4913 tionem
2351 4859 2732 4925 redditurum,
2767 4863 2822 4911 et
2847 4857 2999 4928 apud
3030 4856 3312 4927 synodum
3369 4852 3644 4907 acerrime
3675 4869 3800 4906 cor-

2101 4947 2432 5018 rigendum.

2172 5037 2299 5090 CAP.
2339 5037 2398 5090 L.
2431 5064 2497 5078 —
2547 5039 2618 5090 De
2661 5037 2770 5090 illis
2825 5037 2922 5103 qui
2962 5035 3042 5088 bis
3095 5035 3178 5088 vel
3237 5038 3316 5087 ter
3355 5033 3662 5102 confirmati
3715 5033 3800 5084 vel

2734 5108 3005 5175 baptizati
3029 5109 3173 5159 sunt.

2173 5195 2301 5260 ((Er
2351 5195 2540 5248 concil.
2588 5195 2988 5256 Terraconensi,
3048 5208 3166 5260 cap.
3223 5192 3298 5259 6.)
3357 5191 3577 5243 Dictum
3635 5188 3800 5242 nobis

2101 5287 2187 5335 est
2241 5282 2395 5352 quod
2446 5282 2684 5352 quidam
2735 5283 2804 5336 de
2856 5282 3020 5353 plebe
3078 5281 3184 5346 bis,
3243 5284 3342 5333 aut
3398 5279 3466 5332 ab
3523 5277 3800 5347 episcopis

2099 5370 2502 5440 ignorantibus
2535 5375 2729 5424 tamen
2786 5371 3004 5424 eisdem
3054 5369 3337 5438 episc0pis
3360 5367 3796 5420 confirmentur.

2102 5459 2259 5513 Unde
2317 5459 2484 5512 nobis
2542 5459 2724 5514 visum
2783 5465 2870 5513 est
2959 5458 3220 5512 eamdem
3278 5454 3797 5523 conﬁrmationem,

2101 5548 2246 5602 sicut
2293 5564 2397 5601 nec
2444 5548 2818 5617 baptismum,
2857 5547 3052 5621 iterari
3095 5544 3333 5599 minime
3373 5543 3579 5597 debere
3615 5558 3627 5595 :
3664 5542 3798 5612 quia

2100 5637 2190 5692 bis
2219 5637 2307 5691 vel
2341 5637 2591 5707 amplius
2642 5637 2968 5708 baptizatos
2999 5639 3099 5690 aut
3149 5634 3516 5689 conﬁrmatos
3547 5647 3664 5685 non
3691 5645 3792 5686 saa-
