3966 6418
323 396 430 448 739

1404 395 1810 453 BURCHARDI
1853 395 2383 453 WORMACIENSIS
2424 395 2755 453 EPISCOPI.

3736 406 3840 457 740

325 518 526 571 ticibus
555 519 705 588 quod
741 535 773 572 a
805 517 1125 572 minoribus
1167 518 1364 588 perﬁci
1416 536 1533 572 non
1587 524 1790 590 potest,
1843 521 1921 575 ita
1967 525 2025 576 et
2063 522 2107 574 A
2136 521 2216 575 ita
2247 521 2420 584 etiam
2447 520 2816 574 traditionem
2868 521 3047 574 sancti
3096 521 3340 592 Spiritus
3371 539 3404 576 a
3436 525 3650 596 jejunis
3683 544 3839 598 pon-

322 606 529 676 majori
577 606 948 660 veneratione
1001 607 1392 660 venerandum
1447 613 1503 660 et
1553 609 1870 662 tenendum
1923 613 2024 663 est.

324 695 431 748 Sed
461 695 542 748 ita
571 695 874 764 conjuncta
925 699 1058 748 sunt
1099 696 1223 748 haec
1275 695 1388 748 duo
1443 702 1821 762 sacramenta,
1863 700 1928 750 ut
1957 697 2028 751 ab

324 782 569 836 invicem
601 783 712 836 nisi
749 787 930 836 morte
979 782 1365 852 praeveniente
1420 785 1747 838 nullatenus
1803 786 2028 854 possint

323 869 629 940 segregari,
685 876 743 924 et
794 886 975 924 unum
1043 870 1164 923 sine
1222 872 1400 924 altero
1458 871 1564 924 rite
1638 872 1836 942 perﬁci
1911 889 2028 928 non

324 962 532 1027 potest.

325 1046 455 1100 CAP.
491 1048 642 1101 LXII.
674 1078 735 1088 —
771 1049 836 1101 Ut
863 1061 1065 1183 omnesf
1082 1047 1388 1172 (It/tristiam
1435 1048 1510 1102 ad
1558 1048 2028 1119 conﬁrmationem

1061 1133 1112 1171 es
1142 1134 1261 1171 men
1293 1159 1304 1172 .

1061 1133 1304 1172 esunent.

395 1204 512 1272 (Ea:
550 1207 733 1260 concil.
780 1208 1065 1272 Wormac.,
1097 1222 1216 1274 cap.
1249 1206 1324 1277 6.)
1359 1208 1426 1261 Ut
1449 1207 1520 1261 ad
1558 1207 2027 1277 praedicationem

325 1297 380 1346 et
426 1294 923 1348 conﬁrmationem
989 1296 1239 1365 episcopi
1297 1313 1499 1350 omnes
1567 1298 1768 1351 devote
1820 1313 2027 1352 conve-

323 1381 502 1447 niant,
535 1383 701 1453 eique
729 1383 974 1437 fideliter
1003 1384 1332 1438 ministrent
1363 1390 1420 1438 et
1465 1385 1755 1440 obediant.

525 1471 651 1525 CAP.
688 1473 860 1525 LXIII.
890 1503 957 1511 —
987 1474 1116 1526 Item
1138 1473 1203 1526 de
1218 1489 1409 1527 manus
1447 1477 1804 1543 impositione.

391 1559 675 1629 (Eusebius
725 1577 877 1629 papa
931 1562 1204 1627 fratribus
1252 1579 1352 1631 per
1403 1564 1759 1632 Campaniam
1810 1567 1861 1617 et
1920 1565 2026 1617 Tu-

320 1651 490 1701 sciam
524 1651 831 1702 constitutis
875 1650 1107 1719 scribit.)
1151 1650 1346 1704 Manus
1371 1668 1603 1721 quoque
1641 1651 2028 1721 impositionis

320 1741 741 1790 sacramentum
806 1754 1014 1806 magna
1091 1739 1456 1794 veneratione
1521 1741 1841 1794 tenendum
1904 1738 2020 1807 est,

2135 609 2384 664 tiﬁcibus
2415 610 2681 663 convenit
2701 609 2994 663 celebrari.

2136 713 2272 766 CAP.
2317 712 2540 767 LXVIII.
2582 743 2650 752 -—
2679 715 2745 767 Ut
2774 714 3036 781 episcopis
3074 714 3134 765 in
3165 729 3374 783 campo,
3427 719 3478 770 si
3505 732 3714 771 necesse
3741 721 3834 778 sit,

2207 785 2364 838 liceat
2390 787 2707 851 conﬁrmare
2736 802 2752 838 :
2783 786 2973 837 melius
3020 791 3098 837 est
3146 791 3325 838 autem
3377 786 3434 840 in
3481 791 3703 842 ecclesia
3731 794 3838 844 aut

2207 857 2268 907 in
2309 859 2452 908 atrio
2479 857 2729 908 ecclesiae.

2209 944 2320 1013 (Ea:
2349 944 2535 996 concit.
2585 943 2850 1009 Remensi,
2909 958 3028 1011 cap.
3095 943 3203 1007 ιθ.)
3257 945 3531 1015 Episcopo
3565 947 3735 1002 liceat
3774 948 3838 1002 in

2135 1046 2359 1101 campo,
2393 1033 2438 1084 si
2469 1047 2698 1084 necesse
2729 1031 2820 1097 sit,
2863 1031 3223 1086 conﬁrmare.

2137 1135 2264 1188 CAP.
2309 1135 2476 1187 LXIX.
2508 1164 2576 1172 —
2602 1135 2668 1187 Ut
2696 1150 2731 1187 a
2778 1135 2903 1216 solis
2954 1137 3218 1258 epizcepis
3264 1135 3534 1204 baptizati
3573 1141 3683 1193 sint
3713 1155 3842 1194 con-

2845 1220 3041 1258 sianan
3084 1222 3122 1258 ι.

2845 1220 3122 1272 Signandi.

2209 1292 2316 1361 (Ea:
2374 1293 2518 1346 decr.
2553 1295 2850 1347 Innocentii
2899 1309 3032 1362 pap.
3093 1297 3340 1349 Decentio
3392 1299 3555 1365 episc.
3627 1301 3838 1367 missis,

2135 1396 2254 1450 cap.
2299 1382 2381 1448 3.)
2438 1382 2517 1434 De
2574 1381 2980 1451 consignandis
3031 1398 3163 1435 vero
3221 1383 3536 1438 infantibus
3594 1387 3842 1440 manife-

2137 1474 2290 1524 stum
2325 1473 2408 1523 est
2448 1486 2563 1522 non
2609 1471 2679 1524 ab
2721 1470 2832 1523 alio
2878 1486 3050 1540 quam
3085 1470 3151 1523 ab
3184 1472 3449 1542 episcopo
3480 1473 3605 1526 ﬁeri
3640 1475 3839 1541 licere,

2136 1574 2268 1611 nam
2297 1558 2635 1628 presbyteri,
2697 1559 2825 1611 licet
2853 1559 2966 1612 sint
3001 1561 3235 1613 secundi
3271 1563 3614 1628 sacerdotes,
3643 1565 3840 1634 ponti-

2136 1646 2338 1700 ﬁcatus
2367 1652 2559 1700 tamen
2596 1647 2816 1716 apicem
2846 1663 2964 1700 non
2997 1647 3228 1702 habent.
3276 1652 3390 1703 Hoc
3421 1657 3611 1704 autem
3645 1653 3842 1722 ponti-

2137 1735 2340 1788 ﬁcibus
2369 1734 2502 1787 solis
2533 1734 2750 1799 deberi,
2783 1739 2849 1788 ut
2877 1737 2964 1788 vel
2984 1736 3342 1806 consignant,
3377 1740 3460 1791 vel
3482 1741 3840 1808 paracletum

319 1825 472 1894 quod
504 1825 574 1878 ab
595 1825 719 1878 aliis
748 1827 944 1896 perﬁci
987 1843 1104 1880 non
1163 1832 1366 1894 potest,
1402 1829 1508 1881 nisi
1546 1845 1578 1881 a
1636 1828 1877 1882 summis
1934 1845 2024 1881 sa-
2059 1797 2098 1850 Β
2137 1823 2410 1892 Spiritum
2445 1823 2693 1886 tradant,
2715 1839 2830 1875 non
2860 1824 3044 1876 solum
3067 1827 3417 1880 consuetudo
3460 1829 3844 1882 ecclesiastica

317 1913 661 1967 cerdotibus.
700 1914 809 1966 Nec
839 1920 1099 1984 tempore
1144 1916 1537 1984 apostolorum
1583 1915 1648 1968 ab
1679 1916 1804 1968 aliis
1848 1932 2020 1986 quam

318 2001 386 2054 ab
414 2001 552 2071 ipsis
581 2002 857 2072 apostolis
908 2002 1118 2072 legitur
1149 2007 1246 2054 aut
1289 2003 1465 2056 scitur
1513 2009 1804 2073 peractum
1853 2019 1972 2057 esse
2005 2021 2018 2058 :

317 2105 504 2160 neque
531 2089 600 2142 ab
651 2089 797 2152 aliis,
848 2090 995 2143 sicut
1031 2090 1153 2159 jam
1204 2089 1420 2144 dictum
1463 2096 1568 2154 est,
1614 2107 1788 2161 quam
1811 2091 1880 2144 ab
1909 2091 2022 2145 illis

317 2177 418 2247 qui
450 2192 652 2230 eorum
697 2177 879 2229 locum
932 2182 1125 2230 tenent
1169 2193 1423 2247 unquam
1463 2178 1660 2247 perﬁci
1691 2183 1878 2248 potest
1923 2183 2022 2232 aut

315 2265 441 2318 ﬁeri
475 2265 665 2318 debet.
701 2265 842 2318 Nam
873 2264 921 2317 si
951 2265 1116 2318 aliter
1163 2269 1584 2336 praesumptum
1628 2266 1822 2331 fuerit,
1881 2267 2020 2320 irri-

315 2357 440 2406 tum
488 2352 770 2406 habeatur
824 2357 882 2406 et
942 2370 1206 2419 vacuum,
1268 2370 1373 2408 nec
1441 2354 1593 2408 inter
1640 2355 2019 2410 ecclesiastica

318 2456 578 2511 unquam
605 2441 970 2510 reputabitur
998 2446 1370 2495 sacramenta.
1805 2502 1811 2509 _

591 2529 716 2582 CAP.
753 2528 927 2583 LXIV.
957 2558 1024 2566 —
1054 2530 1186 2582 Item
1217 2528 1281 2581 de
1314 2531 1736 2595 conﬁrmatione.

387 2615 499 2685 (Ea:
530 2617 715 2670 concit.
771 2618 1098 2686 Moguntin,
1159 2631 1279 2684 cap.
1321 2618 1400 2686 5.)
1452 2617 1822 2685 Praecipimus
1850 2621 1915 2671 ut
1942 2617 2014 2671 ad

313 2705 708 2775 accipiendum
736 2720 839 2774 per
872 2720 1076 2758 manus
1107 2705 1539 2774 impositionem
1565 2706 1855 2775 pontiﬁcis
1887 2706 2014 2776 Spi-

310 2794 457 2848 ritus
502 2794 682 2847 sancti
711 2793 950 2861 donum,
1000 2794 1242 2847 sollicite
1273 2799 1331 2847 et
1379 2793 1584 2847 devote
1628 2810 1827 2847 omnes
1875 2811 2011 2848 con-

310 2887 562 2948 currant,
634 2887 688 2936 et
737 2882 1007 2953 episcopo
1049 2898 1150 2935 suo
1201 2898 1271 2935 ea
1329 2898 1457 2952 quae
1505 2883 1827 2936 necessaria
1881 2887 2015 2938 sunt

311 2971 557 3025 ﬁdeliter
585 2970 931 3036 ministrent,
979 2971 1148 3041 eique
1180 2971 1250 3024 ab
1293 2971 1563 3024 omnibus
1603 2976 1659 3025 et
1687 2988 1789 3042 per
1814 2971 2010 3026 omnia

311 3059 630 3113 obediatur.

312 3148 440 3201 CAP.
475 3149 620 3202 LXV.
654 3177 722 3187 —
755 3146 914 3212 Quod
952 3161 1130 3200 omnes
1173 3145 1375 3213 ﬁdeles,
1405 3150 1618 3215 accepto
1663 3147 2013 3218 baptismate,

737 3219 979 3270 chrisma.
1007 3219 1285 3286 percipere
1316 3218 1564 3271 debeant.

381 3308 489 3372 (Ea:
548 3307 733 3359 concit.
806 3305 1138 3370 Laodicensi,
1200 3320 1319 3373 cap.
1370 3307 1483 3371 48.)
1532 3305 1694 3369 Quod
1752 3311 2017 3376 oporteat

306 3408 403 3446 eos
437 3391 536 3462 qui
573 3393 936 3462 baptizantur
986 3398 1119 3461 post
1174 3393 1462 3446 lavacrum
1511 3393 1760 3447 chrisma
1787 3395 2014 3448 caeleste

304 3481 621 3551 percipere,
645 3486 700 3533 et
729 3479 893 3550 regni
932 3479 1143 3535 Christi
1175 3480 1486 3550 participes
1527 3480 1796 3535 inveniri.

308 3569 435 3622 CAP.
491 3569 660 3623 LXVI.
711 3599 780 3606 —
837 3571 903 3623 Ut
958 3584 1136 3623 omnes
1194 3571 1375 3623 renati
1437 3571 1587 3635 fonte
1640 3570 2010 3638 baptismatis,

378 3640 577 3694 donum
626 3641 803 3693 sancti
870 3641 1114 3708 Spiritus
1183 3655 1285 3709 per
1354 3655 1548 3694 manus
1618 3643 2013 3710 impositionem

377 3714 617 3779 accipere
655 3711 899 3764 debeant.

375 3798 485 3866 (Ea:
541 3801 698 3867 epist.
755 3800 953 3853 Anteri
993 3814 1172 3867 papae,
1227 3815 1348 3868 cap.
1417 3801 1524 3870 15.)
1580 3800 1790 3854 Omnes
1855 3801 2012 3854 enim

303 3887 501 3942 ﬁdeles
547 3904 650 3958 per
694 3904 899 3941 manus
948 3887 1381 3957 impositionem
1432 3888 1848 3959 episcoporum,
1884 3895 2014 3959 post

302 3973 655 4043 baptismum
713 3974 971 4044 accipere
1029 3974 1242 4028 debent
1295 3974 1574 4044 Spiritum
1628 3980 1910 4041 sanctum,
1949 3981 2013 4030 ut

302 4062 459 4131 pleni
488 4062 794 4116 Christiani
826 4062 1212 4116 inveniantur.
1255 4064 1330 4116 De
1360 4062 1577 4132 Spiritu
1624 4069 1819 4118 sancto
1865 4065 2010 4118 acci-

301 4149 514 4220 pimus,
549 4154 610 4204 ut
634 4150 924 4220 spiritales
957 4150 1275 4203 efﬁciamur
1304 4165 1317 4202 :
1355 4150 1492 4220 quia
1529 4150 1797 4204 animalis
1838 4134 2010 4206 homo

301 4254 420 4292 non
450 4239 695 4309 percipit
723 4255 790 4293 ea
808 4255 938 4310 quae
967 4242 1102 4292 sunt
1128 4237 1372 4308 Spiritus
1406 4237 1525 4306 Dei,
1561 4239 1697 4309 quia
1725 4256 1856 4294 cum
1885 4240 2011 4311 Spi-

300 4327 443 4380 ritus
469 4333 699 4380 sanctus
743 4326 1091 4391 infunditur,
1140 4341 1238 4380 cor
1280 4325 1448 4379 ﬁdele
1505 4326 1576 4380 ad
1615 4327 2004 4398 prudentiam,
2036 4349 2080 4402 ι)

302 4415 370 4470 ad
401 4415 783 4469 constantiam
823 4414 1114 4468 dilatatur.
1172 4415 1249 4467 De
1292 4413 1511 4483 Spiritu
1556 4421 1751 4470 sancto
1800 4416 2006 4487 accipi-

300 4519 452 4572 mus,
485 4508 545 4558 ut
580 4503 868 4574 sapiamus
898 4503 1049 4556 inter
1076 4503 1295 4556 bonum
1317 4508 1375 4557 et
1409 4504 1624 4557 malum
1663 4503 2005 4571 discernere,

294 4592 452 4662 justa
479 4591 736 4662 diligere,
779 4590 993 4661 injusta
1023 4607 1315 4660 respuere,
1349 4595 1413 4644 ut
1457 4590 1666 4645 invidae
1709 4607 1774 4644 ac
1812 4607 2010 4661 super-

295 4680 408 4734 biae
449 4695 860 4750 repugnemus,
917 4684 982 4734 ut
1013 4679 1256 4733 luxuriae
1305 4695 1370 4733 ac
1427 4679 1665 4733 diversis
1703 4679 2005 4746 illecebris,

299 4773 358 4822 et
405 4767 571 4821 fcrdis
625 4768 997 4838 indignisque
1050 4767 1460 4837 cupiditatibus
1516 4767 1870 4821 resistamus.
1929 4768 2006 4822 De

300 4855 519 4926 Spiritu
551 4861 742 4910 sancto
773 4856 1116 4927 accipimus;
1150 4861 1214 4910 ut
1239 4872 1436 4910 amore
1473 4861 1532 4911 et
1569 4857 1771 4927 gloriae
1802 4856 2005 4911 ardore

299 4945 557 4999 succensi
604 4945 826 5015 erigere
870 4962 903 4998 a
953 4946 1197 4999 terrenis
1244 4950 1497 4999 mentem
1551 4945 1623 4999 ad
1671 4960 1922 5016 superna
1950 4948 2008 4998 et

299 5034 371 5088 ad
399 5033 594 5088 divina
625 5035 936 5087 valeamus.

299 5123 429 5178 CAP.
472 5123 670 5176 LXVII.
705 5152 774 5160 —
817 5124 883 5176 Ut
913 5123 1150 5190 episcopi
1183 5137 1290 5175 non
1338 5123 1450 5175 nisi
1491 5122 1677 5190 jejuni
1716 5125 2003 5191 conﬁrma-

513 5196 683 5247 tiones
708 5195 942 5259 faciant,
979 5197 1203 5261 excepta
1233 5207 1400 5247 causa
1421 5195 1784 5260 infirmitatis.

369 5283 479 5353 (Ea:
507 5283 699 5336 concit.
755 5280 1034 5346 Metdensi,
1081 5295 1200 5349 cap.
1237 5281 1316 5349 6.)
1346 5281 1412 5334 Ut
1465 5280 1717 5350 episcopi
1743 5297 1860 5334 non
1891 5281 2004 5335 nisi

290 5371 477 5441 jejuni
508 5387 612 5442 per
653 5370 1088 5440 impositionem
1109 5385 1389 5422 manuum
1429 5368 1709 5438 Spiritum
1742 5374 2002 5423 sanctum

294 5455 526 5509 tradant
575 5453 827 5524 exceptis
871 5453 1140 5516 inﬁrmis,
1175 5458 1232 5507 et
1287 5461 1475 5508 morte
1521 5452 1998 5523 periclitantibus.

297 5542 451 5597 Sicut
482 5547 675 5598 autem
707 5543 929 5598 duobus
973 5542 1353 5614 temporibus,
1410 5541 1626 5596 Pascha
1652 5541 1921 5596 videlicet
1947 5546 2004 5596 et

299 5631 646 5694 Pentecoste,
706 5647 740 5685 a
784 5631 999 5702 jejunis
1051 5629 1329 5689 celebrari
1367 5631 1540 5687 debet
1595 5630 1916 5702 baptismus
1979 5645 1993 5683 :

2137 1911 2511 1975 demonstrat,
2541 1925 2740 1963 verum
2770 1911 2868 1964 illa
2907 1911 3069 1964 lectio
3120 1915 3362 1965 Actuum
3393 1918 3840 1984 -apostolorum,

2135 2013 2265 2068 quin
2297 1999 2498 2051 asserit
2526 1999 2755 2050 Petrum
2787 2004 2845 2052 et
2896 2000 3174 2052 Joannem
3227 2017 3346 2054 esse
3402 2003 3668 2067 directos,
3703 2010 3842 2074 ﬁquo

2128 2085 2246 2155 jam
2279 2085 2577 2154 baptizatis
2597 2086 2822 2140 tradant
2861 2087 3139 2155 Spiritum
3179 2093 3457 2143 sanctum.
3506 2093 3644 2144 Nam
3676 2109 3842 2162 pres-

2131 2171 2346 2240 byteris
2380 2188 2478 2225 seu
2511 2176 2671 2225 extra
2720 2172 3054 2243 episcopum
3112 2191 3213 2227 seu
3247 2181 3524 2244 praesente
3565 2178 3842 2248 episcopo

2131 2276 2262 2314 cum
2319 2261 2632 2330 baptizant,
2687 2262 2992 2315 chrismate
3049 2261 3364 2332 baptizatos
3407 2281 3623 2335 ungere
3677 2267 3838 2334 licet,

2130 2347 2228 2401 sed
2259 2348 2408 2418 quod
2440 2347 2510 2402 ab
2542 2348 2811 2418 episcopo
2841 2348 3014 2402 fuerit
3045 2353 3459 2416 consecratum,
3487 2368 3603 2405 non
3637 2356 3838 2406 tamen

2127 2436 2375 2490 frontem
2409 2453 2477 2490 ex
2515 2437 2720 2490 eodem
2753 2437 2880 2490 oleo
2911 2438 3158 2506 signare,
3209 2439 3366 2508 quod
3415 2440 3550 2493 solis
3591 2441 3840 2495 debetur

2128 2524 2432 2595 episcopis,
2471 2541 2601 2578 cum
2634 2525 2868 2578 tradunt
2895 2525 3170 2594 Spiritum
3203 2528 3578 2595 paracletum.

2125 2612 2253 2666 CAP.
2309 2608 2455 2668 LXX.
2496 2643 2565 2651 —
2618 2615 2683 2667 Ut
2733 2613 3037 2682 presbyteri
3081 2613 3385 2681 baptizatos
3445 2617 3505 2669 in
3551 2617 3834 2684 frontibus

2478 2684 2768 2738 chrismate
2808 2687 3027 2749 signare
3063 2699 3170 2737 non
3210 2687 3466 2739 audeant.

2195 2771 2302 2841 (Ea:
2339 2773 2512 2840 regul.
2555 2775 2719 2839 Greg.
2773 2773 2848 2825 ad
2875 2774 3202 2826 Januarium
3248 2776 3556 2843 episcopum
3614 2777 3831 2831 Carali-

2123 2862 2329 2926 tanum,
2395 2875 2515 2929 cap.
2587 2859 2735 2929 200.)
2795 2860 3113 2930 Presbyteri
3195 2860 3513 2931 baptizatos
3578 2863 3833 2917 infantes

2119 2947 2347 3018 signare
2409 2948 2470 3002 in
2541 2947 2828 3002 frontibus
2903 2948 3214 3002 chrismate
3268 2966 3384 3003 non
3447 2958 3828 3020 praesumant,

2043 3070 2084 3125 Ο
2122 3036 2216 3089 sed
2287 3035 2602 3106 presbyteri
2675 3035 2995 3125 baptizatos
3052 3041 3293 3106 tangant
3347 3039 3407 3092 in
3456 3044 3705 3108 pectore,
3767 3046 3836 3094 ut

2125 3125 2376 3194 episcopi
2410 3124 2779 3192 postmodum
2810 3124 3154 3178 conﬁrment
3175 3124 3234 3177 in
3262 3125 3470 3180 fronte.

2125 3213 2253 3267 CAP.
2316 3213 2491 3267 LXXI.
2539 3241 2612 3253 —
2667 3215 2740 3266 De
2805 3213 3134 3280 presbyteris
3194 3216 3291 3280 qui
3339 3230 3443 3284 pro
3501 3215 3831 3284 baptismate

2708 3285 2893 3350 pretia
2923 3286 3233 3352 requirunt.

2196 3370 2304 3440 (Ea:
2333 3373 2491 3439 epist.
2557 3371 2765 3425 Gclasii
2806 3386 2987 3439 papae,
3023 3387 3143 3439 cap.
3194 3371 3267 3440 5.)
3298 3372 3660 3441 Baptizandis
3685 3391 3834 3428 con-

2124 3458 2534 3529 signandisque
2568 3459 2833 3511 ﬁdelibus
2863 3459 3046 3527 pretia
3075 3460 3233 3513 nulla
3263 3461 3584 3529 praeﬁgunt,
3626 3478 3731 3516 nec
3759 3464 3831 3516 il-

2122 3547 2434 3602 lationibus
2491 3547 2845 3617 quibuslibet
2902 3547 3188 3618 impositis
3242 3549 3531 3618 exagitare
3590 3551 3836 3620 cupiant

2123 3640 2485 3689 renascentes
2519 3652 2531 3689 :
2567 3636 2843 3705 quoniam
2895 3636 3048 3705 quod
3081 3636 3257 3706 gratis
3302 3638 3643 3707 accepimus,
3689 3655 3833 3709 gra-

2122 3724 2194 3778 tis
2223 3725 2358 3778 dare
2389 3723 2760 3778 mandamur.
2799 3724 2868 3777 Et
2896 3723 3025 3778 ideo
3066 3724 3211 3778 nihil
3253 3742 3286 3778 a
3334 3726 3619 3795 praedictis
3663 3743 3830 3798 pror-

2122 3829 2216 3865 sus
2255 3812 2484 3882 exigere
2530 3812 2860 3879 moliantur,
2903 3829 3018 3882 quo
3066 3813 3154 3865 vel
3206 3819 3542 3882 paupertate
3582 3821 3829 3885 cogente

2122 3899 2398 3967 deterriti,
2430 3901 2518 3954 vel
2543 3899 2937 3970 indignatione
2968 3901 3232 3966 revocati,
3267 3903 3678 3972 redemptionis
3709 3921 3831 3958 suae

2121 4003 2317 4040 causas
2351 3988 2509 4042 adire
2541 3988 2876 4058 despiciant,
2908 3994 3127 4042 certum
3170 3989 3465 4055 habentes,
3515 3991 3669 4062 quod
3724 3993 3830 4062 qui

2124 4076 2410 4146 prohibita
2441 4075 2781 4146 deprehensi
2797 4076 3012 4130 fuerint
3041 4077 3360 4144 admisisse,
3391 4080 3478 4132 vel
3521 4080 3833 4135 commissa

2121 4180 2237 4218 non
2256 4165 2445 4235 potius
2466 4181 2567 4218 sua
2598 4171 2800 4235 sponte
2827 4166 3538 4238 correxerint,periculum
3576 4169 3828 4223 subituri

2120 4252 2340 4323 proprii
2372 4253 2486 4306 sint
2515 4253 2772 4307 honoris.

2122 4340 2250 4395 CAP.
2304 4341 2505 4397 LXXII.
2554 4371 2623 4380 —
2672 4341 2754 4394 De
2790 4343 3126 4413 presbyteris
3189 4346 3286 4412 qui
3335 4347 3506 4399 veteri
3529 4346 3828 4401 chrismate

2636 4413 2919 4480 baptizare
2943 4420 3300 4482 praesumunt.

2191 4501 2300 4565 (Ea:
2329 4501 2514 4554 concil.
2550 4500 2825 4568 Lugdun.,
2855 4516 2975 4570 cap.
3032 4502 3108 4572 3.)
3154 4502 3212 4557 Si
3258 4503 3388 4573 quis
3413 4504 3482 4558 de
3535 4505 3647 4558 alio
3677 4504 3829 4559 chri-

2119 4593 2322 4655 smate,
2344 4604 2516 4659 quam
2548 4589 2618 4642 de
2637 4589 2738 4642 illo
2760 4605 2908 4643 novo
2941 4591 3092 4661 quod
3122 4592 3345 4662 proprii
3371 4591 3625 4663 episcopi
3647 4593 3824 4665 largi-

2119 4674 2274 4730 tione
2304 4675 2391 4730 vel
2423 4677 2786 4732 concessione
2840 4678 3076 4747 accepit,
3112 4679 3401 4749 baptizare
3447 4680 3558 4734 nisi
3603 4697 3824 4751 praeoc-

2117 4767 2362 4833 cupante
2391 4770 2578 4818 morte
2604 4766 2931 4831 tentaverit,
2965 4782 3070 4836 pro
3125 4767 3467 4820 temeritatis
3502 4784 3646 4821 ausu
3698 4769 3825 4839 ipse

2117 4851 2178 4905 in
2208 4868 2268 4905 se
2288 4868 2406 4906 suae
2427 4853 2814 4908 damnationis
2843 4854 3148 4923 protulisse
3177 4854 3522 4909 sententiam
3573 4858 3823 4912 manife-

2117 4944 2320 4994 statur.

2117 5029 2243 5083 CAP.
2286 5029 2514 5084 LXXIII.
2545 5057 2617 5068 ——
2652 5031 2720 5083 Ut
2752 5030 3040 5099 presbyter
3087 5032 3142 5083 in
3191 5045 3292 5083 sua
3332 5031 3487 5100 plebe
3527 5031 3642 5087 sine
3667 5036 3822 5090 chri-

2635 5106 2807 5153 smate
2832 5102 2910 5153 ire
2938 5115 3043 5154 non
3075 5101 3285 5154 debeat.

2186 5189 2296 5254 (Ea:
2325 5188 2514 5241 concil.
2577 5189 2825 5251 Vasensi,
2885 5204 3007 5257 cap.
3049 5189 3122 5257 5.)
3162 5190 3392 5244 Nullum
3453 5192 3825 5263 presbytero—

2116 5292 2247 5329 rum
2285 5275 2343 5329 in
2374 5275 2540 5345 plebe
2572 5275 2680 5329 sibi
2709 5276 3013 5330 commissa
3061 5277 3182 5331 sine
3215 5278 3518 5334 chrismate
3565 5296 3823 5352 unquam

2115 5365 2321 5418 debere
2374 5364 2667 5434 progredi,
2723 5364 2862 5435 quia
2912 5366 3062 5420 inter
3117 5383 3221 5421 nos
3267 5368 3483 5438 placuit
3536 5372 3713 5424 semel
3758 5371 3822 5426 in

2114 5453 2457 5524 baptismate
2512 5452 2832 5508 chrismari.
2890 5455 2970 5508 De
3023 5471 3091 5510 eo
3144 5460 3339 5510 autem
3379 5457 3478 5528 qui
3528 5458 3588 5511 in
3637 5459 3820 5529 bapti-

2113 5546 2293 5596 smate
2323 5556 2669 5613 quacunque
2705 5542 3046 5599 necessitate
3096 5544 3343 5599 faciente
3373 5561 3492 5600 non
3535 5546 3816 5603 chrisma-

2112 5634 2204 5685 tus
2236 5629 2429 5697 fuerit,
2461 5629 2524 5684 in
2555 5631 2990 5690 conﬁrmatione
3019 5633 3326 5690 sacerdotis
3350 5634 3700 5706 perﬁcietur.
