4380 6382
279 408 371 459 ?“
1253 406 1732 466 DECRETORUM
1774 409 1961 465 LIBRI
2001 410 2108 465 XX.
2149 439 2219 449 —-
2259 409 2472 465 LIBER
2512 410 2847 473 QUARTUS.

3677 419 3784 470 ’742

279 529 409 582 CAP.
465 530 687 584 LXXIV.
726 561 791 568 —
828 532 909 583 De
954 529 1263 603 presbytero
1313 533 1409 597 qui
1473 546 1528 584 se
1577 531 1989 600 deprehenderit
2025 535 2071 586 A
2102 531 2227 585 CAP.
2292 530 2519 586 LXXXI.
2576 534 2650 584 De
2699 531 2925 594 Judaeis,
2977 533 3236 598 quomodo
3280 538 3403 586 ante
3459 535 3785 603 baptismum

826 616 932 654 non
960 616 1069 654 esse
1096 601 1452 668 baptizatum.

346 690 467 754 (Ea)
533 690 723 743 concil.
776 689 927 758 apud
974 689 1379 758 Compendium,
1447 704 1565 757 cap.
1619 690 1697 759 5.)
1748 689 1805 744 Si
1860 689 1987 759 quis

279 778 588 848 presbyter
636 777 932 831 ordinatus
964 777 1409 847 deprehenderit
1437 793 1495 829 se
1526 793 1643 831 non
1691 793 1811 831 esse
1843 778 1989 847 bap-

280 864 551 931 ;izatum,
602 865 927 935 baptizetur
978 870 1034 918 et
1083 864 1384 918 ordinetur
1434 864 1644 919 iterum
1693 870 1750 919 et
1791 881 1987 919 omnes

280 968 432 1021 quos
464 953 632 1023 prius
662 953 994 1022 baptithvit.

279 1042 411 1093 CAP.
452 1041 644 1094 LXXV.
677 1069 747 1080 —
792 1044 865 1094 De
909 1041 1238 1108 presbyteris
1284 1041 1545 1108 quomodo
1592 1043 1650 1093 in
1699 1056 1845 1093 ccena
1898 1044 1989 1095 Do-

344 1113 497 1163 mini
521 1112 589 1164 de
617 1112 924 1175 chrismate,
957 1111 1022 1163 de
1059 1112 1168 1165 oleo
1196 1114 1548 1179 sanctificata,
1592 1112 1657 1165 de
1685 1111 1797 1166 oleo
1825 1115 1985 1180 inﬁr—

342 1196 569 1234 morum
595 1183 776 1247 facere
806 1182 1050 1234 debeant.

345 1268 477 1338 (Em
542 1270 729 1322 concit.
790 1270 1069 1335 Meldensi,
1133 1285 1253 1339 cap.
1321 1270 1384 1337 l.)
1444 1270 1515 1324 Ut
1578 1269 1874 1339 presbyter
1928 1270 1987 1324 in

280 1373 446 1410 :(Bna
482 1358 714 1411 Domini
759 1359 1041 1428 ampullas
1074 1362 1187 1411 tres
1218 1374 1408 1412 secum
1444 1357 1681 1421 deferat,
1713 1374 1886 1411 unam
1920 1358 1988 1411 ad

280 1445 560 1509 :hrisma,
605 1447 843 1499 alteram
890 1446 958 1499 ad
992 1447 1180 1500 oleum
1215 1447 1282 1499 ad
1332 1446 1769 1499 catechumenos
1814 1446 1985 1499 inun-

279 1533 527 1601 gendos,
563 1533 790 1586 tertiam
818 1533 885 1586 ad
911 1533 1191 1599 inﬁrmos,
1212 1535 1373 1603 juxta
1398 1534 1739 1587 sententiam
1760 1538 1983 1603 aposto-

292 1621 477 1687 icam,
538 1626 601 1673 ut
632 1621 859 1691 quando
890 1622 1017 1690 quis
1063 1621 1387 1675 inﬁrmatur
1418 1621 1650 1675 inducat
1691 1622 1984 1691 presbyte-

280 1724 369 1761 ros
402 1709 697 1773 Ecclesiae,
728 1714 833 1763 etc.

688 1798 814 1851 CAP.
852 1797 1065 1850 LXXVI.
1104 1825 1171 1837 —
1200 1799 1270 1850 De
1307 1797 1489 1850 eadem
1518 1813 1595 1851 re.

345 1886 472 1954 (Ea:
535 1885 723 1937 concil.
781 1884 933 1952 apud
1003 1884 1301 1948 Valentias,
1355 1900 1475 1952 cap.
1536 1885 1608 1951 2.)
1670 1884 1990 1952 Presbyteri

280 1975 373 2043 qui
438 1973 796 2026 diaecesanas
843 1972 1116 2025 Ecclesias
1163 1977 1389 2041 regunt,
1434 1987 1549 2024 non
1581 1987 1613 2024 a
1643 1971 1992 2041 quibuslibet

279 2061 595 2131 episcopis,
638 2060 733 2113 sed
765 2076 796 2111 a
825 2076 947 2125 suo,
976 2076 1080 2112 nec
1124 2076 1228 2129 per
1251 2060 1540 2127 juniorem
1573 2060 1861 2125 clericum,
1895 2060 1991 2113 sed

279 2166 380 2219 per
434 2148 683 2218 seipsos,
737 2154 836 2200 aut
884 2164 986 2216 per
1018 2148 1180 2201 illum
1228 2148 1325 2217 qui
1355 2148 1609 2216 ejusdem
1644 2148 1860 2201 ordinis
1899 2148 1988 2214 sit,

280 2243 411 2290 ante
444 2236 682 2291 Pascha;
714 2235 1135 2289 solemnitatem
1166 2236 1412 2288 chrisma
1442 2240 1657 2305 petant.

676 2324 801 2377 CAP.
839 2324 1077 2377 LXXVII.
1108 2352 1179 2362 —
1226 2326 1297 2376 De
1327 2324 1511 2377 eadem
1540 2339 1617 2377 re.

344 2414 466 2483 (Em
517 2413 706 2466 concil.
759 2411 1038 2475 Metdensi,
1088 2426 1208 2479 cap.
1248 2412 1325 2480 5.)
1378 2412 1444 2464 Ut
1475 2427 1643 2465 nemo
1693 2411 1990 2481 episcopo-

279 2518 433 2566 rum,
478 2502 573 2554 vel
622 2501 867 2570 quilibet
898 2499 1159 2552 minister
1192 2498 1604 2552 ecclesiasticus
1636 2506 1870 2569 propter
1899 2516 1993 2553 sa-

280 2606 443 2642 :rum
480 2589 740 2641 chrisma
770 2587 984 2652 aliquid
1020 2586 1273 2639 numeris
1306 2586 1567 2655 accipiat,
1597 2603 1783 2657 neque
1818 2587 1993 2640 dena-

279 2678 413 2743 rios,
475 2679 569 2729 vel
623 2678 900 2745 qumlihet
947 2675 1308 2738 munuscula,
1369 2690 1497 2744 quae
1551 2691 1654 2744 per
1702 2675 1995 2728 ministros

279 2767 702 2834 episcoporum
732 2781 765 2817 a
794 2762 1141 2833 presbyteris
1176 2762 1635 2815 inordinabillter
1666 2763 1990 2833 exiguntur.

668 2852 794 2907 CAP.
834 2851 1106 2905 LXXVIII.
1142 2880 1210 2888 —
1240 2853 1311 2903 De
1340 2850 1522 2903 eadem
1550 2866 1625 2903 re.

351 2943 475 3011 (Ex
514 2942 703 2995 concil.
747 2942 994 3005 Vasensi,
1044 2954 1164 3007 cap.
1210 2940 1314 3002 10.)
1361 2940 1469 2992 Per
1512 2939 1739 3007 singula
1769 2937 1997 2991 territo-

279 3030 364 3082 ria
415 3028 753 3099 presbyteri
807 3029 895 3080 vel
946 3026 1195 3079 ministri
1236 3027 1307 3079 ab
1351 3027 1632 3096 episcopis
1678 3043 1793 3079 non
1827 3031 1997 3097 prout

280 3118 533 3171 libitum
585 3116 762 3170 fuerit
792 3132 822 3169 a
850 3114 1240 3175 vicinioribus,
1283 3114 1377 3168 sed
1413 3131 1442 3167 a
1474 3116 1588 3167 suis
1618 3114 1865 3184 propriis
1894 3130 1995 3184 per

281 3222 477 3260 annos
530 3204 787 3273 singulos
834 3208 1037 3273 petant
1065 3203 1335 3267 chrisma,
1369 3203 1867 3272 appropinquante
1910 3219 1998 3255 so-

281 3293 594 3347 lemnitate
629 3292 905 3356 Paschali,
941 3307 1043 3344 nec
1064 3307 1165 3361 per
1189 3306 1591 3361 quemcunque
1621 3292 1796 3344 alium
1820 3307 1993 3361 quam

281 3398 382 3451 per
438 3380 673 3448 seipsos
707 3385 805 3433 aut
853 3395 957 3448 per
1006 3379 1244 3432 vicarius
1284 3380 1537 3449 ejusdem
1590 3378 1824 3445 ordinis,
1859 3379 1994 3448 quia

283 3472 648 3523 lnhonorum
698 3474 783 3520 est
811 3467 1181 3520 inferioribus
1229 3483 1455 3520 summa
1500 3467 1799 3519 committi.
1833 3467 1991 3536 Opti-

283 3575 442 3612 mum
494 3561 693 3609 autem
734 3561 821 3609 est
852 3560 916 3609 ut
968 3556 1089 3626 ipse
1138 3555 1432 3626 suscipiat,
1482 3556 1579 3625 qui
1610 3557 1667 3608 in
1715 3555 1991 3609 tradendo

285 3662 505 3699 usurus
540 3650 643 3697 est.

286 3736 405 3789 ZAP.
465 3734 686 3787 LXXIX.
752 3762 821 3771 -—
870 3735 942 3786 De
1003 3732 1333 3801 presbyteris
1377 3734 1474 3799 qui
1528 3747 1629 3800 pro
1681 3731 1992 3800 accipiendo

602 3804 893 3856 chrismate
919 3803 992 3855 ad
1022 3806 1268 3856 civitates
1292 3805 1472 3855 uenire
1501 3804 1686 3856 solent.

348 3894 463 3961 (Ea;
521 3890 715 3945 concit.
772 3890 1054 3954 Metdensi,
1088 3906 1206 3959 cap.
1260 3893 1337 3956 6.)
1370 3892 1447 3943 De
1495 3890 1842 3960 presbyteris
1892 3890 1990 3960 qui

288 3977 616 4050 iccipiendi
672 3978 995 4031 chrismatis
1052 3978 1237 4048 gratia
1290 3978 1358 4031 ad
1413 3978 1665 4032 civitates
1724 3978 1780 4031 in
1834 3994 1991 4031 came

289 4066 529 4121 )omini
575 4065 774 4119 venire
828 4065 1056 4119 solliciti
1106 4071 1288 4133 erant,
1342 4067 1619 4119 sancitum
1672 4069 1756 4119 est.
1811 4072 1874 4119 ut.
1921 4065 1990 4119 de

290 4157 363 4209 iis
398 4154 511 4225 qui
558 4154 727 4224 longe
758 4154 928 4223 positi
958 4159 1110 4221 sunt,
1146 4155 1214 4208 de
1246 4160 1372 4208 octo
1403 4155 1489 4208 vel
1518 4156 1714 4208 decem
1746 4171 1893 4208 unus
1921 4153 1991 4209 ab

292 4243 700 4297 irchidiacono
759 4242 1024 4312 eligatur,
1087 4242 1185 4312 qui
1245 4247 1534 4313 acceptum
1586 4242 1833 4296 chrisma
1884 4242 1991 4296 sibi

291 4337 327 4385 at
364 4331 545 4385 sociis
590 4329 897 4400 diligenter
928 4330 1191 4399 perferat.
1227 4330 1293 4383 Hi
1324 4347 1456 4383 vero
1489 4330 1586 4399 qui
1614 4347 1729 4383 non
1760 4328 1989 4399 longius

293 4437 305 4472 ι
336 4420 583 4472 civitate
616 4433 789 4487 quam
839 4422 1087 4487 quatuor
1120 4422 1217 4471 aut
1253 4417 1507 4488 quinque
1542 4418 1794 4472 millibus
1834 4416 1991 4471 habi-

296 4512 425 4574 ant,
482 4521 651 4560 more
706 4504 869 4559 solito
918 4506 987 4559 ad
1037 4506 1432 4575 accipiendum
1480 4505 1725 4559 chrisma
1781 4521 1885 4575 per
1931 4521 1989 4558 se

296 4596 539 4650 'eniant.
602 4593 866 4647 Discendi
895 4610 1030 4647 vero
1070 4596 1273 4664 gratia,
1321 4594 1432 4647 alio
1461 4609 1575 4647 non
1605 4593 1987 4663 Quadragesi-

295 4685 414 4737 nali
447 4689 722 4749 tempore
753 4681 824 4734 ad
855 4681 1141 4735 civitatem
1167 4687 1570 4748 convocentur,
1603 4686 1838 4752 propter
1864 4683 1987 4752 ple-

296 4789 371 4825 »es
403 4770 522 4824 sibi
555 4770 913 4824 commissas.

297 4862 401 4913 IAP.
467 4859 662 4913 LXXX.
714 4887 783 4898 —
816 4860 890 4911 De
934 4858 1242 4922 chrismate,
1294 4857 1439 4927 quod
1466 4873 1672 4927 semper
1718 4858 1815 4911 sub
1868 4872 1989 4911 sera

971 4944 1082 4983 esse
1107 4929 1314 4982 debeat.

340 5018 457 5087 (Ea:
514 5017 710 5071 concit.
772 5018 1062 5083 Turonen.,
1113 5032 1233 5086 cap.
1280 5016 1357 5087 3.)
1405 5018 1687 5070 Praeterea
1735 5019 1789 5069 et
1844 5014 1986 5070 illud

304 5104 638 5159 mnimodis
687 5104 1106 5158 observandum
1148 5108 1251 5170 est,
1296 5110 1357 5158 ut
1387 5120 1609 5158 sacrum
1653 5103 1898 5157 chrisma
1931 5108 1988 5157 et

303 5195 467 5247 leum
527 5197 931 5245 consecratum
980 5208 1208 5261 semper
1251 5192 1357 5246 sub
1403 5208 1527 5245 sera
1581 5192 1672 5259 sit,
1727 5207 1795 5244 ne
1843 5190 1986 5244 illud

306 5283 423 5336 nde
477 5280 712 5336 Christo
761 5280 1218 5349 incorporamur,
1252 5284 1309 5333 et
1343 5280 1493 5332 unde
1542 5294 1740 5332 omnes
1787 5278 1986 5331 ﬁdeles

304 5370 736 5433 mctiﬁcantur,
787 5368 939 5421 unde
968 5383 1131 5437 reges
1162 5372 1218 5420 et
1249 5367 1571 5420 sacerdotes
1600 5366 1980 5435 inunguatur,

304 5458 484 5529 liquis
536 5455 795 5510 inﬁdelis
845 5461 943 5509 aut
982 5454 1316 5509 immundus
1363 5458 1579 5520 tangat,
1633 5458 1731 5508 aut
1774 5452 1983 5522 aliquis

305 5547 539 5601 erﬁdus
588 5544 659 5597 ad
714 5542 813 5597 Dei
854 5543 1135 5613 judicium
1182 5542 1628 5597 subvertendum
1679 5539 1976 5610 subripiat,

306 5635 422 5689 uod
458 5630 868 5704 experimento
899 5629 1220 5684 didicimus.

2653 604 2962 654 examinari
2985 603 3229 655 debeant.

2168 709 2278 775 (Ea:
2307 710 2492 763 concil.
2526 709 2854 775 Agathensi,
2884 724 3001 777 cap.
3038 708 3147 777 35.)
3172 709 3351 763 Judaei
3382 726 3627 780 quorum
3654 727 3783 782 per-

2096 792 2229 846 ﬁdia
2269 794 2596 864 frequenter
2639 792 2709 845 ad
2742 793 3000 846 fomitem
3051 794 3220 860 redit,
3270 794 3316 846 si
3358 797 3429 848 ad
3469 796 3653 865 legem
3685 813 3783 850 ca-

2098 880 2366 934 tholicam
2411 882 2603 934 venire
2651 881 2955 945 voluerint,
3001 886 3126 933 octo
3172 898 3396 935 menses
3441 884 3591 935 inter
3628 889 3784 937 cate-

2096 967 2412 1021 chumenos
2458 969 2709 1021 ecclesias
2755 968 2935 1021 limen
2985 968 3290 1033 introeant,
3324 974 3379 1022 et
3423 970 3467 1022 si
3498 987 3644 1040 pura
3674 972 3784 1025 fide

2096 1054 2289 1108 venire
2322 1062 2656 1121 noscuntur,
2692 1061 2825 1109 tunc
2873 1055 3105 1109 demum
3136 1056 3493 1126 baptismatis
3541 1060 3784 1127 gratiam

2096 1154 2445 1197 mereantur.
2500 1143 2661 1207 Quod
2694 1142 2738 1196 si
2773 1159 2904 1196 casu
2936 1144 3126 1213 aliquo
3176 1145 3495 1213 periculum
3541 1146 3784 1199 inﬁrmi-

2095 1229 2228 1282 tatis
2270 1229 2421 1282 intra
2460 1228 2856 1299 praescriptum
2906 1234 3133 1299 tempus
3177 1232 3545 1297 incurrerint,
3592 1238 3650 1286 et
3679 1232 3785 1285 de—

2095 1317 2305 1386 sperati
2334 1317 2567 1383 fuerint,
2590 1317 2967 1386 baptizentur.

2096 1423 2227 1477 CAP.
2267 1422 2514 1476 LXXXII.
2580 1453 2647 1461 —
2697 1426 2767 1476 De
2811 1422 3044 1487 Judaais,
3107 1426 3169 1474 ut
3210 1424 3390 1477 nullus
3432 1428 3507 1477 eis
3562 1440 3672 1477 vim
3710 1424 3784 1477 ad

2536 1493 2859 1546 credendum
2897 1493 3083 1545 debeat
3114 1496 3338 1558 inferre.

2168 1582 2278 1649 (Ea:
2308 1582 2494 1634 concil.
2553 1583 2787 1634 Toletan.
2822 1597 2875 1632 v.
2927 1596 3047 1649 cap.
3083 1583 3196 1649 57.)
3236 1583 3307 1633 De
3337 1581 3544 1634 Iudaeis
3593 1587 3781 1635 autem

2097 1669 2205 1722 hoc
2248 1669 2520 1739 praecepit
2572 1676 2763 1722 sancta
2804 1670 3073 1738 synodus,
3131 1669 3345 1721 nemini
3401 1670 3667 1739 deinceps
3715 1671 3785 1724 ad

2098 1757 2447 1811 credendum
2491 1757 2607 1809 vim
2637 1758 2868 1811 inferre.
2904 1757 3005 1811 Cui
3037 1757 3189 1809 enim
3224 1758 3344 1810 vult
3375 1759 3521 1810 Deus
3550 1759 3783 1811 misere-

2100 1850 2210 1909 tur,
2254 1850 2310 1897 et
2366 1860 2539 1914 quem
2587 1846 2707 1898 vult
2753 1846 3003 1897 indurat.
3056 1846 3176 1897 Non
3229 1845 3381 1897 enim
3431 1846 3571 1897 tales
3621 1846 3785 1897 inviti

2098 1932 2353 1985 salvandi
2394 1938 2546 1996 sunt,
2580 1933 2677 1986 sed
2726 1933 2999 1997 volentes,
3032 1937 3095 1984 ut
3124 1933 3348 2001 integra
3390 1932 3461 1984 sit
3490 1932 3671 1985 forma
3696 1936 3787 2001 ju-

2098 2020 2283 2073 stitize.
2321 2019 2477 2072 Sicut
2509 2020 2679 2072 homo
2706 2020 2940 2089 propria
2969 2019 3189 2072 arbitrii
3215 2020 3502 2073 voluntate
3534 2020 3787 2089 serpenti

2100 2110 2375 2163 obediens
2432 2110 2623 2179 periit,
2654 2109 2731 2162 sic
2779 2114 3014 2161 vocante
3063 2125 3120 2161 se
3164 2110 3345 2175 gratia
3394 2109 3491 2161 Dei
3539 2109 3784 2178 propriae

2099 2198 2310 2251 mentis
2335 2198 2707 2251 conversione
2736 2198 2908 2250 homo
2936 2197 3176 2266 quisque
3204 2197 3489 2249 credendo
3518 2197 3783 2250 salvatur.

2100 2288 2245 2356 Ergo
2279 2302 2392 2339 non
2425 2286 2498 2351 vi,
2532 2285 2629 2339 sed
2671 2285 2849 2339 libera
2880 2285 3098 2337 arbitrii
3144 2285 3432 2351 facultate,
3473 2289 3535 2337 ut
3562 2301 3789 2338 conver-

2098 2379 2295 2427 tantur
2347 2373 2599 2426 salvandi
2651 2376 2803 2438 sunt,
2854 2388 2969 2425 non
3019 2373 3211 2442 potius
3271 2372 3623 2441 impellendi.
3682 2372 3790 2435 Qui

2100 2466 2289 2514 autem
2334 2461 2687 2530 jampridem
2740 2462 2808 2514 ad
2866 2460 3347 2514 Christianitatem
3402 2460 3579 2513 coacti
3636 2465 3787 2525 sunt,

2101 2549 2245 2602 sicut
2293 2549 2504 2601 factum
2558 2554 2643 2602 est
2670 2550 3025 2618 temporibus
3061 2548 3469 2617 religiosissimi
3516 2547 3791 2617 principis

2101 2637 2418 2702 Sisenandi,
2454 2637 2589 2705 quia
2624 2637 2747 2705 jam
2788 2642 3010 2689 constat
3042 2652 3136 2688 eos
3169 2636 3537 2688 sacramentis
3583 2636 3790 2689 divinis

2104 2725 2423 2789 associatos,
2475 2729 2529 2777 et
2560 2724 2826 2793 baptismi
2873 2724 3115 2793 gratiam
3150 2724 3482 2792 suscepisse,
3528 2728 3583 2776 et
3610 2724 3788 2776 chris-

2105 2818 2252 2865 mate
2298 2818 2497 2866 unctos
2554 2828 2693 2879 esse,
2740 2818 2796 2865 et
2839 2812 3089 2881 corporis
3132 2812 3358 2865 Domini
3398 2817 3452 2865 et
3496 2812 3789 2879 sanguinis

2103 2899 2380 2953 exstitisse
2432 2899 2755 2970 participes,
2799 2903 3027 2967 oportet
3078 2904 3139 2952 ut
3168 2899 3337 2951 ﬁdem
3393 2900 3565 2951 etiam
3613 2915 3787 2968 quam

2102 2989 2155 3040 vi
2195 2988 2282 3041 vel
2329 2988 2662 3041 necessitate
2713 2991 3098 3056 susceperant,
3132 2993 3324 3039 tenere
3372 2990 3669 3055 cogantur,
3715 3002 3787 3039 ne

2028 3077 2068 3131 C
2105 3090 2320 3128 nomen
2366 3074 2594 3127 Domini
2624 3074 3067 3142 blasphemetur,
3100 3074 3357 3142 fidesque
3398 3089 3569 3143 quam
3601 3089 3787 3127 susce-

2102 3168 2313 3232 perunt
2342 3162 2465 3215 vilis
2496 3178 2559 3216 ac
2587 3162 3035 3232 contemptibilis
3066 3162 3363 3215 habeatur.

2103 3269 2229 3324 CAP.
2276 3269 2539 3323 LXXXIII.
2580 3297 2650 3307 —
2683 3270 2749 3321 Ut
2793 3268 3113 3321 Judaeorum
3157 3269 3261 3334 ﬁlii
3310 3267 3576 3335 baptizati
3606 3268 3672 3320 ab
3700 3282 3785 3321 eo-

2466 3354 2586 3392 rum
2613 3341 2873 3392 consortio
2899 3340 3150 3407 separari
3181 3339 3423 3391 debeant.

2173 3427 2280 3496 (E'c
2309 3427 2422 3481 eod.
2468 3443 2520 3491 v,
2553 3442 2672 3495 cap.
2710 3428 2822 3496 60.)
2854 3426 3187 3479 Iudaeorum
3237 3426 3383 3478 ﬁlios
3412 3426 3496 3478 vel
3527 3425 3669 3478 tilias
3695 3426 3789 3478 ba-

2098 3516 2362 3584 ptizatos,
2412 3531 2483 3568 ne
2514 3520 2818 3584 parentum
2871 3516 3021 3567 ultra
3066 3514 3433 3567 involvantur
3481 3514 3787 3580 erroribus,

2099 3602 2168 3655 ab
2200 3618 2401 3655 eorum
2447 3602 2731 3654 consortio
2765 3602 3019 3670 separari
3063 3600 3443 3665 decernimus,
3487 3600 3787 3669 deputatus

2098 3696 2197 3743 aut
2226 3690 2603 3753 monasteriis,
2654 3695 2754 3742 aut
2810 3688 3144 3743 Christianis
3192 3688 3345 3755 viris,
3381 3692 3478 3741 aut
3526 3688 3788 3740 mulieri-

2097 3778 2202 3831 bus
2235 3779 2413 3831 Deum
2458 3777 2810 3843 timentibus,
2854 3782 2918 3830 ut
2959 3776 3064 3829 sub
3112 3792 3311 3830 eorum
3360 3776 3786 3829 conversatione

2099 3868 2311 3920 cultum
2342 3866 2475 3919 ﬁdei
2508 3866 2746 3930 discant,
2780 3872 2952 3935 atque
2984 3865 3042 3917 in
3078 3865 3280 3918 melius
3318 3864 3636 3930 constituti,
3669 3868 3785 3917 tam

2099 3955 2158 4008 in
2191 3953 2448 4008 moribus
2479 3969 2648 4024 quam
2676 3955 2734 4006 in
2766 3954 2875 4007 ﬁde
2906 3953 3221 4022 proﬁciant.

2102 4061 2227 4115 CAP.
2283 4060 2545 4114 LXXXIV.
2580 4087 2647 4097 —
2694 4060 2758 4112 Ut
2805 4060 2957 4111 nulla
2994 4060 3290 4111 communio
3320 4057 3395 4111 sit
3439 4056 3673 4109 Hebraris
3712 4055 3787 4107 ad

2166 4132 2331 4196 ﬁdem
2380 4131 2746 4185 Christianam
2793 4130 3075 4182 translatis
3125 4144 3242 4181 cum
3273 4130 3399 4181 aliis
3431 4128 3666 4181 nondum
3698 4126 3787 4178 ba-

2165 4203 2416 4271 ptizatis.

2171 4308 2288 4375 (Ea:
2317 4305 2429 4361 eod.
2459 4322 2511 4370 v,
2536 4320 2657 4373 cap.
2683 4304 2795 4373 62.)
2823 4304 2983 4373 Saepe
3004 4304 3283 4357 malorum
3306 4302 3593 4356 consortia
3614 4302 3784 4355 etiam

2099 4396 2275 4449 bonos
2317 4398 2713 4463 corrumpunt,
2770 4400 2982 4462 quanto
3040 4392 3223 4461 magis
3262 4408 3359 4444 eos
3405 4391 3504 4461 qui
3534 4390 3602 4444 ad
3649 4390 3784 4442 vitia

2098 4483 2266 4554 proni
2295 4484 2474 4536 sunt?
2506 4483 2666 4535 Nulla
2693 4481 2871 4550 igitur
2900 4482 3048 4533 ultra
3072 4478 3398 4533 communio
3431 4480 3504 4531 sit
3537 4478 3785 4533 Hebraeis

2098 4572 2169 4625 ad
2198 4570 2371 4625 ﬁdem
2420 4570 2800 4624 Christianam
2845 4568 3136 4622 translatis
3176 4583 3303 4620 cum
3350 4566 3437 4619 his
3467 4566 3565 4636 qui
3600 4566 3784 4619 adhuc

2097 4660 2157 4713 in
2187 4658 2365 4712 veteri
2412 4659 2527 4712 ritu
2576 4657 2911 4721 consistunt,
2946 4672 3017 4709 ne
3061 4656 3205 4709 forte
3236 4670 3433 4707 eorum
3480 4654 3786 4723 participa-

2096 4747 2251 4801 tione
2291 4747 2713 4801 subvertantur.
2758 4745 3090 4815 Quicunque
3135 4744 3310 4814 igitur
3341 4743 3547 4797 amodo
3598 4759 3661 4797 ex
3696 4741 3784 4795 his

2097 4835 2196 4906 qui
2226 4834 2497 4905 baptizati
2546 4839 2680 4888 sunt
2722 4832 3040 4887 inﬁdelium
3070 4832 3359 4886 consortia
3409 4848 3526 4886 non
3571 4832 3784 4885 vitave-

2096 4924 2231 4990 rint,
2263 4929 2321 4976 et
2352 4923 2411 4976 hi
2438 4922 2771 4977 Christianis
2799 4922 3107 4987 donentur,
3144 4926 3202 4976 et
3229 4921 3309 4974 illi
3339 4921 3583 4991 publicis
3613 4919 3782 4974 credi-

2094 5011 2201 5065 bus
2229 5010 2598 5080 deputentur.

2219 5099 2345 5154 CAP.
2376 5099 2605 5153 LXXXV.
2642 5127 2713 5138 —
2739 5101 2809 5152 De
2835 5097 3053 5152 Judavis
3083 5100 3179 5166 qui
3208 5100 3658 5166 apostataverint.

2165 5189 2275 5255 (Em
2307 5186 2486 5242 eodem
2552 5187 2771 5239 concilio
2824 5202 2873 5251 v,
2923 5201 3043 5254 cap.
3101 5185 3212 5252 59.)
3264 5185 3528 5255 Plerique
3575 5183 3674 5253 qui
3720 5199 3786 5237 ex

2092 5275 2300 5329 Iudaeis
2344 5275 2562 5328 dudum
2612 5274 2681 5327 ad
2716 5273 3093 5327 Christianam
3144 5273 3314 5326 ﬁdem
3356 5272 3603 5340 premoti
3631 5275 3778 5336 sunt,

2095 5379 2245 5417 nunc
2275 5363 2738 5432 blasphemantes
2787 5360 3093 5424 Christum,
3140 5374 3256 5411 non
3286 5358 3470 5409 solum
3517 5355 3784 5410 Iudaicos

2090 5451 2235 5504 ritus
2283 5454 2641 5520 perpetrasse
2694 5453 3029 5512 noscuntur,
3092 5446 3187 5499 sed
3233 5444 3400 5497 etiam
3452 5448 3511 5498 et
3556 5444 3784 5498 abomi-

2090 5537 2311 5591 nandas
2332 5535 2790 5590 circumcisiones
2811 5548 3068 5587 exercere
3092 5534 3424 5586 noscuntur.
3452 5533 3532 5585 De
3551 5530 3783 5602 quibus,

2090 5626 2354 5679 consultu
2388 5622 2631 5693 piissimi
2662 5638 2724 5676 ac
2771 5619 3187 5691 religiosissimi
3216 5618 3440 5675 domini
3486 5618 3665 5676 nostri
3694 5619 3786 5674 Si-
