3966 6418
311 381 418 436 ’743

1387 376 1789 432 BURCHABDI
1827 375 2363 432 WORMACIENSIS
2403 375 2737 432 EPISCOPI.

3716 379 3830 431 744

313 498 556 554 senandi
602 496 778 566 regis,
827 496 936 549 hoc
983 501 1245 549 sanctum
1293 494 1543 549 decrevit
1572 493 1903 557 concilium,
1950 495 2015 545 ut
2044 496 2090 548 A
2126 493 2366 546 ternitas
2399 494 2727 563 expulisset,
2769 493 2904 546 etin
2927 493 3103 547 alium
3132 494 3322 546 locum
3346 509 3450 563 pro
3479 495 3735 549 colendis
3762 496 3836 548 si-

312 586 649 657 hujusmodi
691 591 1146 653 transgressores
1174 583 1488 653 pontiﬁcali
1517 581 1856 636 auctoritate
1883 596 2008 633 cor.

312 675 452 729 recti
492 675 561 728 ad
611 674 828 726 cultum
875 671 1182 726 Christiani
1229 670 1514 739 dogmatis
1563 673 1916 734 revocentur,
1951 672 2016 720 ut

314 780 458 835 quos
499 763 762 816 voluntas
811 760 1049 830 propria
1096 775 1214 812 non
1263 758 1550 824 emendat,
1598 756 2014 810 animadversio

315 849 683 906 sacerdotalis
729 853 1006 902 coerceat.
1062 847 1168 900 Eos
1215 851 1406 900 autem
1457 861 1601 915 quos
1647 845 2015 898 circumcide-

314 945 472 1008 ruut,
499 939 546 992 si
577 939 684 992 ﬁlii
715 953 914 991 eorum
947 942 1099 1000 sunt,
1129 952 1157 989 a
1187 939 1496 1004 parentum
1535 935 1817 987 consortio
1849 949 2011 1003 sepa-

312 1033 534 1091 rentur,
588 1027 635 1079 si
688 1025 834 1079 servi
892 1041 995 1095 pro
1044 1022 1258 1092 injuria
1310 1021 1566 1093 corporis
1619 1020 1706 1074 sui
1758 1020 2014 1075 libertati

313 1116 643 1170 tradantur.

561 1203 689 1256 CAP.
724 1200 983 1255 LXXXVI.
1011 1229 1080 1237 —-
1113 1200 1192 1252 De
1221 1200 1391 1252 cervis
1417 1198 1759 1252 Judaaorum.

382 1293 500 1362 (Em
529 1291 706 1344 eodem
735 1305 853 1355 xm,
887 1303 1006 1356 cap.
1055 1287 1126 1354 9.)
1163 1288 1306 1340 Item
1341 1292 1403 1339 ut
1432 1287 1480 1338 si
1505 1287 1834 1340 Judaaorum
1863 1284 2011 1338 servi

311 1381 553 1434 necdum
587 1376 855 1430 conversi
901 1375 974 1429 ad
1020 1374 1228 1428 Christi
1262 1374 1507 1444 gratiam
1556 1373 2007 1440 convolaverint,

309 1467 559 1523 libertati
590 1467 898 1519 donentur.

311 1558 435 1611 CAP.
497 1554 918 1609 LXXXVII.——‘-
970 1554 1043 1604 De
1090 1553 1379 1619 mancipiis
1421 1550 1730 1604 Iudaeorum
1781 1565 1900 1619 quae
1938 1549 2012 1602 ad

809 1625 1138 1692 baptismum
1164 1624 1508 1688 confugiunt.

379 1713 497 1785 (Ea:
530 1713 716 1767 concil.
749 1712 901 1780 apud
947 1713 1271 1776 Arvernen.,
1312 1725 1432 1778 cap.
1473 1710 1585 1776 30.)
1623 1709 1775 1762 Licet
1806 1708 2010 1778 priori-

309 1804 416 1857 bus
445 1802 762 1855 canonibus
802 1801 926 1870 jam
971 1799 1148 1852 fuerit
1175 1798 1479 1851 deﬁnitum
1512 1803 1575 1850 ut
1605 1799 1671 1850 de
1708 1797 2012 1866 mancipiis

308 1891 549 1962 paganis
583 1905 710 1960 quae
741 1888 893 1959 apud
922 1887 1152 1940 Judaaos
1182 1891 1318 1938 sunt
1349 1885 1396 1938 si
1426 1885 1493 1938 ad
1542 1885 1837 1938 ecclesiam
1867 1900 2011 1937 con-

307 1981 582 2048 fugerint,
615 1983 670 2032 et
698 1976 1052 2046 baptismum
1084 1973 1375 2043 petierint,
1409 1973 1584 2026 etiam
1614 1973 1683 2026 ad
1721 1988 2009 2043 quoscun-

308 2085 420 2139 que
461 2067 810 2122 Christianos
859 2063 1199 2133 refugerint,
1250 2066 1441 2114 taxato
1473 2067 1529 2114 et
1575 2061 1766 2114 oblato
1813 2077 1845 2113 a
1875 2061 2010 2114 ﬁde-

307 2157 456 2209 libus
479 2155 635 2224 justo
660 2151 869 2223 pretio,
893 2151 962 2203 ab
990 2165 1192 2203 eorum
1223 2148 1482 2202 dominio
1513 2148 1849 2213 liberentur,
1879 2148 2007 2202 ideo

309 2243 611 2297 statuimus
658 2241 787 2305 hoc,
819 2244 883 2292 ut
925 2244 1043 2291 tam
1067 2239 1223 2308 justa
1253 2237 1580 2291 constitutio
1631 2237 1702 2291 ab
1742 2237 2010 2290 omnibus

309 2331 603 2384 catholicis
633 2329 986 2381 observetur.

310 2420 439 2472 CAP.
502 2417 814 2472 LXXXVIII.
883 2444 952 2454 —
1017 2416 1152 2468 Item
1190 2414 1255 2467 de
1314 2415 1605 2482 mancipiis
1671 2414 2006 2480 Judseorum,

379 2494 474 2542 aut
539 2489 866 2544 Christianis
924 2491 1019 2539 aut
1074 2485 1149 2537 ad
1201 2485 1372 2556 ﬁdem
1421 2486 1792 2540 Christianam
1829 2487 2010 2538 venire

380 2558 833 2613 desiderantibus.

382 2647 503 2714 (Ex
547 2646 733 2699 concil.
767 2645 1072 2708 Matiscen.,
1122 2658 1239 2711 cap.
1280 2643 1388 2712 l6.)
1437 2643 1710 2696 Praesenti
1748 2643 2006 2709 concilio,

310 2734 425 2788 Deo
454 2740 706 2801 auctore,
735 2732 1020 2786 sancimus
1050 2736 1110 2784 ut
1141 2731 1368 2785 nullum
1412 2731 1802 2785 Christianum
1841 2748 2008 2785 man-

310 2823 524 2892 cipium
554 2824 750 2877 ]υάωο
782 2822 1051 2886 deinceps
1098 2821 1324 2888 serviat,
1361 2820 1458 2874 sed
1489 2820 1635 2873 datis
1682 2837 1786 2889 pro
1818 2821 2007 2890 quoli-

307 2912 403 2965 bet
430 2912 583 2965 bono
635 2910 918 2980 mancipio
948 2909 1252 2964 duodecim
1297 2909 1514 2974 solidis,
1549 2908 1740 2978 ipsum
1791 2909 2010 2962 manci-

308 2999 470 3070 pium
492 2999 820 3070 quicunque
847 2997 1325 3064 Christianorum,
1352 3013 1447 3050 seu
1471 2997 1540 3050 ad
1562 2996 2007 3066 ingenuitatem,

313 3105 413 3142 seu
446 3089 517 3142 ad
565 3087 861 3141 servitium
910 3085 1198 3140 licentiam
1232 3084 1441 3138 habeat
1487 3084 1833 3150 redimendi,
1875 3091 1931 3138 et
1963 3084 2010 3137 si

312 3177 704 3231 Christianum
750 3173 876 3228 ﬁeri
926 3173 1213 3228 desiderat
1241 3177 1298 3226 et
1343 3189 1461 3226 non
1509 3173 1883 3240 permittitur,
1927 3172 2010 3226 si-

311 3265 526 3320 militer
571 3263 740 3317 faciat
771 3279 784 3315 :
815 3262 951 3333 quia
986 3262 1142 3316 nefas
1184 3267 1264 3315 est
1293 3268 1358 3314 ut
1387 3261 1542 3331 quod
1590 3261 1845 3315 Christus
1895 3261 2009 3314 Do-

311 3353 503 3406 minus
533 3349 829 3420 sanguinis
860 3349 947 3401 sui
995 3347 1272 3402 effusione
1300 3349 1566 3413 redemit,
1607 3349 2004 3419 blasphemum

309 3440 643 3494 Christianas
709 3437 1003 3507 religionis
1061 3437 1121 3490 in
1174 3436 1413 3490 vinculis
1475 3443 1691 3491 tenere.
1740 3437 1901 3500 Quod
1961 3435 2009 3489 si

309 3529 667 3599 acquiescere
715 3527 806 3580 his
856 3541 986 3596 quae
1038 3525 1345 3579 statuimus
1394 3525 1726 3596 quicunque
1776 3524 2007 3579 Judaaus

307 3617 582 3684 noluerit,
629 3614 888 3686 quandiu
937 3614 1005 3668 ad
1053 3614 1361 3684 pecuniam
1411 3613 1777 3667 constitutam
1813 3614 2006 3669 venire

307 3705 612 3773 distulerit,
663 3705 830 3757 liceat
875 3702 1229 3772 mancipium
1270 3701 1459 3772 ipsum
1491 3718 1623 3756 cum
1670 3702 2006 3757 Christianis

306 3795 637 3863 ubicunque
671 3791 914 3846 voluerit
942 3789 1222 3844 habitare.

309 3883 432 3937 CAP.
479 3881 734 3936 LXXXIX.
768 3909 836 3918 ——
882 3881 957 3933 De
988 3879 1098 3932 illis
1144 3880 1240 3946 qui
1271 3877 1337 3930 de
1369 3879 1561 3932 haeresi
1604 3877 1678 3932 ad
1723 3877 1885 3946 ﬁdem
1921 3894 2002 3932 ve—

907 3952 1027 4002 nire
1066 3949 1401 4004 desiderant.

377 4042 488 4098 (Ea:
535 4040 720 4094 concil.
753 4039 1087 4104 Arelatens.,
1123 4053 1240 4106 cap.
1266 4037 1342 4107 9.)
1389 4036 1446 4091 Si
1475 4037 1547 4091 ad
1579 4037 1875 4091 ecclesiam
1906 4037 2006 4091 ali-

307 4130 437 4200 quis
469 4131 538 4184 de
567 4127 775 4182 haeresi
821 4128 1054 4192 venerit,
1093 4127 1450 4197 interrogent
1490 4143 1624 4181 eum
1659 4127 1728 4182 de
1773 4125 1998 4197 Symbo-

306 4219 383 4284 lo,
419 4224 478 4272 et
525 4217 572 4271 si
603 4217 854 4271 viderint
899 4232 1028 4270 eum
1063 4215 1127 4268 iu
1171 4217 1354 4282 Patre,
1389 4220 1445 4269 et
1492 4215 1655 4281 Filio,
1688 4221 1746 4269 et
1789 4214 2003 4285 Spiritu

306 4311 502 4360 sancto
547 4322 668 4358 esse
713 4304 1085 4374 baptizatum,
1135 4319 1338 4356 manus
1383 4303 1434 4356 ei
1481 4308 1704 4358 tantum
1735 4302 2000 4373 impoua-
2030 4323 2075 4378 ι)

304 4400 419 4460 tur,
454 4401 514 4448 ut
544 4394 784 4464 accipiat
811 4393 1090 4463 Spiritum
1121 4397 1404 4446 sanctum.

305 4503 429 4557 CAP.
479 4502 583 4556 XC.
630 4532 698 4540 —
749 4501 829 4554 De
865 4501 1090 4565 Iudaeis,
1142 4501 1193 4553 si
1237 4500 1610 4554 Christianum
1661 4499 2004 4567 mancipium

923 4571 1378 4636 circumciderint,

375 4659 485 4727 (Ea:
513 4660 698 4713 consil.
751 4659 904 4728 apud
938 4658 1230 4725 Theogonis
1280 4658 1470 4710 villam
1511 4656 1718 4719 habito,
1768 4671 1888 4724 cap.
1921 4654 2002 4725 4.)

302 4747 360 4802 Si
387 4747 515 4818 quis
564 4747 892 4800 Judaaorum
924 4745 1308 4801 Christianum
1355 4744 1729 4814 mancipium,
1780 4744 1870 4796 vel
1899 4759 2002 4797 cu-

298 4835 536 4906 juslibet
593 4840 758 4888 secta:
797 4834 1050 4900 alterius,
1093 4833 1299 4887 emerit
1354 4838 1409 4886 et
1473 4831 1912 4900 circumciderit,
1969 4849 2004 4886 a

299 4924 484 4979 Judaei
542 4923 723 4994 ipsius
782 4928 1062 4994 potestate
1115 4922 1373 4976 sublatus
1431 4921 1494 4974 in
1543 4921 1809 4976 libertate
1865 4936 2004 4990 per-

186 5023 196 5037 ‘
301 5017 550 5068 maneat.

301 5103 429 5157 CAP.
482 5102 609 5155 XCI.
642 5130 710 5140 —
740 5101 883 5166 Quid
929 5105 1148 5155 sanctus
1184 5100 1476 5224 Gregorius
1525 5098 1591 5152 de
1626 5098 1830 5153 Judaeis
1857 5113 2001 5168 pre-

1039 5187 1214 5224 ceneri
1249 5212 1259 5222 .

1039 5187 1259 5241 ceperit.

370 5260 482 5331 (Ea:
529 5275 644 5328 reg.
709 5259 868 5326 Greg.
929 5259 1005 5312 ad
1060 5257 1324 5311 Joannem
1386 5257 1822 5310 Terracinensem
1879 5258 2003 5324 epi—

298 5347 565 5417 scopum.)
631 5347 844 5416 Joseph
907 5345 1282 5416 praesentium
1343 5343 1492 5397 lator
1557 5343 1792 5398 Iudaeus
1855 5343 2004 5397 insi—

300 5436 501 5490 nuavit
529 5435 693 5490 nobis
723 5435 792 5488 de
832 5435 960 5488 loco
987 5433 1261 5504 quodam,
1293 5432 1352 5485 in
1383 5447 1498 5501 quo
1531 5431 1605 5484 ad
1635 5431 2005 5486 celebrandas

300 5523 633 5578 festivitates
681 5539 813 5577 suas
850 5523 1037 5578 Judaei
1084 5523 1145 5576 in
1193 5520 1592 5576 Terracinensi
1637 5524 1822 5573 castro
1862 5534 2004 5573 con—

303 5612 567 5666 sistentes
601 5612 906 5666 convenire
955 5613 1390 5675 consueverant,
1441 5610 1596 5680 quod
1624 5612 1724 5663 tua
1752 5624 1850 5663 eos
1888 5608 2004 5663 fra-

2127 581 2342 635 militer
2397 582 2796 634 festivitatibus
2853 581 2992 650 suis,
3046 586 3100 635 te
3156 598 3385 651 quoque
3437 589 3728 650 noscente,
3777 588 3837 637 et

2126 668 2520 722 consentiente
2571 669 2967 737 migraveriut,
3019 675 3076 722 et
3123 685 3276 722 nunc
3331 670 3401 724 de
3447 672 3650 725 eodem
3706 673 3834 726 loco

2126 757 2298 810 etiam
2357 756 2566 826 expelli
2614 773 2672 810 se
2728 757 2916 810 denuo
2973 763 3429 827 conqueruntur.
3477 760 3638 823 Quod
3670 761 3716 814 si
3753 763 3837 814 ita

2125 849 2227 910 est,
2276 846 2541 898 volumus
2578 851 2678 898 tua
2719 845 3048 898 fraternitas
3098 848 3167 898 ab
3205 846 3536 916 hujusmodi
3580 865 3637 900 se
3683 866 3827 920 que-

2124 934 2244 985 rela
2299 933 2632 1003 suspendat,
2681 937 2738 987 et
2785 933 2910 987 loco
2963 949 3172 1004 quem,
3221 934 3367 987 sicut
3413 936 3829 1005 praediximus,

2123 1036 2254 1074 cum
2281 1026 2379 1073 tua
2428 1020 2776 1074 conscientia
2808 1037 2923 1092 quo
2969 1028 3415 1092 congregentur,
3450 1024 3641 1094 adepti
3671 1031 3826 1091 sunt,

2124 1124 2241 1174 eos,
2283 1109 2428 1162 sicut
2479 1125 2603 1162 mos
2646 1109 2774 1174 fuit,
2837 1110 3051 1163 ibidem
3106 1110 3273 1163 liceat
3320 1113 3658 1165 convenire.
3717 1115 3830 1166 Hos

2123 1197 2300 1262 enim,
2351 1198 2515 1267 quia
2563 1197 2885 1251 Christiana
2933 1198 3213 1268 religione
3265 1199 3610 1267 discordant,
3662 1217 3826 1255 man-

2121 1285 2466 1352 suetudine,
2524 1285 2881 1354 benignitate
2938 1287 3340 1354 admonendo,
3396 1289 3708 1354 suadendo,
3753 1289 3826 1343 ad

2121 1373 2401 1427 unitatem
2434 1373 2566 1426 ﬁdei
2600 1389 2829 1428 necesse
2875 1378 2956 1426 est
2987 1390 3362 1444 congregare,
3410 1391 3481 1429 ne
3513 1393 3658 1446 quos
3689 1377 3824 1430 dul-

2121 1461 2259 1515 cedo
2289 1461 2733 1530 przedicationis,
2760 1468 2817 1515 et
2846 1467 3174 1531 praeventus
3204 1463 3382 1516 futuri
3406 1464 3616 1533 judicis
3640 1469 3826 1518 terror

2121 1550 2192 1602 ad
2227 1550 2581 1603 credendum
2634 1549 2876 1604 invitare
2921 1555 3168 1620 poterat,
3218 1552 3389 1604 minis
3421 1558 3477 1606 et
3507 1554 3825 1608 terroribus

2121 1639 2491 1707 repellantur.
2544 1638 2776 1707 Oportet
2831 1653 2967 1708 ergo
3017 1643 3084 1692 ut
3127 1639 3196 1692 ad
3252 1640 3602 1694 audiendum
3658 1642 3728 1695 de
3768 1646 3822 1695 te

2121 1726 2359 1779 verbum
2405 1726 2507 1780 Dei
2559 1727 2806 1795 benigne
2854 1728 3217 1793 conveniant,
3271 1745 3444 1798 quam
3487 1730 3823 1784 austeritate

2121 1831 2247 1885 quae
2277 1831 2450 1884 supra
2479 1814 2719 1868 modum
2752 1815 3099 1880 extenditur,
3134 1822 3531 1886 expavescant.

2121 1920 2247 1973 CAP.
2298 1920 2454 1974 XCII.
2505 1950 2573 1993 e
2626 1919 2709 1993 De
2735 1921 2848 1973 illis
2907 1920 3225 1993 baptizatis,
3282 1925 3379 1990 qui
3429 1938 3530 1990 pro
3578 1925 3822 1993 periculo

2389 1992 2580 2044 mortis
2610 2005 2644 2043 a
2673 1990 2992 2044 diaconibus
3021 1993 3291 2061 baptizati
3314 1995 3543 2059 fuerint.

2192 2097 2313 2166 (Ea:
2361 2098 2551 2150 concit.
2611 2099 2893 2164 Turonico,
2946 2114 3066 2166 cap.
3114 2097 3192 2168 3.)
3251 2098 3310 2152 Si
3362 2099 3490 2170 quis
3549 2099 3825 2154 diaconus

2118 2200 2326 2254 regens
2357 2184 2604 2254 plebem,
2640 2184 2762 2238 sine
2793 2185 3060 2256 episcopo
3090 2186 3175 2239 vel
3206 2187 3558 2257 presbytero,
3596 2189 3824 2258 aliquos

2117 2287 2222 2341 pro
2254 2272 2508 2341 periculo
2554 2272 2755 2326 mortis
2799 2273 3196 2342 baptizaverit,
3247 2274 3546 2345 episcopus
3579 2291 3675 2329 eos
3713 2291 3823 2346 per

2116 2359 2580 2414 benedictionem
2624 2365 2679 2414 et
2707 2362 3199 2416 confirmationem
3252 2364 3526 2432 perﬁcere
3566 2364 3819 2418 debebit.

2119 2448 2276 2512 Quod
2331 2448 2378 2500 si
2421 2453 2551 2501 ante
2606 2449 2675 2502 de
2741 2451 2948 2503 saeculo
2997 2451 3314 2519 recesserit,
3377 2452 3482 2506 sub
3529 2451 3642 2506 ﬁde
3705 2468 3826 2522 qua

2119 2536 2368 2607 quisque
2395 2537 2595 2602 credit,
2629 2538 2840 2607 poterit
2870 2555 2990 2592 esse
3013 2539 3232 2610 justus.,

2121 2643 2248 2697 CAP.
2280 2643 2462 2697 XCIII.
2511 2674 2580 2683 —
2612 2645 2694 2697 De
2724 2645 2836 2698 illis
2893 2647 2990 2712 qui
3024 2646 3365 2713 presbyteros
3413 2651 3607 2714 cogunt
3653 2647 3826 2700 dena-

2613 2717 2723 2769 rios
2755 2730 2860 2784 pro
2891 2717 3130 2770 balsamo
3161 2717 3312 2770 dare.

2192 2819 2314 2887 (Ea:
2365 2820 2553 2873 concil.
2619 2820 2931 2886 Cavalton.,
2992 2837 3114 2891 cap.
3175 2822 3250 2892 5.)
3312 2821 3557 2885 Quidam
3613 2822 3824 2876 fratres

2119 2908 2389 2961 dixerunt
2461 2909 2893 2962 consuetudinis
2967 2911 3220 2980 antiquae
3274 2910 3447 2964 fuisse
3501 2910 3564 2964 in
3614 2927 3824 2964 eorum

2123 2996 2401 3063 Ecclesiis,
2451 3001 2515 3050 ut
2567 3013 2671 3066 pro
2726 2997 2980 3052 balsamo
3025 2999 3267 3052 emendo
3316 2999 3388 3052 ad
3435 2999 3684 3052 chrisma
3726 3000 3824 3054 fa-

2120 3076 2410 3152 ciendum,
2446 3085 2562 3139 sive
2602 3102 2708 3155 pro
2741 3086 3124 3140 luminaribus
3155 3087 3416 3140 Ecclesiee
3464 3089 3822 3142 concinnan-

2119 3173 2226 3238 dis,
2287 3173 2452 3226 binos
2507 3174 2594 3227 vel
2653 3179 2963 3244 quaternos
3020 3174 3289 3228 denarios
3341 3175 3659 3245 presbyteri
3714 3177 3822 3230 da-

2117 3265 2262 3315 rent.
2302 3263 2458 3315 Uude
2506 3277 2708 3316 omnes
2739 3279 2852 3315 uno
2885 3278 3165 3316 consensu
3209 3265 3529 3328 statuimus,
3565 3269 3629 3317 ut
3669 3264 3825 3318 sicut

2116 3366 2220 3420 pro
2269 3349 2600 3404 dedicandis
2652 3349 2924 3415 basilicis,
2974 3355 3032 3404 et
3078 3350 3280 3404 dandis
3327 3350 3624 3405 ordinibus
3671 3353 3822 3406 nihil

2117 3439 2510 3509 accipiendum
2560 3443 2663 3504 est,
2713 3439 2792 3492 ita
2823 3439 2996 3492 etiam
3041 3455 3146 3509 pro
3184 3441 3439 3494 balsamo
3471 3441 3586 3494 sive
3636 3441 3821 3495 lumi-

2116 3528 2350 3582 naribus
2378 3527 2637 3582 emendis
2683 3527 2827 3581 nihil
2875 3528 3194 3598 presbyteri
3226 3529 3475 3582 chrisma
3523 3531 3822 3599 accepturi

2115 3619 2272 3672 dent.
2323 3616 2583 3687 Episcopi
2629 3615 2823 3685 itaque
2873 3617 2941 3670 de
2973 3617 3235 3671 Ecclesiae
3281 3617 3643 3671 facultatibus
3691 3619 3820 3672 bal-

2114 3721 2339 3760 samum
2397 3709 2611 3772 emant,
2673 3710 2731 3758 et
2764 3703 3099 3760 luminaria
3165 3705 3378 3776 singuli
3435 3706 3495 3759 in
3547 3706 3821 3761 Ecclesiis

2113 3810 2250 3847 81118.

2399 3899 2526 3953 CAP.
2568 3899 2742 3953 XCIV.
2780 3929 2848 3938 -—
2881 3901 2955 3953 De
2983 3899 3294 3954 chrismatis
3319 3915 3524 3969 panno.

2185 4003 2293 4074 (Em
2339 4005 2526 4058 concit.
2579 4003 2731 4072 apud
2775 4004 3080 4069 Belvacum,
3144 4020 3264 4073 cap.
3316 4007 3396 4074 8.)
3452 4005 3510 4060 Si
3551 4005 3680 4076 quis
3730 4023 3823 4060 vo-

2113 4091 2287 4146 luerit
2341 4091 2667 4144 chrismatis
2719 4107 2980 4160 pannum
3036 4091 3248 4145 iterum
3313 4093 3483 4147 linire
3532 4098 3588 4147 et
3643 4110 3823 4166 super

2112 4179 2290 4234 alium
2318 4179 2669 4250 baptizatum
2700 4179 2946 4244 mittere,
2981 4196 3095 4233 non
3125 4184 3210 4234 est
3243 4180 3578 4237 absurdum.

2113 4286 2240 4342 CAP.
2273 4285 2421 4340 XCV.
2465 4315 2523 4324 —-
2570 4285 2722 4358 Quod
2753 4285 3117 4358 cateqhumeni
3156 4302 3276 4341 cum
3323 4288 3623 4358 baptizatis
3652 4304 3822 4344 man-

2663 4355 2862 4409 ducare
2880 4349 2987 4410 non
3013 4357 3259 4412 debeant.

2185 4465 2289 4532 (Ea:
2329 4463 2516 4517 concil.
2568 4464 2834 4531 Mogunt.,
2897 4479 3017 4532 cap.
3071 4464 3144 4532 5.)
3193 4464 3602 4519 Catechumeni
3649 4481 3819 4519 man-

2114 4551 2322 4606 ducare
2375 4566 2495 4604 non
2524 4550 2734 4604 debent
2781 4567 2910 4605 cum
2942 4551 3261 4621 baptizatis,
3307 4569 3494 4624 neque
3551 4555 3820 4609 osculum

2113 4639 2194 4694 eis
2225 4639 2383 4707 dare,
2417 4644 2632 4710 quanto
2662 4639 2854 4692 minus
2879 4640 3150 4710 gentilis?

2398 4764 2525 4817 CAP.
2560 4763 2732 4818 XCVI.
2767 4794 2833 4803 —
2863 4765 2934 4817 De
2962 4766 3226 4818 scrutinio
3250 4765 3522 4831 faciendo.

2183 4868 2292 4938 (Ea:
2344 4870 2532 4923 concil.
2587 4871 2844 4936 Romano,
2895 4885 3017 4939 cap.
3084 4868 3197 4938 15.)
3259 4871 3337 4924 De
3399 4869 3676 4925 scrutinio
3731 4872 3818 4926 fa-

2112 4957 2316 5011 ciendo
2355 4957 2730 5025 decrevimus,
2780 4962 2844 5012 ut
2872 4958 2931 5011 in
2967 4958 3292 5028 episcopiis,
3339 4963 3395 5012 et
3436 4958 3535 5013 ubi
3567 4975 3818 5014 conven-

2112 5050 2204 5099 tus
2234 5050 2318 5098 est
2365 5045 2586 5115 populi,
2621 5051 2678 5099 et
2719 5045 2878 5116 cleri,
2913 5049 2970 5100 et
3015 5045 3365 5116 possibilitas
3393 5047 3696 5118 permittit,
3735 5048 3820 5103 ibi

2112 5133 2448 5188 celebretur.

2307 5239 2435 5292 CAP.
2471 5238 2672 5293 XCVII.
2702 5268 2770 5278 --
2802 5239 2884 5292 De
2909 5239 3216 5294 ministerio
3251 5239 3619 5309 baptismatis.

2184 5346 2296 5412 (Εω
2325 5345 2512 5397 concil.
2564 5346 2832 5410 Mogunt.,
2893 5360 3014 5413 cap.
3067 5347 3142 5414 9.)
3199 5346 3523 5415 Baptisterii
3577 5350 3634 5400 et
3664 5352 3820 5402 cate-

2115 5433 2532 5486 chumenorum
2583 5433 2854 5486 ventilata
2899 5437 2984 5487 est
3016 5433 3185 5501 ratio,
3227 5439 3291 5487 ut
3319 5435 3641 5489 sacerdotes
3693 5438 3824 5506 ple-

2113 5520 2244 5574 nius
2271 5520 2601 5590 intelligant
2623 5519 2872 5590 qualiter
2897 5519 3200 5591 condignis
3228 5521 3528 5576 ordinibus
3559 5522 3820 5580 efﬁciant

2114 5607 2522 5664 Christianum.
