3966 6402
98 308 211 357 ’745

99 430 238 481 CAP.

178 500 518 621 gripttismum
558 513 801 562 uxorem,
842 502 891 551 et
933 499 1101 551 aliam
1153 503 1279 566 post
1326 500 1663 566 baptismum
1725 500 1823 551 ha-

218 586 279 621 u:
313 609 326 621 .

218 586 326 623 utr.

181 692 297 757 (Ea:
351 692 495 745 decr.
534 692 835 745 Innocentii
860 707 1042 760 papae,
1099 707 1222 759 cap.
1281 692 1395 761 52.)
1451 690 1668 744 Deinde
1713 706 1824 760 po—

109 780 273 832 nitur
324 795 444 832 non
500 780 611 833 dici
672 784 895 848 oportet
941 780 1264 849 bigamum,
1326 795 1455 832 cum
1516 779 1615 849 qui
1669 784 1823 831 cate-

111 868 438 920 chumenus
470 868 759 935 habuerit,
790 874 962 938 atque
994 866 1254 920 amiserit
1292 882 1552 932 uxorem,
1608 866 1656 917 si
1695 869 1825 933 post

111 957 474 1025 baptismum
532 956 704 1009 fuerit
756 956 928 1009 aliam
974 956 1231 1019 sortitus,
1282 971 1524 1024 eamque
1575 954 1823 1023 primam

112 1045 320 1112 videri,
364 1061 494 1115 quaI
547 1061 691 1097 novo
749 1044 975 1097 homini
1022 1043 1290 1113 copulata
1342 1043 1457 1096 sit:
1490 1043 1625 1113 quia
1682 1042 1825 1095 illud

112 1134 459 1203 conjugium
491 1149 595 1203 per
632 1132 903 1202 baptismi
951 1137 1372 1185 sacramentum
1428 1147 1556 1183 cum
1606 1130 1826 1183 caeteris

113 1222 464 1274 criminibus
495 1221 567 1275 sit
594 1220 878 1286 ablutum,
911 1221 1062 1290 quod
1096 1236 1225 1273 cum
1260 1221 1329 1273 de
1360 1235 1475 1272 una
1505 1219 1706 1288 utique
1740 1218 1825 1272 di-

113 1309 286 1374 citur,
324 1309 487 1371 certi,
521 1309 567 1361 si
598 1313 713 1361 tres
752 1308 1019 1361 habuerit
1048 1307 1109 1360 in
1135 1308 1310 1360 veteri
1341 1307 1562 1376 positus
1592 1306 1825 1359 homine

115 1414 344 1460 uxores,
383 1398 493 1450 erit
522 1396 575 1449 ei
606 1412 737 1466 quae
777 1400 910 1465 post
958 1395 1313 1464 baptismum
1348 1400 1551 1465 quarta
1600 1399 1705 1458 est,
1748 1394 1826 1447 sic

114 1485 639 1555 interpretantibus
666 1485 869 1554 prima.
917 1483 1166 1553 Virginis
1197 1500 1360 1553 azque
1419 1499 1633 1535 nomen
1680 1483 1826 1535 acci-

114 1575 257 1643 piet,
296 1591 429 1644 qua:
455 1579 660 1644 quarto
690 1574 859 1627 ducta
889 1578 969 1626 est
1002 1574 1145 1625 loco.
1179 1572 1337 1636 Quis,
1371 1588 1490 1633 oro,
1528 1571 1679 1624 istud
1711 1587 1827 1624 non

112 1664 316 1716 videat
370 1670 569 1715 contra
623 1662 877 1732 Apostoli
939 1678 1062 1714 esse
1113 1666 1490 1729 praeceptum,
1542 1660 1638 1729 qui
1692 1659 1822 1711 ait:

118 1753 305 1805 Unius
345 1750 540 1803 uxoris
585 1751 775 1803 virum
828 1756 1094 1819 oportere
1133 1749 1257 1801 ﬁeri
1297 1746 1689 1801 sacerdotem?
1720 1747 1825 1801 Sed

115 1839 415 1908 objicitur,
485 1839 641 1908 quod
707 1838 767 1892 in
824 1838 1110 1907 baptismo
1170 1842 1375 1901 totum,
1426 1836 1699 1906 quicquid
1768 1836 1827 1888 in

115 1928 304 1979 veteri
344 1926 579 1980 homine
612 1932 838 1995 gestum
879 1930 982 1993 est,
1017 1926 1091 1978 sit
1130 1925 1402 1977 solutum.
1458 1922 1635 1977 Dicite
1685 1922 1828 1975 mihi

116 2032 255 2069 cum
284 2032 425 2085 pace
456 2020 641 2068 vestra
680 2016 910 2085 loquor,
952 2013 1195 2067 crimina
1240 2016 1464 2065 tantum
1532 2011 1829 2065 dimittun-

115 2110 212 2157 tur
249 2104 311 2157 in
351 2103 682 2173 baptismo?
710 2107 798 2156 An
830 2108 886 2155 et
930 2102 1028 2155 illa
1058 2117 1185 2171 quae
1235 2100 1549 2153 secundum
1600 2098 1829 2152 Domini

117 2199 436 2263 praecepta,
506 2209 571 2245 ac
630 2192 728 2245 Dei
786 2191 1047 2244 instituta
1117 2189 1522 2258 complentur?
1587 2188 1827 2240 Uxorem

120 2282 334 2334 ducere
368 2280 586 2333 crimen
618 2284 722 2345 est,
776 2284 874 2332 aut
921 2295 1038 2331 non
1095 2282 1179 2331 est
1217 2277 1472 2329 crimen?
1502 2275 1561 2329 Si
1612 2275 1830 2328 crimen

120 2376 224 2434 est,
288 2385 427 2439 ergo
486 2367 725 2438 praefata
780 2367 947 2420 venia
1012 2365 1277 2426 dixerim,
1354 2364 1462 2416 erit
1516 2368 1713 2416 auctor
1769 2363 1831 2415 in

120 2460 310 2528 culpa,
348 2457 447 2528 qui
504 2462 570 2511 ut
627 2456 867 2509 crimina
921 2453 1439 2517 committerentur,
1475 2452 1534 2504 in
1566 2451 1830 2520 paradiso

120 2566 253 2603 cum
295 2550 418 2619 ipse
450 2564 549 2600 eos
592 2549 880 2618 jungeret,
934 2544 1244 2599 benedixit.
1287 2543 1343 2597 Si
1396 2559 1530 2596 vero
1586 2558 1700 2595 non
1748 2546 1831 2594 est

125 2638 343 2689 crimen
378 2636 515 2706 quia
545 2635 698 2705 quod
732 2636 879 2688 Deus
919 2633 1126 2704 iunxit,
1160 2632 1318 2686 nefas
1349 2631 1421 2684 sit
1462 2632 1681 2684 crimen
1728 2646 1828 2698 ap-

125 2725 351 2794 pellari,
380 2730 436 2778 et
465 2725 737 2778 Salomon
769 2723 991 2777 addidit
1023 2739 1035 2775 :
1071 2726 1127 2775 et
1156 2720 1311 2774 enim
1338 2736 1369 2773 a
1392 2722 1505 2773 Deo
1535 2735 1826 2789 praepara-

129 2820 219 2866 tur
250 2813 375 2866 viro
402 2828 569 2880 uxor,
605 2811 892 2882 quomodo
946 2810 1199 2863 creditur
1228 2809 1379 2861 inter
1416 2806 1658 2860 crimina
1706 2820 1828 2858 esse

128 2902 455 2966 dimissum,
532 2900 686 2970 quod
743 2901 859 2953 Deo
913 2903 1145 2951 auctore
1194 2896 1406 2966 legitur
1459 2908 1825 2948 consumma-

1084 304 1561 360 DECRETORUM
1604 304 1794 359 LIBRI
1830 304 1939 359 XX.
1983 332 2051 343 —
2090 303 2296 358 LIBER
2338 304 2675 367 QUARTUS.

3532 310 3634 361 746

322 426 554 482 XCVIII.
614 458 682 465 —
750 426 903 492 Quod
956 426 1202 493 bigamus
1257 433 1492 486 vocetur.
1543 430 1640 495 qui
1693 430 1892 480 anteA
1932 432 2027 479 tur
2079 426 2331 480 auferri?
2390 426 2746 496 Aspiciamus
2805 427 3083 496 gentilem
3140 428 3445 483 hominem
3494 431 3636 485 Cor-

1936 514 2155 567 nelium
2185 515 2541 567 orationibus
2573 520 2743 584 atque
2784 515 3161 584 eleemosynis
3200 518 3635 583 revelationem,

1938 604 2288 673 Petrumque
2317 603 2506 671 ipsum
2557 602 2785 656 vidisse.
2833 603 3101 673 Nunquid
3136 621 3238 674 per
3284 605 3637 675 baptismum

1936 692 2059 745 haec
2088 691 2172 743 illi
2204 692 2390 744 ablata
2441 695 2575 744 sunt
2612 696 2850 761 propter
2899 708 3027 761 quas
3082 692 3132 745 ei
3179 694 3466 762 baptisma
3518 712 3639 748 esse

1937 796 2266 833 concessum
2302 780 2562 832 videtur?
2588 780 2645 833 Si
2679 780 2755 832 ita
2787 780 3061 839 creditur,
3096 782 3237 835 mihi
3268 783 3498 848 credite,
3524 799 3640 835 non

1938 868 2228 921 modicum
2260 872 2484 920 erratur
2514 883 2526 919 :
2563 866 2698 937 quia
2749 868 3024 938 quicquid
3067 869 3213 923 bene
3266 877 3490 939 gestum
3526 871 3642 923 fue-

1937 956 2031 1021 rit,
2080 961 2133 1009 et
2179 956 2491 1009 secundum
2547 961 2833 1025 praecepta
2876 957 3085 1025 legalia
3131 958 3481 1011 custoditum
3523 975 3640 1011 non

1936 1048 2127 1113 potest
2186 1043 2526 1096 facientibus
2591 1043 2870 1113 deperire.
2936 1046 3277 1114 Nuptiarum
3354 1063 3491 1116 ergo
3545 1064 3640 1100 co-

1936 1134 2092 1203 pula,
2126 1133 2261 1203 quia
2304 1132 2403 1185 Dei
2444 1132 2715 1185 mandato
2764 1132 3081 1202 perﬁcitur,
3146 1151 3262 1186 non
3294 1140 3482 1204 potest
3529 1135 3641 1189 dici

1936 1226 2253 1291 peccatum,
2318 1225 2373 1273 et
2428 1221 2580 1290 quod
2636 1226 2931 1290 peccatum
2982 1238 3097 1274 non
3146 1227 3248 1287 est,
3306 1224 3445 1276 solvi
3494 1223 3642 1276 inter

1938 1315 2168 1380 peccata
2193 1310 2429 1363 omnino
2479 1308 2633 1362 credi
2673 1326 2789 1363 non
2830 1309 3026 1375 debet,
3068 1310 3292 1380 eritque
3347 1311 3640 1380 integrum

1939 1397 2245 1461 aestimare,
2280 1396 2495 1449 aboleri
2540 1413 2656 1448 non
2705 1412 2871 1465 posse
2913 1397 3124 1465 prioris
3178 1413 3392 1449 nomen
3450 1398 3644 1450 uxoris

1940 1501 2120 1554 quum
2165 1501 2279 1538 non
2327 1484 2626 1537 dimissum
2659 1484 2731 1536 sit
2779 1500 2882 1554 pro
2933 1491 3184 1554 peccato,
3236 1486 3390 1554 quod
3436 1502 3506 1538 ex
3543 1486 3641 1538 Dei

1940 1575 2009 1627 sit
2031 1575 2321 1627 voluntate
2345 1574 2718 1643 completum.

1941 1680 2072 1733 CAP.
2132 1679 2305 1734 XCIX.
2340 1709 2402 1718 —
2433 1683 2507 1732 De
2555 1682 2818 1746 cpi3c0pi5
2874 1684 2923 1731 et
2968 1680 3321 1749 presbyteris,
3366 1686 3417 1734 el
3449 1681 3640 1734 diaco-

2508 1752 2668 1803 nibus
2700 1752 3067 1819 rebaptizata‘s.

2012 1841 2119 1903 (Em
2168 1839 2311 1891 decr.
2364 1838 2562 1891 Felicis
2611 1854 2788 1906 papae,
2822 1854 2941 1906 cap.
2999 1839 3066 1905 l.)
3111 1839 3446 1891 Communis
3472 1838 3640 1891 dolor

1940 1931 1994 1979 et
2054 1926 2338 1995 generalis
2389 1931 2475 1979 est
2524 1926 2792 1994 gemitus,
2842 1927 2996 1996 quod
3048 1926 3203 1978 intra
3246 1926 3497 1979 Africam
3546 1943 3641 1979 re-

1938 2014 2253 2083 baptizatos
2328 2014 2499 2067 etiam
2588 2014 2902 2083 episcopos,
2983 2014 3365 2083 presbyteros,
3444 2015 3639 2068 diaco-

1937 2118 2159 2171 nosque
2209 2102 2599 2173 cognovimus.
2649 2102 2894 2165 Quaeres
2926 2101 3047 2155 sine
3095 2102 3269 2155 dubio
3320 2104 3391 2156 ad
3437 2108 3639 2156 vestra:

1939 2204 2169 2259 quoque
2234 2190 2495 2260 pervenit
2558 2190 2817 2242 notitiam
2876 2190 3216 2257 sanctitatis,
3273 2190 3523 2259 qualiter
3582 2191 3642 2243 in

1938 2277 2215 2330 Africanis
2266 2277 2596 2346 regionibus
2629 2278 2837 2330 astutia
2875 2277 3090 2331 diaboli
3140 2279 3385 2331 saevierit
3434 2279 3493 2332 in
3538 2295 3643 2348 po-

1938 2366 2143 2435 pulum
2173 2365 2580 2428 Christianum,
2601 2372 2772 2435 atque
2796 2366 2853 2418 in
2882 2366 2937 2418 id
2969 2366 3276 2435 multiplici
3307 2367 3643 2436 deceptione

1938 2453 2288 2523 proruperil,
2321 2458 2385 2505 ut
2418 2469 2533 2505 non
2559 2454 2725 2506 modo
2755 2454 2960 2523 vulgus
2991 2454 3309 2521 incautum,
3343 2456 3439 2509 sed
3486 2455 3641 2525 ipsos

1939 2556 2167 2611 quoque
2209 2541 2267 2593 in
2317 2541 2513 2593 mortis
2562 2542 2847 2610 profunda
2903 2542 3241 2595 demerserit
3298 2544 3639 2609 sacerdotes,

1939 2630 2130 2682 nullus
2190 2646 2307 2681 non
2360 2629 2512 2684 orbis
2584 2629 2894 2698 ingemuit,
2972 2632 3126 2683 nulla
3180 2636 3331 2684 terra
3389 2632 3641 2686 nescivit.

1940 2718 2097 2770 Unde
2131 2716 2187 2768 in
2218 2716 2424 2785 grandi
2459 2733 2699 2771 maerore
2730 2717 2919 2786 positi,
2954 2718 3316 2772 dissimulare
3348 2736 3464 2773 non
3512 2737 3643 2789 pos-

1938 2821 2135 2857 sumus
2168 2801 2531 2872 pereuntium
2566 2810 2737 2874 atque
2791 2822 2823 2857 a
2867 2806 3036 2859 nobis
3068 2807 3481 2875 exigendarum
3528 2809 3643 2861 dis-

1939 2876 2156 2946 crimen
2188 2893 2533 2946 animarum.
2571 2893 2930 2962 Quapropter
2957 2899 3289 2963 competens
3323 2896 3647 2948 adhibenda

128 2994 288 3043 tum?
324 2989 475 3053 Quid
524 2989 594 3042 de
655 2988 858 3042 talium
910 2987 1045 3040 liliis
1092 2986 1505 3056 percensetur?
1558 2981 1827 3051 Nunquid
1864 2980 1903 3034 C
1942 2987 2027 3036 est
2050 2982 2258 3034 talibus
2290 2981 2514 3033 medela
2548 2981 2901 3049 vulneribus,
2934 2998 3003 3034 ne
3042 2982 3353 3035 immatura
3408 2984 3649 3037 curandi

126 3095 239 3131 non
281 3082 454 3131 erunt
485 3076 828 3131 admittendi
878 3075 934 3127 in
968 3072 1322 3128 haereditatis
1369 3071 1676 3134 consortio,
1728 3068 1829 3139 qui

126 3184 191 3221 ex
218 3184 289 3220 ea
320 3165 573 3234 suscepti
603 3170 753 3227 sunt,
788 3180 917 3234 qua:
958 3167 1090 3215 ante
1122 3161 1472 3230 baptismum
1503 3158 1613 3212 fuit
1654 3158 1832 3211 uxor?

127 3257 425 3325 Erantque
450 3252 804 3323 appellandi,
839 3252 925 3305 vel
983 3251 1292 3314 naturales,
1328 3250 1413 3301 vel
1449 3247 1649 3317 spurii,
1696 3245 1833 3315 quia

124 3360 237 3396 non
271 3348 361 3395 est
390 3340 718 3411 legitimum
750 3338 1207 3402 matrimonium,
1242 3336 1351 3389 nisi
1381 3334 1540 3397 illud,
1577 3338 1640 3386 ut
1672 3332 1833 3385 vobis

124 3432 373 3497 videtur,
407 3428 566 3500 quod
612 3432 743 3498 post
780 3426 1131 3496 baptismum
1180 3423 1529 3477 assumitur?
1573 3422 1699 3490 Ipse
1728 3421 1833 3472 Do-

125 3521 319 3572 minus
346 3534 478 3570 cum
520 3515 974 3585 interrogaretur
1012 3530 1044 3566 a
1070 3512 1305 3579 Judwis,
1334 3510 1381 3563 si
1417 3510 1615 3563 liceret
1646 3507 1835 3561 dimit-

125 3613 247 3661 tere
280 3620 545 3669 uxorem,
582 3608 752 3672 atque
789 3604 1102 3672 exponeret
1130 3598 1259 3653 ﬁeri
1299 3614 1415 3651 non
1468 3596 1700 3659 debere,
1736 3594 1833 3647 ad-

128 3695 273 3748 didit
307 3711 319 3746 :
354 3692 517 3755 Quod
549 3708 684 3745 vero
714 3691 861 3743 Deus
889 3686 1204 3756 conjunxit,
1237 3686 1413 3739 homo
1446 3700 1564 3736 non
1588 3685 1830 3751 separet.

130 3787 205 3837 Ac
238 3798 311 3835 ne
343 3782 415 3834 de
446 3780 536 3833 his
568 3780 792 3832 locutus
823 3793 945 3831 esse
984 3776 1268 3839 credatur,
1298 3789 1426 3843 quae
1460 3776 1591 3841 post
1645 3769 1831 3839 bapti-

132 3886 322 3923 smum
350 3868 696 3935 sortiuntur,
736 3865 1107 3918 meminerint
1134 3864 1260 3925 hoc,
1297 3867 1353 3914 et
1384 3878 1414 3914 a
1445 3858 1656 3914 Judaeis
1711 3873 1835 3911 esse

135 3960 581 4026 interrogatum,
614 3960 670 4009 et
700 3954 912 4007 Judzeis
944 3969 1065 4005 esse
1110 3965 1473 4020 responsum.
1532 3948 1670 4010 Quae
1700 3962 1834 3998 vero

136 4054 189 4101 et
216 4046 500 4101 sollicitus
541 4060 756 4115 quaero,
791 4043 839 4095 si
877 4058 994 4095 una
1038 4040 1354 4108 eademque
1394 4037 1466 4089 sit
1495 4052 1636 4089 uxor
1690 4034 1833 4103 ejus,

138 4137 401 4207 quiante
445 4133 912 4195 catechumenus,
969 4133 1162 4199 postea
1210 4127 1284 4179 sit
1327 4124 1525 4187 ﬁdelis,
1572 4123 1837 4192 ﬁliosque

139 4242 201 4277 ex
259 4240 346 4288 ea,
405 4237 587 4292 quum
651 4224 796 4273 esset
862 4217 1326 4278 catechumenus,
1387 4210 1718 4281 susceperit,
1775 4226 1839 4263 ac

140 4316 334 4381 postea
362 4310 505 4362 alios
536 4323 666 4360 cum
687 4305 893 4373 ﬁdelis,
924 4308 1116 4356 utrum
1135 4302 1250 4354 sint
1277 4300 1480 4353 fratres
1511 4296 1838 4367 appellandi

142 4418 211 4454 an
242 4399 394 4453 non?
422 4397 686 4450 Habeant
714 4398 911 4465 postea
939 4393 1206 4447 defuncto
1241 4395 1402 4459 patre
1442 4403 1574 4441 cum
1621 4385 1840 4439 caeteris

141 4486 532 4543 herciscundae
561 4482 911 4537 hereditatis
942 4479 1316 4541 consortium,
1352 4476 1560 4548 quibus
1589 4475 1840 4528 ﬁliorum

142 4592 351 4631 nomen
420 4572 778 4643 regeneratio
852 4568 1124 4641 spiritalis
1192 4566 1443 4620 creditur
1500 4561 1843 4618 abstulisse?

145 4666 303 4731 Quod
331 4679 514 4735 quum
565 4662 645 4715 ita
696 4660 929 4725 sentire,
989 4663 1161 4728 atque
1214 4654 1470 4725 judicare
1526 4650 1844 4707 absurdum

147 4763 246 4821 est,
307 4770 439 4825 qua:
491 4751 708 4805 malum
761 4750 907 4803 ratio
956 4753 1043 4802 est
1095 4747 1204 4800 hoc
1257 4743 1509 4811 defendi,
1559 4746 1615 4795 et
1670 4755 1847 4794 vacua

148 4844 325 4915 magis
350 4840 629 4913 opinione
654 4838 879 4908 jactari,
911 4852 1086 4907 quam
1133 4833 1328 4903 aliqua
1370 4829 1707 4884 auctoritate
1748 4844 1845 4880 ro-

148 4933 355 4997 borari,
389 4944 572 5000 quum
596 4943 713 4979 non
743 4927 925 4996 possit
950 4924 1101 4978 inter
1132 4925 1362 4992 peccata
1382 4917 1666 4987 deputari,
1696 4916 1848 4986 quod

149 5025 229 5077 lex
285 5018 585 5091 praecepit,
636 5019 693 5067 et
748 5016 896 5068 Deus
940 5008 1279 5081 conjunxit?
1314 5005 1587 5076 Nunquid
1618 5005 1665 5057 si
1720 5004 1849 5073 quis

150 5109 598 5165 catechumenus
629 5102 931 5155 virtutibus
980 5097 1287 5163 studuerit,
1346 5093 1733 5148 humilitatem
1764 5107 1853 5144 se-

151 5204 307 5252 cutus
336 5194 533 5257 fuerit,
575 5191 915 5261 patientiam
958 5185 1231 5251 tenuerit,
1264 5184 1657 5252 eleemosynas
1702 5179 1851 5232 fece-

152 5288 239 5354 rit,
273 5283 451 5339 morti
481 5279 797 5335 destinatos
829 5277 1086 5348 qualibet
1102 5274 1321 5328 ratione
1354 5269 1653 5341 eripuerit,
1687 5268 1855 5322 adul-

154 5376 286 5429 teria
338 5367 726 5431 exhorruerit,
809 5365 1126 5419 castitatem
1184 5360 1457 5425 tenuerit,
1536 5373 1755 5428 quaero,
1808 5355 1856 5409 si

154 5463 267 5517 haec
326 5474 516 5532 quum
560 5456 742 5509 factus
786 5452 984 5518 fueris,
1036 5448 1221 5504 ﬁdelis
1277 5446 1510 5511 amittit,
1562 5444 1698 5532 quia
1754 5458 1859 5513 per

152 5531 505 5622 baptismum
533 5547 745 5607 totum,
808 5539 962 5611 quod
1000 5542 1163 5594 vetus
1208 5535 1384 5591 homo
1441 5531 1682 5604 gesserit
1717 5536 1860 5602 puta

511 5652 789 5718 PATROL.
842 5647 1015 5716 CXL.

1939 3070 2199 3135 facilitas,
2237 3069 2529 3122 mortifera
2574 3068 2752 3138 captis
2804 3076 2956 3139 peste
3012 3070 3155 3123 nihil
3189 3070 3387 3139 prosit,
3421 3071 3517 3124 sed
3548 3088 3643 3124 se-

1940 3158 2110 3229 gnius
2136 3161 2373 3210 tractata
2398 3157 2678 3223 pernicies
2704 3164 2865 3212 reatu
2888 3175 3001 3211 non
3031 3158 3306 3229 legitimae
3330 3159 3642 3213 curationis

1939 3247 2193 3299 involvat
2225 3246 2439 3315 pariter
2469 3246 2689 3298 saucios
2718 3251 2773 3299 et
2813 3247 3124 3300 medentes.
3180 3248 3243 3300 In
3282 3248 3483 3316 primis
3530 3249 3638 3301 ita-

1943 3351 2054 3404 que
2088 3332 2369 3387 venientis
2401 3334 2467 3386 ad
2501 3350 2619 3398 vos,
2655 3338 2710 3387 et
2739 3334 3062 3387 remedium
3085 3335 3426 3403 postulantis
3476 3336 3634 3388 solli-

1941 3424 2049 3476 cite
2076 3422 2435 3476 discutienda
2476 3428 2561 3474 est
2600 3422 2901 3491 professio,
2930 3428 2987 3475 et
3022 3438 3269 3492 persona
3302 3422 3547 3491 decepti,
3582 3429 3643 3476 ut

1942 3510 2166 3564 medela
2223 3510 2405 3578 pOSSit
2462 3526 2785 3579 congruens
2843 3510 3159 3563 exhiberi:
3218 3515 3275 3563 et
3325 3511 3427 3581 qui
3486 3511 3647 3564 satis-

1941 3598 2193 3651 facturus
2237 3598 2349 3649 Deo
2379 3612 2480 3661 per
2509 3596 2910 3665 paenitentiam
2945 3596 3359 3666 rebaptizatum
3404 3614 3462 3651 se
3503 3598 3644 3668 legi-

1941 3687 2081 3739 time
2122 3685 2387 3750 doluerit,
2433 3690 2625 3737 utrum
2660 3685 2729 3738 ad
2787 3684 2892 3737 hoc
2943 3685 3162 3738 facinus
3203 3687 3515 3753 concurrit,
3572 3704 3644 3740 an

1942 3772 2227 3842 impulsus
2287 3772 2608 3836 accesserit,
2688 3772 3039 3842 requiratur,
3098 3772 3281 3826 sciens
3361 3775 3514 3845 quod
3586 3792 3645 3829 se

1943 3860 2188 3930 decipiat
2214 3861 2332 3930 ipse
2389 3860 2485 3930 qui
2513 3860 2681 3923 fallit,
2718 3861 2977 3931 nihilque
3033 3878 3135 3931 per
3165 3866 3424 3915 nostram
3463 3863 3644 3916 facili-

1945 3955 2122 4003 tatem
2174 3949 2478 4002 tribunalis
2537 3951 2755 4003 excelso
2810 3950 3029 4019 judicio
3075 3951 3357 4020 derogari,
3402 3953 3494 4004 cui
3552 3952 3649 4006 illa

1947 4043 2082 4091 sunt
2110 4043 2251 4103 rata,
2298 4054 2425 4108 quae
2458 4038 2574 4107 pia,
2622 4054 2751 4108 qum
2791 4055 2945 4103 vera,
2995 4055 3124 4108 quae
3172 4040 3328 4108 justa
3376 4044 3525 4093 sunt.
3583 4042 3650 4094 Et

1946 4127 2113 4180 aliter
2139 4127 2511 4195 necessitatis,
2554 4127 2720 4179 aliter
2750 4127 3046 4180 tractanda
3100 4136 3185 4179 est
3236 4127 3382 4180 ratio
3440 4128 3650 4181 volun-

1948 4213 2100 4267 tatis.
2140 4213 2399 4267 Deterior
2429 4218 2511 4266 est
2542 4219 2737 4267 autem
2767 4231 2937 4267 causa
2966 4214 3140 4278 illius,
3176 4214 3277 4284 qui
3324 4214 3470 4269 forte
3530 4232 3653 4286 pre-

1949 4302 2030 4355 tio
2063 4301 2392 4355 sollicitatus
2432 4304 2535 4369 est,
2583 4307 2649 4355 ut
2678 4302 2912 4371 periret.
2938 4301 3090 4355 Nihil
3122 4304 3275 4355 enim
3308 4303 3653 4359 intentatum

1948 4390 2227 4461 relinquit
2279 4389 2568 4444 inimicus.
2621 4392 2725 4445 Cui
2774 4408 2845 4444 ne
2896 4392 2965 4445 de
3026 4408 3128 4445 sua
3186 4392 3352 4445 liceat
3403 4394 3655 4462 gaudere

1952 4484 2207 4549 captura,
2278 4478 2729 4533 succurrendum
2785 4484 2868 4531 est
2925 4479 3180 4545 irretitis,
3242 4485 3299 4533 et
3347 4486 3654 4536 conteren-

1953 4567 2060 4620 dus
2090 4566 2350 4620 venantis
2404 4568 2489 4619 est
2518 4566 2779 4635 laqueus,
2830 4570 2893 4619 ut
2923 4565 3223 4619 infucatim
3278 4568 3657 4623 lamentanti-

1952 4653 2106 4707 tibus
2139 4652 2383 4722 lapsum,
2412 4656 2527 4705 tam
2550 4652 2789 4721 justitim
2838 4651 3233 4705 moderatione
3264 4669 3439 4723 quam
3500 4672 3659 4710 com-

1954 4741 2264 4812 punctione
2310 4739 2559 4809 pietatis,
2594 4740 2664 4792 ad
2709 4740 2901 4792 aulam
2959 4756 3135 4810 quani
3161 4740 3536 4811 reliquerant,
3590 4744 3663 4798 sit

1956 4829 2273 4899 ingressus.
2353 4828 2465 4880 Nec
2538 4827 2750 4897 pudeat
2824 4828 3037 4893 forsan,
3115 4834 3215 4883 aut
3294 4830 3510 4901 pigeat,
3597 4834 3658 4888 in

1960 4916 2123 4971 dictis
2170 4914 2550 4986 jejuniorum,
2615 4915 3053 4986 gemituumque
3112 4919 3471 4988 temporibus
3524 4922 3661 4975 obe-

1960 5005 2103 5069 dire,
2137 5010 2238 5057 aut
2279 5002 2405 5056 aliis
2451 5004 2827 5057 observantiae
2878 5005 3215 5060 salubrioris
3264 5008 3664 5081 obtemperare

1961 5092 2261 5164 prazceptis
2294 5092 2461 5162 :quia
2480 5092 2798 5146 humilibus
2820 5094 2988 5147 datur
3015 5095 3350 5165 gratia,non
3376 5098 3662 5167 superbia.

1961 5181 2046 5236 Sit
2075 5196 2211 5250 ergo
2258 5181 2443 5233 ruinae
2500 5198 2617 5234 sum
2666 5181 2863 5235 dolore
2910 5189 3251 5252 prostratus,
3315 5185 3577 5255 quisquis
3607 5188 3666 5240 in

1965 5268 2188 5323 Christo
2210 5268 2334 5323 ﬁeri
2362 5270 2569 5339 quaerit
2595 5275 2838 5324 erectus.
2877 5272 2941 5324 Et
2962 5288 3065 5341 per
3086 5272 3531 5340 dispensationis
3557 5291 3667 5328 no-

1965 5366 2098 5411 stra:
2129 5356 2532 5420 ministerium,
2562 5357 2711 5428 quod
2746 5362 2990 5410 vestram
3024 5357 3185 5427 sequi
3227 5359 3493 5413 convenit
3531 5362 3669 5415 cha-

1967 5446 2218 5514 rilatem,
2243 5462 2345 5499 nec
2385 5445 2555 5500 alicui
2583 5447 2665 5499 fas
2700 5450 2802 5513 est,
2836 5446 2923 5499 vel
2954 5445 3121 5514 velle,
3168 5445 3257 5499 vel
3290 5462 3459 5516 posse
3490 5452 3673 5503 trans-

1968 5534 2229 5603 cendere,
2263 5550 2461 5589 causas
2491 5536 2634 5605 ejus,
2675 5533 2775 5605 qui
2830 5538 3031 5588 contra
3061 5534 3432 5604 apostolicam
3468 5537 3675 5593 doctri-

3276 5650 3364 5711 24
