4380 6390
823 270 933 320 747

1907 257 2310 312 BUBCHARDI
2351 251 2874 308 WORMACIENSIS
2913 251 3228 306 EPISCOPI
4248 255 4330 303 ‘74s

826 403 980 450 nam,
1015 387 1080 438 ad
1122 385 1481 438 iterationem
1515 399 1572 436 se
1613 383 1783 436 nimis
1823 382 2125 435 infaustam
2154 379 2506 450 baptismatis
2539 381 2581 431 Α
2621 377 2805 431 adhuc
2844 377 2900 430 ir.
2936 378 3271 447 pteuitentia
3309 382 3462 444 sunt,
3498 378 3838 449 paenitenda
3875 378 4036 432 forte
4069 381 4333 432 commit-

825 475 998 536 dedit,
1039 473 1122 524 vel
1149 473 1272 540 ejus
1301 471 1398 540 qui
1427 471 1712 540 aliquibus
1736 469 2084 537 argumentis
2123 467 2504 521 excusandum

822 561 1020 614 callide
1063 559 1364 628 proprium
1413 558 1699 627 putaverit
1741 574 1860 609 esse
1912 572 2270 617 consensum,
2324 571 2504 607 sacer-

821 647 993 703 dotali
1044 647 1240 714 vigore
1309 650 1365 697 et
1407 646 1763 698 humanitate
1817 649 2143 708 tractemus,
2208 649 2270 695 ut
2319 642 2376 694 in
2426 643 2506 694 eis

821 737 979 801 fides,
1010 751 1138 804 qua:
1187 733 1292 785 nisi
1325 738 1410 785 est
1440 749 1570 792 una,
1606 734 1730 800 jam
1761 733 1917 784 nulla
1967 737 2070 798 est,
2101 731 2382 799 adjutorio
2407 732 2505 783 Do-

819 824 960 879 mini
989 823 1194 890 judicis
1232 821 1302 873 ad
1346 822 1608 886 salutem,
1657 821 1780 872 sine
1829 825 2036 872 nostra:
2084 819 2509 888 properationis

822 911 1153 974 offensione,
1187 915 1482 978 reparetur
1522 924 1534 960 :
1564 909 1701 978 quia
1749 923 1877 960 cum
1932 908 2244 976 peccatoris
2277 923 2306 958 a
2343 907 2510 958 nobis

825 999 1128 1053 satisfactio
1179 998 1551 1067 protrahitur,
1593 1012 1706 1048 non
1738 1002 1946 1065 praeter
1990 1001 2240 1048 nostram
2283 995 2507 1047 laudem

824 1093 992 1158 atque
1026 1087 1296 1149 laetitiam,
1328 1102 1486 1138 mens
1511 1086 1632 1154 ejus
1655 1085 1721 1136 ad
1756 1084 1980 1136 veniam
2011 1083 2312 1152 purgatior
2351 1082 2509 1134 inve-

825 1177 997 1230 nitur.
1035 1177 1098 1228 Et
1150 1174 1279 1227 ideo
1331 1173 1702 1226 memineritis
1752 1172 1894 1224 hanc
1937 1189 2111 1240 super
2162 1171 2248 1223 his
2281 1187 2383 1223 nos
2415 1171 2512 1222 ha-

822 1265 955 1318 bere
987 1262 1351 1324 sententiam,
1383 1266 1447 1313 ut
1493 1267 1714 1312 servata
1761 1260 2108 1312 discretione
2151 1259 2510 1329 peccantium

819 1366 931 1404 non
959 1349 1153 1401 eadem
1187 1348 1374 1400 cuncti
1429 1347 1527 1417 qui
1562 1348 1706 1416 lapsi
1737 1354 1890 1410 sunt,
1941 1349 2100 1400 lance
2151 1352 2464 1416 pensentur
2496 1362 2508 1398 :

820 1437 1089 1506 quoniam
1137 1435 1374 1502 majoris
1430 1435 1816 1501 castigationis
1886 1442 1963 1486 est
2017 1433 2330 1498 exigendus
2388 1449 2514 1484 usu-

819 1541 959 1590 ram,
991 1523 1081 1576 cui
1131 1523 1339 1575 domus
1389 1522 1616 1576 Domini
1653 1522 1960 1574 commissa
1995 1522 2167 1574 fuerit
2193 1521 2510 1590 disciplina.

2613 470 2755 519 tant.
2789 466 2951 530 Quod
2980 467 3024 520 si
3061 471 3189 520 ante
3237 468 3587 536 prietinitum
3659 468 4034 538 poenitentiae
4091 473 4333 538 tempus.

2617 555 2910 623 despectus
2939 573 2970 607 a
3004 555 3259 618 medicis,
3310 561 3409 609 aut
3438 556 3804 610 evidentibus
3861 557 4084 610 mortis
4120 573 4332 626 pressus

2615 643 2861 704 indiciis,
2895 648 3117 711 recepta
3147 644 3453 713 quisquam
3485 645 3925 698 communionis
3960 645 4168 715 gratia
4207 663 4327 700 con-

2616 730 2864 790 valescit,
2896 747 3184 782 servemus
3216 731 3273 783 in
3301 748 3367 784 eo
3396 732 3551 802 quod
3604 733 3824 788 ΧίρωΗὶ
3876 749 4151 787 canones
4193 736 4330 788 ordi-

2619 822 2917 878 naverunt,
2953 823 3013 870 ut
3073 819 3353 872 habeatur
3409 820 3560 873 inter
3618 821 3771 886 illos,
3810 821 3918 892 qui
3948 822 4018 875 in
4077 823 4337 876 oratione

2619 907 2737 957 sola
2769 906 3217 970 communicant,
3274 907 3454 960 donec
3510 907 3826 979 impleatur
3886 911 4164 979 spatium
4217 917 4337 964 tem-

2619 995 2774 1064 poris
2827 996 3014 1047 eidem
3076 997 3488 1064 praestitutum.
3541 998 3653 1050 Nec
3712 999 4188 1052 catechumenos
4247 1017 4334 1052 no-

2619 1088 2782 1144 stros,
2819 1083 2915 1152 qui
2950 1083 3052 1135 sub
3084 1083 3182 1136 tali
3238 1085 3595 1154 professione
3645 1085 3930 1155 baptizati
3980 1092 4150 1152 sunt,
4207 1105 4338 1157 pne-

2622 1172 2858 1224 terimus
2893 1187 2904 1223 :
2936 1173 3069 1241 quia
3100 1188 3215 1224 non
3273 1179 3357 1226 est
3385 1190 3557 1226 causa
3611 1173 3934 1240 dissimilis,
3965 1178 4131 1229 sicut
4176 1178 4335 1230 iidem

2623 1259 2796 1311 sancti
2857 1276 3098 1311 canones
3128 1261 3490 1326 ordinarunt,
3519 1263 3643 1331 ejus
3695 1263 3796 1332 qui
3851 1264 4133 1334 quolibet
4179 1268 4330 1318 mod.

2624 1347 2928 1410 Christum,
2959 1364 3130 1417 quem
3158 1351 3328 1402 semel
3361 1350 3653 1403 confessus
3682 1357 3790 1416 est,
3854 1353 4192 1419 abjuraret.
4227 1355 4335 1407 Tri-

2625 1435 2725 1486 bus
2758 1437 2920 1487 annis
2955 1437 3100 1487 inter
3135 1438 3431 1489 audientes
3479 1439 3611 1504 sint,
3662 1444 3718 1492 et
3779 1447 3916 1509 post
3938 1456 4011 1492 ea
4075 1443 4336 1494 catechu-

2625 1524 2804 1575 menis
2831 1525 3235 1592 permittautur
3275 1541 3460 1588 orare,
3513 1542 3617 1595 per
3649 1543 3857 1580 manus
3891 1528 4334 1598 impositioneai

820 1614 888 1666 Ut
935 1628 1068 1680 ergo
1122 1612 1192 1664 ab
1252 1611 1511 1664 Ecclesiae
1560 1611 1946 1663 summatibus
2009 1610 2364 1669 inchoemus,
2419 1624 2514 1659 eos
2547 1649 2586 1701 Β
2625 1612 3040 1664 communionis
3069 1613 3362 1665 catholicze
3395 1615 3636 1682 gratiam
3695 1617 4021 1686 reCepturi,
4093 1621 4336 1688 excepti:

815 1715 956 1770 quos
1026 1699 1346 1768 episcopos,
1403 1698 1784 1768 presbyteros,
1862 1699 1947 1749 vel
2019 1698 2286 1750 diaconos
2339 1696 2513 1750 fuisse

813 1787 1144 1852 constiterit,
1178 1792 1235 1840 et
1265 1803 1365 1840 seu
1405 1793 1667 1856 optantes
1691 1787 1954 1846 forsitan,
2000 1801 2098 1838 seu
2157 1790 2382 1837 coactos
2431 1786 2509 1837 la-

814 1876 962 1930 vacri
991 1875 1143 1928 illius
1184 1875 1357 1941 unici,
1410 1875 1789 1945 salutarisque
1838 1875 2044 1926 claruit
2089 1874 2285 1926 fecisse
2325 1874 2511 1942 jactu-

811 1981 957 2030 ram,
981 1970 1037 2016 et
1067 1963 1384 2026 Christum,
1418 1979 1590 2032 quem
1627 1979 1742 2015 non
1791 1963 1975 2014 solum
2028 1961 2181 2014 dona
2212 1977 2510 2028 regenera-

811 2051 1003 2117 tionis,
1032 2067 1230 2104 verum
1263 2051 1439 2103 etiam
1491 2051 1674 2119 gratia
1722 2050 1994 2120 pracepti
2043 2050 2278 2101 honoris
2309 2049 2511 2100 indue-

811 2145 960 2206 rant,
991 2139 1232 2204 exuisse,
1284 2154 1417 2192 cum
1466 2143 1685 2190 constet
1742 2138 2031 2190 neminem
2084 2138 2153 2189 ad
2203 2137 2510 2188 secundam

813 2228 1150 2282 tinctionem
1201 2227 1399 2280 venire
1443 2227 1717 2295 potuisse,
1770 2225 1880 2278 nisi
1925 2243 1982 2277 se
2020 2227 2206 2294 palam
2241 2226 2512 2278 Christia-

818 2333 960 2370 num
998 2315 1312 2386 negaverit,
1363 2320 1420 2368 et
1467 2316 1754 2385 professus
1803 2314 1972 2366 fuerit
2031 2330 2148 2365 esse
2201 2329 2507 2382 paganum,

819 2404 972 2474 quod
1003 2419 1132 2457 cum
1165 2403 1513 2473 generaliter
1566 2403 1638 2454 sit
1665 2402 1724 2454 in
1774 2401 2042 2453 omnibus
2079 2401 2508 2461 exsecrandum,

817 2492 1000 2544 multo
1029 2491 1209 2557 magis
1240 2490 1298 2542 in
1333 2489 1637 2558 episcopis,
1670 2489 2040 2557 presbyteris,
2098 2494 2154 2538 et
2181 2487 2510 2539 diaconibus

816 2578 1016 2632 auditu
1068 2579 1269 2630 saltem
1323 2578 1593 2646 dictuque
1647 2577 1924 2646 piobatur
1980 2576 2326 2628 horrendum
2363 2592 2375 2627 :
2412 2575 2506 2626 sed

815 2665 952 2736 quia
981 2665 1133 2718 idem
1184 2665 1476 2724 Dominus,
1510 2672 1682 2734 atque
1712 2665 1974 2718 Salvator
2029 2663 2510 2716 clementissimus

816 2758 918 2819 est,
970 2758 1026 2807 et
1079 2754 1371 2807 neminem
1412 2756 1531 2806 vult
1588 2754 1795 2824 perire,
1846 2769 2027 2822 usque
2071 2752 2140 2804 ad
2191 2752 2374 2804 exitus
2423 2750 2510 2802 sui

813 2841 966 2896 diem
997 2841 1056 2894 in
1087 2841 1445 2911 poenitentia,
1490 2841 1535 2892 si
1569 2842 1930 2910 resipiscunt,
1968 2840 2156 2908 jacere
2185 2839 2507 2903 conveniet,

809 2944 915 2982 nec
969 2929 1213 2982 orationi
1276 2944 1393 2981 non
1443 2928 1610 2980 modo
1651 2927 1929 2986 fidelium.
1984 2926 2082 2979 sed
2133 2943 2202 2978 ne
2251 2925 2508 2978 catechu-
2543 2925 2582 2974 (1

813 3033 1112 3070 menorum
1143 3016 1380 3086 quidem
1413 3015 1760 3069 omnimodis
1791 3015 2084 3068 interesse.
2110 3014 2330 3078 Quibus
2353 3030 2508 3066 com-

812 3106 1010 3160 munio
1037 3105 1181 3158 laica
1211 3105 1270 3158 in
1307 3109 1492 3158 morte
1534 3104 1890 3158 redhibenda
1920 3108 2021 3156 est.
2057 3104 2238 3166 Quam
2276 3119 2397 3155 rem
2428 3102 2509 3156 di-

809 3193 1082 3263 ligentius
1111 3193 1405 3262 explorare
1453 3193 1540 3244 vel
1588 3193 1771 3244 facere
1830 3209 1936 3261 pro
1991 3191 2276 3262 baptismo
2333 3207 2512 3244 sacer-

754 3273 767 3286 ’
812 3281 964 3336 dotis
996 3297 1132 3334 cura
1163 3280 1414 3334 debebit.
1452 3281 1528 3333 De
1560 3280 1779 3333 clericis
1817 3284 2032 3344 autem,
2088 3284 2141 3332 et
2191 3279 2507 3344 monachis,

817 3373 916 3422 aut
953 3367 1160 3438 puellis
1186 3367 1307 3434 Dei,
1355 3373 1455 3420 aut
1485 3367 1840 3420 secularibus
1892 3367 2106 3421 servari
2147 3367 2510 3436 praecipimus

813 3456 967 3510 hunc
995 3461 1277 3521 tenorem,
1307 3471 1478 3526 quem
1515 3455 1742 3508 Nicasna
1775 3456 2028 3525 synodus
2067 3455 2216 3507 circa
2265 3472 2362 3508 eos
2410 3455 2510 3524 qui

811 3545 956 3614 lapsi
1002 3549 1152 3611 sunt,
1202 3545 1286 3597 vel
1331 3544 1587 3611 fuerunt,
1637 3544 1984 3597 servandum
2035 3560 2156 3597 esse
2189 3543 2508 3609 constituit,

811 3639 874 3687 ut
895 3633 1129 3700 scilicet,
1158 3633 1258 3704 qui
1290 3633 1448 3686 nulla
1492 3633 1852 3698 necessitate,
1907 3633 2120 3686 nullius
2166 3632 2253 3685 rei
2300 3633 2509 3685 timore

809 3726 981 3792 atque
1013 3721 1284 3791 periculo,
1321 3738 1379 3773 se
1418 3725 1482 3773 ut
1506 3721 1958 3790 rebaptizaretur
2003 3719 2294 3773 hazreticis
2332 3720 2509 3790 impie

807 3810 1154 3864 dediderunt
1185 3827 1197 3864 :
1235 3810 1283 3862 si
1305 3816 1501 3863 tamen
1550 3826 1648 3862 eos
1678 3826 1742 3862 ex
1793 3809 1964 3863 corde
1995 3809 2292 3878 paeniteat,
2327 3808 2510 3860 tribus

807 3898 974 3951 annis
1005 3897 1152 3950 inter
1185 3898 1482 3951 audientes
1513 3897 1643 3950 sint.
1676 3897 1904 3966 Septem
1935 3913 2069 3949 vero
2095 3895 2260 3949 annis
2322 3896 2510 3963 subja-

807 3990 972 4038 ceant
1010 3984 1158 4037 inter
1188 3986 1528 4054 poeuitentes
1557 3985 1818 4037 manibus
1841 3985 2199 4037 sacerdotum
2236 4001 2248 4037 :
2283 3983 2508 4037 duobus

809 4075 986 4126 etiam
1029 4073 1095 4126 ad
1153 4073 1468 4125 oblationes
1516 4072 1698 4125 modis
1739 4072 2007 4125 omnibus
2051 4088 2166 4125 non
2221 4071 2504 4138 sinantur,

809 4160 909 4213 sed
940 4161 1337 4213 tantummodo
1367 4159 1744 4229 popularibus
1791 4159 1849 4212 in
1905 4160 2162 4213 oratione
2191 4161 2498 4225 socientur,
2527 4204 2570 4257 Β

806 4264 914 4302 nec
945 4248 1328 4302 confundatur
1355 4249 1470 4302 Deo
1500 4249 1645 4301 colla
1683 4248 2036 4313 submittere,
2059 4249 2194 4318 quia
2222 4265 2353 4301 eum
2387 4264 2502 4302 non

808 4338 1022 4404 timuit,
1081 4337 1384 4407 abnegare.
1437 4337 1597 4400 Quod
1645 4337 1712 4402 si,
1745 4342 1941 4408 utpote
2001 4338 2298 4402 mortales,
2349 4336 2502 4389 intra

806 4431 984 4481 metas
1015 4425 1335 4496 praescripti
1374 4425 1648 4496 temporis
1677 4425 1916 4496 coeperit
1946 4426 2073 4478 vitae
2110 4425 2239 4478 ﬁnis
2271 4440 2497 4494 urgere,

802 4515 1256 4570 subveniendum
1280 4519 1362 4568 est
1420 4513 1776 4583 imploranti,
1831 4518 1888 4568 et
1928 4530 2028 4567 seu
2077 4514 2147 4566 ab
2203 4513 2496 4582 episcopo,

800 4598 898 4676 qui
932 4603 1328 4674 pmnitentiam
1361 4602 1600 4670 dederit,
1634 4619 1734 4657 seu
1765 4603 1835 4656 ab
1867 4602 2001 4666 alio,
2031 4601 2130 4672 qui
2173 4607 2370 4654 tamen
2395 4602 2500 4654 da-

795 4698 912 4748 tam
939 4685 1063 4748 esse
1093 4693 1442 4764 probaverit,
1513 4697 1614 4746 aut
1655 4691 1923 4745 similiter
1969 4707 2003 4744 a
2031 4691 2368 4761 presbytero
2389 4690 2498 4744 via-

799 4781 975 4835 ticum
1010 4783 1239 4836 abeunti
1261 4782 1331 4835 de
1361 4782 1566 4835 saeculo
1603 4797 1718 4834 non
1764 4783 2030 4851 negetur.
2076 4779 2274 4833 Pueris
2307 4783 2498 4832 autem

796 4870 1006 4940 quibus
1035 4870 1188 4939 quod
1219 4869 1404 4923 adhuc
1429 4871 1676 4923 investes
1715 4875 1872 4933 sunt,
1919 4885 1952 4921 a
2008 4869 2264 4937 puritate
2331 4882 2497 4919 voca-

793 4958 994 5012 bulum
1019 4961 1122 5022 est,
1147 4974 1249 5011 seu
1280 4957 1514 5023 clericis,
1539 4974 1639 5011 seu
1669 4956 1852 5022 laicis,
1887 4959 1990 5009 aut
2049 4956 2227 5010 etiam
2286 4954 2492 5009 simili-

793 5045 902 5100 bus
955 5045 1181 5114 puellis,
1241 5045 1446 5115 quibus
1501 5045 1828 5115 ignorantia
1899 5044 2248 5112 suffragatur
2286 5045 2488 5109 aetatis,

797 5133 1128 5205 aliquandiu
1194 5134 1297 5187 sub
1350 5151 1552 5188 manus
1587 5132 1962 5204 impositione
2029 5131 2299 5199 detentis,
2361 5133 2491 5186 red-

798 5223 980 5277 denda
1018 5222 1348 5276 communio
1375 5227 1476 5290 est,
1536 5239 1644 5276 nec
1689 5235 1892 5275 eorum
1934 5218 2283 5288 expectanda
2312 5219 2496 5287 poeni-

795 5310 973 5365 tentia
992 5327 1136 5382 quos
1175 5310 1381 5381 excipit
1408 5327 1441 5364 a
1469 5309 1824 5364 coercitione
1873 5321 2136 5358 censura.
2197 5305 2360 5368 Quod
2411 5311 2495 5360 est

800 5415 833 5451 a
859 5399 1022 5452 nobis
1048 5398 1288 5469 proinde
1317 5399 1718 5463 constitutum,
1753 5411 1827 5448 ne
1853 5393 1913 5446 hi
1957 5393 2168 5464 quibus
2193 5394 2254 5447 in
2282 5395 2494 5449 terreni

803 5483 930 5538 labe
969 5485 1238 5554 contagii,
1287 5486 1413 5556 plus
1457 5486 1726 5541 minusve
1787 5486 1969 5535 restat
2017 5481 2088 5535 ad
2128 5480 2321 5549 vitam,
2355 5482 2492 5537 dum

2627 1716 2760 1751 sane
2794 1702 3188 1752 tantummodo
3216 1701 3518 1770 episcopis,
3549 1703 3922 1772 presbyteris,
3965 1705 4332 1771 diaconibus,

2626 1788 2831 1856 quibus
2865 1788 2982 1838 solo
3017 1789 3212 1839 mortis
3243 1805 3358 1840 suae
3386 1794 3642 1859 tempore
3671 1793 4196 1847 reconciliandum
4225 1812 4331 1846 esse

2617 1875 2736 1942 jam
2769 1876 3014 1928 diximus
3049 1893 3060 1928 :
3093 1881 3348 1936 cmteros,
3383 1877 3434 1929 id
3468 1883 3571 1941 est,
3610 1879 3726 1931 sive
3756 1881 4028 1946 clericos,
4069 1881 4195 1934 sive
4219 1899 4328 1935 ωυ-

2625 1964 2854 2024 narhos,
2888 1981 2982 2015 seu
3011 1965 3201 2022 lairos,
3252 1981 3417 2017 sexus
3468 1966 3766 2038 utriusque
3829 1985 4147 2038 personas,
4203 1989 4329 2041 quas

2624 2050 2890 2102 violentia
2947 2056 3000 2102 et
3051 2053 3318 2120 periculis
3383 2059 3632 2118 coactos,
3698 2057 4088 2112 iterationem
4151 2059 4332 2128 bapti-

2624 2138 2815 2189 smatis
2874 2139 3109 2191 subiisse
3187 2141 3524 2206 constiterit,
3586 2144 3669 2195 vel
3725 2145 3828 2215 qui
3913 2147 4127 2218 aliquo
4187 2164 4332 2200 eom-

2624 2232 2834 2289 mento,
2864 2227 3030 2294 hujus
3069 2245 3125 2279 se
3152 2228 3420 2282 facinoris
3471 2230 3711 2299 piaculis
3768 2233 4032 2288 dixerint
4093 2251 4216 2288 non
4261 2243 4330 2287 te-

2625 2313 2764 2376 neri,
2799 2314 2856 2365 in
2888 2315 3222 2383 pmnitentia
3271 2331 3374 2383 per
3414 2318 3732 2372 triennium
3782 2320 4005 2373 durare
4067 2322 4330 2374 decerni-

2625 2416 2771 2462 mus,
2841 2409 2895 2454 et
2950 2419 3052 2471 per
3105 2419 3306 2456 manus
3369 2405 3802 2474 iuipositionem
3863 2410 3936 2462 ad
3995 2412 4327 2464 societatem

2625 2490 2793 2558 recipi
2875 2492 3228 2556 sacramenti,
3297 2493 3392 2544 illo
3461 2511 3565 2562 per
3618 2496 3817 2549 omnia
3872 2499 4217 2565 custodito,
4274 2518 4330 2552 ne

2624 2593 2684 2628 ex
2719 2577 2806 2628 his
2838 2594 3112 2646 unquam,
3144 2579 3241 2648 qui
3297 2580 3353 2632 in
3409 2582 3667 2649 qualibet
3724 2589 3896 2637 astate
3954 2587 4108 2639 alibi
4169 2605 4330 2657 quam

2623 2665 2682 2717 in
2743 2666 2983 2718 Ecclesia
3039 2668 3333 2732 catholica,
3398 2675 3496 2722 aut
3558 2670 3856 2741 baptizati,
3915 2680 4026 2728 aut
4084 2677 4331 2746 rebapti—

2623 2753 2732 2806 zati
2812 2761 2962 2816 sunt,
3051 2756 3120 2807 ad
3201 2758 3640 2813 ecclesiasticam
3734 2761 4017 2817 militiam
4101 2780 4329 2834 prorsas

2623 2843 3027 2911 permittantur
3109 2845 3392 2898 accedere.
3476 2846 3697 2910 Quibus
3784 2851 3923 2903 satis
4011 2869 4146 2906 esse
4244 2856 4326 2907 de~

2623 2930 2737 2994 bet,
2803 2930 2955 3000 quod
3006 2930 3066 2982 in
3134 2933 3547 2987 catholicorum
3605 2952 3921 2992 numerum
3983 2948 4136 2996 sunt
4195 2960 4328 2996 rece-

2621 3019 2722 3087 pti,
2757 3019 3026 3088 quoniam
3067 3019 3134 3071 de
3191 3037 3293 3073 suo
3347 3022 3548 3076 ordine
3577 3031 3634 3077 et
3691 3028 4126 3083 communione
4188 3033 4326 3084 vide-

2620 3106 2775 3158 bitur
2823 3107 2968 3159 ferre
3023 3107 3324 3175 judicium,
3374 3110 3637 3182 quisquis
3696 3113 3804 3167 hoc
3853 3117 4104 3172 violarit
4163 3122 4325 3173 antis-

2624 3194 2788 3247 titum
2827 3196 2946 3247 :vel
2976 3196 3073 3264 qui
3108 3212 3220 3249 non
3253 3200 3560 3252 removerit
3616 3217 3750 3254 eum
3791 3219 3973 3274 quem
4019 3222 4091 3259 ex
4127 3207 4221 3262 his
4270 3211 4326 3261 ad

2619 3282 3002 3335 ministerium
3031 3284 3288 3338 clericale
3323 3286 3644 3357 Obrepsisse
3676 3294 4048 3360 cognoverit.
4120 3297 4323 3350 Curan-

2620 3371 2760 3424 dum
2795 3387 2928 3424 vero
2959 3371 3223 3438 maxime,
3265 3378 3320 3426 et
3376 3376 3534 3429 omni
3597 3381 3824 3432 cautela
3873 3387 3962 3434 est
4019 3386 4326 3454 providen-

2618 3460 2752 3512 dum
2785 3476 2855 3512 ne
2886 3461 3014 3528 quis
3044 3461 3282 3514 fratrum
3315 3465 3908 3540 coepiscoporumque
3968 3480 4326 3536 nostrorum.

2618 3552 2716 3600 aut
2772 3549 2944 3601 etiam
2991 3550 3456 3618 presbyterorum
3521 3553 3580 3607 in
3626 3556 3866 3610 alterius
3917 3560 4194 3628 civitate,
4255 3567 4327 3617 vel

2617 3636 2844 3688 dioecesi
2876 3637 3268 3705 poenitentem,
3322 3641 3409 3693 vel
3457 3641 3562 3695 sub
3600 3659 3776 3698 manu
3827 3650 4100 3716 positum
4165 3670 4330 3705 sacer.

2617 3725 2762 3777 dotis
2795 3731 2891 3777 aut
2919 3741 3051 3778 eum
3080 3726 3178 3796 qui
3206 3729 3578 3784 conciliatum
3627 3748 3684 3786 se
3716 3749 3843 3788 esse
3904 3735 4154 3806 dixerit,
4223 3744 4326 3794 sine

2617 3813 2870 3882 episcopi
2902 3815 2987 3866 vel
3023 3815 3337 3885 presbyteri
3371 3819 3702 3874 testimonio
3741 3827 3797 3875 et
3839 3824 4082 3891 litteris,
4151 3836 4253 3882 aut
4281 3847 4324 3882 in

2617 3901 2882 3969 parochia
2917 3902 3227 3971 presbyter,
3261 3910 3360 3957 aut
3391 3906 3693 3978 episcopus
3733 3909 3795 3964 in
3847 3913 4118 3977 civitate,
4165 3919 4324 3972 susci-

2617 3990 2752 4059 piat.
2783 3989 2941 4052 Quod
2973 3991 3165 4059 aliqua
3193 3992 3652 4050 dissimulatione
3680 4000 4048 4069 neglectum,
4103 4008 4324 4078 culpam

2617 4078 2803 4147 tangit
2833 4079 3004 4131 etiam
3035 4079 3394 4147 clericorum,
3435 4085 3535 4153 qui
3569 4085 3629 4138 in
3669 4086 3808 4140 locis
3851 4089 3918 4142 in
3947 4093 4182 4162 quibus
4233 4098 4323 4148 hoc

2616 4168 2807 4221 minus
2837 4174 3092 4221 curatum
3145 4170 3319 4224 fuerit
3357 4181 3811 4231 commorantur.
3851 4178 3951 4232 His
3983 4181 4196 4253 itaque
4227 4187 4322 4238 rite

2613 4255 2919 4324 dispositis,
2957 4261 3012 4308 et
3072 4257 3141 4309 ad
3204 4259 3578 4316 Ecclesiarum
3643 4271 3972 4322 vestrarum
4031 4273 4322 4336 notitiam,

2610 4349 2802 4397 nostra
2857 4344 3262 4400 deliberatione
3317 4350 3573 4417 perlatis,
3615 4367 3820 4420 parere
3861 4371 3969 4410 vos
4027 4365 4314 4415 convenit.

2609 4432 2825 4495 Quibus
2853 4432 2981 4485 licet
3009 4433 3074 4486 ad
3115 4435 3436 4489 animarum
3478 4442 3906 4509 reparationem
3939 4446 4098 4502 nihil
4131 4451 4318 4504 deesse

2609 4521 2885 4583 videatur,
2917 4525 3105 4574 tamen
3137 4521 3182 4574 si
3203 4522 3294 4575 cui
3325 4525 3457 4578 novi
3475 4527 3718 4597 aliquid,
3746 4536 3806 4584 et
3822 4535 3986 4602 quod
4021 4543 4320 4606 preterire

2608 4623 2712 4661 nos
2749 4608 2936 4678 potuit
2961 4609 3132 4662 fuerit
3165 4612 3496 4680 revelatum,
3532 4617 3852 4672 secundum
3895 4621 4152 4680 beatum
4191 4629 4320 4681 Pau-

2607 4695 2728 4749 lum
2799 4697 3118 4765 apostolum
3172 4702 3397 4754 tacente
3460 4703 3652 4772 priore
3702 4706 3951 4762 fidenter
4009 4712 4318 4769 insinuet:

2608 4782 2741 4852 quia
2773 4783 3015 4852 Spiritus
3051 4790 3278 4839 sanctus
3320 4787 3418 4842 ubi
3469 4792 3590 4845 vult
3639 4794 3838 4864 spirat,
3898 4802 4171 4858 maxime
4203 4820 4320 4857 cum

2608 4887 2710 4924 sua
2738 4887 2909 4924 causa
2957 4877 3248 4929 tractatur.
3286 4877 3399 4930 Nec
3445 4894 3555 4932 nos
3598 4882 3825 4951 pigebit
3877 4889 4118 4955 audire,
4185 4899 4242 4946 et
4282 4893 4319 4945 si

2606 4974 2721 5028 qua
2747 4965 2879 5012 sunt
2907 4961 3114 5014 omissa
3154 4978 3268 5016 non
3302 4973 3638 5036 arroganter
3667 4971 3948 5038 abnuere,
4003 4977 4108 5030 sed
4157 4987 4318 5032 ratio-

2605 5047 2874 5101 nabiliter
2920 5049 3206 5104 ordinare.
3267 5052 3474 5108 Datum
3531 5056 3738 5111 Iduum
3793 5060 4150 5121 laruarum
4219 5068 4316 5126 die.

2607 5136 2906 5206 Dynamio,
2935 5141 2990 5190 et
3018 5138 3236 5192 Sibidio
3264 5147 3540 5210 quartum
3559 5147 3914 5204 consulibus.

2639 5295 2768 5350 CAP.
2804 5295 2861 5349 C.
2903 5326 2970 5333 —-
3037 5295 3118 5349 De
3149 5313 3205 5350 eo
3253 5301 3352 5367 qui
3397 5317 3500 5369 per
3567 5304 3945 5368 ignorantiam
3988 5312 4288 5367 ordinatur

3135 5373 3426 5438 antequam
3448 5373 3776 5442 baptizatur.

2673 5487 2780 5554 (Ea:
2809 5487 2970 5544 dictis
3001 5491 3057 5544 S.
3089 5491 3298 5548 [sideri
3337 5497 3616 5566 episcopi.)
3675 5497 3734 5553 Si
3791 5502 3929 5572 quis
3983 5521 4098 5577 per
4160 5509 4312 5580 igno-
