4380 6376
282 325 356 377 49
1261 328 1729 388 DECRETORUM
1769 333 1954 388 LIBRI
1995 335 2104 389 XX.
2137 363 2206 375 —
2245 335 2451 390 LIBER
2489 337 2801 400 QUINTUS.
3663 351 3772 400 750

277 447 513 501 autiam
573 449 879 504 ordinatur
932 455 1240 522 antequam
1287 451 1626 522 baptizatur,
1661 453 1870 508 debent
1893 455 1964 508 ab
1994 458 2039 509 Α
2079 457 2445 526 perceptione
2506 459 2826 512 chrismatis
2865 476 3127 515 nummos
3172 463 3335 518 dari:
3387 466 3569 519 solere
3620 483 3770 538 quo-

278 552 311 588 ο
359 536 660 607 baptizati
706 539 1004 608 baptizari,
1065 545 1121 593 et
1163 540 1285 610 ipse
1325 556 1441 593 non
1497 541 1813 610 ordinetur,
1869 544 1968 596 sed
2080 561 2189 614 que
2218 562 2322 615 pro
2363 546 2646 616 baptismo
2691 552 2746 601 et
2787 551 3214 607 communione.
3273 554 3387 606 Hoc
3430 536 3770 624 symoniacae

277 632 565 680 lomanus
592 628 847 698 pontifex
871 629 1094 698 judicat
1121 647 1236 683 non
1259 630 1550 683 hominem
1571 631 1669 700 qui
1697 632 1965 701 baptizat,
2079 633 2313 686 haeresis
2338 649 2534 687 semen
2563 636 2843 690 detestata
2882 642 2967 690 est
3009 643 3201 692 sancta
3230 639 3496 702 Sinodus,
3537 647 3592 696 et
3626 661 3768 697 ana-

277 713 344 766 ed
410 713 710 784 Spiritum
767 716 864 769 Dei
923 717 1328 771 subministare
1387 719 1630 788 gratiam
1678 719 1967 789 baptismi,
2079 721 2484 788 thematizavit,
2515 727 2570 774 et
2600 727 2660 776 ut
2688 724 2756 776 de
2815 730 3014 778 caetero
3063 743 3168 780 nec
3220 744 3322 797 pro
3387 731 3768 797 ordinatione,

287 804 382 852 cet
414 816 697 870 paganus
737 802 811 854 sit
849 801 949 872 qui
992 802 1260 872 baptizat.
2080 823 2184 861 nec
2212 825 2316 879 pro
2368 810 2690 876 chrismate,
2735 813 2820 865 vel
2861 813 3166 883 baptismo,
3223 817 3308 869 vel
3345 833 3450 885 pro
3495 819 3766 886 balsamo,

381 887 530 941 CAP.
565 889 653 944 CI.
676 918 750 930 —
776 893 850 944 De
877 891 1000 976 illis.
1022 893 1119 959 qui
1144 895 1384 976 gratiam
1413 895 1591 946 sancti
1609 893 1849 961 Spiritus
2081 912 2184 950 nec
2239 913 2342 967 pro
2417 899 2728 968 sepultura,
2817 901 2904 953 vel
2961 903 3386 969 communione,
3463 905 3769 976 quicquam

859 961 1086 1014 vendere
1107 966 1388 1015 conantur.
2081 961 2339 1053 exigatur
2367 1001 2377 1038 :

2081 961 2380 1053 exigatur:
2413 961 2510 1039 sed
2558 961 2731 1056 gratis
2761 987 2910 1042 dona
2957 989 3183 1056 Christi,
3233 961 3497 1060 gratuita.
3538 961 3771 1064 dispen-

320 1047 443 1112 (Em
499 1049 696 1102 concil.
766 1047 980 1100 Tribur.
1035 1051 1122 1102 cui
1179 1051 1432 1115 interfuit
1481 1066 1579 1104 rea:
1635 1051 1968 1119 Arnolphus,
2083 1047 2298 1125 εειῖοηθ
2331 1047 2634 1127 domum},

277 1152 372 1202 up.
407 1137 544 1203 22.)
582 1135 805 1189 Dictum
834 1139 919 1188 est
962 1137 1146 1190 solere
1203 1136 1263 1190 in
1293 1137 1633 1192 duibusdam
1696 1137 1837 1191 Iocis
1865 1154 1970 1208 pro

1681 1253 1856 1292 FINIS
1902 1253 2073 1293 LIBBI
2119 1254 2384 1300 QUARTI.

1109 1409 1436 1527 INDEX
1495 1455 2180 1557 CAPITULORUM
2238 1458 2490 1530 LIBRI
2553 1457 2909 1543 QUINTI.

318 1599 465 1652 CAP.
503 1599 553 1652 Ι.
597 1597 757 1660 Quod
788 1613 960 1651 omne
1003 1598 1219 1651 crimen
1262 1597 1549 1651 sacriﬁciis
1599 1600 1712 1651 Deo
1765 1598 1969 1650 oblatis
2147 1601 2316 1654 XXVI.
2378 1601 2452 1654 De
2501 1601 2831 1656 diaconibus
2883 1604 3036 1672 quod
3096 1605 3438 1674 presbyteris
3508 1621 3766 1660 commu-

283 1686 556 1752 eleatur,
593 1701 837 1756 quaeque
879 1685 937 1738 in
967 1685 1256 1739 sacriﬁciis
1304 1686 1513 1739 debent
1556 1685 1814 1739 adhiberi
1840 1701 1968 1754 quae
2077 1686 2302 1742 nionem
2340 1688 2475 1741 dare
2505 1704 2622 1742 non
2655 1690 2917 1743 debeant.

277 1774 441 1842 ejici.
1999 1812 2039 1864 Β
2146 1776 2342 1864 XXVII.
2382 1777 2456 1864 De
2487 1777 2732 1864 eulogiis
2765 1779 2991 1846 populis
3022 1796 3054 1831 a
3101 1781 3431 1851 presbytero
3469 1783 3693 1836 dandis.

317 1862 386 1913 II.
422 1860 604 1925 Quod
636 1860 695 1914 in
745 1860 1096 1914 Eucharistia
1129 1877 1233 1915 nec
1263 1877 1406 1932 pura
1440 1877 1587 1931 aqua
1620 1877 1724 1914 nec
1755 1876 1965 1931 purum
2000 1860 2033 1864 ⁷
2147 1861 2367 1916 XXVIII.
2399 1863 2590 1917 Oratio
2625 1864 2864 1934 simplex
2893 1866 3154 1934 eulogiae.

278 1949 462 2001 inum
502 1949 704 2002 offerri
736 1949 956 2003 debeat.
2146 1951 2313 2003 XXIX.
2345 1951 2422 2003 De
2450 1967 2597 2021 pane
2636 1952 2735 2021 qui
2767 1953 3092 2007 oﬁ‘erendus
3125 1960 3226 2008 est.

317 2038 424 2090 III.
454 2038 536 2091 Ut
567 2036 625 2089 in
656 2036 930 2090 sacriﬁcio
959 2036 1126 2106 panis
1166 2041 1221 2090 et
1245 2037 1441 2090 vinum
1465 2052 1595 2100 cum
1629 2051 1778 2106 aqua
1826 2035 1967 2088 mix-
2344 2040 2420 2091 De
2465 2039 2810 2108 presbyteris
2873 2040 2970 2109 qui
3020 2057 3224 2111 corpus
3271 2043 3630 2098 Dominicum
3693 2043 3760 2097 ad

277 2142 373 2178 um
410 2125 725 2179 offeratur.
2076 2123 2447 2179 deferendum
2476 2125 2723 2179 inﬁrmis
2755 2128 3106 2181 mulierculis
3149 2130 3396 2184 tradunt.

317 2215 414 2267 IV.
459 2215 538 2268 Ut.
567 2213 711 2266 nihil
739 2213 894 2266 aliud
925 2213 984 2266 in
1016 2213 1294 2266 sacriﬁcio
1343 2213 1615 2266 offeratur
1661 2211 1772 2264 nisi
1802 2211 1968 2280 panis
2147 2214 2313 2267 XXXI.
2342 2215 2410 2266 Ut
2440 2214 2718 2267 defunctis
2750 2216 3100 2269 Eucharistia
3131 2233 3242 2270 non
3274 2219 3458 2271 detur.

278 2303 559 2356 tviuum
583 2313 728 2371 aqua
757 2301 1020 2356 mixtum.
2145 2303 2337 2354 XXXII.
2372 2303 2438 2355 Ut
2469 2302 2786 2356 oblationes
2838 2303 2895 2357 in
2943 2304 3257 2374 majoribus
3304 2306 3460 2360 festis
3519 2307 3589 2360 ab
3646 2323 3769 2360 om-

316 2391 378 2443 V.
416 2392 508 2443 De
562 2390 834 2459 passione
885 2389 1114 2443 Domini
1153 2390 1208 2443 in
1256 2389 1681 2443 consecratione
1712 2387 1968 2458 corporis
2079 2389 2264 2455 nibus,
2301 2395 2406 2443 etc.

277 2478 588 2532 aiscenda.
2145 2478 2364 2531 XXXIII.
2419 2479 2578 2542 Quod
2637 2479 2914 2533 ministris
2945 2480 3139 2534 altaris
3183 2497 3355 2551 supra
3411 2483 3586 2535 altare
3636 2483 3768 2536 solis

314 2566 413 2618 VI.
473 2565 624 2628 Qua:
682 2564 898 2634 species
928 2567 996 2618 ad
1031 2566 1205 2618 altare
1238 2582 1354 2618 non
1386 2566 1454 2619 ad
1497 2565 1840 2619 sacriﬁcium
1871 2565 1966 2618 sed
2076 2566 2497 2620 communicare
2523 2567 2705 2620 liceat.

278 2653 312 2705 d
342 2651 835 2706 benedictionem
864 2652 1182 2723 simplicem
1210 2653 1540 2706 offerantur.
2143 2653 2329 2706 XXXV.
2394 2654 2462 2706 Ut
2520 2655 2709 2706 nullus
2772 2654 2920 2708 infra
2996 2655 3393 2725 presbyterum
3470 2658 3767 2712 ordinatus

318 2739 439 2793 VII.
471 2741 563 2792 De
594 2740 793 2793 eadem
829 2756 909 2793 re.
1152 2752 1158 2758 ‘
2076 2755 2198 2794 rem
2230 2757 2264 2793 a
2297 2741 2627 2810 presbytero
2657 2748 3049 2796 consecratam
3079 2744 3244 2797 alteri
3275 2745 3551 2814 porrigat.

314 2827 470 2881 VIII.
513 2827 673 2881 Nihil
701 2827 762 2880 in
811 2826 1088 2881 sacriﬁcio
1123 2831 1333 2897 praeter
1358 2828 1510 2898 quod
1543 2827 1821 2881 Dominus
1853 2831 1966 2880 sta-
2147 2830 2333 2882 XXXV.
2392 2830 2471 2882 De
2528 2829 2641 2882 illis
2685 2829 2784 2900 qui
2811 2835 2943 2900 post
3003 2830 3252 2901 aliquam
3311 2833 3766 2902 degustationem

278 2917 355 2969 uit
401 2915 801 2970 offerendum.
2077 2916 2414 2969 sacriﬁcium
2439 2920 2776 2986 acceperint.

315 3006 406 3058 IX.
449 3005 536 3058 Ut
563 3003 887 3073 presbyteri
905 3019 1002 3056 vas
1028 3003 1308 3057 mundum
1339 3003 1588 3057 habeant
1634 3001 1732 3055 ubi
1761 3017 1967 3070 corpus
2145 3006 2358 3058 XXXVI.
2387 3006 2454 3059 Ut
2501 3006 2798 3076 presbyter
2841 3006 3139 3061 illiteratus
3197 3008 3419 3062 Missam
3477 3009 3764 3064 celebrare

277 3093 496 3146 Domini
526 3107 660 3146 cum
700 3091 1000 3162 diligentia
1032 3091 1398 3146 recondatur.
2000 3085 2040 3139 C
2079 3108 2194 3145 non
2226 3093 2446 3147 debeat.

315 3179 382 3232 X.
416 3177 497 3231 Ut
545 3175 848 3246 presbyter
897 3175 1312 3229 Eucharistiam
1342 3177 1403 3228 in
1436 3178 1708 3245 promptu
1738 3173 1962 3228 habeat.
2149 3181 2389 3234 XXXVII.
2436 3183 2540 3235 Pro
2592 3181 2762 3234 unius
2811 3183 3098 3237 oblatione
3156 3183 3392 3237 alterius
3440 3200 3553 3238 non
3604 3202 3762 3255 sper-

313 3268 410 3321 XI.
447 3267 570 3320 Tot
595 3264 912 3320 oblationes
956 3269 1097 3334 quot
1131 3266 1343 3335 populo
1395 3264 1680 3318 sufﬁciant
1720 3264 1967 3318 oﬂ'eren-
2078 3269 2348 3322 nendam.
2541 3338 2543 3341 ι

278 3372 370 3421 as,
406 3354 655 3408 relictas
676 3353 736 3406 iu
773 3353 1084 3407 crastinum
1112 3369 1228 3407 non
1285 3352 1676 3406 reservandas.
2144 3358 2410 3411 XXXVIII.
2451 3359 2520 3411 Ut
2563 3358 2965 3414 dissidentium
2992 3359 3234 3413 fratrum
3285 3361 3599 3415 oblationes
3645 3377 3763 3415 non

315 3444 438 3497 XII.
511 3441 847 3497 Oblationes
891 3441 959 3495 de
1015 3441 1248 3495 sabbato
1303 3441 1365 3494 in
1431 3439 1727 3494 sabbatum
1791 3438 1967 3492 inno-
2074 3445 2443 3515 recipiantur,

280 3533 496 3587 andas.
2145 3535 2353 3587 XXXIX.
2406 3535 2474 3587 Ut
2517 3533 2818 3588 refutanda
2865 3535 2980 3589 sint
3027 3552 3230 3590 eorum
3276 3537 3426 3590 dona
3469 3537 3569 3609 qni
3618 3554 3764 3608 pau-

314 3622 467 3675 XIII.
513 3620 586 3673 Ut
615 3621 897 3688 praesente
927 3622 982 3671 et
1024 3616 1392 3688 praecipiente
1436 3617 1790 3686 presbytero,
1839 3616 1965 3669 dia-
2075 3637 2240 3692 pares
2271 3622 2626 3691 opprimunt.

278 3726 434 3763 onus
469 3705 762 3778 populum
787 3705 1191 3759 communicet.
2145 3711 2250 3764 XL.
2284 3711 2360 3762 De
2393 3708 2739 3779 presbyteris
2778 3709 3225 3764 immolantibus.

314 3799 460 3852 XIV.
497 3793 668 3859 Quod
717 3793 982 3848 discretio
1032 3809 1238 3863 magna
1289 3808 1411 3847 esse
1467 3793 1672 3847 debeat
1721 3793 1791 3847 de
1831 3807 1968 3862 per—
2143 3797 2274 3850 XLI.
2309 3796 2385 3849 De
2415 3795 2614 3849 eadem
2645 3812 2724 3849 re.

277 3888 530 3956 eptione
561 3883 822 3953 corporis
856 3885 913 3936 et
942 3882 1236 3951 sanguinis
1277 3881 1574 3940 Dominici.
2144 3885 2294 3938 XLII.
2329 3885 2406 3937 De
2454 3885 2799 3954 presbyteris
2835 3884 3041 3955 quibus
3072 3885 3218 3939 solet
3242 3885 3580 3940 dormiendo
3608 3902 3760 3957 saape

315 3975 430 4029 XV.
473 3974 562 4027 De
593 3971 929 4041 quotidiana
958 3970 1328 4040 perceptione
1365 3968 1751 4024 Eucharistiae.
2077 3987 2273 4026 semen
2305 3971 2558 4026 efﬂuere.

313 4064 459 4117 XVI.
500 4062 585 4115 De
619 4060 820 4114 eadem
858 4074 941 4113 re.
2144 4059 2319 4113 XLIII.
2355 4061 2430 4112 De
2459 4059 2658 4113 eadem
2688 4075 2768 4113 re.

315 4152 491 4208 XVII.
532 4148 690 4202 Laici
721 4153 808 4202 ter
835 4147 1140 4201 minimum
1171 4146 1232 4200 in
1262 4161 1412 4199 anno
1450 4143 1890 4199 communicent.
2144 4147 2321 4200 XLIV.
2357 4148 2434 4200 De
2473 4147 2816 4218 presbyteris
2861 4148 3084 4202 villanis
3115 4147 3162 4201 si
3207 4147 3268 4202 in
3297 4147 3525 4203 civitate
3557 4148 3763 4203 offerre

316 4240 522 4295 XVIII.
586 4239 677 4290 An
711 4234 1124 4290 Eucharistiam
1183 4234 1282 4305 qui
1311 4249 1539 4304 semper
1581 4236 1794 4304 peccat,
1824 4245 1966 4284 sem-
2077 4235 2343 4288 audeant.

277 4345 352 4382 .er
374 4327 657 4396 accipere
690 4324 912 4378 debeat.
1993 4349 2038 4404 υ
2145 4323 2292 4376 XLV.
2330 4323 2409 4376 De
2433 4323 2631 4377 eadem
2661 4337 2740 4377 re.

316 4418 458 4472 XIX.
519 4412 688 4478 Quod
746 4411 985 4482 singulis
1017 4409 1217 4464 diebus
1253 4408 1565 4463 Dominicis
1611 4408 1672 4461 in
1711 4407 1965 4471 Quadra-
2145 4411 2316 4464 XLVI.
2360 4412 2438 4464 De
2496 4410 2608 4464 illis
2665 4410 2765 4480 qui
2810 4426 2914 4480 per
2961 4409 3293 4464 ebrietatem
3352 4410 3764 4465 Eucharistiam

278 4506 480 4560 ‘esima
509 4501 717 4556 ﬁdeles
739 4499 1204 4554 commnnicandi
1233 4499 1364 4552 sint.
2075 4497 2451 4552 evomuerint.

317 4595 423 4647 XX.
505 4591 582 4644 Ut
641 4589 700 4642 in
753 4604 916 4642 coena
963 4585 1190 4642 Domini
1250 4584 1616 4639 Eucharistiaa
1673 4582 1962 4654 perceptio
2144 4587 2347 4640 XLVII.
2385 4587 2461 4639 De
2486 4586 2594 4639 hoc
2624 4584 2670 4638 si
2705 4583 2924 4655 aliquid
2973 4584 3042 4637 de
3099 4583 3272 4637 calice
3302 4585 3443 4638 sacri
3473 4585 3767 4655 sanguinis

278 4699 369 4736 .on
392 4679 761 4750 negligatur.
917 4663 920 4666 ’
2072 4673 2387 4727 stillaverit.

314 4771 456 4825 XXI.
518 4768 602 4820 De
650 4763 1024 4817 histrionibus
1078 4766 1134 4816 et
1159 4761 1363 4832 magis,
1396 4777 1468 4814 an
1497 4758 1961 4813 communionem
2141 4761 2366 4815 XLVIII.
2398 4761 2474 4814 De
2500 4760 2596 4814 illo
2632 4759 2731 4831 qui
2756 4758 2970 4814 evomit
3000 4757 3344 4813 sacriﬁcium
3371 4765 3430 4814 et
3459 4777 3492 4814 a
3521 4761 3758 4816 canibus

277 4875 376 4912 um
415 4852 650 4910 caeteris
693 4850 959 4905 ﬁdelibus
1007 4849 1262 4919 accipere
1294 4849 1566 4902 debeant.
2070 4849 2451 4904 consumitur.

308 4945 476 4999 XXII.
537 4941 726 5004 Quam
769 4939 868 4993 diu
917 4937 1316 5007 unusquisque
1363 4940 1493 4990 aute
1542 4949 1758 4988 sacram
1804 4948 1956 4987 com-
2137 4939 2310 4992 XLIX.
2347 4938 2422 4990 De
2455 4937 2654 4990 eadem
2682 4951 2766 4990 re,

277 5034 602 5088 iunionem
637 5028 708 5081 ab
738 5043 912 5081 uxore
943 5041 1002 5079 se
1033 5025 1321 5079 abstinere
1352 5024 1574 5078 debeat.
2141 5027 2199 5079 L.
2237 5027 2314 5080 De
2350 5023 2704 5079 Eucharistia
2734 5025 3071 5078 inveterata.

308 5121 502 5176 XXIII.
539 5116 710 5181 Quod
750 5115 901 5169 inter
947 5113 1262 5168 catholicos
1308 5128 1424 5166 non
1488 5114 1958 5175 conuumeretur,
2141 5113 2224 5166 LI.
2260 5113 2338 5166 De
2365 5111 2481 5166 illis
2534 5111 2634 5182 qui
2691 5128 2807 5166 non
2856 5111 3004 5166 bene
3061 5111 3439 5166 custodierint
3483 5128 3686 5182 corpus
3716 5128 3773 5177 et

277 5211 340 5264 ui
383 5211 450 5264 in
505 5205 637 5260 istis
683 5202 1060 5274 temporibus,
1105 5199 1338 5265 Pascha,
1393 5201 1745 5266 Pentecoste,
1774 5196 1958 5252 Natali
2067 5200 2405 5270 sanguinem
2440 5200 2684 5254 Domini.

284 5297 482 5354 omini
509 5309 637 5349 non
664 5289 1194 5346 commnnicaverit.
2140 5288 2250 5341 LII.
2288 5289 2366 5341 De
2398 5287 2597 5342 eadem
2651 5303 2731 5341 re.

308 5385 492 5442 XXIV.
525 5382 602 5437 Ut
631 5379 846 5434 oblatio
878 5376 1073 5432 altaris
1111 5375 1351 5445 singulis
1401 5373 1711 5430 Dominicis
1756 5373 1956 5429 diebus
2139 5373 2274 5427 LIII.
2311 5375 2390 5428 De
2436 5374 2676 5428 muliere
2716 5389 2843 5442 quae
2892 5373 3154 5443 peperit,
3201 5377 3263 5425 ut
3309 5373 3686 5428 communicet
3731 5374 3779 5427 si

279 5482 357 5531 at.
2063 5461 2328 5528 voluerit.

305 5563 463 5618 XXV.
497 5561 584 5615 De
615 5555 826 5612 eadem
866 5570 948 5609 re.
2527 5547 2739 5603 Indicis
2761 5549 2911 5614 capit
2933 5548 3146 5600 uiarum
3174 5547 3319 5612 ﬁnis.
