3966 6406
391 311 490 360 751
1463 304 1876 362 BURCHARDI
1917 307 2450 364 WORMACIENSIS
2489 309 2818 365 EPISCOPI.
3807 318 3904 366 75?.

1730 571 2573 676 BUBCHARDI

1388 754 2020 811 WORMACIENSIS
2073 757 2480 812 ECCLESIzE
2538 759 2907 815 EPISCOPI

642 938 1998 1085 DECRETORUM
2099 943 2691 1087 LIBER
2797 945 3658 1118 QUINTUS

1080 1204 1180 1266 DE
1229 1202 1773 1267 SACRAMENTO
1825 1202 2211 1270 CORPORIS
2260 1205 2364 1270 ET
2413 1205 2846 1272 SANGUINIS
2897 1207 3209 1272 DOMINI.

880 1482 1366 1536 ARGUMENTUM
1399 1481 1585 1536 LIBRI

463 1591 629 1644 Liber
666 1589 757 1643 hic
791 1605 920 1660 qua:
966 1589 1036 1642 ad
1074 1593 1493 1642 sacramentum
1544 1587 1913 1642 Eucharistiaa
1968 1605 2093 1659 spe-

387 1684 538 1733 ctant
567 1678 899 1753 plenissime
929 1681 1151 1741 tractat,
1183 1677 1325 1730 adeo
1361 1681 1422 1728 ut
1452 1675 1598 1729 nihil
1647 1676 1801 1745 quod
1832 1676 1902 1730 ad
1939 1677 2088 1731 hanc

386 1785 508 1821 rem
535 1768 735 1821 attinet
765 1765 1044 1836 requiras.

389 1876 516 1929 CAP.
545 1875 586 1927 1.
618 1905 683 1912 —-
716 1873 866 1938 Quod
889 1888 1039 1926 omne
1085 1873 1286 1925 crimen
1316 1873 1600 1938 sacriﬁciis
1644 1873 1744 1923 Deo
1769 1869 1964 1924 oblatis
1995 1871 2086 1924 de-

457 1949 652 2009 leatur,
691 1960 913 2012 quaeque
958 1946 1015 1996 in
1067 1944 1353 2010 sacriﬁciis
1392 1942 1618 1995 debeant
1662 1942 1942 2009 adhiberi,
1971 1958 2090 2009 qua:

459 2033 635 2084 rejici.

460 2105 571 2172 (Ea:
619 2104 845 2157 decretis
896 2103 1030 2155 Julii
1101 2117 1262 2169 papa
1321 2102 1584 2168 episcopis
1647 2115 1747 2167 per
1797 2102 2090 2168 Egyptum

387 2191 615 2260 missis.)
648 2193 788 2245 Cum
839 2205 1010 2244 omne
1065 2189 1282 2241 crimen
1333 2193 1502 2257 atque
1547 2191 1846 2257 peccatum
1884 2186 2089 2239 oblatis

391 2283 506 2335 Deo
534 2279 826 2333 sacriﬁciis
853 2278 1130 2344 deleatur,
1179 2277 1316 2346 quid
1371 2276 1440 2328 de
1465 2281 1672 2328 caetero
1723 2291 1826 2345 pro
1854 2274 2089 2328 delicto-

389 2386 519 2422 rum
566 2367 890 2438 expiatione
945 2365 1186 2418 Domino
1258 2364 1510 2429 dabitur,
1573 2368 1805 2433 quando
1851 2363 1912 2416 in
1966 2362 2092 2432 ipsa

387 2457 648 2510 sacriﬁcii
696 2455 987 2508 oblatione
1036 2455 1294 2506 erratur?
1342 2451 1682 2505 Audivimus
1724 2451 1879 2505 enim
1918 2467 2090 2520 quos-

389 2546 518 2599 dam
560 2543 917 2597 schismatica
941 2542 1256 2595 ambitione
1289 2541 1570 2606 detentos,
1619 2545 1815 2593 contra
1865 2539 2092 2593 divinos

385 2634 616 2688 ordines
645 2639 702 2685 et
730 2630 1070 2701 apostolicas
1123 2629 1536 2696 institutiones,
1571 2629 1657 2682 lac
1703 2644 1807 2697 pro
1854 2628 1988 2680 vino
2029 2627 2091 2681 in

387 2723 594 2778 divinis
625 2720 916 2775 sacriﬁciis
973 2719 1257 2773 dedicare.
1311 2718 1465 2771 Alios
1510 2733 1740 2788 quoque
1791 2717 2087 2771 intinctam

385 2810 797 2865 Eucharistiam
832 2809 1077 2878 populis,
1117 2825 1221 2878 pro
1252 2807 1679 2876 complementa
1720 2805 2084 2860 communio-

383 2900 472 2954 nis
499 2899 817 2970 porrigere.
853 2897 1142 2960 Quosdam
1172 2896 1345 2948 etiam
1378 2911 1494 2948 non
1523 2910 1856 2963 expressum
1891 2894 2088 2946 vinum

385 2989 444 3042 in
472 2992 829 3041 sacramento
886 2985 1172 3038 Dominici
1215 2983 1406 3036 calicis
1459 2983 1683 3048 otferre,
1727 2983 1825 3035 sed
1883 2982 2088 3035 oblatis

385 3076 511 3130 uvis
543 3077 788 3145 papulos
835 3073 1282 3126 communicare.
1335 3071 1492 3125 Alios
1543 3088 1675 3124 vero
1723 3087 1980 3141 pannum
2017 3071 2088 3124 li-

384 3179 558 3218 neum
589 3168 778 3216 musto
810 3161 1138 3226 intinctam,
1175 3176 1278 3229 per
1307 3165 1489 3212 totum
1517 3175 1732 3212 annum
1773 3174 2087 3227 reservare,

385 3258 442 3305 et
467 3252 527 3304 in
558 3256 816 3319 tempore
849 3248 1110 3302 sacriﬁcii
1143 3264 1272 3300 cum
1295 3263 1444 3316 aqua
1472 3252 1695 3315 partem
1721 3247 1844 3315 ejus
1876 3247 2084 3313 lavare,

385 3346 443 3395 et
471 3340 550 3392 sic
580 3340 805 3392 otl‘erre.
842 3338 1001 3398 Quod
1035 3353 1207 3406 quam
1239 3337 1314 3389 sit
1356 3335 1705 3405 Evangelicaa
1737 3343 1910 3405 atque
1949 3352 2088 3405 apo-

385 3428 598 3480 stolicae
629 3425 901 3480 doctrinae
953 3425 1325 3484 contrarium,
1377 3429 1434 3476 et
1477 3423 1882 3476 consuetudini
1923 3424 2089 3478 eccle-

385 3515 624 3568 siastica:
675 3515 997 3580 adversum,
1041 3529 1153 3565 non
1185 3511 1416 3564 difﬁcile
1465 3512 1535 3564 ab
1563 3511 1687 3581 ipso
1732 3511 1890 3564 fonte
1938 3511 2086 3563 veri-

383 3604 513 3656 tatis
549 3601 905 3672 probabitur,
965 3617 998 3652 a
1054 3617 1168 3669 quo
1214 3600 1475 3652 ordinata
1532 3599 1658 3668 ipsa
1709 3604 2089 3652 sacramento-

382 3708 513 3744 rum
571 3690 842 3760 mysteria
910 3694 1323 3759 processerunt.
1379 3690 1519 3743 Cum
1594 3688 1746 3742 enim
1817 3688 2088 3758 magister

383 3778 648 3832 Veritatis
710 3794 907 3831 verum
985 3777 1183 3830 salutis
1264 3781 1474 3830 nostrae
1551 3776 1894 3830 sacriﬁcium
1970 3776 2088 3829 suis

381 3867 815 3922 commendaret
885 3865 1203 3934 discipulis,
1273 3881 1391 3917 non
1472 3864 1585 3918 illis
1640 3865 1746 3930 lac,
1819 3864 1915 3917 sed
1985 3879 2086 3933 pa-

383 3971 516 4009 nem
551 3959 795 4017 tantum,
828 3959 885 4005 et
915 3953 1149 4006 calicem
1182 3953 1287 4005 sub
1319 3953 1428 4004 hoc
1478 3958 1834 4005 sacramento
1865 3969 2088 4022 cogno-

383 4044 612 4107 scimus,
663 4043 907 4095 dedisse.
965 4041 1194 4110 Legitur
1248 4041 1402 4092 enim
1446 4039 1506 4092 in
1565 4041 1893 4110 evangelica
1940 4041 2082 4094 veri-
2119 4044 2159 4098 C

381 4136 497 4184 tate
527 4147 540 4184 :
573 4130 804 4198 Accepit
832 4130 992 4182 Jesus
1030 4145 1239 4197 panem
1271 4135 1328 4180 et
1357 4129 1611 4195 calicem,
1651 4133 1708 4181 et
1742 4129 2082 4182 benedicens

383 4220 538 4272 dedit
598 4217 894 4286 discipulis
951 4216 1084 4268 suis.
1155 4219 1343 4269 Cesset
1388 4233 1523 4286 ergo
1571 4219 1656 4270 lac
1708 4217 2080 4272 sacriﬁcando

382 4307 594 4370 ott‘erri,
631 4305 766 4375 quia
790 4304 1160 4358 manifestum
1194 4309 1253 4356 et
1282 4304 1514 4357 evidens
1540 4305 1870 4374 exemplum
1901 4305 2082 4358 Evan-

377 4388 578 4466 geticaa
608 4394 864 4448 veritatis
895 4393 1100 4458 illuxit,
1135 4393 1284 4463 quod
1317 4401 1529 4463 praeter
1558 4409 1765 4462 panem
1801 4398 1859 4446 et
1885 4393 2082 4447 vinum

379 4485 534 4538 aliud
585 4483 780 4537 offerri
811 4499 929 4535 non
976 4482 1160 4534 liceat.
1217 4481 1363 4534 lllud
1419 4497 1553 4534 vero
1604 4481 1759 4551 quod
1787 4497 1890 4552 pro
1923 4498 2079 4535 eom-

378 4574 675 4644 plemento
744 4570 1167 4624 communionis
1221 4569 1521 4622 intinctam
1574 4569 1806 4622 tradunt
1858 4569 2080 4622 Eucha-

378 4662 597 4715 ristiam
652 4660 900 4730 populis,
959 4674 1063 4711 nec
1115 4658 1218 4712 hoc
1277 4658 1567 4726 prolatum
1647 4673 1715 4710 ex
1785 4657 2080 4727 evangelio

377 4749 776 4802 testimonium
805 4751 1164 4816 receperunt,
1215 4745 1316 4799 ubi
1357 4744 1627 4814 apostolis
1658 4761 1863 4814 corpus
1911 4761 2080 4799 suum

379 4843 433 4890 et
462 4835 801 4905 sanguinem
829 4833 1268 4898 commendavit,
1320 4849 1577 4886 seorsum
1620 4833 1776 4886 enim
1805 4832 1992 4902 panis,
2026 4837 2084 4887 et

379 4941 638 4977 seorsum
676 4923 865 4976 calicis
911 4922 1330 4975 commendatio
1387 4926 1756 4974 memoratur.
1803 4922 1944 4974 Nam
1990 4921 2079 4974 in-

375 5013 616 5066 tinctum
650 5027 856 5081 panem
904 5010 1029 5063 aliis
1071 5010 1358 5063 Christum
1408 5009 1720 5079 praebuisse
1772 5025 1889 5063 non
1939 5009 2078 5079 legi-

373 5117 522 5166 mus,
555 5105 792 5168 excepto
837 5099 921 5152 illi
978 5103 1203 5152 tantum
1261 5098 1560 5167 discipulo,
1615 5114 1788 5168 quem
1837 5097 2080 5151 intincta

372 5191 597 5245 bucella
637 5187 899 5258 magistri
957 5186 1312 5257 proditorem
1368 5187 1719 5252 ostenderet,
1777 5202 1892 5240 non
1948 5203 2078 5257 quae

373 5277 715 5332 sacramenti
743 5277 916 5345 hujus
952 5273 1372 5327 institutionem
1417 5275 1688 5344 signaret.
1745 5276 1887 5328 Nam
1919 5275 2074 5345 quod

373 5367 444 5422 de
473 5381 739 5436 expresso
770 5364 957 5428 botro,
992 5363 1048 5416 id
1079 5367 1164 5416 est
1200 5363 1268 5416 de
1304 5379 1548 5416 uvarum
1593 5363 1788 5432 granis
1826 5363 2075 5432 populus

372 5454 834 5509 communicatur
884 5451 1042 5504 valde
1097 5455 1182 5504 est
1230 5452 1466 5504 omnino
1531 5452 1855 5518 confusum,
1891 5451 1991 5505 se'd
2030 5452 2074 5504 si

371 5558 599 5596 necesse
628 5541 820 5606 fuerit,
843 5539 1040 5594 botrus
1067 5538 1128 5592 in
1157 5538 1331 5593 calice
1361 5537 1793 5609 comprimatur,
1838 5542 1895 5593 et
1927 5555 2076 5608 aqua

2115 1489 2162 1538 Α
2198 1484 2505 1538 misceatur
2541 1501 2554 1537 :

2614 1485 2752 1555 quia
2791 1485 2935 1538 calix
2986 1485 3315 1539 Dominicus
3358 1487 3520 1556 juxta
3562 1488 3908 1542 canonicum

2197 1578 2552 1642 prreceptum
2590 1575 2722 1627 vino
2773 1582 2831 1627 et
2875 1590 3026 1643 aqua
3080 1575 3398 1643 permixtus
3442 1575 3613 1629 debet
3656 1576 3860 1629 offerri
3896 1595 3908 1629 :

2196 1661 2330 1730 quia
2349 1661 2606 1715 videmus
2638 1663 2696 1715 in
2723 1679 2872 1732 aqua
2895 1663 3171 1732 populum
3208 1663 3474 1734 intelligi,
3510 1663 3566 1716 in
3601 1665 3732 1717 vino
3764 1681 3910 1718 vero

2198 1750 2422 1802 ostendi
2455 1750 2795 1818 sanguinem
2821 1751 3048 1804 Christi.
3081 1753 3224 1820 Ergo
3257 1768 3386 1804 cum
3419 1752 3479 1804 in
3501 1753 3675 1805 calice
3699 1753 3906 1806 vinum

2197 1854 2346 1906 aqua
2373 1837 2697 1903 misceatur,
2743 1838 2966 1891 Christo
3025 1841 3270 1908 populus
3329 1841 3632 1904 adunatur,
3670 1846 3726 1894 et
3772 1858 3909 1894 cre-

2197 1925 2459 1977 dentium
2493 1926 2650 1995 plebs
2676 1925 2728 1978 ei
2753 1926 2813 1978 in
2845 1943 3018 1996 quem
3047 1928 3291 1980 credidit
3320 1929 3642 1997 copulatur,
3676 1935 3730 1982 et
3754 1931 3908 1999 jun-

2197 2013 2370 2083 gitur.
2404 2014 2542 2076 Quaa
2589 2015 2874 2083 copulatio
2907 2020 2962 2067 et
3010 2016 3338 2085 conjunctio
3388 2032 3551 2085 aqua:
3593 2024 3644 2071 et
3673 2017 3796 2071 vini
3830 2019 3914 2071 sic

2197 2101 2470 2155 miscetur
2499 2101 2559 2154 in
2605 2103 2776 2154 calice
2832 2103 3078 2169 Domini,
3139 2108 3200 2155 ut
3240 2105 3570 2157 commixtio
3625 2105 3723 2158 illa
3787 2123 3913 2159 non

2195 2189 2376 2260 possit
2404 2190 2674 2259 separari.
2740 2192 2880 2243 Nam
2909 2191 2956 2242 si
2986 2191 3183 2244 vinum
3233 2196 3459 2244 tantum
3503 2193 3632 2262 quis
3672 2194 3912 2256 olferat,

2198 2278 2433 2347 sanguis
2508 2279 2715 2332 Christi
2764 2279 2968 2348 incipit
3023 2295 3144 2332 esse
3200 2279 3320 2332 sine
3375 2280 3583 2333 nobis:
3652 2281 3698 2332 si
3758 2299 3908 2336 vero

2197 2382 2346 2436 aqua
2375 2366 2446 2419 sit
2474 2367 2614 2433 sola,
2669 2367 2829 2436 plebs
2877 2367 3079 2436 incipit
3121 2383 3243 2420 esse
3294 2368 3416 2420 sine
3465 2368 3712 2421 Christo.
3750 2369 3910 2438 Ergo

2197 2454 2426 2524 quando
2458 2454 2653 2506 botrus
2670 2455 2825 2508 solus
2861 2455 3118 2521 otfertur,
3152 2455 3210 2506 in
3238 2471 3352 2524 quo
3384 2454 3503 2506 vini
3526 2461 3752 2508 tantum
3777 2458 3910 2509 et‘ti-

2197 2541 2382 2594 centia
2447 2542 2894 2607 demonstratur,
2957 2544 3153 2595 salutis
3217 2549 3422 2596 nostrae
3475 2548 3911 2597 sacramentum

2197 2628 2528 2698 negligitur,
2573 2631 2727 2700 quod
2777 2646 2880 2699 per
2909 2647 3118 2700 aquam
3151 2631 3526 2700 signiﬁcatur.
3578 2633 3698 2685 Non
3744 2633 3912 2687 enim

2131 2765 2168 2817 Β
2200 2721 2387 2786 potest
2414 2716 2555 2769 calix
2593 2717 2821 2770 Domini
2851 2734 2972 2770 esse
3003 2735 3151 2787 aqua
3182 2720 3322 2783 sola,
3348 2724 3446 2772 aut
3467 2719 3663 2772 vinum
3691 2721 3911 2787 solum,

2198 2805 2310 2858 nisi
2344 2810 2650 2874 utrumque
2680 2805 3004 2860 misceatur.
3071 2808 3134 2860 Et
3163 2807 3313 2872 ideo,
3373 2808 3504 2877 quia
3531 2808 3652 2877 jam
3684 2824 3748 2860 ex
3796 2809 3913 2862 hoc

2198 2894 2447 2963 plurima
2476 2898 2532 2947 et
2561 2895 2861 2964 multiplex
2923 2895 3198 2964 majorem
3259 2897 3546 2950 emanavit
3589 2898 3906 2960 sententia,

2198 2982 2466 3052 deinceps
2498 2983 2686 3036 omnis
2713 2983 2843 3036 talis
2871 3000 3032 3037 error
3058 2990 3231 3054 atque
3269 2986 3643 3054 praesumptio
3677 3001 3908 3039 cessare

2199 3071 2388 3135 debet,
2426 3087 2495 3123 ne
2525 3087 2921 3139 perversorum
2971 3073 3296 3127 inordinata
3351 3090 3630 3143 compago
3688 3079 3911 3127 statum

2197 3158 2453 3211 veritatis
2511 3165 2763 3213 enervet.
2819 3161 2881 3214 Et
2911 3161 3038 3215 ideo
3096 3162 3320 3215 nullum
3371 3163 3639 3232 deinceps
3677 3162 3912 3217 licitum

2198 3246 2307 3300 erit
2339 3247 2494 3301 aliud
2526 3247 2582 3299 in
2627 3247 2834 3301 divinis
2877 3249 3049 3302 sacris
3103 3250 3326 3316 offerre,
3377 3251 3491 3303 nisi
3539 3252 3703 3320 juxta
3761 3253 3914 3304 anti-

2197 3349 2446 3402 quorum
2472 3335 2817 3387 sententiam
2859 3336 3252 3404 conciliorum,
3288 3353 3499 3406 panem
3548 3342 3798 3404 tantum,
3854 3344 3912 3390 et

2197 3423 2429 3476 calicem
2460 3425 2591 3476 vino
2617 3429 2862 3494 et.aqua
2921 3425 3288 3494 permixtum.
3346 3428 3422 3480 De
3472 3430 3675 3480 caetero
3736 3427 3914 3482 aliter

2198 3527 2371 3581 quam
2426 3517 2776 3580 praeceptum
2836 3518 2921 3565 est
2965 3513 3198 3580 faciens,
3247 3513 3472 3582 (tandiu
3531 3513 3912 3569 sacriﬁcando

2196 3598 2456 3664 cessabit,
2545 3601 2802 3668 quandiu
2885 3600 3139 3670 legitima
3228 3601 3582 3670 paenitentiae
3672 3603 3913 3656 satisfa-

2197 3687 2385 3740 ctione
2414 3692 2710 3757 correptus
2744 3689 2814 3742 ad
2861 3690 3072 3759 gradus
3103 3689 3190 3743 sui
3236 3689 3490 3744 ofﬁcium
3520 3691 3718 3744 redeat
3745 3693 3912 3761 quod

2197 3775 2405 3829 amisit.

2197 3919 2324 3972 CAP.
2366 3919 2435 3972 Il.
2470 3950 2538 3957 —
2572 3919 2729 3984 Quod
2774 3921 2833 3972 in
2870 3921 3225 3974 Eucharistia
3266 3937 3359 3974 nec
3395 3937 3542 3990 pura
3586 3937 3754 3990 aqua,
3808 3939 3908 3976 nec

2608 4023 2810 4076 purum
2838 4010 3023 4061 vinum
3053 4008 3239 4075 offerri
3268 4009 3473 4062 debeat.

2267 4130 2384 4198 (Ea:
2411 4131 2595 4183 concil.
2637 4130 3043 4195 Wormaciensi,
3099 4145 3228 4198 cap.
3296 4130 3372 4200 2.)
3433 4133 3493 4184 lu
3544 4131 3906 4186 Eucharistia

2193 4233 2310 4271 non
2341 4217 2510 4270 debet
2551 4231 2699 4286 pura
2750 4233 2901 4287 aqua
2939 4217 3152 4283 otferri,
3205 4223 3268 4271 ut
3299 4220 3534 4288 quidam
3567 4220 3904 4274 sobrietatis

2190 4321 2358 4358 causa
2389 4306 2686 4369 falluntur,
2721 4305 2821 4358 sed
2850 4305 3049 4358 vinum
3083 4322 3211 4359 cum
3243 4323 3394 4377 aqua
3425 4307 3669 4361 mixtum
3705 4324 3716 4362 :
3756 4310 3904 4378 quia

2193 4397 2250 4447 et
2275 4393 2474 4447 vinum
2508 4393 2616 4447 fuit
2644 4393 2704 4446 in
2747 4393 3163 4463 redemptionis
3193 4399 3404 4448 nostra:
3445 4396 3734 4466 mysterio,
3764 4413 3900 4450 cum

2193 4483 2331 4536 dicit
2363 4497 2374 4535 :
2408 4484 2530 4536 Non
2562 4481 2756 4535 bibam
2787 4482 2857 4535 de
2885 4483 2993 4535 hoc
3023 4482 3318 4552 genimine
3348 4484 3496 4550 vitis,
3529 4491 3587 4538 et
3617 4502 3768 4555 aqua
3796 4487 3904 4540 mi-

2192 4577 2376 4639 xtum,
2403 4571 2557 4642 quod
2605 4576 2736 4640 post
2790 4586 3009 4624 coenam
3067 4571 3255 4625 dabat.
3312 4571 3424 4626 Sed
3463 4573 3532 4626 de
3562 4573 3739 4626 latere
3774 4575 3904 4644 ejus

2191 4676 2342 4729 aqua
2385 4676 2516 4712 cum
2565 4660 2843 4729 sanguine
2894 4675 3143 4729 egressa,
3187 4660 3387 4713 vinum
3433 4660 3503 4714 de
3529 4676 3663 4714 vera
3707 4665 3903 4717 carnis

2192 4749 2314 4818 ejus
2347 4748 2461 4801 vite
2493 4763 2625 4801 cum
2669 4764 2820 4816 aqua
2849 4763 3181 4816 expressum
3231 4748 3499 4801 ostendit.
3537 4749 3680 4802 Cum
3719 4749 3904 4820 igitur

2191 4836 2460 4906 magister
2509 4836 2766 4890 veritatis
2809 4853 3008 4890 verum
3059 4835 3256 4890 salutis
3299 4841 3506 4889 nostra;
3552 4838 3902 4894 sacriﬁcium

2191 4926 2308 4979 suis
2336 4927 2766 4980 commendaret
2795 4925 3107 4994 discipulis,
3149 4941 3359 4995 panem
3409 4930 3632 4979 tantum
3673 4932 3729 4980 et
3761 4930 3902 4981 cali-

2190 5031 2314 5068 cem
2355 5016 2460 5068 sub
2518 5015 2626 5068 hoc
2673 5019 3028 5068 sacramento
3097 5013 3408 5083 praebuisse
3457 5015 3894 5084 cognoscimus:

2189 5103 2435 5172 ideoque
2467 5108 2677 5171 praeter
2708 5119 2916 5174 panem
2948 5107 3003 5155 et
3028 5102 3223 5156 vinum
3265 5118 3395 5156 cum
3429 5118 3579 5172 aqua
3623 5104 3893 5171 mixtum,

2189 5189 2345 5243 aliud
2377 5190 2566 5243 otl'erri
2597 5207 2712 5244 non
2744 5191 2932 5244 debet.
2981 5190 3136 5244 Calix
3185 5189 3338 5244 enim
3393 5191 3720 5245 Dominicus
3761 5194 3894 5246 vino

2189 5281 2246 5328 et
2272 5292 2420 5346 aqua
2469 5276 2808 5328 commixtus
2863 5276 3032 5329 debet
3069 5276 3262 5328 otl'erri
3294 5292 3308 5328 :
3342 5276 3477 5346 quia
3524 5277 3783 5330 videmus
3834 5280 3893 5331 in

2188 5379 2338 5434 aqua
2367 5365 2650 5433 populum
2683 5364 2948 5434 intelligi,
2976 5364 3035 5416 in
3065 5365 3195 5417 vino
3226 5380 3359 5418 vero
3399 5366 3619 5418 ostendi
3659 5367 3890 5435 sangui-

2185 5467 2320 5506 nem
2350 5451 2576 5505 Christi.
2613 5453 2760 5522 Ergo
2796 5452 3028 5524 quando
3058 5452 3120 5505 in
3141 5452 3316 5507 calice
3347 5452 3479 5506 vino
3511 5469 3660 5523 aqua
3683 5455 3889 5508 misce-

2183 5543 2296 5604 tur,
2340 5539 2560 5595 Christo
2602 5542 2848 5612 populus
2887 5540 3198 5612 adunatur,
3231 5546 3288 5597 et
3321 5541 3678 5596 credentium
3729 5543 3890 5612 plebs
