3966 6414
18 437 88 486 ’53
981 438 1457 495 DECRETORUM
1499 441 1685 496 LIBRI
1721 443 1829 497 XX.
1860 473 1929 482 —
1968 444 2180 500 LIBER
2219 446 2535 509 QUINTUS.

3413 452 3521 503 754

18 542 44 609 ei
72 557 127 610 in
160 573 348 628 quem
379 558 627 613 credidit
667 561 971 630 copulatur
1000 566 1055 614 et
1094 562 1383 632 jungitur.
1435 563 1570 627 Quae
1601 581 1704 618 co—
1736 569 1782 620 A
1820 568 2088 621 omnibus
2138 570 2483 623 veneranda.
2521 572 2587 623 Et
2629 570 2775 625 sicut
2803 572 2995 641 potior
3025 579 3110 626 est
3142 574 3362 627 caeteris
3394 591 3406 627 :
3440 575 3521 628 ita

18 647 208 699 mlatio
256 651 317 700 et
366 650 701 717 conjunctio
752 665 917 719 aquae
950 660 1006 703 et
1051 651 1172 703 vini
1201 652 1281 704 sic
1339 653 1609 705 miscetur
1653 654 1713 705 in

18 735 159 785 :alice
194 735 465 802 Domini,
490 741 557 788 ut
587 738 915 791 commixtio
952 738 1049 790 illa
1079 755 1195 792 non
1226 741 1405 809 possit
1434 740 1705 809 separari.

17 824 129 874 tam
162 824 212 875 si
245 823 451 876 vinum
496 828 725 877 tantum
770 825 899 895 quis
947 826 1168 895 offerat,
1217 829 1450 897 sanguis
1502 822 1711 882 Christi

24 911 193 980 ncipit
223 928 352 965 esse
404 913 531 966 sine
580 913 764 966 nobis.
799 913 856 967 Si
885 930 1018 967 vero
1064 932 1212 985 aqua
1247 916 1318 969 sit
1366 918 1504 982 sola,
1549 917 1710 986 plebs

23 999 191 1067 ncipit
219 1016 346 1053 esse
391 1000 515 1053 sine
545 1000 787 1055 Christo.
832 1002 957 1055 Non
993 1007 1184 1071 potest
1217 1004 1370 1057 enim
1416 1005 1559 1057 calix
1594 1006 1709 1058 Do-

18 1087 137 1139 nini
171 1105 301 1142 esse
334 1105 486 1159 aqua
530 1091 653 1143 sola
676 1094 776 1143 aut
794 1090 992 1143 vinum
1018 1091 1225 1157 solum,
1255 1092 1365 1145 nisi
1394 1099 1708 1164 utrumque

17 1176 102 1228 sibi
130 1176 469 1231 misceatur.

18 1300 120 1353 IAP.
156 1302 253 1354 III.
294 1332 355 1340 —
396 1303 465 1355 Ut
512 1303 572 1356 in
597 1304 863 1370 sacriﬁcio
906 1306 1070 1372 panis
1100 1309 1151 1357 et
1190 1308 1375 1359 vinum
1413 1322 1530 1360 cum
1561 1322 1707 1375 aqua

685 1378 918 1428 mimtum
958 1375 1239 1443 offeratur.

67 1478 172 1539 (Ea:
218 1480 413 1533 concil.
466 1480 751 1548 Carthag.,
784 1497 904 1550 cap.
962 1482 1076 1550 23.)
1115 1484 1185 1536 Ut
1232 1481 1291 1535 in
1335 1483 1706 1536 sacramentis

18 1565 252 1633 tor-poris
286 1571 343 1618 et
371 1567 671 1636 sanguinis
704 1568 929 1621 Domini
978 1569 1122 1621 nihil
1154 1569 1399 1638 amplius
1432 1570 1707 1623 offeratur

18 1668 165 1720 {nam
217 1653 380 1722 quod
429 1653 554 1723 ipse
598 1654 870 1707 Dominus
921 1655 1078 1719 dicit,
1131 1656 1239 1708 hoc
1283 1662 1385 1721 est,
1436 1656 1601 1726 panis
1651 1662 1707 1710 et

18 1742 183 1794 'inum
233 1758 391 1811 aqua
414 1742 656 1795 mixtum
686 1759 698 1795 :
733 1759 838 1796 nec
871 1744 1119 1813 amplius
1165 1744 1223 1797 in
1254 1744 1527 1813 primitiis
1562 1746 1700 1799 offe-

18 1836 147 1881 atnr
179 1831 305 1883 Deo
337 1830 473 1883 vino
505 1835 560 1883 et
590 1830 902 1884 frumento.

18 1956 114 2007 IAP.
154 1955 250 2008 IV.
286 1985 357 1993 —
390 1956 457 2008 Ut
490 1956 630 2008 nihil
675 1956 833 2009 aliud
859 1958 919 2008 in
962 1958 1231 2023 sacriﬁcio
1264 1958 1549 2027 offeratur,
1590 1962 1704 2013 nisi

384 2028 554 2094 panis
583 2032 632 2079 et
659 2029 847 2080 vinum
876 2042 1022 2095 aqua
1054 2030 1305 2082 mixtum.

60 2133 176 2199 (Ea:
207 2133 406 2186 concil.
435 2134 724 2200 Africam,
752 2149 871 2202 cap.
905 2134 983 2200 4.)
1010 2135 1079 2189 Ut
1108 2134 1169 2187 in
1195 2136 1563 2189 sacramentis
1583 2153 1703 2190 cor-

18 2220 135 2271 ioris
185 2224 249 2272 et
309 2220 611 2289 sanguinis
656 2220 883 2274 Domini
934 2221 1075 2274 nihil
1124 2222 1372 2291 amplius
1429 2224 1704 2278 offeratur

18 2324 156 2375 {nam
191 2308 355 2378 quod
405 2308 528 2377 ipse
563 2308 842 2362 Dominus
873 2310 1131 2376 tradidit,
1173 2312 1281 2364 hoc
1312 2316 1414 2375 est,
1450 2313 1615 2382 panis
1645 2319 1702 2367 et

18 2396 181 2449 vinum
220 2412 376 2465 aqua
424 2396 693 2449 mixtum.
732 2398 1006 2451 Primitias
1048 2415 1201 2462 vero,
1237 2415 1338 2453 ceu
1386 2402 1498 2454 mel
1529 2405 1584 2454 et
1618 2403 1701 2456 lac

18 2485 137 2552 ιι)οά
181 2500 306 2537 uno
359 2484 450 2537 die
501 2484 927 2539 solemnissimo
982 2486 1042 2538 in
1091 2487 1378 2541 infantum
1425 2490 1698 2559 mysterio

18 2573 129 2624 ιυΙεί
152 2572 380 2639 offerri,
404 2572 669 2642 quamvis
698 2573 759 2626 in
779 2575 945 2626 altari
966 2575 1299 2641 offerantur,
1324 2593 1486 2630 suam
1507 2582 1699 2632 tamen

18 2662 243 2715 riabeant
288 2662 586 2731 propriam
632 2660 1114 2728 benedictionem,
1158 2671 1223 2718 ut
1262 2682 1295 2717 a
1342 2674 1697 2721 sacramento

18 2752 249 2819 :orporis
298 2750 587 2803 Dominici
635 2756 691 2803 et
747 2751 1045 2821 sanguinis
1095 2752 1542 2823 distinguantur,
1595 2772 1699 2809 nec

18 2840 239 2907 amplius
278 2839 340 2891 in
372 2838 647 2908 primitiis
694 2839 985 2909 offeratur,
1019 2856 1192 2910 quam
1218 2842 1286 2895 de
1320 2843 1441 2895 uvis
1490 2849 1547 2897 et
1578 2844 1693 2897 fru-

17 2928 218 2980 uentis.

18 3034 111 3087 ZAP.
174 3035 242 3085 V.
310 3064 379 3072 —
432 3036 505 3087 De
559 3036 816 3102 passione
890 3036 1111 3089 Domini
1170 3041 1228 3090 in
1304 3040 1698 3092 consecratione

18 3120 19 3127 η
565 3109 805 3172 corporis
834 3108 1125 3160 miscenda.

62 3212 162 3271 (Ex
211 3211 361 3264 decr.
416 3211 661 3263 Alcman.
704 3228 838 3281 pap.
895 3229 1016 3281 cap.
1075 3214 1151 3283 5.)
1201 3214 1263 3266 In
1313 3220 1699 3269 sacramento-

18 3315 111 3352 ’u'n
165 3314 408 3369 quoque
455 3300 863 3368 oblationibus,
914 3318 1041 3371 quae
1091 3302 1242 3354 inter
1285 3302 1578 3356 Missurum
1611 3322 1696 3356 so-

24 3389 199 3440 eninia
232 3387 489 3441 Domino
540 3388 881 3453 offeruntur,
913 3390 1100 3458 passio
1132 3390 1365 3442 Domini
1411 3391 1700 3445 miscenda

18 3483 87 3535 est,
143 3483 209 3528 ut
275 3477 422 3545 ejus,
491 3477 653 3545 cujus
711 3493 919 3547 corpus
977 3481 1032 3530 et
1080 3479 1312 3547 sanguis
1369 3466 1695 3545 conficitur,

18 3566 172 3619 ἰςιεεὶο
207 3566 560 3631 celebretur,
594 3565 674 3618 ita
702 3569 765 3617 ut
796 3566 1042 3634 repulsis
1092 3567 1467 3636 opinionibus
1498 3585 1697 3637 super—

18 3654 311 3717 ltitionum,
361 3653 528 3722 panis
560 3657 785 3705 tantum
833 3658 890 3706 et
919 3654 1118 3706 vinum
1169 3670 1317 3724 aqua
1346 3655 1696 3724 permixtum

24 3758 47 3790 n
76 3741 361 3794 sacriﬁcio
399 3741 736 3795 offerantur.
787 3742 907 3794 Non
938 3742 1108 3795 debet
1144 3742 1320 3803 enim,
1356 3747 1481 3796 uta
1520 3744 1695 3813 patri-

18 3846 91 3879 ms
134 3830 489 3898 accepimus,
546 3834 603 3880 et
651 3830 775 3897 ipsa
826 3829 973 3882 ratio
1023 3831 1210 3895 docet,
1260 3831 1315 3883 in
1367 3831 1539 3883 calice
1590 3833 1693 3884 Do-

18 3918 127 3970 nini
178 3923 284 3970 aut
327 3918 528 3970 vinum
565 3917 772 3979 solum,
825 3923 925 3969 aut
972 3934 1120 3987 aqua
1176 3919 1295 3971 sola
1344 3918 1559 3987 offerri,
1597 3920 1697 3973 sed

18 4012 305 4076 itrumque
336 4007 709 4075 permixtum,
746 4006 878 4075 quia
909 4012 1221 4076 utrumque
1258 4023 1321 4059 ex
1369 4007 1543 4060 latere
1576 4009 1697 4077 ejus

24 4110 50 4144 η
80 4112 178 4147 sua
223 4096 487 4165 passione
536 4095 873 4165 profluxisse
902 4096 1134 4165 legitur.
1189 4096 1315 4164 Ipsa
1346 4112 1475 4148 vero
1530 4097 1694 4149 Veri-

20 4198 73 4233 as
112 4200 216 4236 nos
268 4183 558 4242 instruxit,
602 4183 834 4235 calicem
874 4188 932 4235 et
975 4198 1181 4251 panem
1232 4183 1291 4236 in
1335 4189 1694 4238 sacramento

18 4272 215 4339 .fferre,
250 4272 484 4341 quando
534 4272 616 4324 ait
652 4288 663 4323 :
699 4271 933 4340 Accepit
963 4272 1127 4325 Jesus
1174 4288 1383 4341 panem
1418 4278 1475 4325 et
1518 4273 1695 4326 bene-

17 4358 142 4424 lixit,
191 4359 469 4429 deditque
517 4358 813 4428 discipulis
862 4358 1002 4423 suis,
1051 4359 1247 4412 dicens
1291 4376 1303 4412 :
1343 4359 1597 4429 Accipite
1638 4365 1695 4413 et
1724 4399 1765 4451 Β

18 4450 357 4512 nanducate,
404 4449 513 4500 hoc
562 4452 647 4499 est
694 4463 899 4516 corpus
947 4463 1140 4500 meum
1184 4448 1335 4517 quod
1388 4464 1492 4517 pro
1534 4448 1696 4502 vobis

26 4538 271 4589 radetur.
323 4535 623 4600 Similiter,
672 4540 979 4604 postquam
1024 4536 1287 4600 coenavit,
1341 4536 1559 4605 accepit
1598 4553 1697 4589 ca—

24 4623 176 4683 icem,
232 4623 505 4693 deditque
562 4622 857 4691 discipulis
900 4622 1017 4676 suis
1059 4621 1254 4676 dicens
1298 4639 1309 4675 :
1346 4623 1597 4693 Accipite
1644 4629 1700 4677 et

18 4714 163 4765 abite
221 4728 285 4764 ex
335 4728 400 4764 eo
445 4726 665 4776 omnes,
733 4710 871 4779 quia
918 4711 1009 4763 hic
1055 4715 1139 4763 est
1204 4711 1345 4764 calix
1403 4711 1699 4781 sanguinis

18 4802 125 4861 nei,
175 4801 278 4871 qui
310 4816 417 4869 pro
468 4799 627 4852 vobis
662 4799 989 4853 effundetur
1019 4799 1078 4852 in
1122 4799 1520 4853 remissionem
1562 4817 1696 4869 pec-

18 4898 269 4942 :atorum.
333 4889 589 4942 Crimina
641 4888 798 4940 enim
849 4893 1022 4957 atque
1071 4894 1304 4957 peccata
1352 4888 1555 4941 oblatis
1610 4889 1698 4941 his

18 4978 237 5031 )omino
285 4977 578 5030 sacrificiis
632 4977 918 5030 delentur.
977 4976 1189 5030 Idcirco
1237 4982 1293 5030 et
1336 4977 1525 5047 passio
1576 4977 1699 5045 ejus

23 5084 50 5117 η
103 5067 190 5119 bis
242 5065 761 5119 commemoranda
815 5070 922 5131 est,
978 5081 1090 5134 qua
1141 5064 1425 5133 redempti
1478 5081 1697 5128 sumus,

18 5156 284 5224 :tsaepius
338 5154 657 5218 recitanda,
707 5158 879 5223 atque
921 5154 1043 5206 haec
1093 5153 1336 5206 Domino
1389 5153 1696 5207 offerenda.

18 5242 219 5297 talibus
283 5243 488 5295 hostiis
548 5242 931 5296 delectabitur
1000 5247 1054 5295 et
1117 5241 1438 5311 placabitur
1505 5243 1698 5295 Domi-

18 5345 115 5397 ius,
179 5338 237 5385 et
301 5338 534 5402 peccata
585 5330 835 5384 dimittet
892 5330 1167 5399 ingentia.
1231 5330 1379 5383 Nihil
1439 5330 1591 5383 enim
1641 5331 1700 5383 in

18 5422 275 5473 =acriticiis
325 5421 519 5489 majus
570 5435 693 5473 esse
742 5425 949 5487 potest,
1001 5435 1173 5488 quam
1230 5434 1438 5488 corpus
1466 5423 1522 5472 et
1566 5435 1698 5470 san-

17 5510 114 5561 :uis
145 5509 374 5569 Christi,
419 5523 526 5561 nec
560 5508 678 5559 ulla
708 5507 922 5560 oblatio
950 5507 1059 5560 hac
1089 5505 1281 5574 potior
1312 5514 1415 5569 est,
1450 5506 1547 5559 sed
1581 5507 1701 5559 haec

19 5610 184 5647 nnucs
214 5592 501 5664 praecellit
525 5611 542 5643 :
576 5608 707 5660 quae
734 5607 881 5659 pura
900 5592 1245 5645 conscientia
1269 5590 1532 5654 Domino,
1569 5590 1703 5643 offe-

17 5664 164 5734 ienda
199 5688 303 5748 est,
357 5688 417 5735 et
472 5695 619 5749 pura
664 5685 857 5733 mente
906 5679 1375 5744 consummanda,
1426 5684 1599 5747 atque
1632 5679 1700 5732 ab

1822 657 2012 726 potius
2042 658 2241 724 excoli,
2276 664 2334 712 et
2359 658 2619 711 venerari
2650 660 2844 714 debet.

1823 762 1955 837 CAP._
1984 764 2071 817 VI.
2107 793 2193 837 —-_
2218 764 2344 837 Quae
2390 768 2591 832 species
2632 766 2706 818 ad
2735 769 2910 820 altare
2953 784 3057 821 non
3093 769 3167 821 ad
3209 772 3520 837 sacriﬁcan-

1920 834 2069 901 dum,
2100 835 2193 888 sed
2226 836 2296 887 ad
2327 836 2742 889 benedictionem
2775 840 3071 906 simplicem
3101 834 3419 907 offerantur.

1891 921 2001 988 (Ea:
2043 937 2233 975 canon.
2287 925 2541 991 apostol.,
2596 927 2774 993 capite
2816 924 2892 993 4.)
2947 927 3149 980 Offerri
3198 944 3314 981 non
3353 929 3523 981 liceat

1820 1007 2040 1077 aliquid
2088 1010 2156 1063 ad
2214 1009 2390 1062 altare
2439 1016 2650 1080 prazter
2693 1026 2873 1064 novas
2930 1013 3133 1081 spicas,
3170 1019 3227 1067 et
3276 1031 3428 1076 uvas,
3465 1020 3522 1067 et

1819 1097 2011 1150 oleum
2037 1097 2110 1150 ad
2140 1098 2467 1163 luminaria,
2492 1104 2547 1151 et
2579 1098 2755 1163 fabas,
2789 1103 2843 1151 et
2870 1100 3188 1169 thymiama
3216 1102 3288 1155 ad
3314 1102 3519 1156 incen-

1817 1201 1963 1246 sum,
1998 1189 2256 1255 tempore
2286 1202 2400 1255 quo
2435 1191 2631 1238 sancta
2662 1186 2983 1241 celebratur
3014 1188 3248 1241 oblatio.

2268 1274 2397 1328 CAP.
2426 1275 2536 1327 VII.
2570 1304 2638 1313 -—
2674 1278 2746 1327 De
2771 1276 2955 1329 eadem
2982 1292 3057 1329 re.

1887 1360 1994 1431 (Ea:
2034 1362 2175 1415 decr.
2211 1364 2404 1416 Melch.
2431 1378 2589 1431 pap.,
2622 1366 2799 1431 capite
2848 1368 2923 1431 I.)
2961 1365 3093 1417 Haec
3122 1365 3341 1434 species
3374 1382 3517 1435 quas

1814 1465 1934 1501 non
1967 1450 2098 1502 licet
2150 1450 2352 1503 offerre
2405 1466 2578 1519 super
2610 1452 2785 1503 altare
2836 1452 2999 1520 juxta
3048 1454 3516 1506 constitutionem

1816 1539 2206 1607 apostolorum
2255 1555 2575 1608 eorumque
2610 1555 3019 1608 successorum,
3054 1541 3123 1593 ad
3158 1541 3394 1594 domum
3427 1558 3517 1594 sa-

1815 1628 2114 1680 cerdotum
2166 1627 2518 1693 deferantur,
2570 1633 2688 1680 eta
2734 1628 3120 1682 sacerdotibus
3172 1630 3515 1683 benedican-

1814 1720 1927 1779 tur,
1969 1720 2025 1768 et
2055 1716 2300 1785 simplici
2332 1716 2735 1769 benedictione
2766 1717 3063 1769 benedicta
3093 1718 3323 1770 demum
3354 1736 3385 1770 a
3409 1735 3513 1787 po-

1814 1804 1966 1871 pulis
2005 1810 2327 1857 sumantur.
2383 1804 2549 1857 Faba:
2587 1809 2812 1857 tantum
2862 1810 2916 1857 et
2948 1822 3091 1868 uvzr,
3123 1822 3286 1858 novas
3317 1808 3512 1873 spicae,

1816 1896 1872 1943 et
1921 1892 2134 1958 oleum,
2183 1897 2239 1945 et
2293 1892 2666 1945 odoramenta
2712 1893 2781 1945 ad
2832 1893 3152 1953 incensum,
3205 1900 3261 1946 et
3312 1900 3515 1947 caetera

1814 1996 1942 2050 qua:
1972 1980 2219 2050 apostoli
2250 1982 2669 2035 constituerunt
2698 1997 2870 2050 super
2900 1982 3076 2035 altare
3108 1980 3436 2035 offerantur.

1815 2088 1944 2141 CAP.
1991 2088 2135 2141 VIII.
2188 2089 2337 2141 Nihil
2390 2090 2448 2140 in
2498 2089 2768 2153 sacriﬁcio
2812 2092 3010 2156 praeter
3057 2089 3201 2156 quod
3253 2091 3511 2142 Dominus

2372 2161 2569 2211 statuit
2600 2160 2951 2226 offerendum.

1888 2247 1999 2316 (Ea:
2046 2262 2235 2301 canon.
2287 2249 2539 2315 apostol.,
2592 2252 2765 2315 capite
2815 2251 2886 2310 3.)
2920 2248 2977 2302 Si
3008 2247 3136 2317 quis
3190 2247 3508 2317 episcopus,

1813 2340 1910 2389 aut
1938 2337 2252 2404 presbyter,
2281 2341 2488 2405 praeter
2516 2336 2934 2391 ordinationem
2964 2336 3190 2389 Domini
3223 2338 3331 2389 alia
3360 2353 3516 2406 quie-

1813 2425 1945 2477 dam
1994 2424 2053 2476 in
2106 2424 2385 2477 sacriﬁcio
2419 2424 2641 2490 offerat,
2693 2441 2865 2494 super
2921 2426 3119 2489 altare,
3173 2425 3231 2478 id
3264 2429 3366 2493 est,
3418 2430 3515 2477 aut

1810 2513 1945 2577 mel,
2003 2516 2103 2565 aut
2152 2513 2255 2577 lac,
2318 2517 2417 2564 aut
2464 2529 2570 2581 pro
2626 2513 2761 2565 vino
2803 2513 3061 2577 siceram,
3113 2518 3211 2565 aut
3259 2514 3515 2566 confecta

1811 2600 2099 2669 quadam,
2166 2605 2266 2652 aut
2320 2599 2593 2664 volatilia,
2652 2609 2750 2652 aut
2816 2600 3089 2652 animalia
3147 2601 3359 2670 aliqua,
3416 2603 3514 2651 aut

1809 2688 2130 2757 legumina,
2193 2694 2393 2741 contra
2443 2689 2910 2741 constitutionem
2972 2689 3197 2742 Domini
3257 2689 3509 2752 faciens,

1808 2776 2150 2845 deponatur.

1810 2884 1937 2937 CAP.
1972 2883 2055 2935 IX.
2090 2912 2160 2919 ——
2212 2884 2280 2935 Ut
2324 2881 2629 2948 presbyteri
2670 2897 2768 2934 vas
2813 2883 3072 2935 mundum
3122 2883 3375 2947 habeant,
3418 2882 3513 2933 ubi

2020 2968 2212 3021 corpus
2250 2954 2468 3005 Domini
2493 2968 2610 3005 cum
2632 2952 2922 3018 diligentia
2948 2953 3291 3006 recondatur.

1878 3044 1988 3106 (Ea:
2020 3041 2207 3093 concil.
2256 3042 2544 3107 Turonen.,
2580 3043 2757 3107 capite
2784 3042 2860 3108 4.)
2897 3042 2965 3094 Ut
2993 3041 3179 3093 omnis
3207 3040 3509 3109 presbyter

1809 3128 2017 3181 habeat
2061 3128 2334 3197 pixidem,
2369 3132 2466 3179 aut
2515 3144 2611 3179 vas
2655 3133 2813 3181 tanto
2857 3134 3212 3182 sacramento
3242 3128 3505 3197 dignum,

1810 3216 1907 3267 ubi
1938 3232 2144 3284 corpus
2170 3215 2530 3268 Dominicum
2554 3216 2859 3285 diligenter
2882 3218 3244 3281 recondatur,
3266 3216 3332 3268 ad
3358 3215 3509 3268 viati-

1807 3319 1936 3355 cum
1968 3303 2368 3356 recedentibus
2388 3320 2420 3355 a
2448 3305 2674 3356 saeculo.
2705 3306 2840 3368 Quae
2865 3309 3088 3358 tantum
3116 3321 3272 3357 sacra
3294 3305 3507 3358 oblatio

1808 3390 2048 3442 intincta
2080 3390 2251 3443 debet
2300 3406 2420 3442 esse
2454 3390 2513 3441 in
2547 3391 2829 3459 sanguine
2877 3392 3107 3455 Christi,
3139 3397 3202 3444 ut
3232 3391 3510 3444 veraciter

1808 3478 2107 3547 presbyter
2154 3477 2336 3547 possit
2380 3478 2569 3531 dicere
2620 3478 2875 3538 inﬁrmo,
2921 3495 3129 3548 corpus
3174 3484 3229 3533 et
3277 3478 3507 3547 sanguis

1809 3566 2036 3618 Domini
2082 3566 2345 3634 proficiat
2391 3566 2517 3630 tibi,
2552 3570 2657 3618 etc.
2707 3567 3057 3636 Semperqne
3098 3568 3167 3619 sit
3216 3583 3389 3635 super
3418 3568 3508 3619 al-

1808 3660 1926 3706 tare
1959 3653 2222 3705 obserata
2265 3658 2502 3722 propter
2532 3669 2725 3705 mures
2755 3659 2806 3706 et
2840 3655 3086 3707 nefarios
3134 3655 3418 3719 homines,
3452 3659 3507 3706 et

1807 3742 1877 3793 de
1911 3742 2153 3809 septimo
2201 3741 2259 3793 in
2305 3741 2617 3809 septimum
2666 3741 2817 3794 diem
2867 3758 3094 3810 semper
3139 3747 3412 3807 mutetur,
3448 3742 3505 3795 id

1805 3834 1908 3896 est,
1956 3829 2053 3881 illa
2082 3845 2115 3881 a
2146 3829 2482 3898 presbytero
2523 3834 2803 3891 sumatur,
2856 3835 2909 3883 et
2944 3830 3075 3897 alia,
3124 3846 3253 3900 qua:
3303 3831 3505 3884 eodem

1804 3918 1894 3971 die
1954 3924 2279 3970 consecrata
2330 3923 2434 3982 est,
2492 3918 2553 3970 in
2600 3918 2793 3971 locum
2841 3920 2964 3987 ejus
3015 3919 3378 3988 subrogatur,
3434 3935 3504 3972 ne

1804 4008 1951 4059 forte
1981 4006 2193 4059 diutius
2226 4011 2527 4071 reservata,
2556 4006 2806 4073 mucida,
2841 4008 2988 4077 quod
3022 4008 3186 4075 absit,
3220 4008 3335 4060 fiat.

1806 4115 1932 4167 CAP.
1983 4114 2044 4167 X.
2096 4144 2163 4151 -—
2216 4116 2282 4167 Ut
2324 4115 2610 4184 presbyter
2674 4117 3077 4169 Eucharistiam
3137 4118 3193 4169 in
3246 4121 3507 4184 promptu

2551 4186 2761 4239 habeat.

1876 4273 1984 4342 (Ea:
2026 4274 2211 4326 concil.
2257 4274 2554 4339 Wormac.,
2587 4289 2706 4342 cap.
2741 4275 2816 4341 5.)
2852 4276 2922 4328 Ut
2952 4276 3248 4344 presbyter
3278 4290 3507 4343 semper

1806 4356 2215 4411 Eucharistiam
2272 4357 2480 4411 habeat
2531 4362 2814 4425 paratam,
2858 4363 2918 4411 ut
2946 4359 3177 4427 quando
3240 4359 3364 4428 quis
3418 4358 3505 4411 in-

1806 4447 2066 4499 firmatus
2098 4444 2291 4511 fuerit,
2325 4450 2425 4497 aut
2471 4446 2741 4514 parvulus
2786 4445 3054 4498 inﬁrmus
3106 4446 3279 4498 fuerit
3312 4446 3505 4498 statim

1806 4549 1939 4585 eum
2028 4532 2433 4597 communicet,
2518 4548 2591 4584 ne
2679 4532 2801 4584 sine
2894 4533 3300 4586 communione
3378 4549 3503 4585 mo-

1808 4621 2007 4673 riatur.

1808 4728 1935 4780 CAP.
1971 4727 2063 4779 XI.
2100 4755 2172 4765 —
2213 4728 2307 4778 Tot
2339 4726 2627 4778 oblationes
2669 4731 2796 4793 quot
2822 4727 3021 4794 popqu
3066 4728 3345 4792 sufﬁciant
3374 4728 3502 4795 olfe-

1948 4796 2167 4859 rendas,
2193 4799 2409 4849 relictas
2430 4798 2487 4846 in
2516 4800 2816 4849 crastinum
2844 4813 2949 4850 non
2979 4798 3357 4851 reservandus.

1879 4888 1985 4953 (Ea:
2012 4887 2168 4952 epist.
2202 4884 2483 4937 Clementis
2508 4900 2628 4951 pa.,
2656 4901 2700 4937 c.
2736 4884 2849 4953 28.)
2888 4887 3047 4939 Certe
3080 4890 3240 4939 tanta
3270 4887 3327 4938 in
3362 4886 3505 4939 alta-

1808 4974 1856 5025 ri
1886 4974 2212 5026 holocausta
2241 4972 2556 5024 offerentur
2589 4979 2804 5043 quanta
2840 4974 3057 5042 populo
3107 4974 3366 5029 sufﬁcere
3408 4978 3505 5029 de-

1806 5061 1982 5114 beant
2014 5077 2026 5113 :
2064 5059 2217 5129 quod
2259 5058 2302 5111 si
2332 5061 2673 5114 remanserit
2718 5062 2777 5115 id
2807 5063 3121 5115 crastinum
3164 5080 3283 5116 non
3329 5080 3509 5117 reser-

1808 5154 2034 5211 ventur,
2069 5149 2165 5200 sed
2217 5163 2346 5200 cum
2380 5148 2587 5202 timore
2622 5155 2677 5203 et
2723 5155 2974 5204 tremore
3006 5152 3344 5205 clericorum
3376 5152 3506 5205 dili-

1808 5238 2002 5307 gentia
2059 5242 2489 5290 consumantur.
2554 5239 2664 5301 Qui
2719 5246 2910 5293 autem
2968 5240 3195 5293 residua
3251 5239 3506 5308 corporis

1810 5325 2059 5389 Domini,
2111 5341 2236 5394 quae
2284 5325 2344 5377 in
2402 5327 2648 5379 sacrario
2704 5329 2899 5381 relicta
2957 5333 3091 5379 sunt
3135 5333 3502 5391 consumunt,

1808 5429 1924 5465 non
1982 5414 2175 5465 statim
2226 5413 2296 5466 ad
2351 5430 2688 5468 communes
2741 5416 3049 5469 sumendos
3097 5416 3252 5467 cibos
3303 5432 3505 5468 conve-

1809 5501 1991 5565 niant,
2025 5518 2128 5554 nec
2160 5507 2365 5571 putent
2392 5510 2603 5556 sanctae
2637 5504 2888 5572 portioni
2918 5504 3285 5557 commiscere
3313 5505 3505 5557 cibum

1810 5590 1908 5659 qui
1939 5606 2041 5659 per
2065 5590 2417 5659 aqualiculos
2439 5592 2692 5659 digestus
2724 5593 2781 5644 in
2813 5608 3094 5644 secessum
3123 5592 3425 5645 emittitur.
3450 5594 3507 5648 Si

1810 5678 1987 5745 igitur
2022 5694 2190 5731 mane
2241 5678 2537 5732 Dominica
2583 5680 2921 5750 porrigitur,
2970 5695 3152 5748 usque
3184 5680 3257 5732 ad
3289 5686 3506 5734 sextam
