3966 6406
119 449 234 500 757
1111 447 1590 503 DECRETORUM
1634 449 1816 504 LIBRI
1857 450 1962 504 XX.
2007 481 2071 486 κ
2119 451 2328 505 LIBER
2368 450 2683 515 QUINTUS.

105 576 213 624 aut
276 571 583 625 nobiscum
658 571 1122 625 communicare:
1175 579 1315 642 puto
1383 590 1486 625 nec
1555 571 1915 642 majestatiA

106 656 351 722 divinee,
388 673 492 710 nec
519 656 876 726 Evangelicai
909 657 1229 726 disciplina:
1255 675 1591 728 congruere,
1627 662 1686 709 ut
1717 674 1830 726 pu-

109 747 221 798 dor
257 751 314 798 ct
362 747 552 800 honor
604 745 882 812 Ecclesiae,
933 751 1053 799 tam
1097 746 1254 816 turpi
1304 755 1358 801 et
1397 742 1601 800 infami
1630 751 1830 799 conta—

112 835 292 904 gione
325 835 591 888 foedatur.

109 925 238 976 CAP.
290 924 450 977 XXII.
515 954 581 962 -—
659 924 919 993 ()uandiu
994 927 1367 992 unusquisque
1425 930 1549 977 ante
1614 940 1827 977 sacram

291 997 716 1048 communionem
760 996 828 1048 ab
869 1011 1036 1048 uxore
1066 1011 1120 1048 se
1145 997 1414 1048 abstinere
1441 996 1645 1048 debeat.

181 1082 291 1149 (Ea:
340 1083 530 1135 concil.
588 1083 912 1147 Elibertan.,
955 1097 1074 1150 cap.
1121 1084 1200 1150 3.)
1233 1081 1429 1136 Omnis
1489 1082 1662 1134 homo
1697 1086 1826 1134 ante

106 1185 330 1222 sacram
387 1170 860 1224 communionem
921 1188 953 1224 a
1011 1170 1245 1239 propria
1305 1186 1480 1223 uxore
1542 1171 1824 1224 abstinere

103 1257 278 1311 debet
304 1263 438 1324 tres,
475 1264 575 1312 aut
606 1259 885 1329 quinque,
919 1263 1018 1311 aut
1054 1265 1274 1328 septem
1313 1259 1453 1312 dies.

103 1348 236 1400 CAP.
287 1348 442 1401 XXII.
494 1376 564 1387 —
629 1348 782 1412 Quod
824 1351 966 1399 inter
1011 1349 1300 1401 catholicos
1367 1363 1470 1400 non
1534 1363 1823 1400 connume-

173 1424 346 1477 retur.
383 1421 480 1486 qui
515 1422 573 1470 in
623 1421 746 1471 istis
797 1420 972 1471 tribus
1024 1419 1372 1485 temporibus.
1415 1420 1641 1482 Pascha,
1690 1422 1822 1472 Pen-

174 1495 388 1552 tecoste,
421 1491 610 1550 Natali
641 1491 875 1554 Domini,
902 1505 1008 1542 non
1051 1493 1426 1542 communicat.
1788 1493 1810 1510 °

174 1578 284 1644 (Ex
349 1593 550 1630 canone
615 1578 917 1643 Agathen.)
987 1578 1298 1631 Saeculares
1376 1595 1527 1644 vero,
1603 1578 1703 1648 qui
1760 1578 1819 1631 in

98 1665 294 1718 Natali
330 1665 635 1730 Dominici,
685 1667 918 1732 Pascha,
953 1671 1008 1719 et
1038 1667 1096 1719 in
1129 1669 1462 1720 Pentecoste
1513 1684 1628 1720 non
1663 1684 1820 1720 com-

94 1754 550 1820 municaverint,
583 1755 850 1809 catholici
879 1771 996 1808 non
1043 1756 1373 1822 credantur,
1406 1773 1508 1808 nec
1539 1755 1691 1809 inter
1720 1772 1819 1808 ca-

92 1841 347 1896 tholicos
378 1843 715 1897 habeantur.

93 1932 233 1985 CAP.
287 1933 462 1986 XXIV.
513 1961 582 1972 --
635 1934 701 1987 Ut
748 1933 946 1986 oblatio
994 1934 1190 1987 altaris
1236 1935 1469 2002 singulis
1522 1935 1812 1987 Dominicis

785 2004 973 2057 diebus
1013 2008 1129 2072 ﬁat.

169 2093 279 2156 (Ea:
336 2091 480 2144 decr.
532 2091 690 2145 Fabii
724 2107 906 2160 papae,
939 2108 1060 2160 cap.
1100 2095 1173 2161 5.)
1237 2092 1607 2146 Decernimus
1656 2097 1721 2146 ut
1749 2093 1811 2146 in

95 2179 418 2233 Dominicis
441 2179 708 2233 omnibus
740 2181 938 2234 diebus
960 2181 1158 2235 altaris
1180 2180 1411 2246 oblatio,
1445 2182 1516 2235 ab
1543 2181 1810 2235 omnibus

91 2269 253 2334 viris,
287 2268 378 2322 vel
402 2268 741 2322 mulieribus
763 2268 881 2334 fiat,
915 2274 1034 2323 tam
1053 2270 1218 2340 panis
1247 2286 1423 2340 quam
1451 2269 1591 2334 vini,
1615 2275 1678 2324 ut
1707 2286 1811 2339 per

91 2357 198 2410 has
267 2356 699 2410 immolationes
748 2374 780 2409 a
830 2363 1198 2426 peccatorum
1266 2374 1504 2412 suorum
1563 2358 1808 2411 fascibus

92 2446 442 2502 liberentur.

532 2535 662 2588 CAP.
693 2535 841 2589 XXV.
876 2566 942 2573 —
973 2538 1048 2589 De
1086 2535 1270 2589 eadem
1299 2551 1376 2590 re.

170 2626 286 2692 (Ea:
346 2624 490 2676 decr.
543 2624 802 2691 ejusdem,
851 2640 970 2693 cap.
1025 2624 1521 2691 IO.)0blationem
1577 2640 1806 2695 quoque

101 2718 155 2766 et
186 2729 394 2783 pacem
433 2711 491 2765 in
529 2712 774 2765 Ecclesia
816 2713 1000 2766 facere
1042 2713 1262 2782 jugiter
1291 2714 1671 2766 admoneatur
1701 2731 1803 2783 po-

95 2803 271 2871 pulus
330 2800 736 2856 Christianus:
797 2802 933 2871 quia
971 2801 1095 2871 ipsa
1149 2801 1364 2855 oblatio
1420 2801 1528 2855 sibi
1587 2807 1642 2856 et
1688 2802 1804 2854 suis

92 2903 378 2958 magnum
412 2889 726 2942 remedium
760 2895 843 2943 est
890 2890 1237 2956 animarum,
1288 2895 1345 2943 et
1398 2890 1454 2943 in
1507 2891 1632 2960 ipsa
1661 2907 1800 2961 pace

89 2992 223 3029 vera
256 2977 612 3030 unanimitas
643 2983 700 3030 et
729 2979 1033 3032 concordia
1063 2979 1507 3032 demonstratur.

79 3084 212 3136 CAP.
244 3084 425 3138 XXVI.
460 3113 528 3124 —
583 3087 658 3137 De
702 3084 1022 3138 diaconibus
1079 3086 1224 3153 quod
1277 3087 1607 3152 presbyteris
1657 3101 1794 3140 com—

519 3157 824 3208 munionem
851 3156 984 3208 dare
1001 3171 1108 3209 non
1124 3157 1367 3210 debeant.

152 3244 266 3313 (Ex
296 3244 514 3297 Niczno
536 3244 779 3308 concilio,
802 3259 924 3312 cap.
965 3245 1072 3310 18.)
1106 3245 1366 3298 Pervenit
1396 3245 1465 3298 ad
1498 3261 1797 3315 magnum,

78 3338 466 3400 sanctumque
519 3332 847 3396 concilium,
903 3333 1057 3401 quod
1100 3333 1160 3384 iu
1187 3333 1532 3401 quibusdam
1582 3333 1720 3387 locis
1747 3339 1802 3386 et

77 3419 412 3472 civitatibus
471 3420 821 3490 presbyteris
875 3421 1120 3489 gratiam
1153 3438 1329 3474 sacras
1379 3423 1800 3475 communionis

78 3508 311 3561 diaconi
335 3508 637 3577 porrigant
663 3549 676 3573 ,
715 3510 868 3578 quod
903 3525 1005 3562 nec
1044 3510 1264 3578 regula,
1301 3525 1402 3562 nec
1443 3511 1798 3562 consuetudo

79 3596 346 3660 tradidit,
382 3601 444 3649 ut
503 3597 572 3650 ab
610 3597 698 3650 his
747 3597 845 3665 qui
897 3603 1240 3668 potestatem
1272 3614 1388 3650 non
1420 3598 1631 3651 habent
1660 3599 1796 3651 0er-

81 3684 272 3750 rendi,
348 3684 432 3737 illi
488 3684 587 3754 qui
633 3685 883 3738 offerunt
935 3686 1143 3740 Christi
1225 3703 1434 3755 corpus
1493 3686 1794 3755 accipiant.

82 3775 320 3826 Necnon
362 3779 420 3826 et
451 3773 593 3826 illud
632 3774 903 3838 innotuit,
932 3776 1085 3844 quod
1119 3775 1351 3844 quidam
1395 3775 1618 3828 diaconi
1666 3782 1800 3827 ante

84 3862 388 3931 episcopos
419 3878 578 3915 sacra
607 3863 799 3916 oblata
828 3863 1180 3933 contingant.
1215 3865 1343 3916 Haec
1389 3863 1565 3932 igitur
1605 3864 1800 3916 omnia

82 3955 438 4014 resecentur,
483 3957 539 4002 et
571 3950 629 4002 in
663 3967 764 4002 sua
804 3952 1030 4004 diaconi
1084 3968 1354 4005 mensura
1403 3960 1796 4021 permaneant,

87 4038 330 4090 scientes
393 4038 546 4107 quod
597 4039 1000 4108 episc0porum
1049 4040 1282 4109 quidem
1344 4040 1593 4092 ministri
1662 4040 1795 4106 sint,

86 4127 390 4180 inferiores
444 4133 634 4179 autem
687 4128 1034 4197 presbyteris
1073 4129 1414 4182 habeantur.
1444 4131 1549 4182 Per
1599 4129 1797 4182 orbem

83 4232 221 4284 ergo
268 4221 399 4285 post
443 4217 803 4286 presbyteros
857 4217 1102 4286 gratiam
1151 4234 1326 4271 sacrae
1375 4219 1798 4272 communionis

80 4304 390 4373 accipiant,
440 4309 538 4356 aut
587 4305 858 4374 episcopo
920 4305 1021 4370 eis,
1071 4312 1170 4359 aut
1231 4307 1561 4377 presbytero
1611 4307 1799 4376 porri-

81 4398 278 4463 gente.
313 4391 422 4445 Sed
455 4409 556 4445 nec
597 4394 793 4446 sedere
841 4394 901 4446 in
934 4394 1121 4447 medio
1173 4397 1636 4465 presbyterorum
1671 4397 1793 4448 dia-
1826 4417 1868 4470 υ

81 4481 241 4533 conis
277 4480 447 4532 liceat
479 4496 492 4533 :
529 4481 665 4550 quia
694 4481 741 4534 si
770 4482 878 4535 hoc
922 4482 1040 4543 fiat,
1088 4489 1296 4551 praeter
1329 4484 1585 4553 regulam
1618 4491 1675 4536 et
1704 4501 1795 4536 or-

83 4569 279 4622 dinem
311 4569 588 4637 probatur
618 4569 879 4624 existere.
930 4571 985 4624 Si
1020 4572 1148 4641 quis
1209 4581 1401 4625 autem
1439 4574 1609 4625 etiam
1668 4578 1797 4642 post

83 4659 187 4712 has
215 4658 583 4711 definitiones
608 4659 837 4712 obedire
868 4660 1136 4725 noluerit,
1170 4677 1202 4714 a
1232 4661 1552 4714 ministerio
1575 4677 1793 4714 cessare

87 4747 343 4800 debebit.

89 4835 219 4888 CAP.
292 4835 494 4888 XXVII.
566 4864 634 4874 —
696 4837 775 4889 De
844 4838 1068 4902 eulogiis
1110 4837 1312 4906 populo
1360 4855 1394 4890 a
1462 4838 1793 4906 presbyteris

158 4977 268 5044 (Ea:
295 4975 436 5028 decr.
475 4977 560 5029 Pii
613 4993 791 5045 papa,
834 4907 1098 5046 (sic???)
1158 4979 1227 5031 Ut
1283 4979 1352 5032 de
1412 4978 1794 5032 oblationibus

86 5080 215 5133 quae
248 5063 572 5116 oll‘eruntur
598 5081 629 5117 a
662 5067 876 5134 populo
920 5072 975 5119 et
1008 5067 1420 5120 consecrationi
1463 5073 1792 5137 supersunt,

85 5153 170 5206 vel
204 5151 274 5204 de
333 5152 581 5221 panibus
649 5169 793 5224 quos
857 5154 1110 5208 offerunt
1135 5155 1328 5208 ﬁdeles
1361 5156 1428 5209 ad
1466 5157 1790 5223 Ecclesiam,

85 5239 170 5293 vel
202 5243 353 5291 certe
387 5239 456 5291 de
489 5239 606 5291 suis
660 5240 961 5311 presbyter
1009 5242 1416 5295 convenienter
1472 5249 1662 5312 partes
1702 5243 1791 5296 in-

85 5327 226 5381 cisas
261 5327 469 5381 habeat
501 5326 557 5380 in
582 5343 712 5380 vase
745 5329 952 5394 nitido,
988 5335 1052 5383 ut
1097 5335 1223 5400 post
1247 5331 1538 5384 Missarum
1582 5333 1794 5385 solem—

85 5415 198 5483 nia,
250 5415 350 5485 qui
399 5415 834 5470 communicare
885 5433 994 5471 non
1025 5417 1258 5471 fuerunt
1287 5420 1492 5488 parati,
1538 5421 1794 5489 eulogias

89 5503 241 5556 omni
274 5503 365 5556 die
393 5503 710 5565 Dominico,
745 5510 798 5558 et
833 5505 890 5558 in
926 5506 1127 5559 diebus
1145 5506 1302 5559 festis
1334 5508 1467 5561 inde
1491 5509 1793 5578 accipiant,

90 5596 140 5643 et
166 5592 280 5656 illa,
317 5592 469 5645 unde
504 5593 764 5663 eulogias
813 5595 1111 5664 presbyter
1141 5595 1376 5649 daturus
1423 5601 1527 5660 est,
1573 5603 1702 5649 ante
1736 5596 1795 5649 in

93 5682 204 5733 haec
237 5681 408 5734 verba
444 5680 771 5734 bcncdicat.

3553 459 3660 510 758

2183 575 2314 628 CAP.
2346 575 2570 628 XXVIII.
2606 605 2673 614 —
2703 578 2890 631 Oratio
2920 578 3153 645 simplex
3178 579 3418 644 eulogize.

2013 681 2252 734 Domine
2303 687 2517 749 sancte,
2556 684 2719 736 Pater
2752 685 3136 753 omnipotens,
3195 690 3410 739 ceterae
3473 687 3638 748 Deus,

1937 767 2273 822 benedicere
2299 770 2552 840 digneris
2583 771 2734 824 hunc
2767 779 3080 841 panemtua
3101 778 3294 826 sancta
3316 779 3370 826 et
3402 774 3646 843 spiritali

1937 857 2356 927 benedictione,
2389 864 2452 912 ut
2485 859 2556 911 sit
2579 860 2848 912 omnibus
2871 861 3020 913 salus
3051 862 3258 914 mentis
3281 866 3336 914 et
3366 863 3639 932 corporis,

1935 956 2106 1016 atque
2137 953 2332 1000 contra
2359 964 2560 1001 omnes
2594 949 2825 1001 morbos
2860 955 2917 1002 et
2950 949 3242 1002 universas
3275 950 3642 1005 inimicorum

1933 1035 2169 1088 insidias
2225 1041 2503 1090 tutamen.
2584 1039 2691 1090 Per
2755 1037 3063 1091 Dominum
3125 1043 3386 1092 nostrum
3445 1041 3641 1092 .Icsum

1935 1119 2225 1177 Christum
2284 1125 2489 1178 Filium
2551 1129 2714 1178 tuum
2766 1142 2975 1194 panem
3028 1126 3176 1190 vitae,
3241 1127 3341 1196 qui
3385 1128 3453 1180 de
3498 1129 3639 1181 caelo

1934 1211 2230 1265 descendit
2259 1216 2310 1265 et
2341 1213 2437 1266 dat
2483 1213 2655 1266 vitam
2690 1218 2746 1266 et
2803 1213 3045 1266 salutem
3092 1215 3326 1280 mundo,
3361 1221 3418 1267 et
3448 1220 3637 1268 tecum

1932 1300 2070 1352 vivit
2100 1307 2156 1354 et
2182 1306 2404 1370 regnat.
2442 1303 2568 1366 Per,
2601 1307 2706 1355 etc.

2109 1425 2237 1479 CAP.
2291 1427 2462 1480 XXIX.
2491 1457 2558 1466 —
2609 1430 2682 1480 De
2714 1443 2858 1496 pane
2900 1429 2998 1495 qui
3025 1427 3326 1494 o/ferendus
3358 1433 3452 1481 est.

2002 1531 2109 1599 (Ex
2139 1532 2280 1585 decr.
2317 1533 2496 1585 Amtii
2535 1549 2714 1601 papae,
2768 1549 2888 1600 cap.
2921 1535 2994 1597 3.)
3031 1535 3209 1586 Panes
3241 1550 3386 1603 quos
3435 1535 3550 1587 Deo
3574 1535 3632 1588 in

1928 1619 2270 1673 sacriﬁcium
2304 1621 2540 1686 offertis,
2571 1626 2668 1674 aut
2708 1638 2741 1674 a
2771 1621 3210 1691 vobismetipsis,
3241 1627 3340 1675 aut
3369 1639 3402 1675 a
3432 1625 3632 1676 vestris

1927 1709 2121 1778 pueris
2151 1725 2344 1762 coram
2377 1709 2534 1763 vobis
2576 1710 2755 1764 nitide
2803 1726 2867 1762 ac
2907 1710 3156 1763 studiose
3202 1711 3362 1774 ﬁant,
3416 1717 3471 1764 et
3499 1713 3629 1765 dili-

1927 1803 2128 1867 genter
2158 1797 2511 1863 observetur,
2545 1803 2611 1852 ut
2639 1799 2824 1868 panis,
2858 1804 2914 1852 et
2942 1799 3162 1865 vinum,
3193 1804 3248 1852 et
3286 1815 3454 1869 aqua,
3508 1801 3629 1854 sine

1924 1885 2134 1955 quibus
2165 1886 2345 1940 Missa:
2393 1893 2692 1958 nequeunt
2721 1887 3020 1953 celebrari,
3047 1887 3424 1941 mundissimo
3456 1893 3628 1959 atque

1922 1974 2174 2027 studiose
2239 1979 2574 2041 tractentur,
2632 1979 2688 2028 et
2719 1976 2863 2029 nihil
2920 1976 2981 2028 in
3033 1977 3114 2028 eis
3162 1977 3292 2043 vile,
3324 1976 3467 2030 nihil
3508 1994 3627 2031 non

1921 2063 2228 2130 probatum
2267 2063 2615 2128 inveniatur,
2643 2064 2810 2133 juxta
2835 2064 2978 2118 illud
3001 2064 3153 2134 quod
3185 2064 3262 2117 ait
3287 2065 3578 2134 Scriptura
3611 2081 3624 2120 :

1920 2149 2002 2202 Sit
2032 2149 2205 2202 timor
2264 2149 2491 2204 Domini
2521 2150 2838 2217 vobiscum,
2873 2155 2930 2204 et
2965 2167 3094 2204 cum
3144 2151 3444 2221 diligentia
3484 2169 3622 2206 cun-

1921 2242 2011 2291 cta
2039 2237 2226 2292 facite.

1920 2347 2048 2400 CAP.
2083 2345 2228 2398 XXX.
2272 2375 2340 2386 —
2386 2348 2459 2399 De
2505 2346 2838 2414 presbyteris
2885 2348 2984 2414 qui
3029 2361 3221 2413 corpus
3278 2347 3625 2400 Dominicum

2097 2416 2171 2470 ad
2199 2416 2551 2481 deferendum
2574 2419 2808 2483 inﬁrmis
2836 2418 3168 2470 mulierculis
3199 2417 3443 2470 tradunt.

1990 2522 2093 2589 (Ea:
2150 2524 2337 2575 concil.
2375 2524 2643 2587 Remensi,
2678 2538 2796 2590 cap.
2853 2523 2930 2592 '2.)
2967 2523 3234 2575 Pervenit
3260 2523 3329 2576 ad
3356 2522 3623 2576 notitiam

1918 2616 2194 2674 nostram,
2230 2611 2383 2681 quod
2415 2611 2652 2681 quidam
2684 2611 3004 2680 presbyteri
3053 2612 3111 2664 in
3172 2615 3398 2664 tantum
3432 2611 3622 2682 parvi-

1914 2700 2170 2770 pendant
2225 2701 2417 2753 divina
2471 2699 2761 2769 mysteria,
2804 2705 2868 2752 ut
2924 2699 3088 2765 laico,
3124 2704 3223 2752 aut
3253 2700 3483 2753 feminea
3526 2718 3621 2754 sa-

1914 2805 2074 2842 crum
2127 2805 2330 2858 corpus
2379 2788 2607 2842 Domini
2659 2787 2887 2840 tradant
2908 2787 2979 2840 ad
3028 2788 3406 2841 deferendum
3462 2790 3622 2842 infir-

1915 2875 2043 2938 mis,
2077 2880 2134 2926 et
2159 2875 2368 2944 quibus
2419 2873 2775 2944 prohibetur,
2811 2891 2881 2927 ne
2940 2874 3252 2927 sacrarium
3284 2875 3616 2943 ingredian-

1912 2967 2024 3028 tur,
2076 2979 2180 3015 nec
2231 2963 2299 3016 ad
2361 2964 2536 3016 altare
2589 2964 3076 3033 appropinquant,
3126 2963 3238 3016 illis
3269 2969 3463 3017 sancta
3493 2980 3618 3016 san-

1913 3057 2134 3104 ctorum
2159 3053 2619 3106 committuntur.
2651 3052 2810 3114 Quod
2829 3067 3000 3120 quam
3024 3051 3098 3104 sit
3119 3051 3411 3114 horribile,
3440 3068 3613 3122 quam

1833 3134 1872 3189 C
1912 3141 2246 3194 detestabile
2291 3139 2550 3192 omnium
2590 3138 2990 3208 religiosorum
3033 3139 3436 3193 animadvertit
3475 3157 3612 3210 pru-

1911 3229 2125 3282 dentia.
2163 3229 2341 3298 Igitur
2371 3229 2658 3282 interdicit
2689 3244 2789 3298 per
2815 3228 3010 3281 omnia
3040 3230 3314 3298 synodus,
3363 3245 3433 3282 ne
3486 3229 3612 3282 talis

1911 3318 2217 3371 temeraria
2268 3319 2640 3388 praasumptio
2695 3318 2934 3370 ulterius
2988 3318 3106 3376 ﬁat,
3167 3318 3261 3370 sed
3324 3317 3611 3370 omnimo-

1910 3407 1996 3460 dis
2025 3407 2321 3476 presbyter
2352 3423 2453 3476 per
2513 3407 2912 3474 semetipstum
2947 3406 3243 3459 infirmum
3295 3405 3615 3459 communi-

1909 3502 2018 3548 cet.
2054 3494 2215 3557 Quod
2271 3495 2318 3547 si
2350 3495 2515 3547 aliter
2569 3495 2786 3560 fecerit,
2821 3495 3035 3563 gradus
3066 3495 3155 3546 sui
3186 3495 3440 3565 periculo
3474 3495 3612 3547 sub—

1904 3583 2133 3654 jacebit.
2679 3585 2682 3590 ’

1910 3691 2037 3742 (Ἀρ.
2094 3689 2266 3742 XXXI.
2326 3717 2388 3727 —
2447 3691 2512 3742 Ut
2541 3688 2813 3753 defunctis
2868 3690 3218 3741 Eucharistia
3265 3705 3371 3742 non
3427 3688 3605 3742 detur.

1981 3799 2091 3860 (Ex
2131 3795 2318 3847 concil.
2384 3795 2666 3858 Carthag.,
2715 3808 2834 3861 cap.
2902 3796 2980 3858 6.)
3039 3795 3179 3846 Item
3238 3794 3472 3862 placuit,
3553 3798 3612 3846 ut

1908 3883 2241 3951 corporibus
2315 3883 2712 3935 defunctorum
2813 3881 3161 3934 Eucharistia
3230 3897 3346 3934 non
3420 3882 3606 3935 detur.

1907 3972 2192 4040 Scriptum
2239 3976 2323 4023 est
2375 3971 2578 4023 enim:
2640 3971 2914 4038 Accipite,
2975 3977 3031 4021 et
3089 3970 3259 4022 edite.
3322 3969 3611 4024 Cadavera

1909 4066 2122 4124 autem,
2183 4076 2289 4112 nec
2343 4060 2596 4128 accipere
2658 4064 2912 4128 possunt,
2977 4074 3076 4110 nec
3131 4059 3340 4112 edere:
3398 4064 3454 4112 et
3510 4075 3611 4112 nec

1906 4151 2022 4219 jam
2072 4157 2330 4203 mortuos
2361 4148 2623 4203 homines
2679 4148 2956 4216 baptizari
3011 4148 3180 4201 faciat
3247 4149 3606 4217 presbytero-

1908 4255 2036 4292 rum
2071 4239 2316 4306 ignavia.

1908 4346 2034 4398 CAP.
2066 4345 2357 4397 XXXII.—
2413 4345 2476 4397 Ut
2536 4343 2828 4396 oblationes
2881 4346 2939 4395 in
2993 4343 3291 4408 maioribus
3341 4345 3498 4407 festis
3543 4344 3610 4395 ab

2334 4415 2578 4468 omnibus
2606 4416 2984 4479 aequanimiter
3012 4413 3178 4479 fiant.

1981 4523 2088 4585 (Ea:
2150 4521 2336 4574 concil.
2398 4521 2679 4572 Matiscen.
2740 4533 2858 4585 cap.
2915 4519 3020 4579 50.)
3072 4517 3133 4568 In
3192 4516 3407 4584 synodo
3451 4515 3609 4569 Mati-

1908 4609 2088 4662 scensi
2121 4609 2413 4661 decretum
2444 4612 2543 4667 est,
2586 4605 2734 4658 utin
2781 4604 3048 4656 omnibus
3091 4604 3295 4657 diebus
3347 4604 3609 4658 Domini-

1905 4698 1984 4751 cis
2041 4697 2284 4766 aliisque
2341 4693 2741 4747 festivitatibus
2796 4692 3008 4746 oblatio
3065 4692 3135 4744 ab
3173 4692 3462 4758 omnibus,
3508 4691 3609 4761 qui

1907 4786 1979 4839 ad
2029 4785 2253 4838 Missam
2312 4782 2702 4846 convenerint,
2769 4781 3068 4849 utriusque
3127 4797 3291 4833 sexus
3338 4782 3610 4834 otIeratur

1906 4873 1967 4927 in
2021 4872 2282 4933 Ecclesia,
2338 4871 2550 4938 singuli
2601 4869 2857 4938 singulas
2915 4868 3233 4922 oblationes
3281 4870 3606 4934 offerentes,

1908 4962 2090 5015 Finita
2122 4962 2279 5016 Missa
2313 4977 2344 5012 a
2377 4959 2706 5030 presbytero
2757 4957 3074 5011 oblationes
3120 4957 3420 5026 accipiant.
3473 4959 3606 5010 0m-

1909 5051 1995 5103 nis
2047 5054 2238 5104 autem
2300 5048 2397 5119 qui
2451 5048 2595 5101 hanc
2657 5045 3063 5101 dit'tinitionem
3117 5062 3220 5116 per
3273 5046 3606 5099 inobedien-

1907 5140 2046 5192 tiam
2097 5153 2369 5190 evacuare
2444 5135 2895 5207 praesumpserit,
2959 5137 3324 5189 anathemate
3396 5133 3610 5204 percel-

1904 5227 2074 5280 latur.

1909 5333 2035 5386 (ἷΑΡ.
2071 5333 2297 5386 XXXIII.
2335 5362 2401 5369 —
2457 5331 2612 5396 Quod
2658 5333 2927 5384 ministris
2971 5331 3166 5384 altaris
3219 5344 3390 5397 supra
3435 5329 3610 5381 altare

2369 5404 2497 5456 solis
2539 5405 2930 5456 communicare
2967 5403 3143 5454 liceat.

1979 5509 2094 5578 (Ea:
2121 5509 2308 5561 concil.
2347 5508 2630 5562 Laodicea.
2677 5524 2796 5575 cap.
2860 5508 2964 5575 19.)
3018 5505 3165 5559 Solis
3217 5508 3410 5558 autem
3437 5502 3610 5557 mini-

1910 5597 2040 5650 stris
2071 5613 2229 5649 sacro
2263 5596 2455 5649 ordini
2494 5595 2700 5649 deditis
2732 5596 2799 5649 ad
2846 5596 3021 5648 altare
3052 5593 3340 5658 accedere,
3369 5598 3425 5646 et
3457 5607 3613 5646 com-

1912 5685 2204 5738 municare
2258 5684 2438 5738 liceat.
