3966 6406
312 399 420 451 759

1397 395 1799 452 BURCHARDI
1837 394 2372 452 WORMACIENSIS
2412 392 2748 450 EPISCOPI.

3727 403 3841 455 760

315 521 446 575 CAP.
479 519 703 575 XXXIV.
749 548 818 559 —
878 520 948 573 Ut
1003 519 1186 591 nullus
1241 519 1398 584 infra
1449 520 1823 590 presbyterum
1872 521 2021 574 ordi-
2053 520 2100 572 A
2137 518 2425 589 pollutum
2504 518 2659 585 dicit,
2741 517 2851 572 nisi
2929 518 3110 572 lotum
3188 534 3338 589 aqua
3395 519 3447 572 ei
3515 537 3698 591 usque
3761 523 3840 575 ad

386 595 570 714 natuf,
631 605 742 643 rem
795 605 835 643 α
881 590 1196 658 presbytero
1259 595 1623 645 consecratam
1679 593 1840 646 alteri
1887 607 2018 660 por-

387 676 513 714 rzoa
544 701 556 712 .

387 676 556 727 rigat.

391 747 500 818 (Ea:
555 748 699 802 decr.
759 748 1008 814 Silyestr.
1063 762 1240 816 papae,
1286 764 1406 817 cap.
1459 748 1534 816 7.)
1592 749 1791 803 Nullus
1839 750 2021 818 acoly-

315 836 572 898 thorum,
607 836 691 888 vel
729 835 1210 888 subdiaconorum
1251 852 1372 889 rem
1413 841 1802 890 consecratam
1836 854 1868 890 a
1896 852 2022 906 pre-

318 925 544 994 sbytero
573 924 695 992 jam
721 923 846 976 aliis
896 923 1196 993 porrigat:
1231 924 1368 994 quia
1392 925 1548 977 aliud
1597 930 1682 978 est
1737 924 2018 989 minister,

318 1013 474 1066 aliud
507 1012 806 1078 adsistens,
849 1011 960 1064 nisi
1011 1016 1235 1065 tantum
1281 1017 1601 1082 supportet,
1634 1013 1787 1082 quod
1823 1012 1876 1065 ei
1933 1028 2015 1064 sa-

323 1100 522 1154 cerdos
547 1099 908 1169 imposuerit,
950 1115 1047 1152 ore
1077 1115 1178 1152 suo
1211 1099 1593 1153 benedictum.

324 1207 453 1262 CAP.
487 1206 679 1259 XXXV.
707 1236 777 1244 —
831 1206 908 1258 De
962 1205 1075 1258 illis
1136 1207 1233 1272 qui
1280 1208 1407 1274 post
1457 1206 1702 1275 aliquam
1765 1205 2020 1271 degusta-

714 1278 909 1329 tionem
946 1277 1273 1342 sacriﬁcium
1300 1279 1621 1344 acceperint.

393 1364 501 1434 (Ea:
531 1364 674 1418 decr.
726 1364 984 1430 Eutychii
1033 1379 1210 1432 papae,
1245 1365 1421 1431 capite
1468 1366 1540 1432 2.)
1574 1364 1682 1427 Qui
1742 1365 2025 1434 acceperit

321 1452 663 1506 sacriﬁcium
713 1457 841 1522 post
889 1451 1100 1514 cibum,
1163 1456 1263 1504 aut
1293 1455 1423 1520 post
1452 1452 1703 1522 aliquam
1761 1452 2023 1522 parvissi-

321 1555 476 1594 mam
517 1538 911 1604 refectionem,
961 1537 1071 1590 nisi
1100 1553 1204 1608 pro
1261 1538 1490 1604 viatico,
1526 1538 1689 1608 pueri
1717 1544 1832 1593 tres
1879 1539 2020 1604 dies,

321 1629 570 1697 majores
599 1634 838 1696 septem,
869 1626 1059 1680 clerici
1081 1625 1289 1695 viginti
1321 1626 1440 1679 dies
1460 1627 1777 1696 poeniteant

325 1736 454 1789 CAP.
494 1733 706 1787 XXXVI.
747 1761 815 1772 -—
859 1734 926 1786 Ut
958 1732 1242 1800 presbyter
1289 1734 1580 1787 illiteratus
1621 1737 1846 1788 Missam
1885 1735 2024 1788 cele-

895 1807 1053 1855 brare
1079 1818 1187 1855 non
1229 1803 1439 1858 debeat.

392 1893 503 1959 (Ea:
563 1891 706 1944 decr.
768 1890 1012 1943 Fabiani
1035 1906 1214 1958 papa,
1276 1893 1453 1958 capite
1509 1893 1619 1959 lO.)
1672 1892 2026 1946 Sacriﬁcium

329 1996 441 2033 non
477 1983 565 2032 est
624 1978 1026 2048 accipiendum
1074 1979 1143 2031 de
1174 1994 1348 2031 manu
1397 1980 1730 2048 sacerdotis,
1761 1981 1861 2050 qui
1905 1997 2030 2034 ora-

325 2068 532 2134 tiones,
591 2067 679 2120 vel
733 2066 1027 2133 lectiones,
1085 2071 1142 2120 et
1196 2066 1448 2136 reliquas
1505 2067 1926 2121 observationes
1968 2069 2028 2121 in

326 2156 510 2220 Missa,
543 2155 860 2208 secundum
897 2153 1073 2206 ritum
1104 2155 1346 2223 implere
1382 2171 1497 2207 non
1530 2160 1739 2224 posset.

330 2243 459 2297 CAP.
518 2243 756 2296 XXXVII.
817 2273 885 2280 ——
940 2243 1044 2296 Pro
1096 2245 1258 2295 unius
1325 2243 1593 2297 oblatione
1649 2244 1875 2299 alterius
1925 2260 2032 2299 non

989 2312 1367 2382 spernendam.

402 2403 656 2468 (Eugenii
679 2416 859 2468 papa,
903 2403 1080 2468 capite
1131 2400 1240 2471 l7.)
1261 2401 1561 2470 Presbyter
1589 2417 1693 2472 pro
1729 2402 1898 2456 unius
1931 2403 2032 2457 ob-

327 2489 562 2552 latione,
597 2488 826 2541 alterius
853 2504 967 2542 non
995 2495 1246 2557 spernat.

332 2579 464 2632 CAP.
496 2577 768 2632 XXXVIII.
806 2607 876 2615 —
928 2578 994 2630 Ut
1032 2577 1413 2630 dissidentium
1446 2580 1688 2644 fratrum
1741 2579 2032 2636 oblationes

935 2662 1041 2700 non
1069 2650 1426 2715 recipiantur.

402 2738 512 2802 (Ea:
550 2735 771 2788 concilio
802 2735 1093 2800 Africano,
1140 2739 1316 2804 capite
1347 2735 1458 2805 93.)
1500 2737 1830 2791 Oblationes
1865 2737 2031 2792 dissi-

333 2824 590 2878 dentium
624 2823 888 2891 fratrum,
921 2839 1108 2893 neque
1133 2824 1194 2876 in
1237 2825 1504 2893 sacrario,
1549 2841 1738 2896 neque
1778 2826 1838 2880 in
1869 2843 2031 2897 gazo-

330 2911 591 2982 phylacio
623 2910 996 2979 recipiantur.

334 3001 459 3054 CAP.
497 2999 712 3053 XXXIX.
742 3026 814 3038 ——
874 3000 942 3051 Ut
987 2999 1286 3063 refutanda
1333 3001 1445 3052 sint
1500 3016 1682 3054 eorum
1727 3001 1890 3068 dona,
1937 3005 2034 3070 qui

865 3083 1132 3136 pauperes
1161 3072 1497 3137 opprimunt.

402 3157 519 3226 (Ea:
547 3157 746 3222 eodem,
780 3158 957 3223 capite
978 3157 1084 3216 94.)
1119 3157 1348 3220 Eorum,
1393 3157 1493 3226 qui
1535 3174 1812 3228 pauperes
1840 3159 2034 3230 oppri-

338 3250 525 3308 munt,
559 3244 710 3297 dona
737 3260 770 3295 a
793 3243 1182 3296 sacerdotibus
1213 3244 1536 3297 refutanda.

550 3333 676 3385 CAP.
706 3331 807 3384 XL.
837 3359 907 3370 —
938 3333 1010 3384 De
1039 3331 1369 3399 presbyteris
1395 3334 1820 3389 immolantibus.

409 3420 518 3489 (Ea:
549 3421 770 3473 concilio
799 3419 1112 3484 Ancyrano,
1163 3420 1345 3488 capite
1389 3419 1461 3490 l.)
1516 3423 1880 3492 Presbyteros
1934 3423 2036 3477 im-

339 3508 640 3572 molantes,
674 3511 727 3560 et
777 3507 990 3560 iterum
1039 3508 1325 3560 luctamen
1365 3508 1660 3575 adeuntes,
1694 3510 1741 3562 si
1783 3511 1890 3564 hoc
1919 3528 2036 3565 non

339 3613 442 3666 per
470 3596 798 3648 illusionem
829 3595 1080 3665 aliquam
1122 3596 1216 3648 sed
1251 3613 1318 3649 ex
1350 3597 1588 3650 veritate
1621 3597 1899 3666 fecerunt,
1934 3617 2038 3653 nec

340 3691 472 3738 ante
528 3689 793 3754 parentes
841 3687 896 3736 et
949 3683 1302 3749 atfectantes,
1357 3689 1531 3754 atque
1597 3686 1919 3750 suadentes,
1973 3693 2040 3742 ut

341 3773 692 3826 aestimarent
762 3771 995 3840 quidem
1052 3772 1351 3825 tormentis
1385 3773 1589 3842 aptari,
1640 3774 1738 3828 sed
1777 3775 1865 3828 his
1913 3776 2036 3829 visu

338 3866 562 3914 tantum
594 3865 651 3913 et
687 3859 883 3913 habitu
916 3859 1138 3929 subjici,
1184 3861 1293 3914 hoc
1342 3861 1555 3930 placuit
1601 3862 1880 3917 honorem
1908 3864 2039 3934 qui-

339 3949 470 4002 dem
499 3948 750 4016 propriat
781 3947 929 4000 sedis
975 3948 1268 4006 retinere:
1319 3949 1522 4002 ott‘erre
1559 3956 1773 4016 autem,
1821 3956 1921 4006 aut
1963 3953 2039 4006 al-

338 4036 497 4106 loqui
549 4036 850 4104 populum,
907 4041 1008 4088 aut
1065 4036 1304 4089 omnino
1361 4037 1810 4093 sacerdotalibus
1871 4039 2035 4110 fungi

339 4123 542 4177 ofﬁciis
571 4139 688 4175 non
722 4123 914 4175 licere.

785 4211 913 4264 CAP.
945 4211 1077 4264 XLI.
1109 4241 1177 4248 —
1211 4211 1290 4264 De
1317 4212 1588 4265 eademre.

412 4302 521 4364 (Ea:
548 4297 747 4361 eodem,
788 4313 910 4366 cap.
960 4301 1061 4364 l2.)
1107 4298 1341 4352 Diaconi
1370 4299 1658 4366 similiter,
1696 4301 1798 4371 qui
1828 4300 2035 4354 immo-
2063 4336 2108 4390 Β

340 4389 624 4451 laverunt,
653 4386 933 4439 honorem
962 4385 1195 4454 quidem
1228 4386 1498 4452 habeant,
1529 4394 1751 4441 cessent
1794 4405 1923 4441 vero
1966 4389 2036 4443 ab

340 4477 499 4530 omni
531 4491 690 4528 sacro
722 4474 1013 4543 mysterio,
1062 4474 1178 4528 sive
1230 4492 1260 4528 a
1295 4492 1464 4545 pane,
1522 4477 1636 4530 sive
1671 4493 1704 4530 a
1761 4478 1930 4531 calice
1961 4477 2037 4531 of-

336 4564 598 4630 ferendo,
633 4564 720 4616 vel
751 4563 1136 4633 praedicando.
1173 4563 1331 4627 Quod
1384 4565 1431 4618 si
1474 4565 1711 4635 quidam
1743 4566 2035 4636 episcopo-

338 4669 468 4707 rum
492 4650 704 4705 conscii
760 4655 894 4704 sunt
931 4650 1143 4704 laboris
1193 4667 1416 4716 eorum,
1464 4658 1522 4706 et
1571 4653 1933 4720 humilitatis,
1982 4659 2038 4707 et

341 4738 814 4802 mansuetudinis,
867 4743 923 4792 et
965 4739 1253 4792 voluerint
1282 4740 1363 4792 eis
1406 4740 1620 4810 aliquid
1653 4741 1903 4811 amplius
1932 4743 2032 4796 tri-

339 4829 538 4892 buere,
572 4827 656 4879 vel
684 4826 956 4889 adimere,
982 4843 1158 4896 penes
1180 4827 1330 4897 ipsos
1353 4828 1460 4882 erit
1481 4833 1745 4899 potestas.

339 4916 468 4970 CAP.
500 4913 656 4968 XLII.
706 4943 776 4953 ——-
822 4916 896 4968 De
931 4915 1280 4982 presbyteris,
1334 4917 1529 4984 quibus
1563 4920 1695 4972 solet
1723 4919 2034 4975 dormiendo

877 4999 1014 5052 saepe
1042 5000 1217 5039 semen
1246 4989 1484 5055 efﬂuere.

407 5074 786 5141 (Interrogatio
842 5073 1076 5140 August.
1143 5075 1443 5141 Anglorum
1500 5078 1778 5146 apostoli.)
1817 5077 1877 5132 Si
1909 5084 2036 5148 post

332 5161 679 5227 illusionem,
742 5169 886 5229 qua!
927 5177 1032 5230 per
1091 5161 1384 5215 somnium
1434 5165 1578 5218 solet
1610 5165 1885 5229 accidere,
1945 5167 2033 5221 vel

333 5265 540 5320 corpus
573 5248 800 5302 Domini
834 5249 1075 5318 quilibet
1105 5251 1359 5320 accipere
1393 5253 1595 5319 valeat,
1628 5255 1714 5308 vel
1745 5255 1792 5307 si
1848 5272 2035 5309 sacer-

332 5340 432 5393 dos
465 5338 560 5406 sit,
594 5353 753 5390 sacra
783 5337 1052 5408 mysteria
1083 5340 1390 5393 celebrare.

743 5444 870 5498 CAP.
899 5445 1081 5498 XLIII.
1112 5476 1182 5484 —
1225 5447 1306 5499 De
1336 5444 1520 5499 eadem
1545 5461 1623 5499 re.

405 5531 718 5598 (Responsio
759 5531 998 5598 Gregor.)
1043 5532 1109 5584 Et
1135 5533 1371 5602 quidem
1412 5533 1566 5616 hunc
1600 5532 2031 5588 Testamentum

332 5616 541 5670 veteris
566 5617 731 5687 legis,
759 5618 905 5672 sicut
932 5619 991 5672 in
1022 5620 1302 5690 superiori
1332 5620 1586 5691 capitulo
1630 5620 1750 5689 jam
1781 5621 2032 5676 diximus

2129 623 2432 676 vesperum
2482 605 2696 659 intrare
2742 605 3048 659 Ecclesiam
3096 622 3212 660 non
3261 606 3614 662 conceditur.
3670 609 3844 673 Quod

2129 699 2325 748 tamen
2353 694 2520 750 aliter
2541 694 2792 765 populus
2822 693 3092 763 spiritalis
3115 693 3465 764 intelligens,
3497 696 3600 750 sub
3629 698 3841 751 eodem

2128 781 2424 837 intellectu
2484 781 2742 852 accipiet,
2805 797 2918 851 quo
2961 781 3184 852 praefati
3239 798 3437 834 sumus
3486 784 3623 854 quia
3673 784 3842 855 quasi

2131 888 2234 940 per
2262 871 2552 924 somnium
2576 871 2862 938 illuditur,
2891 871 2991 940 qui
3012 875 3263 924 tentatus
3282 871 3661 926 immundicia
3689 874 3846 926 veris

2131 959 2478 1029 imaginibus
2499 959 2556 1011 in
2577 959 2921 1029 cogitatione
2943 960 3298 1030 inquinatur.
3322 960 3430 1014 Sed
3455 961 3728 1015 lavandus
3756 966 3850 1015 est

2130 1063 2300 1117 aqua,
2339 1053 2400 1100 ut
2425 1048 2620 1116 culpas
2645 1047 3006 1116 cogitationis
3040 1047 3306 1117 lacrymis
3363 1049 3578 1114 abluat,
3623 1055 3678 1102 et
3728 1049 3849 1102 nisi

2129 1135 2292 1205 prius
2321 1134 2471 1204 ignis
2501 1134 2836 1188 tentationis
2861 1134 3177 1197 recesserit,
3203 1151 3364 1187 reum
3389 1151 3447 1188 se
3471 1135 3634 1205 quasi
3658 1153 3848 1206 usque

2131 1222 2202 1276 ad
2236 1237 2540 1291 vesperum
2573 1229 2897 1291 cognoscat.
2923 1222 3031 1276 Sed
3054 1221 3218 1275 estin
3241 1223 3439 1276 eadem
3457 1223 3722 1277 illusione
3745 1241 3852 1277 ne-

2131 1309 2376 1362 cessaria
2404 1309 2567 1362 valde
2607 1309 2898 1376 discretio,
2948 1326 3076 1379 quia
3122 1311 3408 1363 subtiliter
3454 1311 3687 1380 pensari
3736 1313 3847 1364 de-

2131 1397 2284 1464 beat,
2357 1413 2425 1450 ex
2485 1413 2600 1468 qua
2651 1414 2711 1450 re
2769 1398 2984 1451 accidat
3036 1398 3213 1452 menti
3272 1399 3631 1453 dormientis.
3694 1401 3848 1453 Nam

2133 1484 2446 1555 aliquando
2479 1502 2546 1539 ex
2592 1487 2844 1555 crapula,
2907 1486 3216 1556 aliquando
3269 1503 3333 1541 ex
3367 1494 3588 1542 natura:
3637 1505 3850 1558 super-

2134 1572 2373 1640 ﬂuitate,
2432 1573 2521 1626 vel
2596 1573 2954 1640 inﬁrmitate,
3014 1575 3326 1644 aliquando
3382 1592 3446 1628 ex
3495 1576 3851 1645 cogitatione

2133 1662 2433 1729 contingit.
2472 1663 2534 1714 Et
2586 1662 2818 1731 quidem
2850 1678 3029 1732 quum
3070 1679 3134 1716 ex
3168 1668 3389 1716 natura
3423 1663 3847 1733 superﬂuitate,

2135 1749 2222 1801 vel
2260 1748 2595 1801 inﬁrmitate
2623 1750 2894 1812 evenerit,
2952 1751 3284 1804 omnimodo
3328 1751 3450 1804 haec
3500 1751 3687 1804 illusio
3724 1768 3850 1804 non

2137 1841 2222 1891 est
2249 1836 2556 1890 timenda:
2611 1837 2709 1907 qui
2755 1837 2902 1891 hanc
2947 1839 3176 1891 animus
3225 1840 3484 1892 nesciens
3541 1839 3851 1910 pertulisse

2138 1924 2322 1992 magis
2353 1923 2635 1977 dolendus
2681 1929 2766 1977 est
2820 1941 2993 1994 quam
3043 1925 3261 1978 fecisse.
3299 1927 3485 1990 Quum
3531 1944 3664 1980 vero
3695 1927 3854 1981 ultra

2136 2012 2378 2065 modum
2421 2012 2712 2081 appetitus
2765 2014 2916 2082 gulae
2961 2013 3021 2066 in
3067 2015 3361 2067 sumendis
3408 2015 3694 2068 alimentis
3751 2032 3856 2068 ra-

2137 2099 2315 2169 pitur,
2348 2105 2520 2168 atque
2563 2099 2772 2153 idcirco
2826 2101 3136 2154 humerum
3187 2102 3545 2170 receptacula
3597 2118 3854 2171 gravan-

2138 2190 2251 2254 tur,
2311 2188 2484 2240 habet
2536 2187 2740 2241 exinde
2799 2188 3027 2240 auimus
3087 2189 3338 2257 aliquem
3408 2193 3652 2249 reatum,
3723 2206 3855 2243 non

2139 2280 2332 2328 tamen
2369 2291 2550 2345 usque
2592 2276 2659 2329 ad
2706 2275 3152 2345 prohibitionem
3190 2276 3548 2346 percipiendi
3587 2278 3857 2346 corporis

2142 2363 2350 2417 Christi
2398 2365 2486 2416 vel
2555 2364 2862 2417 missarum
2921 2364 3198 2417 solemnia
3255 2365 3605 2433 celebrandi,
3663 2380 3855 2434 quum

2140 2451 2394 2517 fortasse,
2424 2457 2521 2504 aut
2554 2451 2731 2505 festus
2762 2453 2882 2505 dies
2923 2453 3119 2519 exigit,
3169 2458 3268 2505 aut
3318 2452 3573 2505 exhiberi
3630 2458 3853 2522 myste-

2139 2542 2291 2595 rium
2322 2558 2424 2611 pro
2485 2559 2552 2595 eo
2585 2543 2736 2612 quod
2771 2544 3032 2596 sacerdos
3079 2544 3223 2596 alius
3264 2544 3323 2596 in
3355 2544 3480 2596 loco
3513 2544 3690 2608 deest,
3721 2544 3855 2613 ipsa

2141 2631 2449 2684 necessitas
2502 2631 2816 2700 compellit,
2848 2631 3084 2684 mutatis
3138 2631 3389 2683 vestibus
3436 2636 3639 2684 cantet.
3702 2633 3854 2685 Nam

2141 2718 2189 2771 si
2211 2719 2417 2772 adsunt
2446 2718 2566 2786 alii,
2600 2719 2697 2788 qui
2728 2719 2969 2788 implere
3010 2719 3350 2788 mysterium
3378 2719 3623 2786 valeant,
3653 2719 3852 2772 illusio

2141 2822 2243 2875 per
2294 2807 2588 2875 crapulam
2642 2807 2791 2860 facta
2871 2823 2902 2860 a
2944 2807 3309 2876 perceptione
3387 2808 3529 2860 sacri
3585 2807 3854 2877 mysterii

2139 2895 2449 2965 prohibere
2504 2912 2623 2948 non
2683 2896 2874 2964 debet,
2926 2896 3022 2949 sed
3081 2898 3150 2949 ab
3227 2897 3623 2950 immolatione
3698 2897 3854 2950 sacri

2144 2983 2400 3052 mysterii
2445 2983 2755 3048 abstinere,
2797 2993 2861 3036 ut
2899 2983 3164 3051 arbitror,
3214 2985 3512 3038 humiliter
3567 2984 3754 3050 debet,
3805 2985 3856 3037 si

2065 3061 2107 3114 C
2145 3075 2337 3123 tamen
2369 3071 2706 3124 dormientis
2762 3077 3012 3124 mentem
3061 3072 3216 3140 turpi
3268 3071 3678 3142 imaginatione
3733 3089 3854 3126 non

2146 3158 2512 3211 concusserit.
2554 3160 2694 3211 Nam
2743 3164 2877 3212 sunt
2905 3161 3114 3229 quibus
3147 3161 3225 3212 ita
3265 3161 3606 3230 plerumque
3656 3161 3855 3215 illusio

2147 3246 2418 3310 nascitur,
2455 3251 2518 3298 ut
2558 3261 2759 3299 eorum
2814 3246 3058 3312 animus,
3120 3247 3288 3300 etiam
3352 3247 3410 3300 in
3461 3264 3660 3301 somno
3721 3265 3855 3301 cor—

2146 3334 2304 3402 poris
2330 3334 2567 3403 positus,
2601 3335 2864 3403 turpibus
2893 3335 3402 3404 imaginationibus
3433 3352 3549 3389 non
3583 3336 3853 3389 fcedetur.

2146 3421 2268 3484 Qua
2296 3422 2357 3474 in
2387 3438 2448 3475 re
2497 3437 2678 3475 unum
2732 3422 2813 3475 ibi
2859 3424 3196 3491 ostenditur,
3248 3423 3371 3493 ipsa
3402 3439 3562 3477 mens
3599 3440 3694 3477 rea
3729 3440 3852 3477 non

2145 3513 2341 3562 tamen
2375 3511 2465 3574 sit,
2510 3510 2597 3562 vel
2636 3525 2739 3563 suo
2765 3509 2982 3578 judicio
3032 3510 3252 3564 libera:
3305 3527 3484 3580 quum
3525 3527 3584 3565 se
3615 3518 3672 3564 et
3711 3512 3851 3565 dor-

2147 3598 2349 3651 mienti
2401 3613 2642 3668 corpore
2700 3598 2846 3651 nihil
2906 3599 3175 3652 meminit
3229 3599 3459 3664 vidisse,
3530 3605 3726 3653 tamen
3787 3600 3851 3655 in

2146 3685 2356 3756 vigiliis
2397 3685 2690 3755 corporeis
2747 3686 3012 3740 meminit
3062 3687 3122 3739 in
3171 3687 3491 3757 ingluviem
3557 3688 3851 3742 cecidisse.

2149 3774 2246 3828 Sin
2278 3790 2409 3828 vero
2444 3791 2511 3827 ex
2533 3774 2687 3844 turpi
2717 3775 3064 3844 cogitatione
3095 3776 3383 3845 vigilantis
3431 3776 3618 3830 oritur
3660 3777 3856 3831 illusio

2148 3863 2505 3929 dormientis,
2537 3868 2694 3932 patet
2735 3864 2929 3916 animo
2979 3869 3171 3917 reatus
3215 3881 3369 3916 suus.
3413 3865 3575 3918 Videt
3622 3865 3779 3918 enim
3821 3883 3858 3919 a

2148 3967 2260 4021 qua
2292 3951 2479 4004 radice
2534 3951 2857 4021 inquinatio
2905 3951 3003 4005 illa
3061 3951 3435 4021 processerit:
3491 3952 3626 4022 quia
3694 3955 3854 4022 quod

2148 4039 2421 4109 cogitavit
2489 4040 2692 4106 sciens,
2766 4040 2872 4093 hoc
2923 4041 3164 4108 pertulit
3239 4043 3516 4094 nesciens.
3573 4043 3856 4112 Proptera

2147 4129 2320 4181 talem
2350 4127 2753 4196 pollutionem,
2788 4143 2999 4180 asacro
3030 4130 3302 4198 mysterio
3330 4147 3397 4183 eo
3430 4131 3521 4184 die
3559 4131 3852 4185 abstinere

2148 4219 2391 4285 oportet.
2449 4214 2554 4267 Sed
2606 4215 2967 4283 pensandum
3017 4221 3121 4283 est,
3175 4217 3301 4285 ipsa
3333 4218 3602 4287 cogitatio
3651 4224 3854 4274 utrum

2149 4304 2206 4356 in
2237 4302 2624 4372 suggestione,
2659 4303 2765 4355 hac
2796 4303 2856 4356 in
2899 4304 3293 4370 delectatione,
3328 4307 3436 4369 vel,
3470 4308 3626 4376 quod
3665 4309 3857 4377 majus

2148 4396 2249 4458 est,
2279 4390 2337 4442 in
2363 4390 2576 4460 peccati
2607 4406 2884 4443 consensu
2937 4391 3223 4445 ceciderit.
3257 4393 3461 4446 Tribus
3519 4395 3676 4447 enim
3724 4412 3852 4449 mo-

2146 4478 2231 4531 dis
2260 4477 2533 4546 impletur
2561 4493 2730 4530 omne
2780 4483 3097 4548 peccatum,
3134 4479 3417 4547 videlicet,
3457 4482 3852 4551 suggestione,

2147 4566 2545 4634 delectatione,
2579 4581 2883 4619 consensu.
2921 4566 3224 4636 Suggestio
3257 4569 3471 4638 quippe
3506 4570 3571 4622 ﬁt
3598 4586 3702 4638 per
3727 4571 3856 4623 dia-

2144 4654 2365 4719 bolum,
2380 4653 2682 4707 delectatio
2702 4669 3070 4722 percarnem,
3090 4671 3400 4708 consensus
3425 4671 3526 4724 per
3540 4657 3808 4724 spiritum
3838 4675 3851 4711 :

2147 4741 2282 4811 quia
2303 4747 2360 4794 et
2389 4741 2636 4810 primam
2667 4744 2894 4811 culpam
2921 4759 3156 4811 serpens
3182 4744 3484 4812 suggessit,
3517 4745 3644 4809 Eva,
3695 4748 3856 4800 velut

2145 4846 2298 4893 caro,
2331 4830 2605 4883 delectata
2628 4835 2734 4898 est,
2767 4831 2969 4896 Adam,
3001 4847 3137 4884 vero
3169 4832 3324 4884 velut
3347 4830 3581 4899 spiritus
3607 4849 3853 4886 consen-

2145 4918 2236 4971 sit.
2275 4919 2337 4970 Et
2369 4917 2690 4970 necessaria
2729 4923 2812 4970 est
2855 4933 3067 4987 magna
3114 4917 3382 4970 discretio
3433 4918 3584 4971 inter
3613 4936 3850 4990 sugges-

2141 5005 2362 5058 tionem
2432 5010 2602 5075 atque
2673 5005 3128 5071 delectationem,
3178 5006 3328 5059 inter
3411 5006 3847 5061 delectationem

2144 5097 2315 5164 atque
2346 5109 2706 5159 consensum,
2752 5093 3004 5162 judicem
3054 5095 3142 5146 sui
3198 5094 3504 5162 praesidere
3565 5096 3842 5149 animum.

2144 5183 2333 5246 Quum
2354 5182 2510 5235 enim
2540 5183 2826 5251 malignus
2857 5182 3091 5252 spiritus
3139 5188 3439 5251 peccatum
3486 5184 3742 5254 suggerit
3787 5185 3845 5238 in

2144 5275 2358 5336 mente,
2391 5271 2437 5323 si
2466 5271 2621 5324 nullo
2642 5271 2858 5340 peccati
2888 5271 3187 5324 delectatio
3210 5277 3504 5341 sequatur,
3548 5279 3842 5342 peccatum

2145 5360 2381 5413 omnino
2411 5364 2806 5429 perpetratum
2836 5375 2950 5413 non
2983 5364 3085 5413 est.
3139 5359 3327 5423 Quum
3381 5376 3513 5413 vero
3575 5362 3841 5415 delectari

2143 5462 2274 5499 caro
2303 5447 2556 5516 coeperit,
2589 5451 2723 5500 tunc
2766 5453 3061 5516 peccatum
3096 5447 3298 5517 incipit
3343 5449 3519 5514 nasci,
3553 5448 3598 5501 si
3650 5455 3838 5504 autem

2143 5533 2315 5587 etiam
2367 5533 2438 5587 ad
2495 5550 2840 5588 consensum
2915 5551 2979 5588 ex
3068 5534 3479 5589 deliberatione
3535 5537 3835 5601 consentit,

2144 5627 2278 5676 tunc
2322 5628 2619 5692 peccatum
2685 5623 3050 5694 cognoscitur
3092 5622 3309 5692 perﬁci.
3361 5623 3427 5677 In
3477 5623 3837 5692 suggestione
