3966 6418
126 420 233 471 ’761

1132 416 1607 474 DECRETORUM
1647 419 1835 473 LIBRI
1872 420 1978 474 XX.
2018 448 2088 457 ——-
2130 417 2341 473 LIBER
2379 419 2691 483 QUINTUS.

3550 426 3659 475 762

132 541 320 611 igitur
348 540 595 612 peccati,
644 540 690 593 si
720 556 882 594 mens
932 544 1019 594 est
1065 540 1124 593 in
1168 540 1569 607 delectatione,
1624 542 1688 595 ﬁt
1736 558 1845 594 nu-
1874 545 1922 595 A
1962 541 2088 595 CAP.
2118 542 2347 595 XLVIII.
2405 570 2479 582 —
2529 546 2597 597 De
2628 543 2719 595 illo
2762 545 2860 611 qui
2911 546 3105 596 evomit
3156 545 3505 611 sacriﬁcium,
3543 549 3594 598 et
3626 562 3659 596 a

132 631 507 696 trimentum,
542 630 603 683 in
636 645 917 682 consensu
945 628 1236 698 perfectio.
1275 630 1338 682 Et
1366 645 1514 698 saepe
1546 630 1847 698 contingit,

133 724 200 771 ut
257 719 366 771 hoc
413 734 529 788 quo
598 717 885 787 malignus
935 716 1170 786 spiritus
1226 716 1471 769 seminat
1530 716 1589 769 in
1640 718 1849 786 cogita-

133 806 319 871 tione,
384 823 516 859 caro
572 806 632 858 in
702 804 1139 858 delectationem
1225 805 1432 870 trahat,
1490 820 1594 858 nec
1654 810 1850 858 tamen

135 896 373 948 animus
407 895 595 948 eidem
647 893 1012 947 delectationi
1043 894 1369 946 consentiat
1401 910 1413 946 :
1463 898 1519 946 et
1551 909 1680 946 cum
1720 909 1849 945 caro

140 983 416 1037 delectari
461 983 585 1034 sine
633 983 825 1034 animo
878 985 1147 1050 nequeat,
1200 981 1320 1051 ipse
1370 986 1565 1033 tamen
1625 980 1851 1033 animus

138 1072 332 1124 carnis
359 1071 751 1139 voluptatibus
792 1071 1095 1135 reluctans,
1130 1070 1190 1122 in
1216 1070 1591 1123 delectatione
1637 1068 1851 1121 carnali

137 1161 338 1230 aliquo
368 1160 541 1212 modo
570 1159 783 1227 ligatur
812 1158 1045 1222 invitus,
1082 1162 1145 1212 ut
1188 1158 1242 1211 ei
1265 1175 1328 1211 ex
1363 1158 1581 1211 ratione
1618 1162 1849 1210 contra—

140 1249 325 1313 dicat;
373 1264 444 1300 ne
477 1247 818 1312 consentiat,
870 1252 926 1299 et
976 1251 1170 1299 tamen
1222 1246 1599 1299 delectatione
1639 1246 1851 1315 ligatus

140 1336 237 1400 sit,
273 1337 370 1389 sed
401 1334 641 1404 ligatum
672 1351 729 1387 sc
762 1335 1132 1387 vehementer
1180 1335 1543 1401 ingemiscat.
1594 1334 1750 1386 Unde
1794 1339 1850 1385 et

138 1424 237 1477 ille
294 1424 517 1477 cmlitus
573 1422 914 1475 exercitatus
978 1421 1302 1492 praecipuus
1351 1422 1513 1473 miles
1563 1420 1846 1489 gemebat,

138 1512 340 1565 dicens
376 1529 389 1565 :
425 1513 598 1565 Video
625 1512 797 1564 aliam
840 1512 1027 1580 legem
1077 1511 1138 1563 in
1186 1510 1460 1563 membris
1503 1510 1645 1562 meis
1680 1525 1848 1578 repu-

139 1605 418 1670 gnantem
452 1600 562 1669 legi
606 1600 816 1653 mentis
858 1616 1023 1666 mete,
1078 1604 1133 1651 et
1186 1598 1470 1667 captivum
1520 1614 1612 1650 me
1644 1597 1851 1650 ducen-

136 1693 257 1741 tem
294 1688 355 1741 iu
399 1690 522 1756 lege
553 1688 784 1758 peccati,
826 1704 955 1757 quae
1010 1693 1095 1739 est
1148 1686 1205 1739 in
1258 1685 1535 1739 membris
1586 1685 1745 1737 meis.
1792 1685 1849 1739 Si

138 1784 338 1829 autem
371 1777 625 1844 captivus
672 1782 797 1828 erat
836 1775 1074 1827 minime
1116 1775 1425 1843 pugnabat.
1491 1774 1850 1843 Quapropter

137 1871 195 1918 et
228 1866 492 1934 captivus
524 1869 663 1928 erat,
697 1870 752 1917 et
782 1865 1076 1933 pugnabat
1108 1880 1119 1916 :
1146 1863 1452 1933 igiturlegi
1484 1863 1691 1916 mentis
1728 1864 1851 1931 ejus

136 1953 251 2017 lex,
285 1968 419 2022 qua:
473 1952 532 2005 in
573 1951 825 2005 menbris
857 1957 960 2015 est,
1003 1952 1382 2021 repugnabat.
1432 1952 1490 2005 Si
1519 1956 1711 2004 autem
1743 1968 1849 2020 pu-

136 2040 380 2109 gnabat,
415 2040 671 2108 captivus
706 2056 822 2092 non
858 2043 995 2093 erat.
1040 2041 1237 2109 Itaque
1269 2045 1353 2092 est
1427 2040 1618 2105 homo,
1653 2050 1718 2093 ut
1774 2040 1851 2092 ita

139 2128 413 2195 dixerim,
441 2128 697 2197 captivus
730 2133 786 2180 et
817 2128 979 2181 liber.
1026 2127 1192 2180 Liber
1223 2144 1287 2179 ex
1317 2127 1559 2196 justitia,
1595 2127 1851 2198 captivus

140 2234 205 2270 ex
238 2216 622 2269 delectatione
656 2231 828 2285 quam
861 2220 1051 2285 portat
1082 2215 1311 2268 invitus.

142 2323 271 2375 Car.
317 2322 495 2375 XLIV.
544 2350 613 2361 —
660 2322 739 2374 De
793 2322 1126 2388 presbyteris
1170 2322 1394 2374 villanis
1442 2324 1492 2375 si
1534 2323 1591 2374 in
1631 2324 1851 2375 civitate

756 2392 948 2458 offerre
972 2391 1229 2444 audeant.

209 2482 321 2550 (Ea:
344 2482 537 2534 concil.
588 2481 842 2547 Neocaes.,
886 2495 1007 2548 cap.
1060 2482 1170 2547 l3.)
1219 2480 1542 2549 Presbyteri
1590 2480 1741 2533 ruris
1790 2480 1850 2533 in

142 2570 383 2622 ecclesia
414 2569 658 2622 civitatis
689 2568 957 2637 episcopo
1009 2574 1309 2637 praesente,
1364 2569 1453 2620 vel
1496 2568 1849 2639 presbyteris

145 2657 299 2710 urbis
332 2656 537 2726 ipsius,
573 2656 774 2709 offerre
824 2673 938 2709 non
967 2661 1229 2725 possunt,
1268 2672 1371 2709 nec
1401 2673 1609 2725 panem
1641 2657 1847 2710 sancti-

143 2746 373 2798 ﬁcatum
404 2746 559 2808 dare,
594 2745 941 2814 calicemque
977 2744 1293 2813 porrigere.
1327 2745 1383 2798 Si
1424 2761 1554 2798 vero
1589 2746 1850 2799 absentes

142 2833 198 2887 hi
229 2834 473 2893 fuerint,
507 2842 563 2888 et
604 2835 673 2886 ad
728 2834 980 2887 dandam
1027 2834 1353 2887 orationem
1398 2839 1692 2900 vocentur,
1745 2835 1850 2888 soli

147 2923 277 2976 dare
308 2922 626 2975 debebunt.

579 3010 705 3064 CAP.
739 3010 889 3063 XLV.
923 3040 992 3048 —
1022 3011 1105 3063 De
1133 3010 1319 3064 eadem
1341 3026 1414 3063 re.

214 3103 323 3164 (Ea:
358 3099 506 3152 decr.
567 3100 809 3152 Sotheris
831 3115 1006 3167 papae,
1039 3115 1165 3167 cap.
1224 3099 1334 3165 13.)
1384 3098 1707 3168 Presbyteri
1743 3099 1842 3169 qui
1881 3100 1921 3154 C

148 3186 635 3257 conreligionales
686 3203 800 3239 non
851 3192 1006 3255 sunt,
1061 3188 1120 3239 in
1166 3188 1437 3249 ecclesiis,
1472 3189 1850 3257 praesentibus

144 3275 431 3345 episcopis
464 3275 550 3327 vel
602 3274 947 3344 presbyteris
985 3275 1250 3339 civitatis,
1288 3276 1491 3328 offerre
1541 3293 1654 3329 non
1686 3281 1845 3346 pote-

143 3369 295 3430 runt,
360 3378 464 3415 nec
494 3378 704 3430 panem
736 3363 890 3427 dare,
946 3362 1007 3414 in
1051 3362 1310 3415 oratione
1359 3367 1553 3416 autem
1612 3365 1849 3418 calicem

147 3450 384 3503 dabunt.
419 3450 584 3512 Quod
618 3450 665 3501 si
710 3450 970 3502 absentes
1018 3455 1153 3503 sunt
1214 3450 1455 3503 civitatis
1504 3453 1846 3513 sacerdotes,

146 3543 197 3591 et
227 3539 450 3592 fuerint
477 3538 702 3591 invitati
735 3539 794 3591 in
824 3538 1163 3604 orationem,
1199 3539 1303 3592 soli
1334 3546 1572 3608 possunt
1602 3541 1757 3594 dare.

149 3646 275 3700 Car.
305 3646 489 3699 XLVI.
522 3674 587 3683 ——
620 3647 694 3698 De
719 3646 832 3697 illis
863 3648 960 3712 qui
984 3661 1084 3712 per
1112 3645 1423 3699 ebrietatem
1461 3648 1849 3701 eucharistiam

826 3718 1170 3770 evomuerint.

214 3807 324 3870 (Ea:
350 3804 720 3858 Pamitentiali
759 3802 958 3872 Bedaa.)
993 3803 1050 3856 Si
1081 3803 1209 3873 quis
1239 3820 1344 3872 per
1373 3803 1707 3858 ebrietatem
1764 3806 1850 3858 vel

154 3893 517 3945 voracitatem
566 3890 970 3944 eucharistiam
1019 3892 1361 3958 evomuerit,
1395 3893 1479 3945 XL
1507 3892 1627 3945 dies
1658 3892 1851 3962 pomi-

149 3984 259 4033 teat
291 3998 303 4034 :
335 3980 550 4044 clerici,
596 3980 678 4032 vel
710 3979 1002 4053 monachi,
1037 3996 1134 4032 seu
1171 3980 1419 4042 diaconi,
1451 3981 1539 4035 XL
1570 3981 1691 4034 dies
1730 3998 1852 4050 pm-

151 4068 388 4132 niteant,
424 4068 761 4137 presbyteri,
812 4068 941 4122 LXX
993 4068 1133 4133 dies,
1190 4068 1444 4137 episc0pi
1501 4070 1605 4123 XC.
1654 4069 1712 4123 Si
1742 4086 1848 4138 pro

152 4153 499 4209 inﬁrmitatis
523 4173 693 4209 causa
714 4156 1051 4222 evomuerit,
1079 4158 1171 4210 VII
1202 4157 1321 4210 dies
1340 4157 1633 4227 pmniteat.

153 4261 271 4315 CAP.
306 4263 512 4317 XLVII.
549 4265 622 4316 De
656 4263 767 4329 hoc,
811 4264 863 4315 si
925 4264 1143 4330 aliquid
1199 4264 1265 4316 de
1304 4265 1469 4318 calice
1524 4266 1671 4318 sacri
1713 4278 1849 4318 san-

735 4336 920 4401 guinis
945 4335 1257 4389 stillaverit.

214 4438 320 4507 (Ea:
340 4440 490 4493 decr.
518 4441 607 4493 Pii
630 4455 811 4508 papae,
836 4440 967 4509 'cap.
999 4441 1073 4509 3.)
1103 4440 1161 4493 Si
1215 4457 1346 4494 vero
1397 4457 1498 4510 per
1546 4442 1847 4511 negligen-

152 4525 280 4579 tiam
314 4528 389 4581 de
427 4528 600 4581 calice
640 4528 857 4597 aliquid
897 4529 1198 4582 stillaverit
1238 4529 1300 4583 in
1350 4534 1585 4595 terram,
1617 4531 1847 4600 lingua-

150 4612 314 4683 bitur,
348 4616 548 4669 tabula
574 4616 826 4671 radetur.
880 4616 937 4672 Si
985 4633 1103 4670 non
1134 4618 1307 4672 fuerit
1350 4618 1563 4683 tabula,
1622 4626 1685 4672 ut
1731 4635 1846 4673 non

151 4705 529 4768 conculcetur,
562 4704 715 4755 locus
736 4704 1091 4770 corradetur,
1121 4710 1179 4759 et
1204 4706 1263 4759 in
1294 4706 1429 4775 igne
1451 4712 1843 4771 consumetur,

152 4794 203 4841 et
228 4791 368 4845 cinis
397 4794 550 4846 intra
579 4794 758 4846 altare
788 4794 1154 4859 recondetur,
1193 4800 1249 4847 et
1290 4796 1556 4848 sacerdos
1590 4795 1847 4866 quadra-

151 4876 301 4944 ginta
327 4881 449 4933 dies
479 4881 769 4951 poeniteat.
802 4881 857 4935 Si
891 4898 1062 4952 super
1112 4884 1289 4936 altare
1332 4884 1633 4937 stillaverit
1682 4884 1845 4946 calix,

151 4967 365 5022 sorbeat
417 4969 685 5022 minister
731 4970 964 5033 stillam,
1012 4975 1068 5024 et
1096 4976 1211 5025 tres
1263 4972 1383 5025 dies
1436 4972 1732 5042 pmniteat.
1788 4972 1848 5027 Si

148 5070 243 5121 per
271 5056 510 5111 linteum
536 5057 732 5111 altaris
764 5060 833 5112 ad
858 5059 1011 5113 aliud
1048 5060 1197 5113 stilla
1226 5061 1570 5130 pervenerit,
1605 5066 1849 5131 quatuor

151 5140 260 5195 dies
287 5146 588 5214 paeniteat.
622 5146 678 5200 Si
711 5163 895 5216 usque
952 5148 1208 5214 tertium,
1241 5164 1445 5201 novem
1488 5148 1629 5202 dies.
1662 5148 1720 5202 Si
1752 5164 1847 5201 us-

150 5245 251 5298 que
278 5242 566 5303 quartum,
604 5235 942 5305 quindecim
994 5237 1163 5290 dies:
1221 5242 1277 5291 et
1323 5236 1660 5290 linteamina
1719 5254 1849 5306 qua:

150 5320 448 5390 tetigerunt
476 5324 690 5377 stillam
732 5325 918 5379 tribus
969 5325 1233 5379 minister
1271 5326 1465 5379 abluat
1487 5326 1722 5392 vicibus,
1756 5342 1847 5379 ca-

152 5404 241 5460 lice
285 5412 692 5481 subterposito,
762 5418 820 5466 et
885 5430 1037 5485 aqua
1088 5414 1401 5467 ablutionis
1452 5419 1731 5481 sumatur,
1793 5419 1850 5467 et

151 5502 295 5559 Juxta
324 5500 503 5553 altare
535 5500 883 5554 recondatur

2507 614 2736 667 canibus
2767 616 3118 667 consumitur.

2031 701 2135 765 (Ea:
2187 703 2557 755 Pa'nitentiali
2618 703 2841 769 Theod.)
2901 702 3007 765 Qui
3062 702 3381 755 evomuerit
3439 703 3652 756 sacriﬁ-

1957 789 2107 842 cium
2140 795 2195 842 et
2221 807 2251 842 a
2283 791 2519 843 canibus
2550 791 2926 853 consumitur,
2962 807 3179 844 annum
3248 807 3426 843 unum
3467 792 3650 860 poeni-

1958 881 2072 931 teat
2106 895 2117 931 :
2150 877 2237 931 sin
2284 885 2499 945 autem,
2548 880 2927 949 quadraginta
2977 880 3097 933 dies
3148 881 3448 948 poeniteat.
3511 880 3565 934 Si
3600 880 3657 932 in

1957 966 2047 1018 die
2083 967 2312 1035 quando
2361 967 2870 1019 communicaverit
2919 968 3261 1021 sacrificium
3316 969 3657 1036 evomuerit,

1956 1054 2003 1106 si
2043 1060 2173 1107 ante
2231 1055 2478 1107 mediam
2513 1061 2735 1108 noctem
2770 1062 2883 1108 tres
2936 1056 3427 1126 superpositiones
3466 1058 3653 1111 faciat.

1957 1142 2014 1195 Si
2063 1147 2192 1211 post
2239 1142 2486 1196 mediam
2546 1148 2793 1211 noctem,
2854 1145 3016 1207 duas,
3068 1146 3125 1199 Si
3174 1151 3304 1216 post
3348 1145 3659 1198 matutinas

1957 1247 2160 1286 unam.

2378 1321 2505 1374 CAP.
2536 1321 2706 1374 XLIX.
2740 1350 2811 1360 —
2841 1324 2911 1374 De
2936 1321 3119 1373 eadem
3146 1337 3221 1374 re.

2032 1407 2138 1477 (Em
2170 1410 2535 1462 Paenitentiuli
2572 1409 2852 1479 Romano.)
2892 1409 2949 1463 Si
2976 1426 3109 1463 vero
3141 1409 3481 1462 sacrificium
3525 1425 3657 1462 evo-

1957 1497 2189 1562 muerit,
2245 1498 2624 1566 quadraginta
2675 1498 2795 1551 dies
2851 1499 3143 1567 paeniteat.
3189 1498 3244 1551 Si
3300 1496 3659 1551 infirmitatis

1960 1600 2150 1649 causa,
2186 1590 2404 1653 septem
2443 1586 2609 1639 dies:
2659 1586 2700 1636 si
2744 1586 2801 1638 in
2863 1586 3055 1656 ignem
3112 1586 3363 1655 projicit,
3425 1590 3658 1638 centum

1960 1674 2207 1741 psalmos
2239 1679 2426 1726 cantet
2460 1691 2471 1727 :
2508 1675 2553 1726 si
2586 1691 2717 1728 vero
2749 1692 2916 1727 canes
2947 1675 3297 1727 lambuerint
3326 1674 3499 1727 talem
3561 1690 3657 1726 vo-

1960 1761 2188 1826 mitum,
2220 1766 2448 1815 centum
2474 1762 2594 1815 dies
2624 1763 2721 1833 qui
2744 1763 2974 1828 evomit,
3007 1763 3301 1833 poeniteat.

2236 1870 2362 1923 CAP.
2402 1871 2462 1922 L.
2496 1900 2559 1908 —
2594 1872 2663 1923 De
2694 1869 3027 1923 eucharistia
3058 1872 3377 1921 inveterata.

2032 1960 2139 2021 (Ea:
2173 1959 2361 2010 concil.
2418 1959 2729 2021 Aureliam,
2792 1974 2911 2025 cap.
2946 1958 3022 2026 5.)
3068 1958 3248 2010 Omne
3317 1954 3659 2008 sacrificium

1961 2046 2189 2099 sordida
2221 2052 2500 2099 vetustate
2531 2046 2842 2114 perditum,
2880 2046 3011 2114 igne
3045 2045 3499 2098 comburendum
3554 2048 3657 2110 est,

1960 2140 2017 2188 et
2048 2134 2191 2187 cinis
2216 2135 2381 2204 juxta
2411 2135 2588 2187 altare
2620 2134 3004 2204 sepeliendus.

1961 2242 2085 2295 CAP.
2126 2242 2211 2295 LI.
2245 2270 2313 2281 —
2342 2245 2417 2295 De
2444 2242 2557 2294 illis
2611 2244 2707 2308 qui
2744 2257 2849 2294 non
2894 2242 3019 2293 bene
3065 2239 3419 2293 custodierint
3466 2254 3661 2307 corpus

2473 2318 2523 2365 et
2560 2316 2878 2379 sanguinem
2908 2314 3140 2385 Domini.

2028 2401 2139 2470 (Ea:
2193 2401 2390 2456 eodem.
2417 2418 2537 2469 cap.
2573 2402 2652 2470 6.)
2692 2402 2799 2465 Qui
2846 2416 2959 2453 non
3010 2400 3153 2453 bene
3195 2398 3532 2451 custodierit
3571 2414 3657 2450 sa-

1958 2490 2261 2557 crificium,
2293 2494 2347 2543 et
2378 2506 2523 2555 mus,
2559 2491 2643 2543 vel
2677 2489 2908 2559 aliquod
2960 2488 3116 2541 aliud
3155 2487 3367 2540 animal
3408 2486 3663 2539 comede-

1958 2577 2032 2630 rit
2063 2578 2224 2640 illud,
2257 2578 2641 2647 quadraginta
2674 2578 2795 2631 dies
2826 2577 3119 2646 poeniteat.
3176 2576 3283 2640 Qui
3309 2580 3499 2628 autem
3532 2590 3661 2643 per-

1960 2666 2169 2719 diderit
2201 2666 2338 2718 illud
2372 2665 2431 2718 in
2485 2666 2742 2730 ecclesia,
2785 2672 2884 2718 aut
2933 2682 3061 2735 pars
3111 2665 3234 2733 ejus
3287 2662 3572 2727 ceciderit,
3606 2665 3661 2714 et

1960 2770 2076 2806 non
2106 2753 2340 2806 inventa
2379 2754 2571 2818 fuerit,
2633 2754 2758 2807 XXX
2795 2753 2914 2806 dies
2962 2753 3255 2822 poeniteat.
3308 2750 3663 2805 Perfundens

1958 2841 2175 2911 aliquid
2218 2858 2390 2910 super
2446 2843 2622 2894 altare
2670 2842 2738 2894 de
2783 2841 2958 2893 calice
3008 2840 3238 2910 quando
3287 2840 3547 2907 offertur,
3592 2839 3661 2891 VI

1959 2931 2078 2985 dies
2113 2930 2406 3000 paeniteat,
2444 2935 2540 2983 aut
2569 2929 2613 2982 si
2648 2929 3057 2993 abundantius,
3086 2928 3177 2980 VII
3211 2928 3332 2980 dies
3362 2927 3656 2996 poeniteat.

1960 3019 2067 3083 Qui
2098 3023 2286 3071 autem
2317 3018 2612 3087 perfundit
2659 3018 2894 3070 calicem
2924 3018 3059 3070 dum
3102 3016 3435 3069 solemnitas
3468 3015 3657 3068 missae

1962 3107 2302 3171 celebratur,
2363 3108 2449 3159 XL
2537 3106 2657 3160 dies
2731 3106 3024 3175 pmniteat.
3079 3105 3135 3159 Si
3191 3120 3325 3157 vero
3375 3104 3661 3157 celebrata

1962 3196 2134 3248 missa
2165 3196 2463 3264 presbyter
2502 3195 2822 3263 neglexerit
2874 3194 3129 3263 accipere
3183 3192 3547 3253 sacrificium,
3592 3192 3661 3243 si-

1962 3284 2177 3337 militer
2196 3284 2280 3337 XL
2310 3284 2428 3336 dies
2460 3284 2751 3353 pmniteat,
2782 3288 2838 3335 et
2868 3283 2967 3351 qui
2991 3282 3272 3350 acceperit
3321 3280 3661 3333 sacrificium

1962 3373 2214 3441 pollutus
2246 3377 2530 3425 nocturno
2562 3376 2845 3439 tempore,
2878 3371 2966 3422 VII
3000 3371 3139 3422 dies.
3181 3369 3461 3421 Diaconus
3518 3368 3661 3420 obli-

1960 3460 2179 3513 viscens
2202 3460 2549 3514 oblationem
2586 3460 2790 3513 offerre
2814 3460 2992 3511 donec
3024 3458 3296 3511 offeratur
3322 3457 3657 3519 linteamen,

1946 3542 2192 3617 quando
2265 3548 2580 3601 recitantur
2627 3547 2865 3600 nomina
2936 3546 3344 3616 pausantium.,
3397 3546 3664 3597 similiter

1960 3637 2255 3706 pmniteat.
2292 3636 2399 3699 Qui
2432 3636 2847 3706 negligentiam
2900 3650 3037 3703 erga
3070 3634 3412 3687 sacrificium
3444 3634 3657 3697 fecerit,

1959 3730 2025 3779 ut
2055 3725 2342 3777 vermibus
2364 3729 2769 3794 consumptum
2800 3724 2869 3776 ad
2902 3724 3147 3775 nihilum
3218 3722 3532 3787 devenerit,
3581 3722 3659 3774 Ill

1960 3814 2429 3884 quadragesimas
2460 3828 2589 3865 cum
2619 3828 2765 3882 pane
2796 3820 2850 3864 et
2889 3828 3037 3881 aqua
3069 3811 3364 3881 pceniteat.
3402 3809 3458 3862 Si
3507 3808 3661 3861 inte-

1961 3918 2128 3972 grum
2157 3903 2452 3954 inventum
2484 3901 2677 3965 fuerit,
2709 3900 2768 3953 in
2800 3917 2865 3953 eo
2914 3900 3124 3952 vermis
3179 3897 3571 3961 comburetur,
3605 3902 3663 3949 et

1962 3990 2102 4043 cinis
2132 3990 2238 4043 sub
2270 3990 2431 4043 altari
2460 3990 2760 4057 condatur,
2794 3994 2850 4041 et
2881 3988 2979 4059 qui
3031 3987 3368 4058 neglexerit,
3423 3991 3659 4055 quater-

1962 4079 2050 4132 nis
2081 4078 2280 4133 diebus
2329 4094 2492 4131 suam
2520 4078 2934 4148 negligentiam
2986 4077 3182 4129 solvat.
3234 4075 3292 4129 Si
3318 4091 3446 4127 cum
3481 4074 3654 4126 amis-

1961 4168 2122 4221 sione
2168 4168 2391 4237 saporis
2447 4167 2806 4221 decoloratur
2853 4166 3216 4231 sacrificium,
3274 4166 3355 4217 XX
3404 4164 3524 4215 dies
3564 4179 3659 4214 ex-

1962 4258 2231 4327 pleantur
2252 4256 2498 4325 jejunio,
2544 4256 3006 4327 conglutinatam
3036 4271 3191 4321 vero,
3260 4253 3354 4305 VII
3410 4252 3529 4305 dies
3561 4249 3658 4319 qui

1963 4345 2181 4409 mersit,
2216 4344 2508 4413 pmniteat.

2404 4432 2530 4486 CAP.
2568 4432 2677 4484 LII.
2708 4462 2775 4469 —
2817 4432 2899 4484 De
2922 4431 3107 4483 eadem
3130 4445 3206 4482 re.

2030 4520 2151 4589 (Ea:
2181 4522 2545 4574 Pamitentiali
2593 4520 2869 4586 Romano.)
2924 4518 2980 4571 Si
3013 4517 3279 4570 ceciderit
3317 4515 3658 4569 sacrificium

1958 4610 2027 4664 de
2057 4609 2321 4662 manibus
2351 4608 2643 4661 offerentis
2677 4611 3003 4659 terratenus
3050 4609 3111 4657 ut
3154 4622 3271 4657 non
3306 4604 3659 4667 inveniatur,

1960 4716 2130 4753 omne
2162 4698 2546 4768 quodcunque
2577 4696 2872 4748 inventum
2927 4694 3099 4747 fuerit
3146 4694 3207 4746 in
3257 4695 3378 4746 loco
3445 4694 3501 4744 in
3545 4709 3660 4762 quo

1960 4788 2229 4841 ceciderit
2253 4786 2644 4850 comburetur,
2680 4790 2735 4836 et
2765 4783 2908 4835 cinis
2936 4788 2996 4836 ut
3029 4799 3222 4851 supra,
3252 4782 3657 4846 abscondatur,

1960 4881 2015 4929 et
2044 4875 2135 4929 cui
2190 4873 2457 4927 acciderit
2516 4873 2771 4925 medium
2822 4886 3039 4923 annum
3091 4870 3383 4939 pmniteat.
3440 4869 3497 4923 Si
3530 4884 3661 4921 vero

1959 4963 2301 5017 sacrificium
2332 4962 2629 5015 inventum
2668 4960 2862 5025 fuerit,
2896 4961 3053 5013 locus
3085 4959 3276 5029 scopis
3325 4957 3657 5022 mundetur,

1960 5058 2015 5106 et
2043 5058 2291 5105 stramen
2327 5056 2389 5104 ut
2426 5067 2619 5121 supra,
2666 5050 2917 5120 ignetur,
2972 5055 3026 5101 et
3064 5048 3206 5101 cinis
3238 5053 3300 5100 ut
3339 5062 3535 5117 supra,
3572 5062 3659 5099 re-

1958 5141 2241 5193 condatur
2271 5146 2326 5193 et
2356 5140 2618 5193 sacerdos
2648 5140 2731 5193 XX
2764 5138 2885 5191 dies
2915 5138 3209 5208 poeniteat.

1960 5256 2087 5310 CAP.
2125 5256 2261 5308 LIII.
2297 5285 2361 5294 —
2395 5257 2467 5308 De
2513 5255 2733 5334 muliere
2776 5253 3164 5377 quantpepcrit,
3216 5254 3275 5303 ut
3314 5251 3662 5303 communicet

2638 5341 2687 5377 si
2716 5340 2781 5377 υο
2808 5340 2921 5376 ueri
2955 5366 2964 5375 .

2638 5341 2687 5377 $2
2716 5340 2964 5377 υοιυεηῑ.

2031 5416 2136 5482 (Ea:
2164 5414 2351 5468 concil.
2405 5413 2693 5482 Carthag.)
2727 5412 2926 5467 Mulier
2975 5408 3160 5476 enixa,
3197 5410 3242 5461 si
3299 5408 3437 5475 vult,
3498 5423 3657 5461 com-

1958 5503 2297 5556 munionem
2331 5501 2611 5570 percipiat

1550 5683 1727 5723 FINIS
1773 5682 1951 5723 LIBRI
1998 5684 2251 5731 QUINTI.
