3966 6422
288 438 394 486 763
1383 437 1785 491 BURCHARDI
1827 435 2361 490 WORMACIENSIS
2400 433 2733 490 EPISCOPI.

3706 434 3840 487 764

1187 642 1482 714 INDEX
1540 642 2232 713 CAPITULORUM
2295 643 2548 714 LIBRI
2614 641 2908 714 SEXTI.

285 793 413 846 CAP.
449 795 496 847 l.
528 792 586 850 Si
622 793 751 863 quis
777 799 1090 864 spontanee
1120 797 1414 848 voluntate
1445 795 1821 850 homicidium
1855 812 1992 866 per-
2021 798 2068 849 Α
2106 799 2194 850 26.
2241 797 2318 850 De
2350 795 2460 850 illis
2494 795 2594 866 qui
2624 794 2896 848 veneficio
2921 791 3233 847 homicidia
3258 792 3646 846 committunt.

361 883 687 951 petravei'it,
713 882 875 952 juxta
921 884 1147 936 decreta
1175 883 1503 938 Melchiadis
1559 901 1740 955 papas,
1779 891 1834 938 et
1863 884 1992 939 Tri-

358 971 642 1023 buriensis
675 971 900 1024 concilii
942 977 1171 1039 statuta,
1227 973 1402 1025 talem
1456 974 1854 1042 paenitentiam
1898 990 1990 1027 ac-

361 1059 552 1128 cipere
584 1059 771 1113 debet.

285 1151 336 1198 2.
371 1147 516 1210 Quid
549 1146 608 1200 in
645 1148 832 1216 primo
865 1163 1016 1200 anno
1051 1147 1351 1202 observare
1375 1149 1598 1203 debeat.

287 1239 336 1288 3.
369 1235 514 1298 Quid
548 1235 606 1288 in
640 1236 887 1288 secundo
914 1241 968 1288 et
1019 1236 1188 1288 tertio
1231 1253 1380 1290 anno
1423 1238 1728 1291 observare
1764 1237 1988 1291 debeat.

287 1327 343 1376 4.
387 1322 532 1386 Quid
565 1325 625 1375 in
657 1323 893 1393 reliquis
933 1329 1182 1394 quatuor
1235 1327 1402 1379 annis
1435 1327 1737 1380 observare
1761 1327 1983 1380 debeat.

291 1415 340 1463 5.
380 1412 457 1464 De
488 1411 811 1464 homicidiis
852 1417 908 1465 et
935 1414 1241 1467 calumniis
1291 1415 1721 1486 episcoporum,
1755 1421 1809 1468 et
1856 1415 1990 1469 reli-

361 1515 608 1569 quorum
641 1500 934 1555 ordinum.

287 1593 337 1640 6.
373 1589 450 1641 De
479 1588 679 1641 eadem
713 1605 792 1641 re.

282 1681 334 1729 ’7.
372 1677 450 1730 De
484 1677 684 1730 eadem
707 1693 788 1730 re.

284 1769 334 1818 8.
375 1766 451 1818 De
478 1765 941 1821 interfectoribus
971 1767 1354 1821 sacerdotum.

283 1857 333 1905 9.
372 1855 447 1906 De
479 1854 825 1925 presbyteris
851 1855 1146 1924 depositis,
1181 1861 1237 1909 et
1265 1855 1346 1908 sic
1366 1855 1586 1910 occisis.

287 1943 370 1994 10.
403 1942 481 1995 De
510 1943 858 2013 presbyteris
893 1943 990 2014 qui
1022 1944 1144 1996 sine
1175 1943 1363 1997 orario
1403 1944 1752 1998 occidentur.

287 2033 368 2084 11.
405 2031 482 2084 De
510 2031 840 2101 presbytero
883 2031 1183 2086 interfecto
1233 2032 1303 2084 ad
1343 2048 1516 2102 quem
1548 2033 1669 2102 ejus
1700 2032 1985 2102 composi-

350 2119 430 2172 tio
457 2120 760 2188 pertineat.

285 2209 370 2259 12.
431 2207 509 2260 De
535 2207 647 2260 illis
677 2207 780 2276 qui
823 2223 928 2277 per
967 2206 1207 2261 insidias
1265 2207 1640 2261 homicidium
1695 2213 1989 2278 perpetra-

351 2295 557 2349 verint.

285 2386 369 2437 13.
403 2384 547 2435 Item
575 2382 644 2435 de
675 2381 984 2436 homicidio
1016 2387 1219 2452 sponte
1251 2386 1580 2437 commisso.

286 2472 369 2524 14.
411 2471 488 2524 De
519 2470 719 2523 eadem
750 2486 831 2523 re.

285 2563 367 2612 15.
415 2560 492 2612 De
523 2557 830 2612 homicidio
851 2565 1054 2628 sponte
1083 2558 1407 2612 commisso.

286 2651 368 2700 16.
407 2648 486 2701 De
528 2647 729 2700 cadem
759 2663 840 2702 re.

285 2739 368 2789 l7.
403 2737 482 2790 De
512 2735 611 2790 illo
645 2736 745 2806 qui
779 2736 1016 2790 domino
1049 2752 1150 2790 suo
1181 2737 1547 2808 prwcipiente
1600 2737 1979 2791 homicidium

352 2824 570 2878 fecerit.

288 2917 368 2968 l8.
407 2915 485 2966 De
511 2913 609 2966 illo
642 2912 742 2983 qui
771 2929 998 2968 servum
1030 2931 1198 2968 suum
1224 2914 1595 2968 interfecerit.

284 3006 364 3056 19.
424 3004 500 3056 De
554 3003 769 3056 femina
817 3019 946 3074 quae
1010 3003 1204 3056 furore
1257 3004 1363 3056 zeli
1422 3020 1658 3056 accensa
1714 3004 1978 3058 ancillam

350 3107 513 3144 suam
545 3092 946 3156 verberaverit,
982 3097 1036 3144 et
1067 3092 1144 3144 sic
1179 3092 1435 3162 perierit.

279 3183 366 3233 20.
406 3182 482 3232 De
514 3181 713 3233 eadem
747 3197 825 3234 re.

280 3271 366 3320 21.
404 3269 481 3321 De
513 3267 626 3321 illis
657 3268 756 3338 qui
787 3269 845 3322 in
878 3286 1052 3338 opere
1083 3269 1403 3323 necessario
1433 3286 1568 3323 casu
1600 3269 1978 3324 homicidium

350 3357 824 3426 perpetraverint.

281 3448 367 3498 22.
405 3446 482 3498 De
515 3446 714 3498 eadem
747 3463 826 3498 re.

277 3533 364 3588 23.
405 3535 481 3587 De
506 3533 621 3587 illis
652 3535 751 3605 qui
780 3534 841 3587 in
890 3534 1120 3605 publico
1169 3534 1320 3588 bello
1367 3535 1677 3590 homicidia
1715 3535 1980 3590 commit-

355 3626 506 3675 tunt.

281 3712 369 3764 24.
408 3711 486 3764 De
518 3709 628 3764 illis
662 3710 761 3781 qui
792 3711 861 3764 de
907 3710 1222 3764 homicidio
1255 3716 1384 3765 sunt
1415 3711 1698 3775 infamati,
1733 3712 1778 3765 si
1812 3729 1981 3782 nega-

351 3798 555 3853 verint.

281 3891 368 3940 25.
406 3888 482 3941 De
513 3887 713 3942 insano
743 3887 789 3940 si
814 3886 1187 3942 homicidium
1221 3888 1654 3958 perpetraverit.

2108 888 2194 940 27.
2227 885 2305 938 De
2338 885 2434 937 illo
2469 901 2573 954 per
2603 886 2766 954 cujus
2812 883 3166 937 delationem
3219 882 3427 951 aliquis
3476 881 3827 934 interfectus

2176 973 2367 1028 fuerit.

2104 1063 2191 1114 28.
2226 1061 2384 1124 Quod
2417 1060 2528 1114 tria
2560 1076 2771 1128 genera
2801 1060 2914 1113 sint
2944 1059 3386 1113 homicidarum.

2107 1152 2192 1202 29.
2245 1149 2407 1212 Quod
2463 1149 2768 1202 homicida:
2817 1149 2888 1202 ab
2969 1148 3348 1201 ecclesiastica
3394 1147 3826 1200 communione

2174 1236 2290 1290 sint
2319 1237 2715 1290 submovendi.

2104 1327 2189 1380 30.
2227 1326 2305 1378 De
2337 1327 2538 1379 eadem
2570 1342 2650 1380 re.

2107 1417 2194 1467 3-l.
2230 1415 2304 1466 De
2337 1413 2450 1466 illis
2483 1429 2728 1484 quorum
2760 1412 2996 1466 consilio
3027 1411 3336 1464 homicidia
3364 1412 3529 1464 fiunt.

2103 1505 2188 1557 32.
2246 1503 2322 1555 De
2372 1502 2482 1555 illis
2539 1503 2638 1572 qui
2694 1517 2796 1571 pro
2844 1501 3092 1554 vindicta
3137 1504 3439 1569 parentum
3492 1499 3822 1553 homicldia

2174 1590 2563 1645 committunt.

2101 1682 2186 1732 33.
2225 1681 2301 1732 De
2331 1679 2430 1731 illo
2464 1680 2561 1748 qui
2593 1683 2831 1748 propter
2873 1675 3246 1746 cupiditatem
3291 1676 3554 1730 Judaaum
3628 1677 3817 1729 inter-

2170 1767 2386 1820 fecerit.

2101 1857 2186 1910 34.
2216 1856 2292 1908 De
2326 1853 2626 1924 parricidis
2657 1859 2712 1906 et
2749 1853 3076 1907 fratricidis.

2101 1945 2186 1997 35.
2223 1943 2302 1996 De
2331 1943 2533 1996 eadem
2565 1958 2645 1995 re.

2101 2033 2186 2084 36.
2224 2032 2299 2084 De
2329 2031 2442 2084 illis
2477 2031 2578 2101 qui
2609 2031 2856 2084 infantes
2885 2047 3017 2082 suos
3048 2045 3161 2083 non
3191 2033 3394 2101 sponte
3425 2029 3804 2084 interﬁciunt.

2100 2124 2186 2173 37.
2214 2121 2292 2174 De
2322 2119 2420 2172 illo
2469 2119 2570 2190 qui
2614 2135 2852 2172 uxorem
2900 2119 3216 2189 legitimam
3270 2119 3390 2171 sine
3437 2117 3656 2188 judicio
3709 2119 3809 2171 in—

2170 2207 2476 2261 terfecerit.

2097 2299 2182 2351 38.
2220 2298 2297 2349 De
2324 2297 2525 2349 eadem
2553 2312 2634 2349 re.

2093 2388 2180 2439 39.
2214 2386 2292 2438 De
2323 2385 2525 2438 eadem
2558 2400 2638 2438 re.

2094 2475 2181 2526 40.
2209 2474 2286 2526 De
2307 2473 2509 2526 eadem
2538 2489 2616 2526 re.

2093 2563 2180 2616 41.
2212 2563 2290 2615 De
2321 2578 2495 2615 uxore
2530 2560 2721 2614 mariti
2749 2565 2995 2613 mortem
3026 2559 3384 2612 conciliante.

2090 2651 2179 2704 42.
2226 2652 2301 2704 De
2332 2650 2459 2714 hoc,
2489 2651 2534 2703 si
2562 2650 2755 2718 plures
2784 2665 2962 2702 uuum
2990 2647 3473 2718 impugnaverint.

2089 2740 2178 2792 43.
2215 2740 2291 2792 De
2325 2739 2576 2792 vindicta
2608 2755 2722 2790 non
2755 2737 3134 2807 prohibenda.

2091 2830 2178 2881 44.
2215 2829 2292 2881 De
2324 2827 2436 2880 illis
2469 2827 2566 2897 qui
2598 2832 2726 2897 post
2784 2826 3131 2896 baptismum
3185 2825 3485 2895 capitalem
3542 2826 3799 2894 protule-

2164 2916 2280 2969 rint
2310 2916 2672 2969 sententiam.

2091 3006 2178 3058 45.
2216 3005 2292 3056 De
2324 3003 2438 3056 illis
2471 3004 2569 3074 qui
2610 3002 2670 3055 in
2703 3001 3089 3056 confractioue
3139 3000 3423 3054 idolorum
3474 3000 3642 3053 occisi
3671 3001 3796 3054 fue-

2164 3091 2299 3145 rint.

2090 3181 2177 3233 46.
2215 3181 2291 3232 De
2322 3195 2388 3232 eo
2423 3178 2522 3249 qui
2555 3182 2796 3232 matrem
2828 3192 2988 3229 suam
3047 3176 3336 3242 occiderit,
3395 3177 3643 3246 qualiter
3674 3193 3801 3247 p03-

2163 3267 2347 3320 nitere
2379 3267 2599 3320 debeat.

2011 3353 2051 3407 C
2087 3359 2174 3411 47.
2212 3356 2268 3410 Si
2301 3356 2428 3425 quis
2461 3355 2701 3408 clericus
2751 3353 3126 3407 homicidium
3180 3353 3396 3418 fecerit,
3459 3353 3529 3405 ab
3590 3355 3799 3409 ordine

2159 3460 2377 3497 cessare
2401 3444 2647 3497 debebit.

2114 3535 2201 3588 48.
2239 3535 2316 3586 De
2345 3547 2436 3598 e0,
2470 3532 2516 3584 si
2547 3533 2675 3602 quis
2709 3531 2767 3584 in
2813 3531 3036 3584 hostem
3069 3535 3264 3583 contra
3303 3546 3561 3600 paganos
3621 3531 3796 3584 dimi-

2158 3638 2311 3686 cans,
2345 3620 2615 3674 interﬁcit
2645 3621 2898 3690 captivos
2930 3619 3297 3672 Christianos.

2088 3712 2261 3764 49.De
2293 3727 2358 3762 eo
2394 3710 2490 3779 qui
2519 3709 2906 3764 Christianum
2965 3707 3318 3777 mancipium
3368 3706 3682 3772 seduxerit,
3737 3713 3796 3761 et

2161 3799 2240 3852 sic
2266 3797 2611 3850 vendiderit.

2564 3885 2768 3940 Indicis
2791 3887 3152 3955 capitulorum
3180 3887 3325 3951 ﬁnis.

1623 4096 2465 4201 BURCHARDI

1269 4253 1908 4311 WORMACIENSIS
1957 4254 2364 4307 ECCLESIA‘I
2417 4251 2791 4306 EPISCOPI

575 4391 1930 4538 DECRETORUM
2042 4389 2632 4534 LIBER
2741 4385 3491 4532 SEXTUS

1728 4598 1827 4662 DE
1877 4597 2342 4661 HOMICIDIIS.

760 4776 896 4829 ΑΒΕ
909 4776 1044 4829 UME
1056 4777 1245 4830 NTUM
1288 4777 1491 4834 LIBRI.

352 4861 516 4916 Liber
541 4862 634 4916 hic
663 4863 731 4916 de
767 4863 1103 4918 Homicidiis
1137 4872 1340 4933 sponte
1362 4871 1418 4919 et
1447 4883 1564 4920 non
1595 4871 1796 4937 sponte
1822 4882 1976 4920 com-

276 4949 484 5016 missis,
520 4951 588 5004 de
643 4951 986 5020 parricidiis,
1037 4954 1106 5006 de
1174 4954 1520 5022 fratricidiis,
1583 4957 1650 5009 de
1713 4955 1826 5008 illis
1877 4954 1978 5025 qui

276 5055 486 5094 uxores
515 5039 821 5109 legitimas,
857 5046 913 5094 et
944 5043 1196 5096 seniores
1240 5060 1369 5096 suos
1416 5043 1788 5109 interliciunt,
1825 5048 1880 5097 et
1908 5044 1976 5096 de

276 5130 430 5183 caade
461 5130 971 5184 ecclesiasticorum
1000 5137 1221 5197 tractat,
1265 5149 1505 5203 quaeque
1537 5133 1781 5204 singulis
1821 5133 1976 5187 hisce

277 5217 577 5272 homicidii
631 5219 941 5288 generibus
991 5219 1062 5273 sit
1104 5221 1442 5290 poenitentia
1481 5220 1856 5291 injungenda,
1881 5239 1974 5274 os-

277 5307 478 5432 telgiilii:
541 5380 580 5432 I.
647 5380 709 5433 Si
765 5381 888 5448 quis
938 5361 1233 5448 spontdnea
1291 5383 1567 5434 voluntate
1625 5381 1975 5434 homicidium

347 5452 743 5517 perpetrath
790 5451 960 5516 juxta
1017 5451 1232 5506 decreta
1304 5452 1626 5512 Melchiadis
1681 5468 1856 5520 papa,
1926 5457 1977 5506 et

355 5521 717 5642 Triburfimisis
749 5524 965 5575 concilii
993 5527 1222 5588 statuta,
1276 5526 1436 5577 tatem
1475 5525 1847 5592 pia—nitentium
1885 5539 1974 5576 ac-

355 5606 527 5642 cmere
595 5597 718 5642 ccci.

354 5606 399 5639 cz
445 5606 527 5642 ere
555 5606 718 5644 decet.

355 5606 464 5722 (ἕω
493 5664 714 5715 concilio
750 5664 980 5717 Triburi.
999 5703 1013 5730 ,
1042 5669 1220 5735 capite
1250 5667 1324 5734 4.)
1358 5668 1420 5721 In
1449 5663 1675 5736 primis,
1702 5669 1765 5719 ut
1802 5663 1974 5718 licen-

2006 4779 2049 4831 D
2090 4778 2226 4831 tiam
2259 4794 2372 4830 non
2399 4777 2604 4830 habeat
2635 4777 2936 4830 Ecclesiam
2984 4776 3256 4842 intrandi,
3310 4776 3435 4828 illos
3476 4774 3785 4844 proximos,
3848 4792 3850 4794 '

2088 4868 2170 4919 XL
2222 4867 2344 4920 dies
2392 4867 2562 4920 nudis
2612 4866 2855 4935 pedibus
2905 4866 3149 4928 incedat,
3210 4871 3264 4917 et
3328 4864 3484 4917 nullo
3523 4864 3784 4918 vehiculo

2086 4961 2295 5008 utatur.
2346 4957 2407 5009 In
2478 4955 2657 5008 laneis
2707 4956 2958 5008 vestibus
3019 4956 3091 5008 sit
3151 4955 3363 5024 absque
3413 4955 3784 5008 femoralibus

2087 5059 2244 5097 arma
2273 5060 2389 5097 non
2437 5045 2600 5110 ferat,
2636 5048 2692 5096 et
2740 5044 2882 5097 nihil
2929 5047 3118 5096 sumat
3165 5043 3223 5094 in
3264 5042 3353 5095 his
3406 5043 3784 5112 quadraginta

2085 5133 2284 5187 diebus
2313 5132 2421 5185 nisi
2449 5138 2668 5186 tantum
2706 5149 2933 5202 panem,
2968 5138 3023 5186 et
3053 5132 3249 5195 salem,
3291 5135 3346 5183 et
3376 5147 3580 5199 puram
3631 5132 3784 5185 bibat

2085 5237 2316 5291 aquam.
2371 5223 2435 5274 Et
2510 5222 2726 5274 nullam
2810 5221 3273 5274 communionem
3357 5236 3484 5272 cum
3567 5221 3781 5274 caeteris

2086 5309 2441 5376 Christianis,
2503 5326 2690 5380 neque
2748 5326 2877 5362 cum
2928 5309 3039 5361 alio
3086 5309 3395 5377 paenitente
3446 5309 3652 5361 habeat
3727 5310 3781 5363 in

2085 5397 2210 5451 cibo
2243 5404 2298 5451 et
2327 5405 2488 5468 potu,
2525 5404 2834 5468 antequam
2867 5397 3246 5468 quadraginta
3274 5397 3394 5449 dies
3427 5397 3778 5464 adimplean-

2085 5492 2198 5541 tur.
2237 5487 2299 5539 Et
2330 5503 2395 5539 ex
2425 5486 2554 5540 cibo
2596 5503 2766 5556 quem
2813 5485 3008 5550 sumit,
3054 5487 3244 5538 nullus
3275 5486 3420 5536 alius
3457 5485 3774 5538 manducet.

2088 5575 2458 5630 Considerata
2495 5591 2627 5628 vero
2676 5591 2938 5644 personae
2970 5574 3265 5644 qualitate,
3304 5574 3385 5625 vel
3425 5573 3775 5641 infirmitate,

2089 5665 2158 5719 de
2190 5664 2394 5735 pomis,
2422 5664 2509 5717 vel
2541 5664 2791 5717 oleribus
2814 5680 2911 5716 seu
2944 5663 3358 5733 leguminibus,
3394 5667 3566 5733 prout
3595 5662 3774 5716 visum
