  <div class='ocr_page' id='page_1' title='image "/cluster/home/n/w/nwhite01/storage/ocr_20150623/140-141/uc1.31175018559917/390.png"; bbox 0 0 3966 6410; ppageno 0'>
   <div class='ocr_carea' id='block_1_1' title="bbox 175 424 293 473">
    <p class='ocr_par' dir='ltr' id='par_1_1' title="bbox 175 424 293 473">
     <span class='ocr_line' id='line_1_1' title="bbox 175 424 293 473; baseline 0.008 -1"><span class='ocrx_word' id='word_1_1' title='bbox 175 424 293 473; x_wconf 72' lang='grc'>’765</span> 
     </span>
    </p>
   </div>
   <div class='ocr_carea' id='block_1_2' title="bbox 1197 420 2717 480">
    <p class='ocr_par' dir='ltr' id='par_1_2' title="bbox 1197 420 2717 480">
     <span class='ocr_line' id='line_1_2' title="bbox 1197 420 2717 480; baseline 0.001 -5"><span class='ocrx_word' id='word_1_2' title='bbox 1197 420 1667 477; x_wconf 74' lang='lat' dir='ltr'>DECRETORUM</span> <span class='ocrx_word' id='word_1_3' title='bbox 1713 420 1897 475; x_wconf 80' lang='lat' dir='ltr'><strong>LIBRI</strong></span> <span class='ocrx_word' id='word_1_4' title='bbox 1934 421 2043 475; x_wconf 85' lang='lat' dir='ltr'><strong>XX.</strong></span> <span class='ocrx_word' id='word_1_5' title='bbox 2076 451 2143 459; x_wconf 86' lang='lat'>—-</span> <span class='ocrx_word' id='word_1_6' title='bbox 2186 423 2396 478; x_wconf 81' lang='lat' dir='ltr'>LIBER</span> <span class='ocrx_word' id='word_1_7' title='bbox 2436 424 2717 480; x_wconf 85' lang='lat' dir='ltr'>SEXTUS.</span> 
     </span>
    </p>
   </div>
   <div class='ocr_carea' id='block_1_3' title="bbox 3605 433 3709 483">
    <p class='ocr_par' dir='ltr' id='par_1_3' title="bbox 3605 433 3709 483">
     <span class='ocr_line' id='line_1_3' title="bbox 3605 433 3709 483; baseline 0.019 -2"><span class='ocrx_word' id='word_1_8' title='bbox 3605 433 3709 483; x_wconf 79' lang='lat'><strong>766</strong></span> 
     </span>
    </p>
   </div>
   <div class='ocr_carea' id='block_1_4' title="bbox 172 538 3710 615">
    <p class='ocr_par' dir='ltr' id='par_1_4' title="bbox 172 538 3710 615">
     <span class='ocr_line' id='line_1_4' title="bbox 172 538 3710 615; baseline 0.002 -19"><span class='ocrx_word' id='word_1_9' title='bbox 172 542 392 609; x_wconf 84' lang='lat' dir='ltr'>fuerit,</span> <span class='ocrx_word' id='word_1_10' title='bbox 433 540 653 612; x_wconf 80' lang='lat' dir='ltr'>aliquid</span> <span class='ocrx_word' id='word_1_11' title='bbox 683 557 789 611; x_wconf 90' lang='lat' dir='ltr'>pro</span> <span class='ocrx_word' id='word_1_12' title='bbox 818 538 1207 594; x_wconf 83' lang='lat' dir='ltr'>misericordia</span> <span class='ocrx_word' id='word_1_13' title='bbox 1238 539 1629 611; x_wconf 83' lang='lat' dir='ltr'>indulgeatur,</span> <span class='ocrx_word' id='word_1_14' title='bbox 1661 541 1908 594; x_wconf 85' lang='lat' dir='ltr'>maxime</span> <span class='ocrx_word' id='word_1_15' title='bbox 1935 544 1980 595; x_wconf 83' lang='grc' dir='ltr'><strong>Α</strong></span> <span class='ocrx_word' id='word_1_16' title='bbox 2023 546 2085 598; x_wconf 89' lang='lat' dir='ltr'>In</span> <span class='ocrx_word' id='word_1_17' title='bbox 2129 547 2371 599; x_wconf 91' lang='lat' dir='ltr'>concilio</span> <span class='ocrx_word' id='word_1_18' title='bbox 2404 547 2554 615; x_wconf 90' lang='lat' dir='ltr'>apud</span> <span class='ocrx_word' id='word_1_19' title='bbox 2588 547 2905 601; x_wconf 86' lang='lat' dir='ltr'>Theodonis</span> <span class='ocrx_word' id='word_1_20' title='bbox 2936 548 3151 614; x_wconf 88' lang='lat' dir='ltr'>villam,</span> <span class='ocrx_word' id='word_1_21' title='bbox 3197 549 3293 602; x_wconf 87' lang='lat' dir='ltr'>ubi</span> <span class='ocrx_word' id='word_1_22' title='bbox 3324 548 3710 603; x_wconf 85' lang='lat' dir='ltr'>interfuerunt</span> 
     </span>
    </p>
   </div>
   <div class='ocr_carea' id='block_1_5' title="bbox 174 630 1905 701">
    <p class='ocr_par' dir='ltr' id='par_1_5' title="bbox 174 630 1905 701">
     <span class='ocr_line' id='line_1_5' title="bbox 174 630 1905 701; baseline 0 -18"><span class='ocrx_word' id='word_1_23' title='bbox 174 632 221 683; x_wconf 87' lang='lat' dir='ltr'>si</span> <span class='ocrx_word' id='word_1_24' title='bbox 260 632 399 701; x_wconf 85' lang='lat' dir='ltr'>quis</span> <span class='ocrx_word' id='word_1_25' title='bbox 431 636 660 684; x_wconf 88' lang='lat' dir='ltr'>coactus</span> <span class='ocrx_word' id='word_1_26' title='bbox 695 635 749 683; x_wconf 91' lang='lat' dir='ltr'>et</span> <span class='ocrx_word' id='word_1_27' title='bbox 790 646 906 682; x_wconf 90' lang='lat' dir='ltr'>non</span> <span class='ocrx_word' id='word_1_28' title='bbox 939 634 1141 699; x_wconf 83' lang='lat' dir='ltr'>sponte</span> <span class='ocrx_word' id='word_1_29' title='bbox 1188 630 1561 683; x_wconf 83' lang='lat' dir='ltr'>homicidium</span> <span class='ocrx_word' id='word_1_30' title='bbox 1594 631 1812 696; x_wconf 80' lang='lat' dir='ltr'>fecerit,</span> <span class='ocrx_word' id='word_1_31' title='bbox 1849 636 1905 683; x_wconf 84' lang='lat' dir='ltr'>et</span> 
     </span>
    </p>
   </div>
   <div class='ocr_carea' id='block_1_6' title="bbox 176 718 1901 784">
    <p class='ocr_par' dir='ltr' id='par_1_6' title="bbox 176 718 1901 784">
     <span class='ocr_line' id='line_1_6' title="bbox 176 718 1901 784; baseline -0.002 -10"><span class='ocrx_word' id='word_1_32' title='bbox 176 720 235 774; x_wconf 90' lang='lat' dir='ltr'>ei</span> <span class='ocrx_word' id='word_1_33' title='bbox 294 719 657 773; x_wconf 84' lang='lat' dir='ltr'>omnimodis</span> <span class='ocrx_word' id='word_1_34' title='bbox 706 736 774 771; x_wconf 78' lang='lat' dir='ltr'>ex</span> <span class='ocrx_word' id='word_1_35' title='bbox 804 718 1081 770; x_wconf 85' lang='lat' dir='ltr'>canonica</span> <span class='ocrx_word' id='word_1_36' title='bbox 1128 719 1466 771; x_wconf 82' lang='lat' dir='ltr'>auctoritate</span> <span class='ocrx_word' id='word_1_37' title='bbox 1510 719 1901 784; x_wconf 88' lang='lat' dir='ltr'>interdicatur,</span> 
     </span>
    </p>
   </div>
   <div class='ocr_carea' id='block_1_7' title="bbox 174 807 1905 872">
    <p class='ocr_par' dir='ltr' id='par_1_7' title="bbox 174 807 1905 872">
     <span class='ocr_line' id='line_1_7' title="bbox 174 807 1905 872; baseline -0.001 -10"><span class='ocrx_word' id='word_1_38' title='bbox 174 809 344 862; x_wconf 89' lang='lat' dir='ltr'>utin</span> <span class='ocrx_word' id='word_1_39' title='bbox 379 809 472 862; x_wconf 88' lang='lat' dir='ltr'>his</span> <span class='ocrx_word' id='word_1_40' title='bbox 523 808 727 861; x_wconf 89' lang='lat' dir='ltr'>diebus</span> <span class='ocrx_word' id='word_1_41' title='bbox 773 823 905 860; x_wconf 92' lang='lat' dir='ltr'>cum</span> <span class='ocrx_word' id='word_1_42' title='bbox 964 808 1121 860; x_wconf 89' lang='lat' dir='ltr'>nulla</span> <span class='ocrx_word' id='word_1_43' title='bbox 1152 807 1366 860; x_wconf 84' lang='lat' dir='ltr'>femina</span> <span class='ocrx_word' id='word_1_44' title='bbox 1422 807 1748 872; x_wconf 83' lang='lat' dir='ltr'>misceatur,</span> <span class='ocrx_word' id='word_1_45' title='bbox 1801 824 1905 861; x_wconf 90' lang='lat' dir='ltr'>nec</span> 
     </span>
    </p>
   </div>
   <div class='ocr_carea' id='block_1_8' title="bbox 176 896 1904 967">
    <p class='ocr_par' dir='ltr' id='par_1_8' title="bbox 176 896 1904 967">
     <span class='ocr_line' id='line_1_8' title="bbox 176 896 1904 967; baseline -0.001 -16"><span class='ocrx_word' id='word_1_46' title='bbox 176 899 253 951; x_wconf 87' lang='lat' dir='ltr'>ad</span> <span class='ocrx_word' id='word_1_47' title='bbox 304 896 609 967; x_wconf 87' lang='lat' dir='ltr'>propriam</span> <span class='ocrx_word' id='word_1_48' title='bbox 658 912 895 948; x_wconf 87' lang='lat' dir='ltr'>uxorem</span> <span class='ocrx_word' id='word_1_49' title='bbox 929 896 1180 960; x_wconf 89' lang='lat' dir='ltr'>accedat,</span> <span class='ocrx_word' id='word_1_50' title='bbox 1229 912 1334 949; x_wconf 89' lang='lat' dir='ltr'>nec</span> <span class='ocrx_word' id='word_1_51' title='bbox 1381 912 1511 949; x_wconf 90' lang='lat' dir='ltr'>cum</span> <span class='ocrx_word' id='word_1_52' title='bbox 1566 896 1760 966; x_wconf 90' lang='lat' dir='ltr'>aliquo</span> <span class='ocrx_word' id='word_1_53' title='bbox 1792 897 1904 950; x_wconf 86' lang='lat' dir='ltr'>ho—</span> 
     </span>
    </p>
   </div>
   <div class='ocr_carea' id='block_1_9' title="bbox 176 984 1901 1054">
    <p class='ocr_par' dir='ltr' id='par_1_9' title="bbox 176 984 1901 1054">
     <span class='ocr_line' id='line_1_9' title="bbox 176 984 1901 1054; baseline 0 -16"><span class='ocrx_word' id='word_1_54' title='bbox 176 986 349 1038; x_wconf 85' lang='lat' dir='ltr'>mine</span> <span class='ocrx_word' id='word_1_55' title='bbox 405 985 676 1038; x_wconf 89' lang='lat' dir='ltr'>dormiat.</span> <span class='ocrx_word' id='word_1_56' title='bbox 730 985 898 1037; x_wconf 81' lang='lat' dir='ltr'>Juxta</span> <span class='ocrx_word' id='word_1_57' title='bbox 940 984 1245 1035; x_wconf 82' lang='lat' dir='ltr'>Ecclesiam</span> <span class='ocrx_word' id='word_1_58' title='bbox 1294 985 1385 1049; x_wconf 90' lang='lat' dir='ltr'>sit,</span> <span class='ocrx_word' id='word_1_59' title='bbox 1434 991 1563 1038; x_wconf 88' lang='lat' dir='ltr'>ante</span> <span class='ocrx_word' id='word_1_60' title='bbox 1610 985 1771 1054; x_wconf 89' lang='lat' dir='ltr'>cujus</span> <span class='ocrx_word' id='word_1_61' title='bbox 1813 985 1901 1054; x_wconf 88' lang='lat' dir='ltr'>ja-</span> 
     </span>
    </p>
   </div>
   <div class='ocr_carea' id='block_1_10' title="bbox 178 1073 1905 1143">
    <p class='ocr_par' dir='ltr' id='par_1_10' title="bbox 178 1073 1905 1143">
     <span class='ocr_line' id='line_1_10' title="bbox 178 1073 1905 1143; baseline 0 -16"><span class='ocrx_word' id='word_1_62' title='bbox 178 1092 333 1127; x_wconf 90' lang='lat' dir='ltr'>nuas</span> <span class='ocrx_word' id='word_1_63' title='bbox 367 1079 601 1143; x_wconf 85' lang='lat' dir='ltr'>peccata</span> <span class='ocrx_word' id='word_1_64' title='bbox 640 1079 744 1125; x_wconf 69' lang='lat' dir='ltr'>‘sua</span> <span class='ocrx_word' id='word_1_65' title='bbox 791 1074 998 1125; x_wconf 88' lang='lat' dir='ltr'>detleat</span> <span class='ocrx_word' id='word_1_66' title='bbox 1030 1073 1231 1126; x_wconf 86' lang='lat' dir='ltr'>diebus</span> <span class='ocrx_word' id='word_1_67' title='bbox 1260 1080 1316 1126; x_wconf 90' lang='lat' dir='ltr'>et</span> <span class='ocrx_word' id='word_1_68' title='bbox 1363 1074 1645 1139; x_wconf 90' lang='lat' dir='ltr'>noctibus,</span> <span class='ocrx_word' id='word_1_69' title='bbox 1700 1078 1755 1127; x_wconf 92' lang='lat' dir='ltr'>et</span> <span class='ocrx_word' id='word_1_70' title='bbox 1786 1091 1905 1127; x_wconf 90' lang='lat' dir='ltr'>non</span> 
     </span>
    </p>
   </div>
   <div class='ocr_carea' id='block_1_11' title="bbox 180 1152 1905 1233">
    <p class='ocr_par' dir='ltr' id='par_1_11' title="bbox 180 1152 1905 1233">
     <span class='ocr_line' id='line_1_11' title="bbox 180 1152 1905 1233; baseline -0.001 -17"><span class='ocrx_word' id='word_1_71' title='bbox 180 1165 254 1216; x_wconf 91' lang='lat' dir='ltr'>de</span> <span class='ocrx_word' id='word_1_72' title='bbox 283 1165 415 1216; x_wconf 92' lang='lat' dir='ltr'>loco</span> <span class='ocrx_word' id='word_1_73' title='bbox 470 1162 540 1214; x_wconf 90' lang='lat' dir='ltr'>ad</span> <span class='ocrx_word' id='word_1_74' title='bbox 573 1152 763 1214; x_wconf 82' lang='lat' dir='ltr'>locuni</span> <span class='ocrx_word' id='word_1_75' title='bbox 809 1166 1030 1231; x_wconf 82' lang='lat' dir='ltr'>pergat,</span> <span class='ocrx_word' id='word_1_76' title='bbox 1080 1162 1174 1215; x_wconf 90' lang='lat' dir='ltr'>sed</span> <span class='ocrx_word' id='word_1_77' title='bbox 1209 1162 1265 1215; x_wconf 92' lang='lat' dir='ltr'>in</span> <span class='ocrx_word' id='word_1_78' title='bbox 1298 1179 1413 1216; x_wconf 92' lang='lat' dir='ltr'>uno</span> <span class='ocrx_word' id='word_1_79' title='bbox 1468 1164 1591 1215; x_wconf 88' lang='lat' dir='ltr'>loco</span> <span class='ocrx_word' id='word_1_80' title='bbox 1636 1162 1725 1215; x_wconf 88' lang='lat' dir='ltr'>his</span> <span class='ocrx_word' id='word_1_81' title='bbox 1756 1180 1905 1233; x_wconf 89' lang='lat' dir='ltr'>qua-</span> 
     </span>
    </p>
   </div>
   <div class='ocr_carea' id='block_1_12' title="bbox 181 1249 1905 1317">
    <p class='ocr_par' dir='ltr' id='par_1_12' title="bbox 181 1249 1905 1317">
     <span class='ocr_line' id='line_1_12' title="bbox 181 1249 1905 1317; baseline -0.002 -11"><span class='ocrx_word' id='word_1_82' title='bbox 181 1252 463 1317; x_wconf 72' lang='lat' dir='ltr'>draginta</span> <span class='ocrx_word' id='word_1_83' title='bbox 510 1250 711 1303; x_wconf 89' lang='lat' dir='ltr'>diebus</span> <span class='ocrx_word' id='word_1_84' title='bbox 761 1250 849 1302; x_wconf 89' lang='lat' dir='ltr'>sit.</span> <span class='ocrx_word' id='word_1_85' title='bbox 892 1252 955 1303; x_wconf 77' lang='lat' dir='ltr'>Et</span> <span class='ocrx_word' id='word_1_86' title='bbox 984 1249 1028 1301; x_wconf 93' lang='lat' dir='ltr'>si</span> <span class='ocrx_word' id='word_1_87' title='bbox 1062 1250 1205 1303; x_wconf 80' lang='lat' dir='ltr'>forte</span> <span class='ocrx_word' id='word_1_88' title='bbox 1238 1250 1503 1303; x_wconf 85' lang='lat' dir='ltr'>habuerit</span> <span class='ocrx_word' id='word_1_89' title='bbox 1545 1251 1905 1305; x_wconf 78' lang='lat' dir='ltr'>insidiatores</span> 
     </span>
    </p>
   </div>
   <div class='ocr_carea' id='block_1_13' title="bbox 182 1338 1903 1408">
    <p class='ocr_par' dir='ltr' id='par_1_13' title="bbox 182 1338 1903 1408">
     <span class='ocr_line' id='line_1_13' title="bbox 182 1338 1903 1408; baseline 0.001 -18"><span class='ocrx_word' id='word_1_90' title='bbox 182 1342 320 1393; x_wconf 77' lang='lat' dir='ltr'>vitae</span> <span class='ocrx_word' id='word_1_91' title='bbox 358 1356 497 1404; x_wconf 64' lang='lat' dir='ltr'>sum,</span> <span class='ocrx_word' id='word_1_92' title='bbox 542 1338 773 1391; x_wconf 87' lang='lat' dir='ltr'>interim</span> <span class='ocrx_word' id='word_1_93' title='bbox 808 1339 1107 1391; x_wconf 77' lang='lat' dir='ltr'>ditferatur</span> <span class='ocrx_word' id='word_1_94' title='bbox 1150 1338 1202 1391; x_wconf 91' lang='lat' dir='ltr'>ei</span> <span class='ocrx_word' id='word_1_95' title='bbox 1234 1339 1589 1408; x_wconf 59' lang='lat' dir='ltr'>poenitentia,</span> <span class='ocrx_word' id='word_1_96' title='bbox 1624 1341 1804 1393; x_wconf 90' lang='lat' dir='ltr'>donec</span> <span class='ocrx_word' id='word_1_97' title='bbox 1835 1340 1903 1392; x_wconf 88' lang='lat' dir='ltr'>ab</span> 
     </span>
    </p>
   </div>
   <div class='ocr_carea' id='block_1_14' title="bbox 183 1428 1907 1499">
    <p class='ocr_par' dir='ltr' id='par_1_14' title="bbox 183 1428 1907 1499">
     <span class='ocr_line' id='line_1_14' title="bbox 183 1428 1907 1499; baseline 0 -17"><span class='ocrx_word' id='word_1_98' title='bbox 183 1430 466 1499; x_wconf 85' lang='lat' dir='ltr'>episcopo</span> <span class='ocrx_word' id='word_1_99' title='bbox 502 1445 607 1497; x_wconf 80' lang='lat' dir='ltr'>pax</span> <span class='ocrx_word' id='word_1_100' title='bbox 640 1428 691 1481; x_wconf 90' lang='lat' dir='ltr'>ei</span> <span class='ocrx_word' id='word_1_101' title='bbox 725 1430 793 1481; x_wconf 90' lang='lat' dir='ltr'>ab</span> <span class='ocrx_word' id='word_1_102' title='bbox 826 1428 1077 1481; x_wconf 80' lang='lat' dir='ltr'>inimicis</span> <span class='ocrx_word' id='word_1_103' title='bbox 1108 1428 1469 1495; x_wconf 85' lang='lat' dir='ltr'>concedatur,</span> <span class='ocrx_word' id='word_1_104' title='bbox 1500 1435 1553 1481; x_wconf 90' lang='lat' dir='ltr'>et</span> <span class='ocrx_word' id='word_1_105' title='bbox 1583 1429 1629 1481; x_wconf 87' lang='lat' dir='ltr'>si</span> <span class='ocrx_word' id='word_1_106' title='bbox 1662 1430 1719 1481; x_wconf 92' lang='lat' dir='ltr'>in</span> <span class='ocrx_word' id='word_1_107' title='bbox 1749 1428 1907 1483; x_wconf 66' lang='lat' dir='ltr'>inﬁm</span> 
     </span>
    </p>
   </div>
   <div class='ocr_carea' id='block_1_15' title="bbox 183 1517 1904 1587">
    <p class='ocr_par' dir='ltr' id='par_1_15' title="bbox 183 1517 1904 1587">
     <span class='ocr_line' id='line_1_15' title="bbox 183 1517 1904 1587; baseline 0 -16"><span class='ocrx_word' id='word_1_108' title='bbox 183 1519 396 1571; x_wconf 87' lang='lat' dir='ltr'>mitate</span> <span class='ocrx_word' id='word_1_109' title='bbox 441 1519 706 1570; x_wconf 80' lang='lat' dir='ltr'>detentus</span> <span class='ocrx_word' id='word_1_110' title='bbox 740 1517 927 1582; x_wconf 83' lang='lat' dir='ltr'>fuerit,</span> <span class='ocrx_word' id='word_1_111' title='bbox 978 1517 1059 1570; x_wconf 87' lang='lat' dir='ltr'>ita</span> <span class='ocrx_word' id='word_1_112' title='bbox 1092 1523 1153 1570; x_wconf 91' lang='lat' dir='ltr'>ut</span> <span class='ocrx_word' id='word_1_113' title='bbox 1204 1534 1319 1571; x_wconf 90' lang='lat' dir='ltr'>non</span> <span class='ocrx_word' id='word_1_114' title='bbox 1350 1518 1527 1587; x_wconf 87' lang='lat' dir='ltr'>possit</span> <span class='ocrx_word' id='word_1_115' title='bbox 1575 1518 1746 1587; x_wconf 86' lang='lat' dir='ltr'>digne</span> <span class='ocrx_word' id='word_1_116' title='bbox 1776 1535 1904 1587; x_wconf 85' lang='lat' dir='ltr'>poe-</span> 
     </span>
    </p>
   </div>
   <div class='ocr_carea' id='block_1_16' title="bbox 186 1606 1902 1675">
    <p class='ocr_par' dir='ltr' id='par_1_16' title="bbox 186 1606 1902 1675">
     <span class='ocr_line' id='line_1_16' title="bbox 186 1606 1902 1675; baseline 0 -17"><span class='ocrx_word' id='word_1_117' title='bbox 186 1607 402 1669; x_wconf 88' lang='lat' dir='ltr'>nitere,</span> <span class='ocrx_word' id='word_1_118' title='bbox 466 1606 766 1658; x_wconf 78' lang='lat' dir='ltr'>dilfcratur</span> <span class='ocrx_word' id='word_1_119' title='bbox 823 1606 1159 1675; x_wconf 66' lang='lat' dir='ltr'>poenitentia</span> <span class='ocrx_word' id='word_1_120' title='bbox 1220 1606 1402 1659; x_wconf 89' lang='lat' dir='ltr'>donec</span> <span class='ocrx_word' id='word_1_121' title='bbox 1458 1606 1685 1659; x_wconf 83' lang='lat' dir='ltr'>sanitati</span> <span class='ocrx_word' id='word_1_122' title='bbox 1739 1606 1902 1659; x_wconf 89' lang='lat' dir='ltr'>resti-</span> 
     </span>
    </p>
   </div>
   <div class='ocr_carea' id='block_1_17' title="bbox 186 1694 1906 1763">
    <p class='ocr_par' dir='ltr' id='par_1_17' title="bbox 186 1694 1906 1763">
     <span class='ocr_line' id='line_1_17' title="bbox 186 1694 1906 1763; baseline 0.001 -16"><span class='ocrx_word' id='word_1_123' title='bbox 186 1702 408 1747; x_wconf 89' lang='lat' dir='ltr'>tuatur.</span> <span class='ocrx_word' id='word_1_124' title='bbox 475 1694 533 1746; x_wconf 89' lang='lat' dir='ltr'>Si</span> <span class='ocrx_word' id='word_1_125' title='bbox 566 1700 758 1747; x_wconf 89' lang='lat' dir='ltr'>autem</span> <span class='ocrx_word' id='word_1_126' title='bbox 820 1694 990 1763; x_wconf 86' lang='lat' dir='ltr'>longa</span> <span class='ocrx_word' id='word_1_127' title='bbox 1032 1694 1374 1763; x_wconf 63' lang='lat' dir='ltr'>aegritudine</span> <span class='ocrx_word' id='word_1_128' title='bbox 1419 1695 1686 1748; x_wconf 77' lang='lat' dir='ltr'>detentus</span> <span class='ocrx_word' id='word_1_129' title='bbox 1733 1696 1906 1748; x_wconf 84' lang='lat' dir='ltr'>fuerit</span> 
     </span>
    </p>
   </div>
   <div class='ocr_carea' id='block_1_18' title="bbox 187 1782 1899 1852">
    <p class='ocr_par' dir='ltr' id='par_1_18' title="bbox 187 1782 1899 1852">
     <span class='ocr_line' id='line_1_18' title="bbox 187 1782 1899 1852; baseline 0.001 -16"><span class='ocrx_word' id='word_1_130' title='bbox 187 1784 260 1836; x_wconf 89' lang='lat' dir='ltr'>ad</span> <span class='ocrx_word' id='word_1_131' title='bbox 324 1783 669 1835; x_wconf 88' lang='lat' dir='ltr'>sententiam</span> <span class='ocrx_word' id='word_1_132' title='bbox 729 1782 983 1852; x_wconf 82' lang='lat' dir='ltr'>episcopi</span> <span class='ocrx_word' id='word_1_133' title='bbox 1031 1782 1343 1851; x_wconf 85' lang='lat' dir='ltr'>pertinebit</span> <span class='ocrx_word' id='word_1_134' title='bbox 1394 1784 1686 1852; x_wconf 86' lang='lat' dir='ltr'>quomodo</span> <span class='ocrx_word' id='word_1_135' title='bbox 1739 1800 1899 1837; x_wconf 86' lang='lat' dir='ltr'>reum</span> 
     </span>
    </p>
   </div>
   <div class='ocr_carea' id='block_1_19' title="bbox 186 1872 1903 1941">
    <p class='ocr_par' dir='ltr' id='par_1_19' title="bbox 186 1872 1903 1941">
     <span class='ocr_line' id='line_1_19' title="bbox 186 1872 1903 1941; baseline 0 -16"><span class='ocrx_word' id='word_1_136' title='bbox 186 1878 247 1925; x_wconf 87' lang='lat' dir='ltr'>et</span> <span class='ocrx_word' id='word_1_137' title='bbox 280 1872 583 1925; x_wconf 89' lang='lat' dir='ltr'>inﬁrmum</span> <span class='ocrx_word' id='word_1_138' title='bbox 632 1887 834 1923; x_wconf 90' lang='lat' dir='ltr'>sanare</span> <span class='ocrx_word' id='word_1_139' title='bbox 866 1872 1150 1940; x_wconf 86' lang='lat' dir='ltr'>disponat.</span> <span class='ocrx_word' id='word_1_140' title='bbox 1205 1872 1513 1941; x_wconf 85' lang='lat' dir='ltr'>Completis</span> <span class='ocrx_word' id='word_1_141' title='bbox 1561 1874 1673 1939; x_wconf 86' lang='lat' dir='ltr'>XL,</span> <span class='ocrx_word' id='word_1_142' title='bbox 1704 1872 1903 1925; x_wconf 91' lang='lat' dir='ltr'>diebus</span> 
     </span>
    </p>
   </div>
   <div class='ocr_carea' id='block_1_20' title="bbox 186 1960 1906 2032">
    <p class='ocr_par' dir='ltr' id='par_1_20' title="bbox 186 1960 1906 2032">
     <span class='ocr_line' id='line_1_20' title="bbox 186 1960 1906 2032; baseline 0 -19"><span class='ocrx_word' id='word_1_143' title='bbox 186 1977 346 2029; x_wconf 89' lang='lat' dir='ltr'>aqua</span> <span class='ocrx_word' id='word_1_144' title='bbox 396 1961 548 2013; x_wconf 90' lang='lat' dir='ltr'>lotus</span> <span class='ocrx_word' id='word_1_145' title='bbox 598 1960 938 2012; x_wconf 85' lang='lat' dir='ltr'>vestimenta</span> <span class='ocrx_word' id='word_1_146' title='bbox 977 1965 1033 2011; x_wconf 90' lang='lat' dir='ltr'>et</span> <span class='ocrx_word' id='word_1_147' title='bbox 1081 1962 1485 2025; x_wconf 89' lang='lat' dir='ltr'>calceamenta,</span> <span class='ocrx_word' id='word_1_148' title='bbox 1537 1960 1798 2032; x_wconf 82' lang='lat' dir='ltr'>accipiat,</span> <span class='ocrx_word' id='word_1_149' title='bbox 1850 1966 1906 2013; x_wconf 91' lang='lat' dir='ltr'>et</span> 
     </span>
    </p>
   </div>
   <div class='ocr_carea' id='block_1_21' title="bbox 187 2048 731 2117">
    <p class='ocr_par' dir='ltr' id='par_1_21' title="bbox 187 2048 731 2117">
     <span class='ocr_line' id='line_1_21' title="bbox 187 2048 731 2117; baseline -0.002 -16"><span class='ocrx_word' id='word_1_150' title='bbox 187 2049 467 2117; x_wconf 81' lang='lat' dir='ltr'>capillum</span> <span class='ocrx_word' id='word_1_151' title='bbox 501 2048 731 2100; x_wconf 80' lang='lat' dir='ltr'>incidat.</span> 
     </span>
    </p>
   </div>
   <div class='ocr_carea' id='block_1_22' title="bbox 188 2136 1899 2205">
    <p class='ocr_par' dir='ltr' id='par_1_22' title="bbox 188 2136 1899 2205">
     <span class='ocr_line' id='line_1_22' title="bbox 188 2136 1899 2205; baseline -0.001 -15"><span class='ocrx_word' id='word_1_152' title='bbox 188 2138 325 2191; x_wconf 62' lang='lat' dir='ltr'>Cu).</span> <span class='ocrx_word' id='word_1_153' title='bbox 392 2137 459 2189; x_wconf 91' lang='lat' dir='ltr'>II.</span> <span class='ocrx_word' id='word_1_154' title='bbox 515 2168 582 2174; x_wconf 92' lang='lat'><strong><em>—</em></strong></span> <span class='ocrx_word' id='word_1_155' title='bbox 642 2137 786 2201; x_wconf 87' lang='lat' dir='ltr'>Quid</span> <span class='ocrx_word' id='word_1_156' title='bbox 836 2139 894 2189; x_wconf 85' lang='lat' dir='ltr'>in</span> <span class='ocrx_word' id='word_1_157' title='bbox 936 2138 1112 2205; x_wconf 78' lang='lat' dir='ltr'>primo</span> <span class='ocrx_word' id='word_1_158' title='bbox 1166 2152 1307 2189; x_wconf 81' lang='lat' dir='ltr'>anno</span> <span class='ocrx_word' id='word_1_159' title='bbox 1360 2136 1642 2190; x_wconf 83' lang='lat' dir='ltr'>observare</span> <span class='ocrx_word' id='word_1_160' title='bbox 1692 2136 1899 2190; x_wconf 80' lang='lat' dir='ltr'>debeat.</span> 
     </span>
    </p>
   </div>
   <div class='ocr_carea' id='block_1_23' title="bbox 264 2224 1903 2296">
    <p class='ocr_par' dir='ltr' id='par_1_23' title="bbox 264 2224 1903 2296">
     <span class='ocr_line' id='line_1_23' title="bbox 264 2224 1903 2296; baseline -0.001 -17"><span class='ocrx_word' id='word_1_161' title='bbox 264 2227 374 2295; x_wconf 79' lang='lat' dir='ltr'>(Ea:</span> <span class='ocrx_word' id='word_1_162' title='bbox 405 2226 603 2289; x_wconf 85' lang='lat' dir='ltr'>eodem,</span> <span class='ocrx_word' id='word_1_163' title='bbox 638 2228 815 2293; x_wconf 80' lang='lat' dir='ltr'>capite</span> <span class='ocrx_word' id='word_1_164' title='bbox 856 2227 927 2290; x_wconf 77' lang='lat'>3.)</span> <span class='ocrx_word' id='word_1_165' title='bbox 963 2226 1024 2277; x_wconf 92' lang='lat' dir='ltr'>In</span> <span class='ocrx_word' id='word_1_166' title='bbox 1076 2224 1265 2294; x_wconf 90' lang='lat' dir='ltr'>primo</span> <span class='ocrx_word' id='word_1_167' title='bbox 1298 2242 1449 2277; x_wconf 90' lang='lat' dir='ltr'>anno</span> <span class='ocrx_word' id='word_1_168' title='bbox 1498 2231 1626 2295; x_wconf 91' lang='lat' dir='ltr'>post</span> <span class='ocrx_word' id='word_1_169' title='bbox 1655 2227 1903 2296; x_wconf 87' lang='lat' dir='ltr'>quadra-</span> 
     </span>
    </p>
   </div>
   <div class='ocr_carea' id='block_1_24' title="bbox 192 2312 1906 2382">
    <p class='ocr_par' dir='ltr' id='par_1_24' title="bbox 192 2312 1906 2382">
     <span class='ocr_line' id='line_1_24' title="bbox 192 2312 1906 2382; baseline 0.002 -18"><span class='ocrx_word' id='word_1_170' title='bbox 192 2312 359 2382; x_wconf 82' lang='lat' dir='ltr'>ginta</span> <span class='ocrx_word' id='word_1_171' title='bbox 409 2314 550 2376; x_wconf 81' lang='lat' dir='ltr'>dies,</span> <span class='ocrx_word' id='word_1_172' title='bbox 603 2318 787 2365; x_wconf 91' lang='lat' dir='ltr'>totum</span> <span class='ocrx_word' id='word_1_173' title='bbox 839 2312 1003 2365; x_wconf 89' lang='lat' dir='ltr'>illum</span> <span class='ocrx_word' id='word_1_174' title='bbox 1052 2329 1267 2365; x_wconf 90' lang='lat' dir='ltr'>annum</span> <span class='ocrx_word' id='word_1_175' title='bbox 1300 2313 1512 2377; x_wconf 86' lang='lat' dir='ltr'>avino,</span> <span class='ocrx_word' id='word_1_176' title='bbox 1559 2315 1801 2367; x_wconf 89' lang='lat' dir='ltr'>medone</span> <span class='ocrx_word' id='word_1_177' title='bbox 1849 2320 1906 2367; x_wconf 85' lang='lat' dir='ltr'>et</span> 
     </span>
    </p>
   </div>
   <div class='ocr_carea' id='block_1_25' title="bbox 193 2402 1903 2472">
    <p class='ocr_par' dir='ltr' id='par_1_25' title="bbox 193 2402 1903 2472">
     <span class='ocr_line' id='line_1_25' title="bbox 193 2402 1903 2472; baseline 0.001 -18"><span class='ocrx_word' id='word_1_178' title='bbox 193 2402 421 2455; x_wconf 83' lang='lat' dir='ltr'>mellita</span> <span class='ocrx_word' id='word_1_179' title='bbox 451 2402 713 2467; x_wconf 85' lang='lat' dir='ltr'>cervisia,</span> <span class='ocrx_word' id='word_1_180' title='bbox 764 2419 796 2453; x_wconf 89' lang='lat' dir='ltr'>a</span> <span class='ocrx_word' id='word_1_181' title='bbox 826 2417 1017 2467; x_wconf 88' lang='lat' dir='ltr'>carne,</span> <span class='ocrx_word' id='word_1_182' title='bbox 1051 2406 1106 2453; x_wconf 88' lang='lat' dir='ltr'>et</span> <span class='ocrx_word' id='word_1_183' title='bbox 1137 2418 1318 2465; x_wconf 82' lang='lat' dir='ltr'>caseo,</span> <span class='ocrx_word' id='word_1_184' title='bbox 1358 2407 1415 2453; x_wconf 89' lang='lat' dir='ltr'>et</span> <span class='ocrx_word' id='word_1_185' title='bbox 1458 2402 1771 2471; x_wconf 86' lang='lat' dir='ltr'>pinguibus</span> <span class='ocrx_word' id='word_1_186' title='bbox 1815 2402 1903 2472; x_wconf 90' lang='lat' dir='ltr'>pi-</span> 
     </span>
    </p>
   </div>
   <div class='ocr_carea' id='block_1_26' title="bbox 193 2489 1905 2560">
    <p class='ocr_par' dir='ltr' id='par_1_26' title="bbox 193 2489 1905 2560">
     <span class='ocr_line' id='line_1_26' title="bbox 193 2489 1905 2560; baseline 0.001 -18"><span class='ocrx_word' id='word_1_187' title='bbox 193 2491 384 2543; x_wconf 82' lang='lat' dir='ltr'>scibus</span> <span class='ocrx_word' id='word_1_188' title='bbox 410 2490 713 2554; x_wconf 87' lang='lat' dir='ltr'>abstineat,</span> <span class='ocrx_word' id='word_1_189' title='bbox 749 2490 857 2541; x_wconf 84' lang='lat' dir='ltr'>nisi</span> <span class='ocrx_word' id='word_1_190' title='bbox 890 2489 1047 2542; x_wconf 81' lang='lat' dir='ltr'>festis</span> <span class='ocrx_word' id='word_1_191' title='bbox 1079 2490 1296 2555; x_wconf 88' lang='lat' dir='ltr'>diebus,</span> <span class='ocrx_word' id='word_1_192' title='bbox 1332 2490 1430 2559; x_wconf 92' lang='lat' dir='ltr'>qui</span> <span class='ocrx_word' id='word_1_193' title='bbox 1464 2491 1518 2542; x_wconf 93' lang='lat' dir='ltr'>in</span> <span class='ocrx_word' id='word_1_194' title='bbox 1552 2490 1652 2543; x_wconf 91' lang='lat' dir='ltr'>illo</span> <span class='ocrx_word' id='word_1_195' title='bbox 1683 2491 1905 2560; x_wconf 86' lang='lat' dir='ltr'>episco-</span> 
     </span>
    </p>
   </div>
   <div class='ocr_carea' id='block_1_27' title="bbox 194 2578 1905 2649">
    <p class='ocr_par' dir='ltr' id='par_1_27' title="bbox 194 2578 1905 2649">
     <span class='ocr_line' id='line_1_27' title="bbox 194 2578 1905 2649; baseline 0.002 -19"><span class='ocrx_word' id='word_1_196' title='bbox 194 2579 290 2649; x_wconf 84' lang='lat' dir='ltr'>pio</span> <span class='ocrx_word' id='word_1_197' title='bbox 343 2597 376 2631; x_wconf 88' lang='lat' dir='ltr'>a</span> <span class='ocrx_word' id='word_1_198' title='bbox 416 2585 621 2631; x_wconf 88' lang='lat' dir='ltr'>cuncto</span> <span class='ocrx_word' id='word_1_199' title='bbox 674 2580 890 2648; x_wconf 86' lang='lat' dir='ltr'>populo</span> <span class='ocrx_word' id='word_1_200' title='bbox 940 2578 1319 2631; x_wconf 85' lang='lat' dir='ltr'>celebrantur.</span> <span class='ocrx_word' id='word_1_201' title='bbox 1382 2578 1447 2629; x_wconf 85' lang='lat' dir='ltr'>Et</span> <span class='ocrx_word' id='word_1_202' title='bbox 1498 2579 1608 2631; x_wconf 87' lang='lat' dir='ltr'>nisi</span> <span class='ocrx_word' id='word_1_203' title='bbox 1648 2579 1791 2633; x_wconf 86' lang='lat' dir='ltr'>forte</span> <span class='ocrx_word' id='word_1_204' title='bbox 1844 2580 1905 2633; x_wconf 88' lang='lat' dir='ltr'>in</span> 
     </span>
    </p>
   </div>
   <div class='ocr_carea' id='block_1_28' title="bbox 196 2667 1901 2736">
    <p class='ocr_par' dir='ltr' id='par_1_28' title="bbox 196 2667 1901 2736">
     <span class='ocr_line' id='line_1_28' title="bbox 196 2667 1901 2736; baseline 0 -15"><span class='ocrx_word' id='word_1_205' title='bbox 196 2684 412 2736; x_wconf 88' lang='lat' dir='ltr'>magno</span> <span class='ocrx_word' id='word_1_206' title='bbox 465 2667 692 2728; x_wconf 89' lang='lat' dir='ltr'>itinere,</span> <span class='ocrx_word' id='word_1_207' title='bbox 746 2667 833 2719; x_wconf 86' lang='lat' dir='ltr'>vel</span> <span class='ocrx_word' id='word_1_208' title='bbox 866 2667 925 2718; x_wconf 90' lang='lat' dir='ltr'>in</span> <span class='ocrx_word' id='word_1_209' title='bbox 958 2667 1139 2727; x_wconf 87' lang='lat' dir='ltr'>hoste,</span> <span class='ocrx_word' id='word_1_210' title='bbox 1176 2667 1264 2719; x_wconf 80' lang='lat' dir='ltr'>vel</span> <span class='ocrx_word' id='word_1_211' title='bbox 1313 2667 1412 2719; x_wconf 90' lang='lat' dir='ltr'>diu</span> <span class='ocrx_word' id='word_1_212' title='bbox 1443 2667 1513 2719; x_wconf 91' lang='lat' dir='ltr'>ad</span> <span class='ocrx_word' id='word_1_213' title='bbox 1546 2668 1901 2721; x_wconf 89' lang='lat' dir='ltr'>Dominicam</span> 
     </span>
    </p>
   </div>
   <div class='ocr_carea' id='block_1_29' title="bbox 195 2755 1904 2824">
    <p class='ocr_par' dir='ltr' id='par_1_29' title="bbox 195 2755 1904 2824">
     <span class='ocr_line' id='line_1_29' title="bbox 195 2755 1904 2824; baseline 0.002 -17"><span class='ocrx_word' id='word_1_214' title='bbox 195 2761 443 2824; x_wconf 89' lang='lat' dir='ltr'>curtem,</span> <span class='ocrx_word' id='word_1_215' title='bbox 478 2756 563 2808; x_wconf 86' lang='lat' dir='ltr'>vel</span> <span class='ocrx_word' id='word_1_216' title='bbox 612 2755 947 2808; x_wconf 89' lang='lat' dir='ltr'>inﬁrmitate</span> <span class='ocrx_word' id='word_1_217' title='bbox 981 2756 1242 2808; x_wconf 87' lang='lat' dir='ltr'>detentus</span> <span class='ocrx_word' id='word_1_218' title='bbox 1276 2755 1363 2819; x_wconf 89' lang='lat' dir='ltr'>sit,</span> <span class='ocrx_word' id='word_1_219' title='bbox 1402 2758 1536 2809; x_wconf 90' lang='lat' dir='ltr'>tunc</span> <span class='ocrx_word' id='word_1_220' title='bbox 1584 2756 1751 2809; x_wconf 90' lang='lat' dir='ltr'>liceat</span> <span class='ocrx_word' id='word_1_221' title='bbox 1788 2773 1904 2810; x_wconf 90' lang='lat' dir='ltr'>uno</span> 
     </span>
    </p>
   </div>
   <div class='ocr_carea' id='block_1_30' title="bbox 195 2842 1905 2915">
    <p class='ocr_par' dir='ltr' id='par_1_30' title="bbox 195 2842 1905 2915">
     <span class='ocr_line' id='line_1_30' title="bbox 195 2842 1905 2915; baseline 0.002 -20"><span class='ocrx_word' id='word_1_222' title='bbox 195 2843 456 2908; x_wconf 84' lang='lat' dir='ltr'>denario,</span> <span class='ocrx_word' id='word_1_223' title='bbox 496 2845 581 2896; x_wconf 86' lang='lat' dir='ltr'>vel</span> <span class='ocrx_word' id='word_1_224' title='bbox 616 2843 807 2911; x_wconf 89' lang='lat' dir='ltr'>precio</span> <span class='ocrx_word' id='word_1_225' title='bbox 839 2842 1008 2895; x_wconf 90' lang='lat' dir='ltr'>unius</span> <span class='ocrx_word' id='word_1_226' title='bbox 1058 2842 1300 2907; x_wconf 82' lang='lat' dir='ltr'>denarii,</span> <span class='ocrx_word' id='word_1_227' title='bbox 1335 2850 1434 2897; x_wconf 91' lang='lat' dir='ltr'>aut</span> <span class='ocrx_word' id='word_1_228' title='bbox 1463 2850 1577 2897; x_wconf 87' lang='lat' dir='ltr'>tres</span> <span class='ocrx_word' id='word_1_229' title='bbox 1624 2861 1905 2915; x_wconf 89' lang='lat' dir='ltr'>pauperes</span> 
     </span>
    </p>
   </div>
   <div class='ocr_carea' id='block_1_31' title="bbox 198 2930 1903 3001">
    <p class='ocr_par' dir='ltr' id='par_1_31' title="bbox 198 2930 1903 3001">
     <span class='ocr_line' id='line_1_31' title="bbox 198 2930 1903 3001; baseline 0.003 -18"><span class='ocrx_word' id='word_1_230' title='bbox 198 2932 511 3001; x_wconf 86' lang='lat' dir='ltr'>pascendo,</span> <span class='ocrx_word' id='word_1_231' title='bbox 566 2930 795 2983; x_wconf 87' lang='lat' dir='ltr'>tertiam</span> <span class='ocrx_word' id='word_1_232' title='bbox 841 2931 1067 2992; x_wconf 87' lang='lat' dir='ltr'>feriam,</span> <span class='ocrx_word' id='word_1_233' title='bbox 1120 2931 1380 3001; x_wconf 88' lang='lat' dir='ltr'>quintam</span> <span class='ocrx_word' id='word_1_234' title='bbox 1416 2932 1639 2998; x_wconf 84' lang='lat' dir='ltr'>feriam,</span> <span class='ocrx_word' id='word_1_235' title='bbox 1688 2940 1742 2987; x_wconf 91' lang='lat' dir='ltr'>et</span> <span class='ocrx_word' id='word_1_236' title='bbox 1772 2936 1903 2988; x_wconf 87' lang='lat' dir='ltr'>sab-</span> 
     </span>
    </p>
   </div>
   <div class='ocr_carea' id='block_1_32' title="bbox 195 3020 1906 3085">
    <p class='ocr_par' dir='ltr' id='par_1_32' title="bbox 195 3020 1906 3085">
     <span class='ocr_line' id='line_1_32' title="bbox 195 3020 1906 3085; baseline 0.003 -13"><span class='ocrx_word' id='word_1_237' title='bbox 195 3020 399 3073; x_wconf 90' lang='lat' dir='ltr'>batum</span> <span class='ocrx_word' id='word_1_238' title='bbox 447 3020 752 3081; x_wconf 85' lang='lat' dir='ltr'>redimere,</span> <span class='ocrx_word' id='word_1_239' title='bbox 810 3021 890 3072; x_wconf 89' lang='lat' dir='ltr'>ita</span> <span class='ocrx_word' id='word_1_240' title='bbox 923 3021 1218 3085; x_wconf 83' lang='lat' dir='ltr'>duntaxat,</span> <span class='ocrx_word' id='word_1_241' title='bbox 1267 3026 1323 3073; x_wconf 88' lang='lat' dir='ltr'>et</span> <span class='ocrx_word' id='word_1_242' title='bbox 1354 3038 1465 3073; x_wconf 91' lang='lat' dir='ltr'>una</span> <span class='ocrx_word' id='word_1_243' title='bbox 1496 3037 1556 3074; x_wconf 89' lang='lat' dir='ltr'>re</span> <span class='ocrx_word' id='word_1_244' title='bbox 1602 3024 1669 3076; x_wconf 88' lang='lat' dir='ltr'>de</span> <span class='ocrx_word' id='word_1_245' title='bbox 1722 3022 1906 3077; x_wconf 88' lang='lat' dir='ltr'>tribus</span> 
     </span>
    </p>
   </div>
   <div class='ocr_carea' id='block_1_33' title="bbox 2014 636 3711 708">
    <p class='ocr_par' dir='ltr' id='par_1_33' title="bbox 2014 636 3711 708">
     <span class='ocr_line' id='line_1_33' title="bbox 2014 636 3711 708; baseline 0.001 -18"><span class='ocrx_word' id='word_1_246' title='bbox 2014 636 2196 690; x_wconf 87' lang='lat' dir='ltr'><strong>XXXII</strong></span> <span class='ocrx_word' id='word_1_247' title='bbox 2245 636 2520 705; x_wconf 86' lang='lat' dir='ltr'>episcopi,</span> <span class='ocrx_word' id='word_1_248' title='bbox 2579 636 2909 705; x_wconf 84' lang='lat' dir='ltr'>Histolphus</span> <span class='ocrx_word' id='word_1_249' title='bbox 2966 638 3373 707; x_wconf 83' lang='lat' dir='ltr'>Moguntiensis</span> <span class='ocrx_word' id='word_1_250' title='bbox 3429 638 3711 708; x_wconf 88' lang='lat' dir='ltr'>archiepi-</span> 
     </span>
    </p>
   </div>
   <div class='ocr_carea' id='block_1_34' title="bbox 2016 725 3713 796">
    <p class='ocr_par' dir='ltr' id='par_1_34' title="bbox 2016 725 3713 796">
     <span class='ocr_line' id='line_1_34' title="bbox 2016 725 3713 796; baseline 0 -19"><span class='ocrx_word' id='word_1_251' title='bbox 2016 742 2220 795; x_wconf 91' lang='lat' dir='ltr'>scopus</span> <span class='ocrx_word' id='word_1_252' title='bbox 2280 742 2409 778; x_wconf 89' lang='lat' dir='ltr'>cum</span> <span class='ocrx_word' id='word_1_253' title='bbox 2486 725 2601 777; x_wconf 86' lang='lat' dir='ltr'>suis</span> <span class='ocrx_word' id='word_1_254' title='bbox 2675 726 3071 796; x_wconf 80' lang='lat' dir='ltr'>suti&#39;raganeis,</span> <span class='ocrx_word' id='word_1_255' title='bbox 3132 726 3281 781; x_wconf 79' lang='lat' dir='ltr'>lletti</span> <span class='ocrx_word' id='word_1_256' title='bbox 3352 727 3713 779; x_wconf 80' lang='lat' dir='ltr'>&#39;I‘reverensis</span> 
     </span>
    </p>
   </div>
   <div class='ocr_carea' id='block_1_35' title="bbox 2016 814 3711 884">
    <p class='ocr_par' dir='ltr' id='par_1_35' title="bbox 2016 814 3711 884">
     <span class='ocr_line' id='line_1_35' title="bbox 2016 814 3711 884; baseline 0 -17"><span class='ocrx_word' id='word_1_257' title='bbox 2016 814 2476 884; x_wconf 86' lang='lat' dir='ltr'>archiepiscopus</span> <span class='ocrx_word' id='word_1_258' title='bbox 2523 830 2652 866; x_wconf 90' lang='lat' dir='ltr'>cum</span> <span class='ocrx_word' id='word_1_259' title='bbox 2681 815 2796 866; x_wconf 82' lang='lat' dir='ltr'>suis</span> <span class='ocrx_word' id='word_1_260' title='bbox 2827 815 3220 883; x_wconf 80' lang='lat' dir='ltr'>sulfraganeis,</span> <span class='ocrx_word' id='word_1_261' title='bbox 3263 815 3377 867; x_wconf 88' lang='lat' dir='ltr'>Ebo</span> <span class='ocrx_word' id='word_1_262' title='bbox 3415 815 3711 867; x_wconf 75' lang='lat' dir='ltr'>ltemensis</span> 
     </span>
    </p>
   </div>
   <div class='ocr_carea' id='block_1_36' title="bbox 2015 903 3712 973">
    <p class='ocr_par' dir='ltr' id='par_1_36' title="bbox 2015 903 3712 973">
     <span class='ocr_line' id='line_1_36' title="bbox 2015 903 3712 973; baseline -0.001 -17"><span class='ocrx_word' id='word_1_263' title='bbox 2015 903 2478 973; x_wconf 82' lang='lat' dir='ltr'>archiepiscopus</span> <span class='ocrx_word' id='word_1_264' title='bbox 2527 920 2655 955; x_wconf 92' lang='lat' dir='ltr'>cum</span> <span class='ocrx_word' id='word_1_265' title='bbox 2708 904 2823 955; x_wconf 89' lang='lat' dir='ltr'>suis</span> <span class='ocrx_word' id='word_1_266' title='bbox 2872 904 3265 971; x_wconf 80' lang='lat' dir='ltr'>suﬁ&#39;raganeis,</span> <span class='ocrx_word' id='word_1_267' title='bbox 3328 919 3456 956; x_wconf 89' lang='lat' dir='ltr'>cum</span> <span class='ocrx_word' id='word_1_268' title='bbox 3495 903 3712 956; x_wconf 90' lang='lat' dir='ltr'>nuntiis</span> 
     </span>
    </p>
   </div>
   <div class='ocr_carea' id='block_1_37' title="bbox 2015 992 3711 1061">
    <p class='ocr_par' dir='ltr' id='par_1_37' title="bbox 2015 992 3711 1061">
     <span class='ocr_line' id='line_1_37' title="bbox 2015 992 3711 1061; baseline 0 -17"><span class='ocrx_word' id='word_1_269' title='bbox 2015 992 2371 1061; x_wconf 80' lang='lat' dir='ltr'>reliquorum</span> <span class='ocrx_word' id='word_1_270' title='bbox 2430 992 2826 1061; x_wconf 87' lang='lat' dir='ltr'>episcoporum</span> <span class='ocrx_word' id='word_1_271' title='bbox 2884 992 3076 1045; x_wconf 71' lang='lat' dir='ltr'>Galliae</span> <span class='ocrx_word' id='word_1_272' title='bbox 3134 996 3188 1044; x_wconf 90' lang='lat' dir='ltr'>et</span> <span class='ocrx_word' id='word_1_273' title='bbox 3245 992 3581 1057; x_wconf 57' lang='lat' dir='ltr'>Germaniae,</span> <span class='ocrx_word' id='word_1_274' title='bbox 3639 992 3711 1044; x_wconf 91' lang='lat' dir='ltr'>ob</span> 
     </span>
    </p>
   </div>
   <div class='ocr_carea' id='block_1_38' title="bbox 2014 1080 3711 1150">
    <p class='ocr_par' dir='ltr' id='par_1_38' title="bbox 2014 1080 3711 1150">
     <span class='ocr_line' id='line_1_38' title="bbox 2014 1080 3711 1150; baseline -0.001 -16"><span class='ocrx_word' id='word_1_275' title='bbox 2014 1080 2250 1134; x_wconf 88' lang='lat' dir='ltr'>nimiam</span> <span class='ocrx_word' id='word_1_276' title='bbox 2283 1081 2791 1150; x_wconf 71' lang='lat' dir='ltr'>praesumptionem</span> <span class='ocrx_word' id='word_1_277' title='bbox 2823 1081 3210 1149; x_wconf 90' lang='lat' dir='ltr'>quorumdam</span> <span class='ocrx_word' id='word_1_278' title='bbox 3252 1087 3624 1149; x_wconf 87' lang='lat' dir='ltr'>tyrannorum</span> <span class='ocrx_word' id='word_1_279' title='bbox 3654 1081 3711 1133; x_wconf 91' lang='lat' dir='ltr'>in</span> 
     </span>
    </p>
   </div>
   <div class='ocr_carea' id='block_1_39' title="bbox 2016 1170 3711 1239">
    <p class='ocr_par' dir='ltr' id='par_1_39' title="bbox 2016 1170 3711 1239">
     <span class='ocr_line' id='line_1_39' title="bbox 2016 1170 3711 1239; baseline -0.001 -16"><span class='ocrx_word' id='word_1_280' title='bbox 2016 1170 2335 1223; x_wconf 87' lang='lat' dir='ltr'>sacerdotes</span> <span class='ocrx_word' id='word_1_281' title='bbox 2369 1170 2598 1222; x_wconf 87' lang='lat' dir='ltr'>Domini</span> <span class='ocrx_word' id='word_1_282' title='bbox 2631 1170 3125 1235; x_wconf 89' lang='lat' dir='ltr'>debacchantium,</span> <span class='ocrx_word' id='word_1_283' title='bbox 3159 1176 3214 1222; x_wconf 92' lang='lat' dir='ltr'>et</span> <span class='ocrx_word' id='word_1_284' title='bbox 3240 1174 3474 1239; x_wconf 87' lang='lat' dir='ltr'>pr0pter</span> <span class='ocrx_word' id='word_1_285' title='bbox 3498 1170 3711 1223; x_wconf 87' lang='lat' dir='ltr'>factum</span> 
     </span>
    </p>
   </div>
   <div class='ocr_carea' id='block_1_40' title="bbox 2015 1258 3709 1328">
    <p class='ocr_par' dir='ltr' id='par_1_40' title="bbox 2015 1258 3709 1328">
     <span class='ocr_line' id='line_1_40' title="bbox 2015 1258 3709 1328; baseline 0 -17"><span class='ocrx_word' id='word_1_286' title='bbox 2015 1259 2170 1328; x_wconf 91' lang='lat' dir='ltr'>quod</span> <span class='ocrx_word' id='word_1_287' title='bbox 2226 1258 2284 1311; x_wconf 91' lang='lat' dir='ltr'>in</span> <span class='ocrx_word' id='word_1_288' title='bbox 2336 1259 2641 1311; x_wconf 71' lang='lat' dir='ltr'>\Nasconia</span> <span class='ocrx_word' id='word_1_289' title='bbox 2712 1258 2937 1311; x_wconf 77' lang='lat' dir='ltr'>noviter</span> <span class='ocrx_word' id='word_1_290' title='bbox 2986 1259 3269 1312; x_wconf 85' lang='lat' dir='ltr'>acciderat</span> <span class='ocrx_word' id='word_1_291' title='bbox 3322 1259 3390 1311; x_wconf 88' lang='lat' dir='ltr'>de</span> <span class='ocrx_word' id='word_1_292' title='bbox 3446 1260 3709 1328; x_wconf 89' lang='lat' dir='ltr'>episcopo</span> 
     </span>
    </p>
   </div>
   <div class='ocr_carea' id='block_1_41' title="bbox 2013 1346 3713 1410">
    <p class='ocr_par' dir='ltr' id='par_1_41' title="bbox 2013 1346 3713 1410">
     <span class='ocr_line' id='line_1_41' title="bbox 2013 1346 3713 1410; baseline -0.001 -10"><span class='ocrx_word' id='word_1_293' title='bbox 2013 1349 2251 1410; x_wconf 83' lang='lat' dir='ltr'>Joanne,</span> <span class='ocrx_word' id='word_1_294' title='bbox 2299 1346 2595 1399; x_wconf 72' lang='lat' dir='ltr'>inhoneste</span> <span class='ocrx_word' id='word_1_295' title='bbox 2638 1352 2693 1398; x_wconf 91' lang='lat' dir='ltr'>et</span> <span class='ocrx_word' id='word_1_296' title='bbox 2735 1346 2991 1399; x_wconf 72' lang='lat' dir='ltr'>inaudita</span> <span class='ocrx_word' id='word_1_297' title='bbox 3033 1347 3388 1399; x_wconf 87' lang='lat' dir='ltr'>mordridato</span> <span class='ocrx_word' id='word_1_298' title='bbox 3419 1348 3713 1399; x_wconf 85' lang='lat' dir='ltr'>decretum</span> 
     </span>
    </p>
   </div>
   <div class='ocr_carea' id='block_1_42' title="bbox 2016 1435 3714 1505">
    <p class='ocr_par' dir='ltr' id='par_1_42' title="bbox 2016 1435 3714 1505">
     <span class='ocr_line' id='line_1_42' title="bbox 2016 1435 3714 1505; baseline -0.001 -17"><span class='ocrx_word' id='word_1_299' title='bbox 2016 1441 2119 1497; x_wconf 88' lang='lat' dir='ltr'>est,</span> <span class='ocrx_word' id='word_1_300' title='bbox 2150 1442 2213 1488; x_wconf 90' lang='lat' dir='ltr'>ut</span> <span class='ocrx_word' id='word_1_301' title='bbox 2246 1436 2538 1488; x_wconf 90' lang='lat' dir='ltr'>communi</span> <span class='ocrx_word' id='word_1_302' title='bbox 2586 1452 2865 1488; x_wconf 83' lang='lat' dir='ltr'>consensu</span> <span class='ocrx_word' id='word_1_303' title='bbox 2898 1440 2952 1487; x_wconf 90' lang='lat' dir='ltr'>et</span> <span class='ocrx_word' id='word_1_304' title='bbox 2993 1435 3200 1488; x_wconf 87' lang='lat' dir='ltr'>humili</span> <span class='ocrx_word' id='word_1_305' title='bbox 3233 1435 3535 1488; x_wconf 72' lang='lat' dir='ltr'>devotione</span> <span class='ocrx_word' id='word_1_306' title='bbox 3585 1452 3714 1505; x_wconf 87' lang='lat' dir='ltr'>sup-</span> 
     </span>
    </p>
   </div>
   <div class='ocr_carea' id='block_1_43' title="bbox 2014 1519 3711 1590">
    <p class='ocr_par' dir='ltr' id='par_1_43' title="bbox 2014 1519 3711 1590">
     <span class='ocr_line' id='line_1_43' title="bbox 2014 1519 3711 1590; baseline 0 -18"><span class='ocrx_word' id='word_1_307' title='bbox 2014 1521 2366 1590; x_wconf 88' lang='lat' dir='ltr'>plicarentur</span> <span class='ocrx_word' id='word_1_308' title='bbox 2406 1519 2640 1572; x_wconf 85' lang='lat' dir='ltr'>auribus</span> <span class='ocrx_word' id='word_1_309' title='bbox 2676 1519 2972 1588; x_wconf 88' lang='lat' dir='ltr'>principis,</span> <span class='ocrx_word' id='word_1_310' title='bbox 3005 1520 3051 1571; x_wconf 92' lang='lat' dir='ltr'>si</span> <span class='ocrx_word' id='word_1_311' title='bbox 3084 1537 3198 1571; x_wconf 64' lang='lat' dir='ltr'>sua:</span> <span class='ocrx_word' id='word_1_312' title='bbox 3233 1519 3432 1588; x_wconf 85' lang='lat' dir='ltr'>pietati</span> <span class='ocrx_word' id='word_1_313' title='bbox 3457 1520 3711 1588; x_wconf 88' lang='lat' dir='ltr'>compla—</span> 
     </span>
    </p>
   </div>
   <div class='ocr_carea' id='block_1_44' title="bbox 2014 1607 3707 1677">
    <p class='ocr_par' dir='ltr' id='par_1_44' title="bbox 2014 1607 3707 1677">
     <span class='ocr_line' id='line_1_44' title="bbox 2014 1607 3707 1677; baseline -0.001 -16"><span class='ocrx_word' id='word_1_314' title='bbox 2014 1614 2183 1673; x_wconf 87' lang='lat' dir='ltr'>ceret,</span> <span class='ocrx_word' id='word_1_315' title='bbox 2242 1614 2304 1661; x_wconf 89' lang='lat' dir='ltr'>ut</span> <span class='ocrx_word' id='word_1_316' title='bbox 2356 1608 2645 1660; x_wconf 82' lang='lat' dir='ltr'>calumnia</span> <span class='ocrx_word' id='word_1_317' title='bbox 2705 1607 2765 1659; x_wconf 90' lang='lat' dir='ltr'>in</span> <span class='ocrx_word' id='word_1_318' title='bbox 2826 1607 3033 1661; x_wconf 84' lang='lat' dir='ltr'>Christi</span> <span class='ocrx_word' id='word_1_319' title='bbox 3085 1608 3409 1661; x_wconf 86' lang='lat' dir='ltr'>sacerdotes</span> <span class='ocrx_word' id='word_1_320' title='bbox 3458 1612 3707 1677; x_wconf 88' lang='lat' dir='ltr'>peracta,</span> 
     </span>
    </p>
   </div>
   <div class='ocr_carea' id='block_1_45' title="bbox 2008 1692 3709 1763">
    <p class='ocr_par' dir='ltr' id='par_1_45' title="bbox 2008 1692 3709 1763">
     <span class='ocr_line' id='line_1_45' title="bbox 2008 1692 3709 1763; baseline 0.001 -18"><span class='ocrx_word' id='word_1_321' title='bbox 2008 1692 2174 1761; x_wconf 83' lang='lat' dir='ltr'>juxta</span> <span class='ocrx_word' id='word_1_322' title='bbox 2229 1694 2560 1763; x_wconf 89' lang='lat' dir='ltr'>synodalica</span> <span class='ocrx_word' id='word_1_323' title='bbox 2617 1694 3097 1747; x_wconf 84' lang='lat' dir='ltr'>determinaretur</span> <span class='ocrx_word' id='word_1_324' title='bbox 3169 1694 3412 1763; x_wconf 87' lang='lat' dir='ltr'>pleniter</span> <span class='ocrx_word' id='word_1_325' title='bbox 3477 1699 3709 1754; x_wconf 88' lang='lat' dir='ltr'>statuta,</span> 
     </span>
    </p>
   </div>
   <div class='ocr_carea' id='block_1_46' title="bbox 2014 1782 3710 1853">
    <p class='ocr_par' dir='ltr' id='par_1_46' title="bbox 2014 1782 3710 1853">
     <span class='ocr_line' id='line_1_46' title="bbox 2014 1782 3710 1853; baseline 0 -18"><span class='ocrx_word' id='word_1_326' title='bbox 2014 1784 2120 1836; x_wconf 88' lang='lat' dir='ltr'>hoc</span> <span class='ocrx_word' id='word_1_327' title='bbox 2159 1783 2311 1836; x_wconf 92' lang='lat' dir='ltr'>idem</span> <span class='ocrx_word' id='word_1_328' title='bbox 2361 1783 2762 1852; x_wconf 83' lang='lat' dir='ltr'>episcoporum</span> <span class='ocrx_word' id='word_1_329' title='bbox 2806 1783 3024 1853; x_wconf 92' lang='lat' dir='ltr'>judicio</span> <span class='ocrx_word' id='word_1_330' title='bbox 3072 1784 3340 1851; x_wconf 89' lang='lat' dir='ltr'>placeret,</span> <span class='ocrx_word' id='word_1_331' title='bbox 3392 1782 3437 1835; x_wconf 89' lang='lat' dir='ltr'>si</span> <span class='ocrx_word' id='word_1_332' title='bbox 3492 1799 3559 1835; x_wconf 86' lang='lat' dir='ltr'>ex</span> <span class='ocrx_word' id='word_1_333' title='bbox 3587 1786 3710 1835; x_wconf 89' lang='lat' dir='ltr'>toto</span> 
     </span>
    </p>
   </div>
   <div class='ocr_carea' id='block_1_47' title="bbox 2015 1869 3709 1940">
    <p class='ocr_par' dir='ltr' id='par_1_47' title="bbox 2015 1869 3709 1940">
     <span class='ocr_line' id='line_1_47' title="bbox 2015 1869 3709 1940; baseline -0.001 -17"><span class='ocrx_word' id='word_1_334' title='bbox 2015 1871 2329 1923; x_wconf 89' lang='lat' dir='ltr'>secundum</span> <span class='ocrx_word' id='word_1_335' title='bbox 2364 1875 2703 1940; x_wconf 89' lang='lat' dir='ltr'>potestatem</span> <span class='ocrx_word' id='word_1_336' title='bbox 2739 1887 2938 1923; x_wconf 89' lang='lat' dir='ltr'>eorum</span> <span class='ocrx_word' id='word_1_337' title='bbox 2977 1876 3167 1940; x_wconf 84' lang='lat' dir='ltr'>posset</span> <span class='ocrx_word' id='word_1_338' title='bbox 3213 1870 3462 1931; x_wconf 88' lang='lat' dir='ltr'>deﬁniri,</span> <span class='ocrx_word' id='word_1_339' title='bbox 3514 1869 3574 1923; x_wconf 89' lang='lat' dir='ltr'>id</span> <span class='ocrx_word' id='word_1_340' title='bbox 3604 1874 3709 1934; x_wconf 89' lang='lat' dir='ltr'>est,</span> 
     </span>
    </p>
   </div>
   <div class='ocr_carea' id='block_1_48' title="bbox 2016 1957 3713 2027">
    <p class='ocr_par' dir='ltr' id='par_1_48' title="bbox 2016 1957 3713 2027">
     <span class='ocr_line' id='line_1_48' title="bbox 2016 1957 3713 2027; baseline -0.001 -16"><span class='ocrx_word' id='word_1_341' title='bbox 2016 1964 2077 2011; x_wconf 91' lang='lat' dir='ltr'>ut</span> <span class='ocrx_word' id='word_1_342' title='bbox 2130 1960 2405 2012; x_wconf 89' lang='lat' dir='ltr'>canonica</span> <span class='ocrx_word' id='word_1_343' title='bbox 2451 1959 2758 2012; x_wconf 84' lang='lat' dir='ltr'>ferirentur</span> <span class='ocrx_word' id='word_1_344' title='bbox 2810 1960 3105 2021; x_wconf 86' lang='lat' dir='ltr'>sententia,</span> <span class='ocrx_word' id='word_1_345' title='bbox 3165 1958 3224 2011; x_wconf 91' lang='lat' dir='ltr'>hi</span> <span class='ocrx_word' id='word_1_346' title='bbox 3274 1958 3552 2023; x_wconf 86' lang='lat' dir='ltr'>videlicet,</span> <span class='ocrx_word' id='word_1_347' title='bbox 3612 1957 3713 2027; x_wconf 91' lang='lat' dir='ltr'>qui</span> 
     </span>
    </p>
   </div>
   <div class='ocr_carea' id='block_1_49' title="bbox 2013 2046 3712 2118">
    <p class='ocr_par' dir='ltr' id='par_1_49' title="bbox 2013 2046 3712 2118">
     <span class='ocr_line' id='line_1_49' title="bbox 2013 2046 3712 2118; baseline -0.002 -17"><span class='ocrx_word' id='word_1_348' title='bbox 2013 2048 2283 2101; x_wconf 88' lang='lat' dir='ltr'>timorem</span> <span class='ocrx_word' id='word_1_349' title='bbox 2350 2048 2575 2101; x_wconf 90' lang='lat' dir='ltr'>Domini</span> <span class='ocrx_word' id='word_1_350' title='bbox 2638 2054 3070 2118; x_wconf 80' lang='lat' dir='ltr'>postponentes,</span> <span class='ocrx_word' id='word_1_351' title='bbox 3126 2048 3182 2100; x_wconf 89' lang='lat' dir='ltr'>in</span> <span class='ocrx_word' id='word_1_352' title='bbox 3238 2046 3528 2100; x_wconf 90' lang='lat' dir='ltr'>ministros</span> <span class='ocrx_word' id='word_1_353' title='bbox 3582 2062 3712 2098; x_wconf 91' lang='lat' dir='ltr'>suos</span> 
     </span>
    </p>
   </div>
   <div class='ocr_carea' id='block_1_50' title="bbox 2015 2134 3713 2206">
    <p class='ocr_par' dir='ltr' id='par_1_50' title="bbox 2015 2134 3713 2206">
     <span class='ocr_line' id='line_1_50' title="bbox 2015 2134 3713 2206; baseline -0.002 -17"><span class='ocrx_word' id='word_1_354' title='bbox 2015 2153 2273 2206; x_wconf 87' lang='lat' dir='ltr'>grassare</span> <span class='ocrx_word' id='word_1_355' title='bbox 2332 2142 2770 2206; x_wconf 65' lang='lat' dir='ltr'>praesumerent.</span> <span class='ocrx_word' id='word_1_356' title='bbox 2830 2137 2987 2199; x_wconf 92' lang='lat' dir='ltr'>Quod</span> <span class='ocrx_word' id='word_1_357' title='bbox 3042 2136 3089 2188; x_wconf 90' lang='lat' dir='ltr'>si</span> <span class='ocrx_word' id='word_1_358' title='bbox 3149 2152 3281 2188; x_wconf 88' lang='lat' dir='ltr'>vero</span> <span class='ocrx_word' id='word_1_359' title='bbox 3334 2134 3533 2205; x_wconf 82' lang='lat' dir='ltr'>pietati</span> <span class='ocrx_word' id='word_1_360' title='bbox 3591 2134 3713 2204; x_wconf 86' lang='lat' dir='ltr'>ejus</span> 
     </span>
    </p>
   </div>
   <div class='ocr_carea' id='block_1_51' title="bbox 2014 2222 3711 2295">
    <p class='ocr_par' dir='ltr' id='par_1_51' title="bbox 2014 2222 3711 2295">
     <span class='ocr_line' id='line_1_51' title="bbox 2014 2222 3711 2295; baseline -0.003 -16"><span class='ocrx_word' id='word_1_361' title='bbox 2014 2226 2414 2295; x_wconf 90' lang='lat' dir='ltr'>complaceret,</span> <span class='ocrx_word' id='word_1_362' title='bbox 2467 2227 2630 2295; x_wconf 80' lang='lat' dir='ltr'>juxta</span> <span class='ocrx_word' id='word_1_363' title='bbox 2685 2225 2933 2295; x_wconf 90' lang='lat' dir='ltr'>capitula</span> <span class='ocrx_word' id='word_1_364' title='bbox 2992 2242 3192 2293; x_wconf 88' lang='lat' dir='ltr'>regum</span> <span class='ocrx_word' id='word_1_365' title='bbox 3242 2222 3711 2294; x_wconf 68' lang='lat' dir='ltr'>praecedentium,</span> 
     </span>
    </p>
   </div>
   <div class='ocr_carea' id='block_1_52' title="bbox 2015 2312 3711 2384">
    <p class='ocr_par' dir='ltr' id='par_1_52' title="bbox 2015 2312 3711 2384">
     <span class='ocr_line' id='line_1_52' title="bbox 2015 2312 3711 2384; baseline -0.002 -17"><span class='ocrx_word' id='word_1_366' title='bbox 2015 2316 2115 2368; x_wconf 91' lang='lat' dir='ltr'>ubi</span> <span class='ocrx_word' id='word_1_367' title='bbox 2146 2331 2346 2368; x_wconf 90' lang='lat' dir='ltr'>eorum</span> <span class='ocrx_word' id='word_1_368' title='bbox 2398 2314 2647 2384; x_wconf 90' lang='lat' dir='ltr'>provisio</span> <span class='ocrx_word' id='word_1_369' title='bbox 2700 2314 3145 2367; x_wconf 88' lang='lat' dir='ltr'>misericorditer</span> <span class='ocrx_word' id='word_1_370' title='bbox 3190 2313 3248 2366; x_wconf 92' lang='lat' dir='ltr'>in</span> <span class='ocrx_word' id='word_1_371' title='bbox 3279 2312 3507 2366; x_wconf 77' lang='lat' dir='ltr'>offensis</span> <span class='ocrx_word' id='word_1_372' title='bbox 3539 2327 3711 2381; x_wconf 89' lang='lat' dir='ltr'>pecu-</span> 
     </span>
    </p>
   </div>
   <div class='ocr_carea' id='block_1_53' title="bbox 2016 2402 3715 2473">
    <p class='ocr_par' dir='ltr' id='par_1_53' title="bbox 2016 2402 3715 2473">
     <span class='ocr_line' id='line_1_53' title="bbox 2016 2402 3715 2473; baseline -0.002 -17"><span class='ocrx_word' id='word_1_373' title='bbox 2016 2403 2125 2456; x_wconf 63' lang='lat' dir='ltr'>niae</span> <span class='ocrx_word' id='word_1_374' title='bbox 2166 2403 2543 2473; x_wconf 86' lang='lat' dir='ltr'>quantitatem</span> <span class='ocrx_word' id='word_1_375' title='bbox 2593 2403 2951 2473; x_wconf 90' lang='lat' dir='ltr'>interposuit,</span> <span class='ocrx_word' id='word_1_376' title='bbox 2995 2419 3100 2473; x_wconf 92' lang='lat' dir='ltr'>pro</span> <span class='ocrx_word' id='word_1_377' title='bbox 3150 2402 3539 2455; x_wconf 89' lang='lat' dir='ltr'>consolatione</span> <span class='ocrx_word' id='word_1_378' title='bbox 3592 2416 3715 2452; x_wconf 88' lang='lat' dir='ltr'>san-</span> 
     </span>
    </p>
   </div>
   <div class='ocr_carea' id='block_1_54' title="bbox 2014 2488 3713 2561">
    <p class='ocr_par' dir='ltr' id='par_1_54' title="bbox 2014 2488 3713 2561">
     <span class='ocr_line' id='line_1_54' title="bbox 2014 2488 3713 2561; baseline -0.002 -17"><span class='ocrx_word' id='word_1_379' title='bbox 2014 2496 2118 2545; x_wconf 72' lang='lat' dir='ltr'>ctae</span> <span class='ocrx_word' id='word_1_380' title='bbox 2153 2491 2434 2557; x_wconf 67' lang='lat' dir='ltr'>Ecclesiae,</span> <span class='ocrx_word' id='word_1_381' title='bbox 2482 2497 2545 2544; x_wconf 92' lang='lat' dir='ltr'>ut</span> <span class='ocrx_word' id='word_1_382' title='bbox 2587 2492 2841 2560; x_wconf 59' lang='lat' dir='ltr'>praefatae</span> <span class='ocrx_word' id='word_1_383' title='bbox 2891 2508 2979 2543; x_wconf 85' lang='lat' dir='ltr'>res</span> <span class='ocrx_word' id='word_1_384' title='bbox 3012 2508 3113 2561; x_wconf 89' lang='lat' dir='ltr'>per</span> <span class='ocrx_word' id='word_1_385' title='bbox 3158 2490 3461 2560; x_wconf 87' lang='lat' dir='ltr'>pecuniam</span> <span class='ocrx_word' id='word_1_386' title='bbox 3511 2489 3582 2542; x_wconf 90' lang='lat' dir='ltr'>ab</span> <span class='ocrx_word' id='word_1_387' title='bbox 3613 2488 3713 2541; x_wconf 86' lang='lat' dir='ltr'>im-</span> 
     </span>
    </p>
   </div>
   <div class='ocr_carea' id='block_1_55' title="bbox 2014 2580 3710 2649">
    <p class='ocr_par' dir='ltr' id='par_1_55' title="bbox 2014 2580 3710 2649">
     <span class='ocr_line' id='line_1_55' title="bbox 2014 2580 3710 2649; baseline -0.001 -17"><span class='ocrx_word' id='word_1_388' title='bbox 2014 2580 2375 2649; x_wconf 90' lang='lat' dir='ltr'>peratoribus</span> <span class='ocrx_word' id='word_1_389' title='bbox 2407 2580 2797 2633; x_wconf 79' lang='lat' dir='ltr'>sacerdotibus</span> <span class='ocrx_word' id='word_1_390' title='bbox 2830 2580 2899 2633; x_wconf 90' lang='lat' dir='ltr'>ad</span> <span class='ocrx_word' id='word_1_391' title='bbox 2941 2580 3332 2633; x_wconf 86' lang='lat' dir='ltr'>defensionem</span> <span class='ocrx_word' id='word_1_392' title='bbox 3365 2594 3710 2643; x_wconf 87' lang='lat' dir='ltr'>concessam,</span> 
     </span>
    </p>
   </div>
   <div class='ocr_carea' id='block_1_56' title="bbox 2015 2668 3714 2737">
    <p class='ocr_par' dir='ltr' id='par_1_56' title="bbox 2015 2668 3714 2737">
     <span class='ocr_line' id='line_1_56' title="bbox 2015 2668 3714 2737; baseline -0.002 -15"><span class='ocrx_word' id='word_1_393' title='bbox 2015 2675 2072 2722; x_wconf 89' lang='lat' dir='ltr'>et</span> <span class='ocrx_word' id='word_1_394' title='bbox 2118 2684 2223 2737; x_wconf 91' lang='lat' dir='ltr'>per</span> <span class='ocrx_word' id='word_1_395' title='bbox 2277 2668 2677 2737; x_wconf 77' lang='lat' dir='ltr'>paenitentiam</span> <span class='ocrx_word' id='word_1_396' title='bbox 2731 2670 3255 2721; x_wconf 85' lang='lat' dir='ltr'>determinarentur</span> <span class='ocrx_word' id='word_1_397' title='bbox 3311 2668 3714 2737; x_wconf 87' lang='lat' dir='ltr'>episcoporum</span> 
     </span>
    </p>
   </div>
   <div class='ocr_carea' id='block_1_57' title="bbox 2010 2755 3717 2827">
    <p class='ocr_par' dir='ltr' id='par_1_57' title="bbox 2010 2755 3717 2827">
     <span class='ocr_line' id='line_1_57' title="bbox 2010 2755 3717 2827; baseline -0.001 -19"><span class='ocrx_word' id='word_1_398' title='bbox 2010 2757 2249 2827; x_wconf 88' lang='lat' dir='ltr'>judicio,</span> <span class='ocrx_word' id='word_1_399' title='bbox 2287 2757 2333 2808; x_wconf 87' lang='lat' dir='ltr'>si</span> <span class='ocrx_word' id='word_1_400' title='bbox 2377 2756 2558 2826; x_wconf 91' lang='lat' dir='ltr'>pietas</span> <span class='ocrx_word' id='word_1_401' title='bbox 2590 2757 2744 2809; x_wconf 91' lang='lat' dir='ltr'>illius</span> <span class='ocrx_word' id='word_1_402' title='bbox 2792 2758 3119 2810; x_wconf 88' lang='lat' dir='ltr'>collaudare</span> <span class='ocrx_word' id='word_1_403' title='bbox 3162 2758 3420 2821; x_wconf 86' lang='lat' dir='ltr'>voluerit,</span> <span class='ocrx_word' id='word_1_404' title='bbox 3472 2756 3551 2808; x_wconf 89' lang='lat' dir='ltr'>sic</span> <span class='ocrx_word' id='word_1_405' title='bbox 3580 2755 3717 2808; x_wconf 90' lang='lat' dir='ltr'>deﬁ-</span> 
     </span>
    </p>
   </div>
   <div class='ocr_carea' id='block_1_58' title="bbox 2014 2844 3712 2915">
    <p class='ocr_par' dir='ltr' id='par_1_58' title="bbox 2014 2844 3712 2915">
     <span class='ocr_line' id='line_1_58' title="bbox 2014 2844 3712 2915; baseline -0.002 -17"><span class='ocrx_word' id='word_1_406' title='bbox 2014 2844 2127 2898; x_wconf 90' lang='lat' dir='ltr'>niri</span> <span class='ocrx_word' id='word_1_407' title='bbox 2174 2845 2254 2897; x_wconf 91' lang='lat' dir='ltr'>eis</span> <span class='ocrx_word' id='word_1_408' title='bbox 2311 2845 2711 2913; x_wconf 87' lang='lat' dir='ltr'>complaceret.</span> <span class='ocrx_word' id='word_1_409' title='bbox 2774 2845 2829 2897; x_wconf 91' lang='lat' dir='ltr'>Si</span> <span class='ocrx_word' id='word_1_410' title='bbox 2867 2845 2994 2915; x_wconf 87' lang='lat' dir='ltr'>quis</span> <span class='ocrx_word' id='word_1_411' title='bbox 3042 2845 3455 2897; x_wconf 86' lang='lat' dir='ltr'>subdiaconnm</span> <span class='ocrx_word' id='word_1_412' title='bbox 3498 2844 3712 2896; x_wconf 89' lang='lat' dir='ltr'>calum-</span> 
     </span>
    </p>
   </div>
   <div class='ocr_carea' id='block_1_59' title="bbox 2016 2933 3713 2999">
    <p class='ocr_par' dir='ltr' id='par_1_59' title="bbox 2016 2933 3713 2999">
     <span class='ocr_line' id='line_1_59' title="bbox 2016 2933 3713 2999; baseline -0.002 -12"><span class='ocrx_word' id='word_1_413' title='bbox 2016 2934 2204 2987; x_wconf 91' lang='lat' dir='ltr'>niatus</span> <span class='ocrx_word' id='word_1_414' title='bbox 2248 2933 2440 2997; x_wconf 86' lang='lat' dir='ltr'>fuerit,</span> <span class='ocrx_word' id='word_1_415' title='bbox 2473 2934 2877 2999; x_wconf 89' lang='lat' dir='ltr'>vulneraverit,</span> <span class='ocrx_word' id='word_1_416' title='bbox 2912 2935 2997 2986; x_wconf 91' lang='lat' dir='ltr'>vel</span> <span class='ocrx_word' id='word_1_417' title='bbox 3048 2933 3449 2996; x_wconf 80' lang='lat' dir='ltr'>debilitaverit,</span> <span class='ocrx_word' id='word_1_418' title='bbox 3492 2937 3548 2985; x_wconf 91' lang='lat' dir='ltr'>et</span> <span class='ocrx_word' id='word_1_419' title='bbox 3573 2948 3713 2984; x_wconf 90' lang='lat' dir='ltr'>con—</span> 
     </span>
    </p>
   </div>
   <div class='ocr_carea' id='block_1_60' title="bbox 2016 3020 3716 3092">
    <p class='ocr_par' dir='ltr' id='par_1_60' title="bbox 2016 3020 3716 3092">
     <span class='ocr_line' id='line_1_60' title="bbox 2016 3020 3716 3092; baseline -0.002 -17"><span class='ocrx_word' id='word_1_420' title='bbox 2016 3022 2278 3087; x_wconf 87' lang='lat' dir='ltr'>valuerit,</span> <span class='ocrx_word' id='word_1_421' title='bbox 2314 3022 2569 3092; x_wconf 83' lang='lat' dir='ltr'>quinque</span> <span class='ocrx_word' id='word_1_422' title='bbox 2615 3022 3083 3091; x_wconf 84' lang='lat' dir='ltr'>quadragesimas</span> <span class='ocrx_word' id='word_1_423' title='bbox 3114 3022 3234 3075; x_wconf 89' lang='lat' dir='ltr'>sine</span> <span class='ocrx_word' id='word_1_424' title='bbox 3279 3020 3518 3074; x_wconf 88' lang='lat' dir='ltr'>subditis</span> <span class='ocrx_word' id='word_1_425' title='bbox 3551 3020 3716 3073; x_wconf 88' lang='lat' dir='ltr'>annis</span> 
     </span>
    </p>
   </div>
   <div class='ocr_carea' id='block_1_61' title="bbox 198 3103 3713 3181">
    <p class='ocr_par' dir='ltr' id='par_1_61' title="bbox 198 3103 3713 3181">
     <span class='ocr_line' id='line_1_61' title="bbox 198 3103 3713 3181; baseline -0.001 -20"><span class='ocrx_word' id='word_1_426' title='bbox 198 3113 414 3161; x_wconf 84' lang='lat' dir='ltr'>utatur.</span> <span class='ocrx_word' id='word_1_427' title='bbox 452 3110 761 3178; x_wconf 86' lang='lat' dir='ltr'>Postquam</span> <span class='ocrx_word' id='word_1_428' title='bbox 795 3110 1031 3163; x_wconf 87' lang='lat' dir='ltr'>domum</span> <span class='ocrx_word' id='word_1_429' title='bbox 1066 3109 1301 3173; x_wconf 86' lang='lat' dir='ltr'>venerit,</span> <span class='ocrx_word' id='word_1_430' title='bbox 1337 3115 1435 3162; x_wconf 91' lang='lat' dir='ltr'>aut</span> <span class='ocrx_word' id='word_1_431' title='bbox 1466 3111 1701 3164; x_wconf 90' lang='lat' dir='ltr'>sanitati</span> <span class='ocrx_word' id='word_1_432' title='bbox 1732 3111 1904 3166; x_wconf 84' lang='lat' dir='ltr'>fuerit</span> <span class='ocrx_word' id='word_1_433' title='bbox 1937 3103 1976 3157; x_wconf 65' lang='grc' dir='ltr'>(Σ</span> <span class='ocrx_word' id='word_1_434' title='bbox 2014 3111 2306 3181; x_wconf 74' lang='lat' dir='ltr'>pmniteat,</span> <span class='ocrx_word' id='word_1_435' title='bbox 2345 3117 2401 3164; x_wconf 91' lang='lat' dir='ltr'>et</span> <span class='ocrx_word' id='word_1_436' title='bbox 2431 3116 2711 3165; x_wconf 89' lang='lat' dir='ltr'>trecentos</span> <span class='ocrx_word' id='word_1_437' title='bbox 2743 3112 2955 3165; x_wconf 90' lang='lat' dir='ltr'>solidos</span> <span class='ocrx_word' id='word_1_438' title='bbox 2986 3128 3111 3164; x_wconf 91' lang='lat' dir='ltr'>cum</span> <span class='ocrx_word' id='word_1_439' title='bbox 3145 3127 3246 3163; x_wconf 91' lang='lat' dir='ltr'>sua</span> <span class='ocrx_word' id='word_1_440' title='bbox 3277 3108 3713 3178; x_wconf 87' lang='lat' dir='ltr'>compositione,</span> 
     </span>
    </p>
   </div>
   <div class='ocr_carea' id='block_1_62' title="bbox 200 3196 1905 3262">
    <p class='ocr_par' dir='ltr' id='par_1_62' title="bbox 200 3196 1905 3262">
     <span class='ocr_line' id='line_1_62' title="bbox 200 3196 1905 3262; baseline 0.003 -14"><span class='ocrx_word' id='word_1_441' title='bbox 200 3196 522 3262; x_wconf 90' lang='lat' dir='ltr'>restitutus,</span> <span class='ocrx_word' id='word_1_442' title='bbox 554 3198 772 3249; x_wconf 89' lang='lat' dir='ltr'>nullam</span> <span class='ocrx_word' id='word_1_443' title='bbox 800 3197 1091 3250; x_wconf 86' lang='lat' dir='ltr'>licentiam</span> <span class='ocrx_word' id='word_1_444' title='bbox 1126 3198 1331 3251; x_wconf 89' lang='lat' dir='ltr'>habeat</span> <span class='ocrx_word' id='word_1_445' title='bbox 1360 3199 1700 3253; x_wconf 89' lang='lat' dir='ltr'>redimendi.</span> <span class='ocrx_word' id='word_1_446' title='bbox 1737 3202 1905 3255; x_wconf 89' lang='lat' dir='ltr'>Com-</span> 
     </span>
    </p>
   </div>
   <div class='ocr_carea' id='block_1_63' title="bbox 199 3283 1908 3355">
    <p class='ocr_par' dir='ltr' id='par_1_63' title="bbox 199 3283 1908 3355">
     <span class='ocr_line' id='line_1_63' title="bbox 199 3283 1908 3355; baseline 0.004 -20"><span class='ocrx_word' id='word_1_447' title='bbox 199 3284 358 3352; x_wconf 86' lang='lat' dir='ltr'>pleto</span> <span class='ocrx_word' id='word_1_448' title='bbox 416 3283 553 3336; x_wconf 89' lang='lat' dir='ltr'>anni</span> <span class='ocrx_word' id='word_1_449' title='bbox 611 3284 823 3336; x_wconf 91' lang='lat' dir='ltr'>circulo</span> <span class='ocrx_word' id='word_1_450' title='bbox 882 3284 940 3336; x_wconf 92' lang='lat' dir='ltr'>in</span> <span class='ocrx_word' id='word_1_451' title='bbox 1007 3286 1325 3340; x_wconf 81' lang='lat' dir='ltr'>Ecclesiam.</span> <span class='ocrx_word' id='word_1_452' title='bbox 1373 3286 1790 3355; x_wconf 88' lang='lat' dir='ltr'>introducatur,</span> <span class='ocrx_word' id='word_1_453' title='bbox 1851 3294 1908 3343; x_wconf 90' lang='lat' dir='ltr'>et</span> 
     </span>
    </p>
   </div>
   <div class='ocr_carea' id='block_1_64' title="bbox 201 3372 1129 3440">
    <p class='ocr_par' dir='ltr' id='par_1_64' title="bbox 201 3372 1129 3440">
     <span class='ocr_line' id='line_1_64' title="bbox 201 3372 1129 3440; baseline 0.003 -18"><span class='ocrx_word' id='word_1_454' title='bbox 201 3372 357 3440; x_wconf 89' lang='lat' dir='ltr'>pacis</span> <span class='ocrx_word' id='word_1_455' title='bbox 388 3373 648 3425; x_wconf 87' lang='lat' dir='ltr'>osculum</span> <span class='ocrx_word' id='word_1_456' title='bbox 681 3374 732 3424; x_wconf 89' lang='lat' dir='ltr'>ei</span> <span class='ocrx_word' id='word_1_457' title='bbox 766 3373 1129 3425; x_wconf 88' lang='lat' dir='ltr'>concedatur.</span> 
     </span>
    </p>
   </div>
   <div class='ocr_carea' id='block_1_65' title="bbox 202 3477 1908 3542">
    <p class='ocr_par' dir='ltr' id='par_1_65' title="bbox 202 3477 1908 3542">
     <span class='ocr_line' id='line_1_65' title="bbox 202 3477 1908 3542; baseline 0.005 -13"><span class='ocrx_word' id='word_1_458' title='bbox 202 3477 331 3529; x_wconf 69' lang='lat' dir='ltr'>CAP.</span> <span class='ocrx_word' id='word_1_459' title='bbox 369 3478 463 3530; x_wconf 85' lang='lat' dir='ltr'><strong>III.</strong></span> <span class='ocrx_word' id='word_1_460' title='bbox 499 3508 567 3516; x_wconf 96' lang='lat'><strong><em>—</em></strong></span> <span class='ocrx_word' id='word_1_461' title='bbox 599 3479 748 3542; x_wconf 79' lang='lat' dir='ltr'>Quid</span> <span class='ocrx_word' id='word_1_462' title='bbox 796 3481 854 3530; x_wconf 84' lang='lat' dir='ltr'>in</span> <span class='ocrx_word' id='word_1_463' title='bbox 884 3479 1113 3532; x_wconf 85' lang='lat' dir='ltr'>secundo</span> <span class='ocrx_word' id='word_1_464' title='bbox 1164 3486 1213 3533; x_wconf 81' lang='lat' dir='ltr'>et</span> <span class='ocrx_word' id='word_1_465' title='bbox 1252 3485 1408 3535; x_wconf 79' lang='lat' dir='ltr'>tertio</span> <span class='ocrx_word' id='word_1_466' title='bbox 1440 3498 1579 3535; x_wconf 80' lang='lat' dir='ltr'>anno</span> <span class='ocrx_word' id='word_1_467' title='bbox 1628 3484 1908 3537; x_wconf 80' lang='lat' dir='ltr'>obseruare</span> 
     </span>
    </p>
   </div>
   <div class='ocr_carea' id='block_1_66' title="bbox 955 3551 1162 3604">
    <p class='ocr_par' dir='ltr' id='par_1_66' title="bbox 955 3551 1162 3604">
     <span class='ocr_line' id='line_1_66' title="bbox 955 3551 1162 3604; baseline 0.005 -2"><span class='ocrx_word' id='word_1_468' title='bbox 955 3551 1162 3604; x_wconf 80' lang='lat' dir='ltr'>debeat.</span> 
     </span>
    </p>
   </div>
   <div class='ocr_carea' id='block_1_67' title="bbox 277 3636 1908 3707">
    <p class='ocr_par' dir='ltr' id='par_1_67' title="bbox 277 3636 1908 3707">
     <span class='ocr_line' id='line_1_67' title="bbox 277 3636 1908 3707; baseline 0.002 -17"><span class='ocrx_word' id='word_1_469' title='bbox 277 3638 384 3705; x_wconf 75' lang='lat' dir='ltr'>(Ea:</span> <span class='ocrx_word' id='word_1_470' title='bbox 415 3636 616 3701; x_wconf 86' lang='lat' dir='ltr'>eodem,</span> <span class='ocrx_word' id='word_1_471' title='bbox 674 3640 851 3706; x_wconf 78' lang='lat' dir='ltr'>capite</span> <span class='ocrx_word' id='word_1_472' title='bbox 905 3639 980 3707; x_wconf 85' lang='lat'>6.)</span> <span class='ocrx_word' id='word_1_473' title='bbox 1016 3640 1076 3691; x_wconf 92' lang='lat' dir='ltr'>In</span> <span class='ocrx_word' id='word_1_474' title='bbox 1126 3639 1376 3692; x_wconf 89' lang='lat' dir='ltr'>secundo</span> <span class='ocrx_word' id='word_1_475' title='bbox 1431 3645 1487 3693; x_wconf 88' lang='lat' dir='ltr'>et</span> <span class='ocrx_word' id='word_1_476' title='bbox 1538 3640 1707 3694; x_wconf 90' lang='lat' dir='ltr'>tertio</span> <span class='ocrx_word' id='word_1_477' title='bbox 1757 3657 1908 3694; x_wconf 90' lang='lat' dir='ltr'>anno</span> 
     </span>
    </p>
   </div>
   <div class='ocr_carea' id='block_1_68' title="bbox 207 3724 1909 3798">
    <p class='ocr_par' dir='ltr' id='par_1_68' title="bbox 207 3724 1909 3798">
     <span class='ocr_line' id='line_1_68' title="bbox 207 3724 1909 3798; baseline 0.004 -21"><span class='ocrx_word' id='word_1_478' title='bbox 207 3724 475 3778; x_wconf 89' lang='lat' dir='ltr'>similiter</span> <span class='ocrx_word' id='word_1_479' title='bbox 507 3726 734 3795; x_wconf 87' lang='lat' dir='ltr'>jejunet</span> <span class='ocrx_word' id='word_1_480' title='bbox 773 3727 885 3779; x_wconf 89' lang='lat' dir='ltr'>nisi</span> <span class='ocrx_word' id='word_1_481' title='bbox 924 3728 1077 3797; x_wconf 92' lang='lat' dir='ltr'>quod</span> <span class='ocrx_word' id='word_1_482' title='bbox 1116 3728 1345 3781; x_wconf 89' lang='lat' dir='ltr'>tertiam</span> <span class='ocrx_word' id='word_1_483' title='bbox 1378 3728 1600 3795; x_wconf 86' lang='lat' dir='ltr'>feriam,</span> <span class='ocrx_word' id='word_1_484' title='bbox 1648 3730 1909 3798; x_wconf 89' lang='lat' dir='ltr'>quintam</span> 
     </span>
    </p>
   </div>
   <div class='ocr_carea' id='block_1_69' title="bbox 208 3813 1909 3888">
    <p class='ocr_par' dir='ltr' id='par_1_69' title="bbox 208 3813 1909 3888">
     <span class='ocr_line' id='line_1_69' title="bbox 208 3813 1909 3888; baseline 0.003 -21"><span class='ocrx_word' id='word_1_485' title='bbox 208 3820 264 3867; x_wconf 89' lang='lat' dir='ltr'>et</span> <span class='ocrx_word' id='word_1_486' title='bbox 322 3813 647 3878; x_wconf 84' lang='lat' dir='ltr'>sabbatum,</span> <span class='ocrx_word' id='word_1_487' title='bbox 704 3821 1045 3884; x_wconf 85' lang='lat' dir='ltr'>potestatem</span> <span class='ocrx_word' id='word_1_488' title='bbox 1111 3816 1317 3869; x_wconf 89' lang='lat' dir='ltr'>habeat</span> <span class='ocrx_word' id='word_1_489' title='bbox 1386 3817 1707 3871; x_wconf 88' lang='lat' dir='ltr'>redimendi</span> <span class='ocrx_word' id='word_1_490' title='bbox 1760 3834 1909 3888; x_wconf 73' lang='lat' dir='ltr'>prae-</span> 
     </span>
    </p>
   </div>
   <div class='ocr_carea' id='block_1_70' title="bbox 206 3903 1912 3974">
    <p class='ocr_par' dir='ltr' id='par_1_70' title="bbox 206 3903 1912 3974">
     <span class='ocr_line' id='line_1_70' title="bbox 206 3903 1912 3974; baseline 0.003 -19"><span class='ocrx_word' id='word_1_491' title='bbox 206 3908 395 3955; x_wconf 77' lang='lat' dir='ltr'>taxato</span> <span class='ocrx_word' id='word_1_492' title='bbox 426 3903 613 3972; x_wconf 87' lang='lat' dir='ltr'>pretio</span> <span class='ocrx_word' id='word_1_493' title='bbox 644 3903 969 3974; x_wconf 86' lang='lat' dir='ltr'>ubicunque</span> <span class='ocrx_word' id='word_1_494' title='bbox 996 3910 1097 3957; x_wconf 92' lang='lat' dir='ltr'>est.</span> <span class='ocrx_word' id='word_1_495' title='bbox 1133 3905 1351 3959; x_wconf 65' lang='lat' dir='ltr'>Caetera</span> <span class='ocrx_word' id='word_1_496' title='bbox 1383 3906 1690 3974; x_wconf 90' lang='lat' dir='ltr'>diligenter</span> <span class='ocrx_word' id='word_1_497' title='bbox 1716 3908 1912 3961; x_wconf 89' lang='lat' dir='ltr'>omnia</span> 
     </span>
    </p>
   </div>
   <div class='ocr_carea' id='block_1_71' title="bbox 208 3991 1073 4060">
    <p class='ocr_par' dir='ltr' id='par_1_71' title="bbox 208 3991 1073 4060">
     <span class='ocr_line' id='line_1_71' title="bbox 208 3991 1073 4060; baseline 0 -17"><span class='ocrx_word' id='word_1_498' title='bbox 208 3991 471 4044; x_wconf 87' lang='lat' dir='ltr'>observet</span> <span class='ocrx_word' id='word_1_499' title='bbox 495 3996 562 4044; x_wconf 90' lang='lat' dir='ltr'>ut</span> <span class='ocrx_word' id='word_1_500' title='bbox 590 3991 651 4044; x_wconf 92' lang='lat' dir='ltr'>in</span> <span class='ocrx_word' id='word_1_501' title='bbox 680 3993 867 4060; x_wconf 90' lang='lat' dir='ltr'>primo</span> <span class='ocrx_word' id='word_1_502' title='bbox 901 4009 1073 4045; x_wconf 93' lang='lat' dir='ltr'>anno.</span> 
     </span>
    </p>
   </div>
   <div class='ocr_carea' id='block_1_72' title="bbox 209 4098 1912 4223">
    <p class='ocr_par' dir='ltr' id='par_1_72' title="bbox 209 4098 1912 4223">
     <span class='ocr_line' id='line_1_72' title="bbox 209 4098 1912 4223; baseline 0.003 -72"><span class='ocrx_word' id='word_1_503' title='bbox 209 4098 333 4151; x_wconf 78' lang='lat' dir='ltr'>CAP.</span> <span class='ocrx_word' id='word_1_504' title='bbox 378 4099 466 4151; x_wconf 87' lang='lat' dir='ltr'>IV.</span> <span class='ocrx_word' id='word_1_505' title='bbox 499 4126 569 4136; x_wconf 92' lang='lat'><strong>—</strong></span> <span class='ocrx_word' id='word_1_506' title='bbox 596 4098 740 4163; x_wconf 85' lang='lat' dir='ltr'>Quid</span> <span class='ocrx_word' id='word_1_507' title='bbox 794 4100 853 4151; x_wconf 86' lang='lat' dir='ltr'>in</span> <span class='ocrx_word' id='word_1_508' title='bbox 882 4100 1391 4223; x_wconf 48' lang='lat' dir='ltr'>relsqgis‘quatuor</span> <span class='ocrx_word' id='word_1_509' title='bbox 1438 4104 1600 4155; x_wconf 85' lang='lat' dir='ltr'>annis</span> <span class='ocrx_word' id='word_1_510' title='bbox 1629 4102 1912 4156; x_wconf 73' lang='lat' dir='ltr'>observare</span> 
     </span>
     <span class='ocr_line' id='line_1_73' title="bbox 862 4186 1161 4223; baseline 0 0"><span class='ocrx_word' id='word_1_511' title='bbox 862 4204 871 4213; x_wconf 70' lang='grc' dir='ltr'><strong><em>υ</em></strong></span> <span class='ocrx_word' id='word_1_512' title='bbox 993 4190 1019 4223; x_wconf 81' lang='lat' dir='ltr'>c</span> <span class='ocrx_word' id='word_1_513' title='bbox 1056 4186 1117 4223; x_wconf 90' lang='lat' dir='ltr'>ea</span> <span class='ocrx_word' id='word_1_514' title='bbox 1149 4212 1161 4223; x_wconf 95' lang='lat'>.</span> 
     </span>
    </p>
   </div>
   <div class='ocr_carea' id='block_1_73' title="bbox 862 4186 1161 4225">
    <p class='ocr_par' dir='ltr' id='par_1_73' title="bbox 862 4186 1161 4225">
     <span class='ocr_line' id='line_1_74' title="bbox 862 4186 1161 4225; baseline 0.007 -2"><span class='ocrx_word' id='word_1_515' title='bbox 862 4204 871 4213; x_wconf 86' lang='lat'><strong>-</strong></span> <span class='ocrx_word' id='word_1_516' title='bbox 954 4186 1161 4225; x_wconf 71' lang='grc' dir='ltr'>αυοεαι.</span> 
     </span>
    </p>
   </div>
   <div class='ocr_carea' id='block_1_74' title="bbox 276 4258 1914 4327">
    <p class='ocr_par' dir='ltr' id='par_1_74' title="bbox 276 4258 1914 4327">
     <span class='ocr_line' id='line_1_75' title="bbox 276 4258 1914 4327; baseline 0.002 -15"><span class='ocrx_word' id='word_1_517' title='bbox 276 4259 385 4323; x_wconf 77' lang='lat' dir='ltr'>(Ea:</span> <span class='ocrx_word' id='word_1_518' title='bbox 413 4258 613 4325; x_wconf 76' lang='lat' dir='ltr'>eodem,</span> <span class='ocrx_word' id='word_1_519' title='bbox 646 4260 840 4327; x_wconf 78' lang='lat' dir='ltr'>capite.</span> <span class='ocrx_word' id='word_1_520' title='bbox 885 4263 941 4324; x_wconf 90' lang='lat'>7)</span> <span class='ocrx_word' id='word_1_521' title='bbox 969 4259 1228 4322; x_wconf 89' lang='lat' dir='ltr'>Quatuor</span> <span class='ocrx_word' id='word_1_522' title='bbox 1273 4260 1409 4313; x_wconf 89' lang='lat' dir='ltr'>anni</span> <span class='ocrx_word' id='word_1_523' title='bbox 1444 4260 1651 4315; x_wconf 91' lang='lat' dir='ltr'>deinde</span> <span class='ocrx_word' id='word_1_524' title='bbox 1697 4266 1914 4316; x_wconf 88' lang='lat' dir='ltr'>restant</span> 
     </span>
    </p>
   </div>
   <div class='ocr_carea' id='block_1_75' title="bbox 212 4346 1979 4437">
    <p class='ocr_par' dir='ltr' id='par_1_75' title="bbox 212 4346 1979 4437">
     <span class='ocr_line' id='line_1_76' title="bbox 212 4346 1979 4437; baseline 0.005 -40"><span class='ocrx_word' id='word_1_525' title='bbox 212 4362 310 4414; x_wconf 90' lang='lat' dir='ltr'>per</span> <span class='ocrx_word' id='word_1_526' title='bbox 340 4361 485 4437; x_wconf 72' lang='lat' dir='ltr'>quos</span> <span class='ocrx_word' id='word_1_527' title='bbox 514 4346 773 4437; x_wconf 83' lang='lat' dir='ltr'>singulos</span> <span class='ocrx_word' id='word_1_528' title='bbox 794 4347 1019 4437; x_wconf 87' lang='lat' dir='ltr'>jejunet</span> <span class='ocrx_word' id='word_1_529' title='bbox 1050 4350 1164 4401; x_wconf 89' lang='lat' dir='ltr'>tres</span> <span class='ocrx_word' id='word_1_530' title='bbox 1195 4348 1690 4417; x_wconf 88' lang='lat' dir='ltr'>Quadragesimas.</span> <span class='ocrx_word' id='word_1_531' title='bbox 1730 4353 1907 4404; x_wconf 91' lang='lat' dir='ltr'>Unam</span> <span class='ocrx_word' id='word_1_532' title='bbox 1936 4385 1979 4437; x_wconf 69' lang='grc' dir='ltr'>Β</span> 
     </span>
    </p>
   </div>
   <div class='ocr_carea' id='block_1_76' title="bbox 211 4435 1909 4501">
    <p class='ocr_par' dir='ltr' id='par_1_76' title="bbox 211 4435 1909 4501">
     <span class='ocr_line' id='line_1_77' title="bbox 211 4435 1909 4501; baseline 0.004 -14"><span class='ocrx_word' id='word_1_533' title='bbox 211 4441 339 4488; x_wconf 86' lang='lat' dir='ltr'>ante</span> <span class='ocrx_word' id='word_1_534' title='bbox 373 4435 585 4487; x_wconf 88' lang='lat' dir='ltr'>Pascha</span> <span class='ocrx_word' id='word_1_535' title='bbox 632 4450 763 4487; x_wconf 91' lang='lat' dir='ltr'>cum</span> <span class='ocrx_word' id='word_1_536' title='bbox 794 4436 1013 4489; x_wconf 64' lang='lat' dir='ltr'>caeteris</span> <span class='ocrx_word' id='word_1_537' title='bbox 1047 4437 1402 4501; x_wconf 87' lang='lat' dir='ltr'>Christianis,</span> <span class='ocrx_word' id='word_1_538' title='bbox 1448 4439 1787 4493; x_wconf 87' lang='lat' dir='ltr'>abstinendo</span> <span class='ocrx_word' id='word_1_539' title='bbox 1839 4441 1909 4494; x_wconf 89' lang='lat' dir='ltr'>de</span> 
     </span>
    </p>
   </div>
   <div class='ocr_carea' id='block_1_77' title="bbox 210 4523 1905 4595">
    <p class='ocr_par' dir='ltr' id='par_1_77' title="bbox 210 4523 1905 4595">
     <span class='ocr_line' id='line_1_78' title="bbox 210 4523 1905 4595; baseline 0.004 -21"><span class='ocrx_word' id='word_1_540' title='bbox 210 4523 362 4587; x_wconf 87' lang='lat' dir='ltr'>vino,</span> <span class='ocrx_word' id='word_1_541' title='bbox 411 4523 675 4589; x_wconf 90' lang='lat' dir='ltr'>medone,</span> <span class='ocrx_word' id='word_1_542' title='bbox 710 4524 929 4576; x_wconf 86' lang='lat' dir='ltr'>mellita</span> <span class='ocrx_word' id='word_1_543' title='bbox 980 4523 1235 4591; x_wconf 88' lang='lat' dir='ltr'>cervisia,</span> <span class='ocrx_word' id='word_1_544' title='bbox 1288 4541 1475 4592; x_wconf 89' lang='lat' dir='ltr'>carne,</span> <span class='ocrx_word' id='word_1_545' title='bbox 1511 4530 1567 4579; x_wconf 88' lang='lat' dir='ltr'>et</span> <span class='ocrx_word' id='word_1_546' title='bbox 1606 4526 1905 4595; x_wconf 88' lang='lat' dir='ltr'>sagimine,</span> 
     </span>
    </p>
   </div>
   <div class='ocr_carea' id='block_1_78' title="bbox 212 4611 1908 4682">
    <p class='ocr_par' dir='ltr' id='par_1_78' title="bbox 212 4611 1908 4682">
     <span class='ocr_line' id='line_1_79' title="bbox 212 4611 1908 4682; baseline 0.002 -19"><span class='ocrx_word' id='word_1_547' title='bbox 212 4617 265 4664; x_wconf 84' lang='lat' dir='ltr'>et</span> <span class='ocrx_word' id='word_1_548' title='bbox 296 4611 436 4672; x_wconf 87' lang='lat' dir='ltr'>ovis,</span> <span class='ocrx_word' id='word_1_549' title='bbox 475 4616 529 4664; x_wconf 89' lang='lat' dir='ltr'>et</span> <span class='ocrx_word' id='word_1_550' title='bbox 558 4611 871 4681; x_wconf 89' lang='lat' dir='ltr'>pinguibus</span> <span class='ocrx_word' id='word_1_551' title='bbox 915 4613 1187 4682; x_wconf 87' lang='lat' dir='ltr'>piscibus.</span> <span class='ocrx_word' id='word_1_552' title='bbox 1236 4614 1511 4681; x_wconf 82' lang='lat' dir='ltr'>Alteram,</span> <span class='ocrx_word' id='word_1_553' title='bbox 1545 4619 1673 4667; x_wconf 90' lang='lat' dir='ltr'>ante</span> <span class='ocrx_word' id='word_1_554' title='bbox 1706 4614 1908 4668; x_wconf 88' lang='lat' dir='ltr'>nativi-</span> 
     </span>
    </p>
   </div>
   <div class='ocr_carea' id='block_1_79' title="bbox 212 4701 1912 4773">
    <p class='ocr_par' dir='ltr' id='par_1_79' title="bbox 212 4701 1912 4773">
     <span class='ocr_line' id='line_1_80' title="bbox 212 4701 1912 4773; baseline 0.003 -21"><span class='ocrx_word' id='word_1_555' title='bbox 212 4705 381 4753; x_wconf 88' lang='lat' dir='ltr'>tatem</span> <span class='ocrx_word' id='word_1_556' title='bbox 434 4701 612 4752; x_wconf 88' lang='lat' dir='ltr'>sancti</span> <span class='ocrx_word' id='word_1_557' title='bbox 658 4702 910 4755; x_wconf 83' lang='lat' dir='ltr'>Joannis.</span> <span class='ocrx_word' id='word_1_558' title='bbox 956 4701 1013 4755; x_wconf 91' lang='lat' dir='ltr'>Si</span> <span class='ocrx_word' id='word_1_559' title='bbox 1066 4702 1284 4771; x_wconf 84' lang='lat' dir='ltr'>aliquid</span> <span class='ocrx_word' id='word_1_560' title='bbox 1344 4709 1601 4756; x_wconf 84' lang='lat' dir='ltr'>remanet</span> <span class='ocrx_word' id='word_1_561' title='bbox 1652 4703 1721 4756; x_wconf 90' lang='lat' dir='ltr'>de</span> <span class='ocrx_word' id='word_1_562' title='bbox 1763 4719 1912 4773; x_wconf 89' lang='lat' dir='ltr'>qua-</span> 
     </span>
    </p>
   </div>
   <div class='ocr_carea' id='block_1_80' title="bbox 214 4789 1967 4861">
    <p class='ocr_par' dir='ltr' id='par_1_80' title="bbox 214 4789 1967 4861">
     <span class='ocr_line' id='line_1_81' title="bbox 214 4789 1967 4861; baseline 0.003 -20"><span class='ocrx_word' id='word_1_563' title='bbox 214 4789 477 4858; x_wconf 87' lang='lat' dir='ltr'>draginta</span> <span class='ocrx_word' id='word_1_564' title='bbox 508 4789 730 4854; x_wconf 88' lang='lat' dir='ltr'>diebus,</span> <span class='ocrx_word' id='word_1_565' title='bbox 764 4796 895 4860; x_wconf 89' lang='lat' dir='ltr'>post</span> <span class='ocrx_word' id='word_1_566' title='bbox 923 4790 1146 4845; x_wconf 82' lang='lat' dir='ltr'>Missam</span> <span class='ocrx_word' id='word_1_567' title='bbox 1177 4791 1351 4843; x_wconf 88' lang='lat' dir='ltr'>sancti</span> <span class='ocrx_word' id='word_1_568' title='bbox 1383 4791 1620 4844; x_wconf 88' lang='lat' dir='ltr'>Joannis</span> <span class='ocrx_word' id='word_1_569' title='bbox 1653 4792 1908 4861; x_wconf 89' lang='lat' dir='ltr'>impleat.</span> <span class='ocrx_word' id='word_1_570' title='bbox 1964 4792 1967 4793; x_wconf 53' lang='grc'><strong><em>⁷</em></strong></span> 
     </span>
    </p>
   </div>
   <div class='ocr_carea' id='block_1_81' title="bbox 210 4877 1911 4950">
    <p class='ocr_par' dir='ltr' id='par_1_81' title="bbox 210 4877 1911 4950">
     <span class='ocr_line' id='line_1_82' title="bbox 210 4877 1911 4950; baseline 0.002 -19"><span class='ocrx_word' id='word_1_571' title='bbox 210 4877 477 4944; x_wconf 88' lang='lat' dir='ltr'>Tertiam,</span> <span class='ocrx_word' id='word_1_572' title='bbox 523 4884 656 4931; x_wconf 88' lang='lat' dir='ltr'>ante</span> <span class='ocrx_word' id='word_1_573' title='bbox 690 4879 950 4932; x_wconf 86' lang='lat' dir='ltr'>Natalem</span> <span class='ocrx_word' id='word_1_574' title='bbox 1005 4879 1233 4932; x_wconf 90' lang='lat' dir='ltr'>Domini</span> <span class='ocrx_word' id='word_1_575' title='bbox 1277 4878 1520 4948; x_wconf 87' lang='lat' dir='ltr'>jejunet,</span> <span class='ocrx_word' id='word_1_576' title='bbox 1555 4885 1616 4932; x_wconf 89' lang='lat' dir='ltr'>ut</span> <span class='ocrx_word' id='word_1_577' title='bbox 1649 4882 1911 4950; x_wconf 84' lang='lat' dir='ltr'>supradi—</span> 
     </span>
    </p>
   </div>
   <div class='ocr_carea' id='block_1_82' title="bbox 212 4966 1908 5037">
    <p class='ocr_par' dir='ltr' id='par_1_82' title="bbox 212 4966 1908 5037">
     <span class='ocr_line' id='line_1_83' title="bbox 212 4966 1908 5037; baseline 0.003 -19"><span class='ocrx_word' id='word_1_578' title='bbox 212 4971 360 5019; x_wconf 90' lang='lat' dir='ltr'>ctum</span> <span class='ocrx_word' id='word_1_579' title='bbox 410 4972 513 5019; x_wconf 89' lang='lat' dir='ltr'>est.</span> <span class='ocrx_word' id='word_1_580' title='bbox 553 4967 619 5019; x_wconf 85' lang='lat' dir='ltr'>Et</span> <span class='ocrx_word' id='word_1_581' title='bbox 664 4966 725 5019; x_wconf 93' lang='lat' dir='ltr'>in</span> <span class='ocrx_word' id='word_1_582' title='bbox 783 4972 1030 5037; x_wconf 89' lang='lat' dir='ltr'>quatuor</span> <span class='ocrx_word' id='word_1_583' title='bbox 1080 4968 1419 5036; x_wconf 87' lang='lat' dir='ltr'>supradictis</span> <span class='ocrx_word' id='word_1_584' title='bbox 1478 4969 1663 5035; x_wconf 85' lang='lat' dir='ltr'>annis,</span> <span class='ocrx_word' id='word_1_585' title='bbox 1720 4970 1908 5036; x_wconf 87' lang='lat' dir='ltr'>tertia,</span> 
     </span>
    </p>
   </div>
   <div class='ocr_carea' id='block_1_83' title="bbox 213 5054 1913 5127">
    <p class='ocr_par' dir='ltr' id='par_1_83' title="bbox 213 5054 1913 5127">
     <span class='ocr_line' id='line_1_84' title="bbox 213 5054 1913 5127; baseline 0.004 -21"><span class='ocrx_word' id='word_1_586' title='bbox 213 5054 408 5124; x_wconf 88' lang='lat' dir='ltr'>quinta</span> <span class='ocrx_word' id='word_1_587' title='bbox 456 5054 616 5121; x_wconf 85' lang='lat' dir='ltr'>feria,</span> <span class='ocrx_word' id='word_1_588' title='bbox 676 5060 732 5109; x_wconf 91' lang='lat' dir='ltr'>et</span> <span class='ocrx_word' id='word_1_589' title='bbox 782 5055 1040 5123; x_wconf 89' lang='lat' dir='ltr'>sabbato,</span> <span class='ocrx_word' id='word_1_590' title='bbox 1091 5062 1283 5109; x_wconf 90' lang='lat' dir='ltr'>utatur</span> <span class='ocrx_word' id='word_1_591' title='bbox 1338 5056 1613 5127; x_wconf 80' lang='lat' dir='ltr'>quicquid</span> <span class='ocrx_word' id='word_1_592' title='bbox 1664 5058 1800 5123; x_wconf 89' lang='lat' dir='ltr'>vult,</span> <span class='ocrx_word' id='word_1_593' title='bbox 1856 5064 1913 5112; x_wconf 86' lang='lat' dir='ltr'>et</span> 
     </span>
    </p>
   </div>
   <div class='ocr_carea' id='block_1_84' title="bbox 214 5143 1911 5215">
    <p class='ocr_par' dir='ltr' id='par_1_84' title="bbox 214 5143 1911 5215">
     <span class='ocr_line' id='line_1_85' title="bbox 214 5143 1911 5215; baseline 0.003 -21"><span class='ocrx_word' id='word_1_594' title='bbox 214 5143 539 5210; x_wconf 87' lang='lat' dir='ltr'>secundam,</span> <span class='ocrx_word' id='word_1_595' title='bbox 568 5148 624 5196; x_wconf 91' lang='lat' dir='ltr'>et</span> <span class='ocrx_word' id='word_1_596' title='bbox 650 5151 917 5213; x_wconf 88' lang='lat' dir='ltr'>quartam</span> <span class='ocrx_word' id='word_1_597' title='bbox 954 5144 1155 5197; x_wconf 80' lang='lat' dir='ltr'>feriam</span> <span class='ocrx_word' id='word_1_598' title='bbox 1190 5144 1475 5198; x_wconf 88' lang='lat' dir='ltr'>redimere</span> <span class='ocrx_word' id='word_1_599' title='bbox 1507 5151 1695 5214; x_wconf 89' lang='lat' dir='ltr'>potest</span> <span class='ocrx_word' id='word_1_600' title='bbox 1724 5145 1911 5215; x_wconf 89' lang='lat' dir='ltr'>pretio</span> 
     </span>
    </p>
   </div>
   <div class='ocr_carea' id='block_1_85' title="bbox 207 5231 1913 5300">
    <p class='ocr_par' dir='ltr' id='par_1_85' title="bbox 207 5231 1913 5300">
     <span class='ocr_line' id='line_1_86' title="bbox 207 5231 1913 5300; baseline 0.003 -18"><span class='ocrx_word' id='word_1_601' title='bbox 207 5231 321 5299; x_wconf 88' lang='lat' dir='ltr'>jam</span> <span class='ocrx_word' id='word_1_602' title='bbox 370 5231 724 5300; x_wconf 89' lang='lat' dir='ltr'>supradicto,</span> <span class='ocrx_word' id='word_1_603' title='bbox 760 5238 976 5285; x_wconf 88' lang='lat' dir='ltr'>sextam</span> <span class='ocrx_word' id='word_1_604' title='bbox 1028 5233 1228 5286; x_wconf 91' lang='lat' dir='ltr'>feriam</span> <span class='ocrx_word' id='word_1_605' title='bbox 1276 5233 1623 5286; x_wconf 74' lang='lat' dir='ltr'>omnimodis</span> <span class='ocrx_word' id='word_1_606' title='bbox 1652 5234 1913 5287; x_wconf 89' lang='lat' dir='ltr'>observet</span> 
     </span>
    </p>
   </div>
   <div class='ocr_carea' id='block_1_86' title="bbox 213 5318 1912 5390">
    <p class='ocr_par' dir='ltr' id='par_1_86' title="bbox 213 5318 1912 5390">
     <span class='ocr_line' id='line_1_87' title="bbox 213 5318 1912 5390; baseline 0.002 -19"><span class='ocrx_word' id='word_1_607' title='bbox 213 5318 266 5372; x_wconf 90' lang='lat' dir='ltr'>in</span> <span class='ocrx_word' id='word_1_608' title='bbox 297 5335 443 5389; x_wconf 89' lang='lat' dir='ltr'>pane</span> <span class='ocrx_word' id='word_1_609' title='bbox 491 5331 546 5371; x_wconf 81' lang='lat' dir='ltr'>et</span> <span class='ocrx_word' id='word_1_610' title='bbox 576 5334 745 5389; x_wconf 90' lang='lat' dir='ltr'>aqua,</span> <span class='ocrx_word' id='word_1_611' title='bbox 793 5326 851 5373; x_wconf 92' lang='lat' dir='ltr'>et</span> <span class='ocrx_word' id='word_1_612' title='bbox 884 5337 1251 5390; x_wconf 89' lang='lat' dir='ltr'>nequaquam</span> <span class='ocrx_word' id='word_1_613' title='bbox 1302 5321 1562 5374; x_wconf 87' lang='lat' dir='ltr'>redimat.</span> <span class='ocrx_word' id='word_1_614' title='bbox 1600 5320 1696 5375; x_wconf 81' lang='lat' dir='ltr'>llis</span> <span class='ocrx_word' id='word_1_615' title='bbox 1726 5322 1912 5390; x_wconf 84' lang='lat' dir='ltr'>exple-</span> 
     </span>
    </p>
   </div>
   <div class='ocr_carea' id='block_1_87' title="bbox 213 5408 1343 5479">
    <p class='ocr_par' dir='ltr' id='par_1_87' title="bbox 213 5408 1343 5479">
     <span class='ocr_line' id='line_1_88' title="bbox 213 5408 1343 5479; baseline 0.001 -20"><span class='ocrx_word' id='word_1_616' title='bbox 213 5408 298 5473; x_wconf 86' lang='lat' dir='ltr'>tis,</span> <span class='ocrx_word' id='word_1_617' title='bbox 329 5422 551 5460; x_wconf 88' lang='lat' dir='ltr'>sacram</span> <span class='ocrx_word' id='word_1_618' title='bbox 582 5408 1054 5462; x_wconf 87' lang='lat' dir='ltr'>communionem</span> <span class='ocrx_word' id='word_1_619' title='bbox 1085 5408 1343 5479; x_wconf 80' lang='lat' dir='ltr'>accipiat.</span> 
     </span>
    </p>
   </div>
   <div class='ocr_carea' id='block_1_88' title="bbox 216 5496 1907 5566">
    <p class='ocr_par' dir='ltr' id='par_1_88' title="bbox 216 5496 1907 5566">
     <span class='ocr_line' id='line_1_89' title="bbox 216 5496 1907 5566; baseline 0.001 -17"><span class='ocrx_word' id='word_1_620' title='bbox 216 5496 328 5549; x_wconf 75' lang='lat' dir='ltr'>CAP.</span> <span class='ocrx_word' id='word_1_621' title='bbox 373 5497 434 5549; x_wconf 88' lang='lat' dir='ltr'>V.</span> <span class='ocrx_word' id='word_1_622' title='bbox 490 5526 557 5534; x_wconf 90' lang='lat'>—-</span> <span class='ocrx_word' id='word_1_623' title='bbox 600 5500 675 5550; x_wconf 89' lang='lat' dir='ltr'>De</span> <span class='ocrx_word' id='word_1_624' title='bbox 723 5498 1051 5564; x_wconf 76' lang='lat' dir='ltr'>homicidiis,</span> <span class='ocrx_word' id='word_1_625' title='bbox 1103 5503 1152 5551; x_wconf 83' lang='lat' dir='ltr'>et</span> <span class='ocrx_word' id='word_1_626' title='bbox 1183 5500 1469 5551; x_wconf 76' lang='lat' dir='ltr'>calumniis</span> <span class='ocrx_word' id='word_1_627' title='bbox 1517 5500 1907 5566; x_wconf 81' lang='lat' dir='ltr'>episcoporum,</span> 
     </span>
    </p>
   </div>
   <div class='ocr_carea' id='block_1_89' title="bbox 705 5570 1409 5638">
    <p class='ocr_par' dir='ltr' id='par_1_89' title="bbox 705 5570 1409 5638">
     <span class='ocr_line' id='line_1_90' title="bbox 705 5570 1409 5638; baseline 0.001 -18"><span class='ocrx_word' id='word_1_628' title='bbox 705 5573 753 5621; x_wconf 81' lang='lat' dir='ltr'>ct</span> <span class='ocrx_word' id='word_1_629' title='bbox 775 5570 1109 5638; x_wconf 81' lang='lat' dir='ltr'>reliquorum</span> <span class='ocrx_word' id='word_1_630' title='bbox 1140 5570 1409 5622; x_wconf 82' lang='lat' dir='ltr'>ordinum.</span> 
     </span>
    </p>
   </div>
   <div class='ocr_carea' id='block_1_90' title="bbox 276 5672 1907 5743">
    <p class='ocr_par' dir='ltr' id='par_1_90' title="bbox 276 5672 1907 5743">
     <span class='ocr_line' id='line_1_91' title="bbox 276 5672 1907 5743; baseline -0.001 -16"><span class='ocrx_word' id='word_1_631' title='bbox 276 5674 379 5739; x_wconf 75' lang='lat' dir='ltr'>(Ea:</span> <span class='ocrx_word' id='word_1_632' title='bbox 415 5672 609 5727; x_wconf 82' lang='lat' dir='ltr'>concil.</span> <span class='ocrx_word' id='word_1_633' title='bbox 645 5674 797 5742; x_wconf 85' lang='lat' dir='ltr'>apud</span> <span class='ocrx_word' id='word_1_634' title='bbox 830 5674 1127 5729; x_wconf 83' lang='lat' dir='ltr'>Thcodonis</span> <span class='ocrx_word' id='word_1_635' title='bbox 1152 5674 1342 5727; x_wconf 83' lang='lat' dir='ltr'>villam</span> <span class='ocrx_word' id='word_1_636' title='bbox 1387 5674 1593 5739; x_wconf 80' lang='lat' dir='ltr'>habito,</span> <span class='ocrx_word' id='word_1_637' title='bbox 1627 5676 1801 5743; x_wconf 81' lang='lat' dir='ltr'>capite</span> <span class='ocrx_word' id='word_1_638' title='bbox 1831 5674 1907 5743; x_wconf 91' lang='lat'>3.)</span> 
     </span>
    </p>
   </div>
   <div class='ocr_carea' id='block_1_91' title="bbox 2015 3198 3714 3270">
    <p class='ocr_par' dir='ltr' id='par_1_91' title="bbox 2015 3198 3714 3270">
     <span class='ocr_line' id='line_1_92' title="bbox 2015 3198 3714 3270; baseline -0.004 -16"><span class='ocrx_word' id='word_1_639' title='bbox 2015 3206 2071 3254; x_wconf 91' lang='lat' dir='ltr'>et</span> <span class='ocrx_word' id='word_1_640' title='bbox 2103 3200 2521 3270; x_wconf 90' lang='lat' dir='ltr'>episcopalibus</span> <span class='ocrx_word' id='word_1_641' title='bbox 2552 3199 2753 3253; x_wconf 91' lang='lat' dir='ltr'>bannis</span> <span class='ocrx_word' id='word_1_642' title='bbox 2783 3200 3051 3270; x_wconf 87' lang='lat' dir='ltr'>episeopo</span> <span class='ocrx_word' id='word_1_643' title='bbox 3080 3204 3404 3269; x_wconf 84' lang='lat' dir='ltr'>componat.</span> <span class='ocrx_word' id='word_1_644' title='bbox 3435 3198 3493 3252; x_wconf 90' lang='lat' dir='ltr'>Si</span> <span class='ocrx_word' id='word_1_645' title='bbox 3523 3202 3714 3250; x_wconf 90' lang='lat' dir='ltr'>autem</span> 
     </span>
    </p>
   </div>
   <div class='ocr_carea' id='block_1_92' title="bbox 2016 3286 3716 3358">
    <p class='ocr_par' dir='ltr' id='par_1_92' title="bbox 2016 3286 3716 3358">
     <span class='ocr_line' id='line_1_93' title="bbox 2016 3286 3716 3358; baseline -0.004 -15"><span class='ocrx_word' id='word_1_646' title='bbox 2016 3295 2275 3343; x_wconf 90' lang='lat' dir='ltr'>mortuus</span> <span class='ocrx_word' id='word_1_647' title='bbox 2323 3288 2510 3354; x_wconf 87' lang='lat' dir='ltr'>fuerit,</span> <span class='ocrx_word' id='word_1_648' title='bbox 2558 3289 2810 3358; x_wconf 88' lang='lat' dir='ltr'>singulas</span> <span class='ocrx_word' id='word_1_649' title='bbox 2858 3289 3210 3358; x_wconf 89' lang='lat' dir='ltr'>supradictas</span> <span class='ocrx_word' id='word_1_650' title='bbox 3242 3286 3716 3355; x_wconf 77' lang='lat' dir='ltr'>Quadragesimas</span> 
     </span>
    </p>
   </div>
   <div class='ocr_carea' id='block_1_93' title="bbox 2016 3375 3713 3447">
    <p class='ocr_par' dir='ltr' id='par_1_93' title="bbox 2016 3375 3713 3447">
     <span class='ocr_line' id='line_1_94' title="bbox 2016 3375 3713 3447; baseline -0.004 -15"><span class='ocrx_word' id='word_1_651' title='bbox 2016 3395 2147 3432; x_wconf 90' lang='lat' dir='ltr'>cum</span> <span class='ocrx_word' id='word_1_652' title='bbox 2206 3378 2579 3447; x_wconf 89' lang='lat' dir='ltr'>sequentibus</span> <span class='ocrx_word' id='word_1_653' title='bbox 2629 3379 2795 3431; x_wconf 87' lang='lat' dir='ltr'>annis</span> <span class='ocrx_word' id='word_1_654' title='bbox 2839 3379 3135 3447; x_wconf 55' lang='lat' dir='ltr'>paeniteat,</span> <span class='ocrx_word' id='word_1_655' title='bbox 3185 3382 3240 3429; x_wconf 91' lang='lat' dir='ltr'>et</span> <span class='ocrx_word' id='word_1_656' title='bbox 3279 3377 3449 3430; x_wconf 82' lang='lat' dir='ltr'>CCCC</span> <span class='ocrx_word' id='word_1_657' title='bbox 3485 3375 3713 3436; x_wconf 87' lang='lat' dir='ltr'>solidos,</span> 
     </span>
    </p>
   </div>
   <div class='ocr_carea' id='block_1_94' title="bbox 2017 3464 3716 3535">
    <p class='ocr_par' dir='ltr' id='par_1_94' title="bbox 2017 3464 3716 3535">
     <span class='ocr_line' id='line_1_95' title="bbox 2017 3464 3716 3535; baseline -0.003 -16"><span class='ocrx_word' id='word_1_658' title='bbox 2017 3484 2147 3520; x_wconf 89' lang='lat' dir='ltr'>cum</span> <span class='ocrx_word' id='word_1_659' title='bbox 2182 3468 2353 3535; x_wconf 89' lang='lat' dir='ltr'>tripla</span> <span class='ocrx_word' id='word_1_660' title='bbox 2401 3466 2489 3518; x_wconf 91' lang='lat' dir='ltr'>sui</span> <span class='ocrx_word' id='word_1_661' title='bbox 2535 3466 2971 3535; x_wconf 87' lang='lat' dir='ltr'>compositione,</span> <span class='ocrx_word' id='word_1_662' title='bbox 3009 3471 3065 3519; x_wconf 91' lang='lat' dir='ltr'>et</span> <span class='ocrx_word' id='word_1_663' title='bbox 3113 3465 3529 3535; x_wconf 87' lang='lat' dir='ltr'>episcopalibus</span> <span class='ocrx_word' id='word_1_664' title='bbox 3578 3464 3716 3516; x_wconf 88' lang='lat' dir='ltr'>ban-</span> 
     </span>
    </p>
   </div>
   <div class='ocr_carea' id='block_1_95' title="bbox 2020 3551 3717 3624">
    <p class='ocr_par' dir='ltr' id='par_1_95' title="bbox 2020 3551 3717 3624">
     <span class='ocr_line' id='line_1_96' title="bbox 2020 3551 3717 3624; baseline -0.004 -16"><span class='ocrx_word' id='word_1_665' title='bbox 2020 3557 2106 3608; x_wconf 90' lang='lat' dir='ltr'>nis</span> <span class='ocrx_word' id='word_1_666' title='bbox 2171 3554 2495 3624; x_wconf 88' lang='lat' dir='ltr'>triplicibus</span> <span class='ocrx_word' id='word_1_667' title='bbox 2564 3555 2829 3624; x_wconf 87' lang='lat' dir='ltr'>episcopo</span> <span class='ocrx_word' id='word_1_668' title='bbox 2888 3560 3216 3623; x_wconf 89' lang='lat' dir='ltr'>componat.</span> <span class='ocrx_word' id='word_1_669' title='bbox 3286 3554 3343 3607; x_wconf 90' lang='lat' dir='ltr'>Si</span> <span class='ocrx_word' id='word_1_670' title='bbox 3412 3551 3717 3605; x_wconf 91' lang='lat' dir='ltr'>diaconum</span> 
     </span>
    </p>
   </div>
   <div class='ocr_carea' id='block_1_96' title="bbox 2018 3640 3717 3708">
    <p class='ocr_par' dir='ltr' id='par_1_96' title="bbox 2018 3640 3717 3708">
     <span class='ocr_line' id='line_1_97' title="bbox 2018 3640 3717 3708; baseline -0.004 -11"><span class='ocrx_word' id='word_1_671' title='bbox 2018 3644 2402 3697; x_wconf 89' lang='lat' dir='ltr'>calumniatus</span> <span class='ocrx_word' id='word_1_672' title='bbox 2471 3644 2678 3705; x_wconf 86' lang='lat' dir='ltr'>fuerit,</span> <span class='ocrx_word' id='word_1_673' title='bbox 2744 3648 2798 3695; x_wconf 86' lang='lat' dir='ltr'>et</span> <span class='ocrx_word' id='word_1_674' title='bbox 2858 3642 3247 3708; x_wconf 80' lang='lat' dir='ltr'>convaluerit,</span> <span class='ocrx_word' id='word_1_675' title='bbox 3309 3657 3401 3694; x_wconf 87' lang='lat' dir='ltr'>sex</span> <span class='ocrx_word' id='word_1_676' title='bbox 3459 3640 3717 3703; x_wconf 88' lang='lat' dir='ltr'>Quadra-</span> 
     </span>
    </p>
   </div>
   <div class='ocr_carea' id='block_1_97' title="bbox 2018 3726 3718 3802">
    <p class='ocr_par' dir='ltr' id='par_1_97' title="bbox 2018 3726 3718 3802">
     <span class='ocr_line' id='line_1_98' title="bbox 2018 3726 3718 3802; baseline -0.003 -18"><span class='ocrx_word' id='word_1_677' title='bbox 2018 3732 2264 3802; x_wconf 85' lang='lat' dir='ltr'>gesimas</span> <span class='ocrx_word' id='word_1_678' title='bbox 2338 3730 2461 3783; x_wconf 89' lang='lat' dir='ltr'>sine</span> <span class='ocrx_word' id='word_1_679' title='bbox 2535 3730 2779 3783; x_wconf 86' lang='lat' dir='ltr'>subditis</span> <span class='ocrx_word' id='word_1_680' title='bbox 2848 3730 3013 3783; x_wconf 91' lang='lat' dir='ltr'>annis</span> <span class='ocrx_word' id='word_1_681' title='bbox 3064 3730 3378 3799; x_wconf 70' lang='lat' dir='ltr'>pceniteat,</span> <span class='ocrx_word' id='word_1_682' title='bbox 3437 3734 3493 3781; x_wconf 90' lang='lat' dir='ltr'>et</span> <span class='ocrx_word' id='word_1_683' title='bbox 3546 3726 3718 3782; x_wconf 92' lang='lat' dir='ltr'>CCCC</span> 
     </span>
    </p>
   </div>
   <div class='ocr_carea' id='block_1_98' title="bbox 2018 3816 3716 3888">
    <p class='ocr_par' dir='ltr' id='par_1_98' title="bbox 2018 3816 3716 3888">
     <span class='ocr_line' id='line_1_99' title="bbox 2018 3816 3716 3888; baseline -0.002 -17"><span class='ocrx_word' id='word_1_684' title='bbox 2018 3820 2225 3873; x_wconf 91' lang='lat' dir='ltr'>solidos</span> <span class='ocrx_word' id='word_1_685' title='bbox 2298 3834 2429 3872; x_wconf 90' lang='lat' dir='ltr'>cum</span> <span class='ocrx_word' id='word_1_686' title='bbox 2516 3818 2929 3888; x_wconf 89' lang='lat' dir='ltr'>compositione</span> <span class='ocrx_word' id='word_1_687' title='bbox 2999 3835 3103 3871; x_wconf 91' lang='lat' dir='ltr'>sua</span> <span class='ocrx_word' id='word_1_688' title='bbox 3177 3824 3233 3871; x_wconf 86' lang='lat' dir='ltr'>et</span> <span class='ocrx_word' id='word_1_689' title='bbox 3298 3816 3716 3888; x_wconf 88' lang='lat' dir='ltr'>episcopalibus</span> 
     </span>
    </p>
   </div>
   <div class='ocr_carea' id='block_1_99' title="bbox 2017 3907 3718 3978">
    <p class='ocr_par' dir='ltr' id='par_1_99' title="bbox 2017 3907 3718 3978">
     <span class='ocr_line' id='line_1_100' title="bbox 2017 3907 3718 3978; baseline -0.004 -16"><span class='ocrx_word' id='word_1_690' title='bbox 2017 3908 2225 3962; x_wconf 90' lang='lat' dir='ltr'>bannis</span> <span class='ocrx_word' id='word_1_691' title='bbox 2314 3907 2580 3978; x_wconf 88' lang='lat' dir='ltr'>episcopo</span> <span class='ocrx_word' id='word_1_692' title='bbox 2665 3912 2990 3978; x_wconf 89' lang='lat' dir='ltr'>componat.</span> <span class='ocrx_word' id='word_1_693' title='bbox 3063 3908 3120 3961; x_wconf 89' lang='lat' dir='ltr'>Si</span> <span class='ocrx_word' id='word_1_694' title='bbox 3200 3911 3391 3960; x_wconf 90' lang='lat' dir='ltr'>autem</span> <span class='ocrx_word' id='word_1_695' title='bbox 3460 3914 3718 3958; x_wconf 89' lang='lat' dir='ltr'>mortuus</span> 
     </span>
    </p>
   </div>
   <div class='ocr_carea' id='block_1_100' title="bbox 2019 3993 3718 4066">
    <p class='ocr_par' dir='ltr' id='par_1_100' title="bbox 2019 3993 3718 4066">
     <span class='ocr_line' id='line_1_101' title="bbox 2019 3993 3718 4066; baseline -0.003 -16"><span class='ocrx_word' id='word_1_696' title='bbox 2019 3996 2211 4062; x_wconf 90' lang='lat' dir='ltr'>fuerit,</span> <span class='ocrx_word' id='word_1_697' title='bbox 2288 3996 2542 4066; x_wconf 88' lang='lat' dir='ltr'>singulas</span> <span class='ocrx_word' id='word_1_698' title='bbox 2599 4013 2770 4066; x_wconf 89' lang='lat' dir='ltr'>supra</span> <span class='ocrx_word' id='word_1_699' title='bbox 2843 3996 3021 4050; x_wconf 87' lang='lat' dir='ltr'>dictas</span> <span class='ocrx_word' id='word_1_700' title='bbox 3092 4012 3183 4049; x_wconf 80' lang='lat' dir='ltr'>sex</span> <span class='ocrx_word' id='word_1_701' title='bbox 3244 3993 3718 4063; x_wconf 82' lang='lat' dir='ltr'>Quadragesimas</span> 
     </span>
    </p>
   </div>
   <div class='ocr_carea' id='block_1_101' title="bbox 2020 4083 3715 4156">
    <p class='ocr_par' dir='ltr' id='par_1_101' title="bbox 2020 4083 3715 4156">
     <span class='ocr_line' id='line_1_102' title="bbox 2020 4083 3715 4156; baseline -0.004 -17"><span class='ocrx_word' id='word_1_702' title='bbox 2020 4102 2150 4139; x_wconf 89' lang='lat' dir='ltr'>cum</span> <span class='ocrx_word' id='word_1_703' title='bbox 2182 4085 2551 4155; x_wconf 87' lang='lat' dir='ltr'>sequentibus</span> <span class='ocrx_word' id='word_1_704' title='bbox 2596 4086 2760 4139; x_wconf 90' lang='lat' dir='ltr'>annis</span> <span class='ocrx_word' id='word_1_705' title='bbox 2789 4085 3082 4156; x_wconf 86' lang='lat' dir='ltr'>poeniteat,</span> <span class='ocrx_word' id='word_1_706' title='bbox 3117 4090 3173 4138; x_wconf 90' lang='lat' dir='ltr'>et</span> <span class='ocrx_word' id='word_1_707' title='bbox 3217 4085 3304 4138; x_wconf 94' lang='lat' dir='ltr'>DC</span> <span class='ocrx_word' id='word_1_708' title='bbox 3334 4083 3549 4137; x_wconf 88' lang='lat' dir='ltr'>solidos</span> <span class='ocrx_word' id='word_1_709' title='bbox 3587 4098 3715 4134; x_wconf 91' lang='lat' dir='ltr'>cum</span> 
     </span>
    </p>
   </div>
   <div class='ocr_carea' id='block_1_102' title="bbox 2019 4170 3719 4245">
    <p class='ocr_par' dir='ltr' id='par_1_102' title="bbox 2019 4170 3719 4245">
     <span class='ocr_line' id='line_1_103' title="bbox 2019 4170 3719 4245; baseline -0.004 -17"><span class='ocrx_word' id='word_1_710' title='bbox 2019 4174 2233 4245; x_wconf 88' lang='lat' dir='ltr'>triplici</span> <span class='ocrx_word' id='word_1_711' title='bbox 2285 4190 2384 4226; x_wconf 90' lang='lat' dir='ltr'>sua</span> <span class='ocrx_word' id='word_1_712' title='bbox 2443 4174 2879 4245; x_wconf 86' lang='lat' dir='ltr'>compositione,</span> <span class='ocrx_word' id='word_1_713' title='bbox 2942 4179 2995 4228; x_wconf 90' lang='lat' dir='ltr'>et</span> <span class='ocrx_word' id='word_1_714' title='bbox 3042 4172 3461 4244; x_wconf 88' lang='lat' dir='ltr'>episcopalibus</span> <span class='ocrx_word' id='word_1_715' title='bbox 3515 4170 3719 4224; x_wconf 90' lang='lat' dir='ltr'>bannis</span> 
     </span>
    </p>
   </div>
   <div class='ocr_carea' id='block_1_103' title="bbox 2019 4261 3719 4333">
    <p class='ocr_par' dir='ltr' id='par_1_103' title="bbox 2019 4261 3719 4333">
     <span class='ocr_line' id='line_1_104' title="bbox 2019 4261 3719 4333; baseline -0.002 -18"><span class='ocrx_word' id='word_1_716' title='bbox 2019 4262 2338 4332; x_wconf 89' lang='lat' dir='ltr'>triplicibus</span> <span class='ocrx_word' id='word_1_717' title='bbox 2386 4263 2652 4333; x_wconf 90' lang='lat' dir='ltr'>episcopo</span> <span class='ocrx_word' id='word_1_718' title='bbox 2685 4267 3013 4333; x_wconf 89' lang='lat' dir='ltr'>componat.</span> <span class='ocrx_word' id='word_1_719' title='bbox 3060 4262 3116 4316; x_wconf 86' lang='lat' dir='ltr'>Si</span> <span class='ocrx_word' id='word_1_720' title='bbox 3144 4262 3272 4332; x_wconf 91' lang='lat' dir='ltr'>quis</span> <span class='ocrx_word' id='word_1_721' title='bbox 3318 4261 3719 4331; x_wconf 83' lang='lat' dir='ltr'>presbyterum</span> 
     </span>
    </p>
   </div>
   <div class='ocr_carea' id='block_1_104' title="bbox 2021 4347 3718 4419">
    <p class='ocr_par' dir='ltr' id='par_1_104' title="bbox 2021 4347 3718 4419">
     <span class='ocr_line' id='line_1_105' title="bbox 2021 4347 3718 4419; baseline -0.003 -16"><span class='ocrx_word' id='word_1_722' title='bbox 2021 4351 2401 4404; x_wconf 88' lang='lat' dir='ltr'>calumniatus</span> <span class='ocrx_word' id='word_1_723' title='bbox 2448 4351 2637 4415; x_wconf 88' lang='lat' dir='ltr'>fuerit,</span> <span class='ocrx_word' id='word_1_724' title='bbox 2683 4356 2739 4404; x_wconf 90' lang='lat' dir='ltr'>et</span> <span class='ocrx_word' id='word_1_725' title='bbox 2788 4350 3151 4419; x_wconf 85' lang='lat' dir='ltr'>spassaverit,</span> <span class='ocrx_word' id='word_1_726' title='bbox 3207 4366 3298 4402; x_wconf 83' lang='lat' dir='ltr'>sex</span> <span class='ocrx_word' id='word_1_727' title='bbox 3342 4347 3718 4417; x_wconf 84' lang='lat' dir='ltr'>Quadragesi-</span> 
     </span>
    </p>
   </div>
   <div class='ocr_carea' id='block_1_105' title="bbox 2021 4437 3720 4508">
    <p class='ocr_par' dir='ltr' id='par_1_105' title="bbox 2021 4437 3720 4508">
     <span class='ocr_line' id='line_1_106' title="bbox 2021 4437 3720 4508; baseline -0.003 -16"><span class='ocrx_word' id='word_1_728' title='bbox 2021 4456 2144 4492; x_wconf 89' lang='lat' dir='ltr'>mas</span> <span class='ocrx_word' id='word_1_729' title='bbox 2173 4439 2294 4492; x_wconf 90' lang='lat' dir='ltr'>sine</span> <span class='ocrx_word' id='word_1_730' title='bbox 2340 4439 2580 4492; x_wconf 87' lang='lat' dir='ltr'>subditis</span> <span class='ocrx_word' id='word_1_731' title='bbox 2612 4438 2777 4491; x_wconf 90' lang='lat' dir='ltr'>annis</span> <span class='ocrx_word' id='word_1_732' title='bbox 2810 4439 3099 4508; x_wconf 88' lang='lat' dir='ltr'>poeniteat,</span> <span class='ocrx_word' id='word_1_733' title='bbox 3147 4442 3202 4489; x_wconf 87' lang='lat' dir='ltr'>et</span> <span class='ocrx_word' id='word_1_734' title='bbox 3234 4438 3319 4491; x_wconf 92' lang='lat' dir='ltr'>DC</span> <span class='ocrx_word' id='word_1_735' title='bbox 3350 4437 3561 4489; x_wconf 92' lang='lat' dir='ltr'>solidos</span> <span class='ocrx_word' id='word_1_736' title='bbox 3590 4451 3720 4488; x_wconf 91' lang='lat' dir='ltr'>cum</span> 
     </span>
    </p>
   </div>
   <div class='ocr_carea' id='block_1_106' title="bbox 2020 4523 3722 4597">
    <p class='ocr_par' dir='ltr' id='par_1_106' title="bbox 2020 4523 3722 4597">
     <span class='ocr_line' id='line_1_107' title="bbox 2020 4523 3722 4597; baseline -0.004 -17"><span class='ocrx_word' id='word_1_737' title='bbox 2020 4527 2233 4597; x_wconf 86' lang='lat' dir='ltr'>triplici</span> <span class='ocrx_word' id='word_1_738' title='bbox 2287 4544 2389 4580; x_wconf 90' lang='lat' dir='ltr'>sua</span> <span class='ocrx_word' id='word_1_739' title='bbox 2439 4526 2879 4595; x_wconf 88' lang='lat' dir='ltr'>compositione,</span> <span class='ocrx_word' id='word_1_740' title='bbox 2936 4531 2992 4579; x_wconf 87' lang='lat' dir='ltr'>et</span> <span class='ocrx_word' id='word_1_741' title='bbox 3038 4525 3456 4595; x_wconf 88' lang='lat' dir='ltr'>episcopalibus</span> <span class='ocrx_word' id='word_1_742' title='bbox 3516 4523 3722 4576; x_wconf 88' lang='lat' dir='ltr'>bannis</span> 
     </span>
    </p>
   </div>
   <div class='ocr_carea' id='block_1_107' title="bbox 2020 4613 3722 4684">
    <p class='ocr_par' dir='ltr' id='par_1_107' title="bbox 2020 4613 3722 4684">
     <span class='ocr_line' id='line_1_108' title="bbox 2020 4613 3722 4684; baseline -0.003 -16"><span class='ocrx_word' id='word_1_743' title='bbox 2020 4615 2341 4683; x_wconf 88' lang='lat' dir='ltr'>triplicibus</span> <span class='ocrx_word' id='word_1_744' title='bbox 2395 4615 2663 4683; x_wconf 87' lang='lat' dir='ltr'>episcopo</span> <span class='ocrx_word' id='word_1_745' title='bbox 2718 4619 3042 4684; x_wconf 86' lang='lat' dir='ltr'>componat.</span> <span class='ocrx_word' id='word_1_746' title='bbox 3101 4613 3155 4667; x_wconf 92' lang='lat' dir='ltr'>Si</span> <span class='ocrx_word' id='word_1_747' title='bbox 3210 4618 3399 4666; x_wconf 90' lang='lat' dir='ltr'>autem</span> <span class='ocrx_word' id='word_1_748' title='bbox 3459 4617 3722 4665; x_wconf 91' lang='lat' dir='ltr'>mortuus</span> 
     </span>
    </p>
   </div>
   <div class='ocr_carea' id='block_1_108' title="bbox 2020 4701 3720 4772">
    <p class='ocr_par' dir='ltr' id='par_1_108' title="bbox 2020 4701 3720 4772">
     <span class='ocr_line' id='line_1_109' title="bbox 2020 4701 3720 4772; baseline -0.002 -16"><span class='ocrx_word' id='word_1_749' title='bbox 2020 4703 2212 4768; x_wconf 86' lang='lat' dir='ltr'>fuerit,</span> <span class='ocrx_word' id='word_1_750' title='bbox 2246 4703 2545 4756; x_wconf 89' lang='lat' dir='ltr'>duodecim</span> <span class='ocrx_word' id='word_1_751' title='bbox 2579 4719 2865 4756; x_wconf 89' lang='lat' dir='ltr'>annorum</span> <span class='ocrx_word' id='word_1_752' title='bbox 2898 4701 3234 4772; x_wconf 69' lang='lat' dir='ltr'>poenitentia</span> <span class='ocrx_word' id='word_1_753' title='bbox 3278 4701 3587 4754; x_wconf 91' lang='lat' dir='ltr'>secundum</span> <span class='ocrx_word' id='word_1_754' title='bbox 3624 4716 3720 4753; x_wconf 89' lang='lat' dir='ltr'>ca-</span> 
     </span>
    </p>
   </div>
   <div class='ocr_carea' id='block_1_109' title="bbox 2020 4788 3722 4860">
    <p class='ocr_par' dir='ltr' id='par_1_109' title="bbox 2020 4788 3722 4860">
     <span class='ocr_line' id='line_1_110' title="bbox 2020 4788 3722 4860; baseline -0.002 -15"><span class='ocrx_word' id='word_1_755' title='bbox 2020 4807 2198 4845; x_wconf 91' lang='lat' dir='ltr'>nones</span> <span class='ocrx_word' id='word_1_756' title='bbox 2231 4792 2282 4844; x_wconf 90' lang='lat' dir='ltr'>ei</span> <span class='ocrx_word' id='word_1_757' title='bbox 2306 4791 2657 4860; x_wconf 88' lang='lat' dir='ltr'>imponatur,</span> <span class='ocrx_word' id='word_1_758' title='bbox 2706 4797 2761 4845; x_wconf 90' lang='lat' dir='ltr'>et</span> <span class='ocrx_word' id='word_1_759' title='bbox 2815 4792 3032 4845; x_wconf 89' lang='lat' dir='ltr'>DCCCC</span> <span class='ocrx_word' id='word_1_760' title='bbox 3067 4791 3280 4845; x_wconf 91' lang='lat' dir='ltr'>solidos</span> <span class='ocrx_word' id='word_1_761' title='bbox 3327 4807 3458 4844; x_wconf 89' lang='lat' dir='ltr'>cum</span> <span class='ocrx_word' id='word_1_762' title='bbox 3511 4788 3722 4858; x_wconf 88' lang='lat' dir='ltr'>triplici</span> 
     </span>
    </p>
   </div>
   <div class='ocr_carea' id='block_1_110' title="bbox 2021 4878 3723 4950">
    <p class='ocr_par' dir='ltr' id='par_1_110' title="bbox 2021 4878 3723 4950">
     <span class='ocr_line' id='line_1_111' title="bbox 2021 4878 3723 4950; baseline -0.001 -18"><span class='ocrx_word' id='word_1_763' title='bbox 2021 4879 2438 4949; x_wconf 88' lang='lat' dir='ltr'>compositione</span> <span class='ocrx_word' id='word_1_764' title='bbox 2467 4896 2591 4946; x_wconf 89' lang='lat' dir='ltr'>sua,</span> <span class='ocrx_word' id='word_1_765' title='bbox 2619 4884 2673 4932; x_wconf 91' lang='lat' dir='ltr'>et</span> <span class='ocrx_word' id='word_1_766' title='bbox 2705 4880 3126 4949; x_wconf 83' lang='lat' dir='ltr'>episcopalibus</span> <span class='ocrx_word' id='word_1_767' title='bbox 3160 4879 3365 4933; x_wconf 89' lang='lat' dir='ltr'>bannis</span> <span class='ocrx_word' id='word_1_768' title='bbox 3399 4878 3723 4950; x_wconf 89' lang='lat' dir='ltr'>triplicibus</span> 
     </span>
    </p>
   </div>
   <div class='ocr_carea' id='block_1_111' title="bbox 2021 4968 3725 5039">
    <p class='ocr_par' dir='ltr' id='par_1_111' title="bbox 2021 4968 3725 5039">
     <span class='ocr_line' id='line_1_112' title="bbox 2021 4968 3725 5039; baseline -0.001 -19"><span class='ocrx_word' id='word_1_769' title='bbox 2021 4972 2347 5036; x_wconf 90' lang='lat' dir='ltr'>componat.</span> <span class='ocrx_word' id='word_1_770' title='bbox 2400 4968 2455 5021; x_wconf 92' lang='lat' dir='ltr'>Si</span> <span class='ocrx_word' id='word_1_771' title='bbox 2489 4968 2617 5038; x_wconf 90' lang='lat' dir='ltr'>quis</span> <span class='ocrx_word' id='word_1_772' title='bbox 2648 4969 2913 5038; x_wconf 89' lang='lat' dir='ltr'>episcopo</span> <span class='ocrx_word' id='word_1_773' title='bbox 2964 4968 3203 5022; x_wconf 88' lang='lat' dir='ltr'>insidias</span> <span class='ocrx_word' id='word_1_774' title='bbox 3252 4969 3529 5039; x_wconf 88' lang='lat' dir='ltr'>posuerit,</span> <span class='ocrx_word' id='word_1_775' title='bbox 3566 4983 3725 5020; x_wconf 85' lang='lat' dir='ltr'>com-</span> 
     </span>
    </p>
   </div>
   <div class='ocr_carea' id='block_1_112' title="bbox 2021 5056 3720 5127">
    <p class='ocr_par' dir='ltr' id='par_1_112' title="bbox 2021 5056 3720 5127">
     <span class='ocr_line' id='line_1_113' title="bbox 2021 5056 3720 5127; baseline 0.001 -20"><span class='ocrx_word' id='word_1_776' title='bbox 2021 5056 2412 5126; x_wconf 84' lang='lat' dir='ltr'>prehenderit,</span> <span class='ocrx_word' id='word_1_777' title='bbox 2470 5058 2555 5110; x_wconf 91' lang='lat' dir='ltr'>vel</span> <span class='ocrx_word' id='word_1_778' title='bbox 2616 5056 2674 5110; x_wconf 90' lang='lat' dir='ltr'>in</span> <span class='ocrx_word' id='word_1_779' title='bbox 2734 5058 2927 5127; x_wconf 90' lang='lat' dir='ltr'>aliquo</span> <span class='ocrx_word' id='word_1_780' title='bbox 2980 5056 3462 5122; x_wconf 89' lang='lat' dir='ltr'>dehonestaverit,</span> <span class='ocrx_word' id='word_1_781' title='bbox 3524 5057 3720 5110; x_wconf 90' lang='lat' dir='ltr'>decem</span> 
     </span>
    </p>
   </div>
   <div class='ocr_carea' id='block_1_113' title="bbox 2021 5143 3723 5214">
    <p class='ocr_par' dir='ltr' id='par_1_113' title="bbox 2021 5143 3723 5214">
     <span class='ocr_line' id='line_1_114' title="bbox 2021 5143 3723 5214; baseline 0.001 -18"><span class='ocrx_word' id='word_1_782' title='bbox 2021 5143 2498 5213; x_wconf 87' lang='lat' dir='ltr'>Quadragesimas</span> <span class='ocrx_word' id='word_1_783' title='bbox 2568 5162 2697 5198; x_wconf 91' lang='lat' dir='ltr'>cum</span> <span class='ocrx_word' id='word_1_784' title='bbox 2771 5145 3012 5199; x_wconf 90' lang='lat' dir='ltr'>subditis</span> <span class='ocrx_word' id='word_1_785' title='bbox 3090 5146 3257 5198; x_wconf 89' lang='lat' dir='ltr'>annis</span> <span class='ocrx_word' id='word_1_786' title='bbox 3316 5145 3608 5214; x_wconf 82' lang='lat' dir='ltr'>poeniteat,</span> <span class='ocrx_word' id='word_1_787' title='bbox 3668 5150 3723 5198; x_wconf 90' lang='lat' dir='ltr'>et</span> 
     </span>
    </p>
   </div>
   <div class='ocr_carea' id='block_1_114' title="bbox 2021 5232 3717 5303">
    <p class='ocr_par' dir='ltr' id='par_1_114' title="bbox 2021 5232 3717 5303">
     <span class='ocr_line' id='line_1_115' title="bbox 2021 5232 3717 5303; baseline 0.001 -19"><span class='ocrx_word' id='word_1_788' title='bbox 2021 5233 2338 5303; x_wconf 88' lang='lat' dir='ltr'>presbyteri</span> <span class='ocrx_word' id='word_1_789' title='bbox 2369 5233 2537 5286; x_wconf 90' lang='lat' dir='ltr'>occisi</span> <span class='ocrx_word' id='word_1_790' title='bbox 2570 5233 2853 5301; x_wconf 90' lang='lat' dir='ltr'>triplicem</span> <span class='ocrx_word' id='word_1_791' title='bbox 2886 5232 3359 5302; x_wconf 84' lang='lat' dir='ltr'>compositionem</span> <span class='ocrx_word' id='word_1_792' title='bbox 3391 5237 3717 5301; x_wconf 90' lang='lat' dir='ltr'>componat.</span> 
     </span>
    </p>
   </div>
   <div class='ocr_carea' id='block_1_115' title="bbox 2021 5321 3719 5392">
    <p class='ocr_par' dir='ltr' id='par_1_115' title="bbox 2021 5321 3719 5392">
     <span class='ocr_line' id='line_1_116' title="bbox 2021 5321 3719 5392; baseline -0.001 -18"><span class='ocrx_word' id='word_1_793' title='bbox 2021 5322 2077 5375; x_wconf 89' lang='lat' dir='ltr'>Si</span> <span class='ocrx_word' id='word_1_794' title='bbox 2106 5328 2297 5383; x_wconf 87' lang='lat' dir='ltr'>autem</span> <span class='ocrx_word' id='word_1_795' title='bbox 2330 5339 2458 5375; x_wconf 90' lang='lat' dir='ltr'>casu</span> <span class='ocrx_word' id='word_1_796' title='bbox 2492 5328 2549 5376; x_wconf 92' lang='lat' dir='ltr'>et</span> <span class='ocrx_word' id='word_1_797' title='bbox 2578 5339 2690 5375; x_wconf 91' lang='lat' dir='ltr'>non</span> <span class='ocrx_word' id='word_1_798' title='bbox 2724 5328 2929 5392; x_wconf 87' lang='lat' dir='ltr'>sponte</span> <span class='ocrx_word' id='word_1_799' title='bbox 2960 5321 3256 5387; x_wconf 90' lang='lat' dir='ltr'>occiditur,</span> <span class='ocrx_word' id='word_1_800' title='bbox 3290 5338 3418 5374; x_wconf 92' lang='lat' dir='ltr'>cum</span> <span class='ocrx_word' id='word_1_801' title='bbox 3456 5337 3719 5390; x_wconf 89' lang='lat' dir='ltr'>compro-</span> 
     </span>
    </p>
   </div>
   <div class='ocr_carea' id='block_1_116' title="bbox 2020 5409 3718 5481">
    <p class='ocr_par' dir='ltr' id='par_1_116' title="bbox 2020 5409 3718 5481">
     <span class='ocr_line' id='line_1_117' title="bbox 2020 5409 3718 5481; baseline 0 -20"><span class='ocrx_word' id='word_1_802' title='bbox 2020 5411 2351 5464; x_wconf 87' lang='lat' dir='ltr'>vincialium</span> <span class='ocrx_word' id='word_1_803' title='bbox 2403 5412 2802 5481; x_wconf 88' lang='lat' dir='ltr'>episcoporum</span> <span class='ocrx_word' id='word_1_804' title='bbox 2838 5410 3075 5463; x_wconf 86' lang='lat' dir='ltr'>consilio</span> <span class='ocrx_word' id='word_1_805' title='bbox 3109 5410 3392 5463; x_wconf 85' lang='lat' dir='ltr'>homicida</span> <span class='ocrx_word' id='word_1_806' title='bbox 3422 5409 3718 5479; x_wconf 70' lang='lat' dir='ltr'>poeniteat.</span> 
     </span>
    </p>
   </div>
   <div class='ocr_carea' id='block_1_117' title="bbox 2021 5498 3719 5569">
    <p class='ocr_par' dir='ltr' id='par_1_117' title="bbox 2021 5498 3719 5569">
     <span class='ocr_line' id='line_1_118' title="bbox 2021 5498 3719 5569; baseline -0.001 -17"><span class='ocrx_word' id='word_1_807' title='bbox 2021 5498 2077 5552; x_wconf 90' lang='lat' dir='ltr'>Si</span> <span class='ocrx_word' id='word_1_808' title='bbox 2106 5499 2232 5569; x_wconf 89' lang='lat' dir='ltr'>quis</span> <span class='ocrx_word' id='word_1_809' title='bbox 2262 5505 2454 5553; x_wconf 89' lang='lat' dir='ltr'>autem</span> <span class='ocrx_word' id='word_1_810' title='bbox 2485 5506 2684 5569; x_wconf 87' lang='lat' dir='ltr'>sponte</span> <span class='ocrx_word' id='word_1_811' title='bbox 2717 5514 2848 5551; x_wconf 88' lang='lat' dir='ltr'>eum</span> <span class='ocrx_word' id='word_1_812' title='bbox 2898 5498 3186 5563; x_wconf 90' lang='lat' dir='ltr'>occiderit,</span> <span class='ocrx_word' id='word_1_813' title='bbox 3221 5514 3447 5551; x_wconf 87' lang='lat' dir='ltr'>carnem</span> <span class='ocrx_word' id='word_1_814' title='bbox 3482 5514 3595 5550; x_wconf 90' lang='lat' dir='ltr'>non</span> <span class='ocrx_word' id='word_1_815' title='bbox 3628 5515 3719 5551; x_wconf 88' lang='lat' dir='ltr'>co-</span> 
     </span>
    </p>
   </div>
   <div class='ocr_carea' id='block_1_118' title="bbox 2023 5584 3719 5649">
    <p class='ocr_par' dir='ltr' id='par_1_118' title="bbox 2023 5584 3719 5649">
     <span class='ocr_line' id='line_1_119' title="bbox 2023 5584 3719 5649; baseline 0.001 -11"><span class='ocrx_word' id='word_1_816' title='bbox 2023 5587 2231 5649; x_wconf 89' lang='lat' dir='ltr'>medat,</span> <span class='ocrx_word' id='word_1_817' title='bbox 2285 5586 2479 5640; x_wconf 89' lang='lat' dir='ltr'>vinum</span> <span class='ocrx_word' id='word_1_818' title='bbox 2532 5603 2648 5639; x_wconf 90' lang='lat' dir='ltr'>non</span> <span class='ocrx_word' id='word_1_819' title='bbox 2707 5586 2865 5639; x_wconf 88' lang='lat' dir='ltr'>bibat</span> <span class='ocrx_word' id='word_1_820' title='bbox 2912 5586 3131 5639; x_wconf 89' lang='lat' dir='ltr'>cunctis</span> <span class='ocrx_word' id='word_1_821' title='bbox 3189 5586 3390 5639; x_wconf 86' lang='lat' dir='ltr'>diebus</span> <span class='ocrx_word' id='word_1_822' title='bbox 3424 5584 3547 5638; x_wconf 64' lang='lat' dir='ltr'>vitae</span> <span class='ocrx_word' id='word_1_823' title='bbox 3581 5602 3719 5649; x_wconf 66' lang='lat' dir='ltr'>suae,</span> 
     </span>
    </p>
   </div>
   <div class='ocr_carea' id='block_1_119' title="bbox 2021 5672 3720 5744">
    <p class='ocr_par' dir='ltr' id='par_1_119' title="bbox 2021 5672 3720 5744">
     <span class='ocr_line' id='line_1_120' title="bbox 2021 5672 3720 5744; baseline 0.001 -18"><span class='ocrx_word' id='word_1_824' title='bbox 2021 5674 2317 5744; x_wconf 86' lang='lat' dir='ltr'>cingulum</span> <span class='ocrx_word' id='word_1_825' title='bbox 2351 5674 2598 5728; x_wconf 87' lang='lat' dir='ltr'>militare</span> <span class='ocrx_word' id='word_1_826' title='bbox 2653 5675 2922 5744; x_wconf 87' lang='lat' dir='ltr'>deponat,</span> <span class='ocrx_word' id='word_1_827' title='bbox 2955 5675 3170 5744; x_wconf 86' lang='lat' dir='ltr'>absque</span> <span class='ocrx_word' id='word_1_828' title='bbox 3202 5690 3302 5742; x_wconf 91' lang='lat' dir='ltr'>spe</span> <span class='ocrx_word' id='word_1_829' title='bbox 3358 5672 3614 5742; x_wconf 86' lang='lat' dir='ltr'>conjugii</span> <span class='ocrx_word' id='word_1_830' title='bbox 3661 5674 3720 5727; x_wconf 92' lang='lat' dir='ltr'>in</span> 
     </span>
    </p>
   </div>
  </div>
