3966 6426
209 407 314 458 767

1299 405 1706 462 BURCHARDI
1745 405 2279 461 WOBMACIENSIS
2317 405 2650 461 EPISCOPI.

3618 369 3762 460 768.

213 529 560 595 perpetuum
609 527 860 579 maneat.
907 513 1238 596 Aistolphus
1272 526 1684 596 Moguntiensis
1733 526 1912 579 archi-
1941 530 1987 582 A
2029 528 2207 580 Deum
2265 527 2585 593 laudamus,
2636 525 3035 592 decantabant,
3087 528 3143 578 et
3197 524 3276 577 sic
3306 525 3489 578 soluta
3529 528 3613 578 est
3643 542 3742 593 sy-

217 615 520 686 episcopus
573 613 714 667 dixit
760 631 772 666 :
815 613 873 667 Si
930 613 1282 684 principibus
1329 615 1624 683 placuerit,
1671 614 1914 684 aliisque

216 703 332 756 suis
381 702 672 767 ﬁdelibus,
706 718 979 772 rogemus
1008 707 1072 755 ut
1102 703 1460 756 collaudetur
1503 708 1559 756 et
1588 703 1914 758 subscriba-

215 796 330 845 tur.
365 792 433 844 Et
487 790 878 844 collaudatum
928 795 1033 856 est,
1065 797 1122 845 et
1167 791 1550 861 subscriptum
1601 797 1706 856 est,
1737 797 1856 845 tam
1883 810 1916 846 a

216 879 500 949 principe,
531 896 702 949 quam
733 896 763 931 a
793 879 1007 932 caeteris
1037 879 1323 932 omnibus.

673 967 800 1020 CAP.
831 969 918 1021 VI.
951 998 1018 1006 —
1051 968 1132 1020 De
1161 967 1344 1021 eadem
1371 983 1448 1021 re.

288 1056 407 1118 (Ex
455 1055 676 1110 concilio
722 1056 1081 1121 Triburiensi,
1132 1058 1308 1124 capite
1361 1060 1411 1109 l.
1464 1057 1787 1127 Capitutum
1833 1076 1914 1114 ec-

215 1145 454 1199 clesiast.
502 1145 652 1213 apud
708 1145 1019 1197 Triburiam
1066 1160 1099 1197 a
1137 1145 1325 1200 Carolo
1378 1149 1429 1198 et
1476 1147 1668 1213 primis
1719 1148 1917 1201 Gallia

215 1237 264 1286 et
323 1232 626 1286 Germania
690 1233 1058 1286 collaudatum
1118 1237 1170 1284 et
1219 1232 1630 1303 subscriptum.)
1697 1236 1914 1289 Placuit

217 1320 381 1373 nobis
429 1325 486 1372 et
515 1320 776 1374 ﬁdelibus
831 1320 1060 1385 nostris,
1109 1325 1174 1372 ut
1221 1320 1366 1374 sicut
1416 1322 1488 1375 ab
1527 1321 1812 1393 episcopis
1859 1329 1916 1378 et

214 1407 452 1476 reliquis
501 1407 888 1461 sacerdotibus
927 1423 992 1461 ac
1019 1409 1121 1462 Dei
1169 1408 1368 1477 servis,
1418 1410 1531 1462 alio
1561 1426 1712 1465 anno
1761 1413 1913 1481 apud

214 1496 537 1550 Theodonis
569 1496 760 1549 villam
805 1497 1087 1551 admoniti
1119 1497 1334 1551 fuimus
1365 1504 1422 1552 et
1450 1500 1652 1570 rogati,
1695 1505 1759 1554 ut
1788 1501 1912 1570 epi-

214 1585 366 1653 scopi
401 1589 459 1637 et
488 1600 687 1638 eorum
733 1585 980 1638 ministri
1022 1602 1164 1657 quos
1194 1589 1342 1640 Deus
1372 1603 1474 1641 suo
1507 1604 1625 1642 non
1657 1589 1912 1644 humano

207 1671 426 1740 judicio
474 1674 803 1738 reservavit,
846 1675 1008 1744 juxta
1052 1679 1380 1728 sanctorum
1429 1691 1737 1742 canonum,
1787 1694 1914 1730 san-

213 1765 549 1831 ctorumque
598 1767 849 1830 patrum,
898 1779 961 1816 ac
1007 1764 1408 1833 capitularium
1460 1767 1909 1835 praecedentium
1941 1803 1984 1858 Β

214 1864 416 1917 regum
463 1865 658 1902 coram
693 1851 1016 1920 positorum
1051 1856 1282 1917 statuta,
1331 1859 1389 1906 et
1418 1853 1518 1906 Dei
1569 1855 1908 1921 sacerdotes,

214 1952 530 2006 eorumque
595 1942 1027 2008 cooperatores,
1091 1956 1341 2010 quorum
1407 1941 1912 1997 intercessionibus

213 2026 726 2094 supplicationibus
776 2032 969 2082 sancta
1018 2029 1120 2082 Dei
1169 2029 1413 2083 Ecclesia
1454 2036 1714 2084 constare
1760 2034 1912 2086 vide-

211 2115 324 2178 tur,
374 2112 571 2166 intacti
627 2120 1024 2184 permaneant.
1090 2115 1526 2181 Constituimus,
1578 2122 1642 2171 ut
1689 2119 1736 2171 si
1784 2119 1914 2189 quis

213 2201 623 2255 subdiaconum
682 2203 1064 2257 calumniatus
1138 2205 1354 2273 fuerit,
1410 2210 1467 2258 et
1521 2207 1909 2272 convaluerit,

210 2288 550 2358 poenitentia
605 2290 880 2344 canonica
917 2291 1213 2360 paeniteat,
1275 2299 1330 2346 et
1365 2293 1490 2347 CCC
1539 2295 1746 2348 solidos
1796 2297 1915 2365 epi-

212 2392 384 2446 scopo
418 2385 742 2448 componat.
775 2381 840 2433 Et
869 2379 915 2432 si
950 2385 1211 2433 mortuus
1255 2382 1450 2449 fuerit,
1478 2384 1641 2451 juxta
1669 2383 1723 2438 id
1758 2385 1912 2453 quod

211 2481 457 2519 canones
507 2467 856 2536 praecipiunt
883 2467 1178 2536 poeniteat,
1230 2475 1287 2522 et
1334 2470 1504 2525 CCCC
1535 2472 1747 2526 solidos
1789 2473 1911 2542 epi-

213 2570 388 2623 scopo
419 2561 744 2624 componat.
779 2555 836 2610 Si
867 2556 1170 2610 diaconum
1205 2557 1334 2626 quis
1371 2559 1753 2613 calumniatus
1783 2561 1912 2616 fue—

211 2642 306 2706 rit,
358 2647 414 2695 et
443 2644 816 2712 convaluerit,
869 2645 1146 2714 paeniteat
1183 2648 1500 2700 secundum
1543 2665 1808 2716 canones,
1857 2656 1914 2704 et

213 2730 383 2784 CCCC
433 2731 647 2784 solidos
690 2732 958 2802 episcopo
988 2740 1314 2804 componat.
1348 2735 1406 2790 Si
1453 2753 1568 2790 non
1606 2740 1910 2792 convalue-

212 2819 308 2884 rit,
344 2819 507 2888 juxta
555 2826 841 2890 praacepta
888 2823 1212 2890 synodalica
1258 2823 1552 2892 poeniteat,
1595 2831 1652 2879 et
1683 2827 1770 2880 DC
1822 2843 1912 2880 so-

211 2908 357 2961 lidos
403 2908 672 2979 episcopo
717 2916 1041 2980 componat.
1075 2911 1134 2966 Si
1179 2913 1578 2981 presbyterum
1610 2914 1738 2984 quis
1764 2915 1912 2968 male

212 2996 559 3060 tractaverit,
606 3002 662 3050 et
707 2999 1070 3067 spassaverit,
1121 3001 1437 3054 secundum
1488 3001 1610 3070 ejus
1659 3001 1910 3072 episcopi

213 3086 559 3138 sententiam
620 3087 914 3155 pmniteat,
986 3093 1043 3141 et
1099 3088 1314 3143 DCCCC
1375 3089 1588 3142 solidos
1644 3092 1912 3160 episcopo

214 3178 540 3242 componat.
601 3174 659 3228 Si
714 3179 907 3227 autem
981 3181 1241 3228 mortuus
1296 3177 1488 3241 fuerit,
1550 3182 1610 3230 ut
1667 3180 1912 3248 synodus

215 3261 631 3330 dijudicaverit,
665 3263 964 3330 poeniteat,
997 3268 1051 3315 et
1079 3264 1234 3317 mille
1279 3265 1363 3319 CC
1403 3265 1615 3320 solidos
1645 3267 1913 3338 episcopo

213 3354 539 3416 componat.
599 3349 662 3400 Et
711 3349 761 3401 si
814 3349 942 3418 quis
1001 3351 1269 3419 episcopo
1323 3351 1556 3406 insidias
1617 3357 1911 3422 posuerit,

214 3436 739 3505 comprehenderit,
785 3437 872 3490 vel
902 3437 960 3489 in
992 3437 1186 3508 aliquo
1218 3439 1700 3510 dehonestaverit,
1732 3444 1913 3512 poeni-

216 3529 335 3577 teat
377 3524 694 3578 secundum
740 3541 1028 3578 canonum
1079 3531 1310 3590 statuta,
1347 3532 1402 3580 et
1432 3528 1750 3598 presbyteri
1796 3546 1914 3583 non

214 3612 387 3665 occisi
426 3611 710 3680 triplicem
743 3613 1240 3684 compositionem,
1283 3631 1414 3668 cum
1453 3614 1662 3669 instilis
1695 3633 1823 3688 quze
1854 3618 1914 3671 in

215 3699 498 3770 superiori
531 3701 782 3770 capitulo
813 3701 1060 3770 scriptze,
1095 3707 1152 3754 et
1182 3703 1538 3757 conﬁrmatae
1568 3721 1691 3758 esse
1724 3707 1916 3760 viden-

212 3792 326 3854 tur,
381 3795 708 3858 componat.
756 3789 812 3844 Si
859 3790 990 3860 quis
1037 3806 1140 3860 per
1187 3791 1530 3845 industriam
1582 3794 1912 3864 episc0pum

213 3877 504 3944 occiderit,
551 3879 716 3947 juxta
757 3878 816 3931 id
865 3879 1018 3949 quod
1066 3880 1218 3949 apud
1277 3881 1599 3934 Theodonis
1646 3883 1840 3936 villam
1881 3900 1915 3936 a

211 3966 402 4020 XXXII
453 3967 736 4036 episcopis
783 3967 1078 4020 decretum
1119 3971 1223 4034 est,
1259 3973 1316 4021 et
1363 3969 1514 4037 quod
1554 3969 1637 4022 ibi
1686 3986 1719 4022 a
1747 3971 1915 4024 nobis

215 4059 272 4106 et
301 4070 334 4105 a
362 4054 705 4124 primatibus
742 4058 916 4107 totius
961 4056 1301 4121 Germaniae,
1333 4061 1388 4107 et
1416 4056 1629 4124 Gallias,
1666 4058 1916 4129 benigna

214 4141 634 4195 collaudatione
687 4142 1074 4195 collaudatum
1116 4149 1220 4210 est,
1266 4148 1324 4196 et
1374 4144 1757 4213 subscriptum
1809 4153 1911 4214 est,

218 4229 511 4298 paaniteat,
546 4235 603 4282 et
651 4230 958 4299 pecuniam
1000 4247 1032 4282 a
1063 4230 1229 4282 nobis
1277 4246 1602 4285 concessam
1657 4233 1916 4288 Ecclesiae

216 4318 464 4372 viduatae
496 4319 802 4388 persolvat.
841 4319 905 4370 Et
942 4319 1052 4371 hoc
1083 4319 1150 4371 de
1182 4323 1376 4372 nostro
1407 4319 1738 4389 adjecimus,
1774 4326 1836 4374 ut
1865 4322 1912 4374 si
1944 4346 1987 4398 ι)

217 4407 343 4477 quis
375 4407 436 4460 in
485 4407 574 4460 his
624 4406 967 4477 supradictis
1017 4411 1344 4460 sanctorum
1377 4423 1666 4460 canonum
1704 4410 1913 4463 nostri-

217 4513 328 4566 que
393 4496 605 4550 decreti
662 4495 1071 4560 sanctionibus,
1134 4495 1414 4566 episcopis
1467 4495 1803 4552 inobediens
1860 4503 1916 4550 et

215 4589 525 4639 contumax
574 4587 846 4652 extiterit,
897 4585 1150 4655 primum
1197 4585 1470 4637 canonica
1514 4585 1798 4640 sententia
1839 4587 1916 4640 fe-

217 4673 415 4727 riatur.
471 4674 684 4732 Deinde
733 4674 792 4727 in
825 4679 1021 4727 nostro
1068 4689 1247 4742 regno
1282 4672 1626 4727 beneﬁcium
1669 4690 1784 4726 non
1812 4674 1913 4727 ha-

215 4761 366 4824 beat,
401 4767 456 4814 et
482 4763 659 4816 alodis
690 4763 812 4832 ejus
838 4762 898 4815 in
923 4761 1179 4816 bannum
1213 4762 1492 4827 mittatur,
1535 4765 1592 4814 et
1623 4762 1668 4814 si
1697 4778 1914 4816 annum

217 4866 398 4903 unum
430 4856 487 4903 et
515 4851 668 4904 diem
719 4856 914 4903 nostro
946 4851 1137 4904 hanno
1184 4850 1566 4920 permanserit
1613 4850 1683 4903 ad
1713 4850 1916 4904 ﬁscum

216 4943 476 4993 nostrum
519 4938 834 5008 redigatur,
867 4944 923 4991 et
949 4946 1148 5008 captus
1180 4939 1240 4992 in
1266 4939 1502 4992 exilium
1535 4939 1827 5008 religetur,
1861 4943 1917 4992 et

217 5027 298 5080 ibi
348 5031 469 5081 tam
526 5027 625 5080 diu
684 5026 1040 5080 custodiatur
1109 5033 1166 5080 et
1216 5026 1678 5096 constringatur,
1737 5027 1919 5082 donec

214 5119 442 5169 coactus
500 5117 635 5182 Deo,
691 5121 748 5168 et
793 5119 998 5168 sanctae
1059 5114 1319 5168 Ecclesiae
1377 5116 1706 5180 satisfaciat,
1761 5116 1918 5186 quod

215 5205 378 5274 prius
434 5204 610 5275 gratis
659 5204 843 5258 facere
899 5204 1181 5258 noluerat.
1237 5205 1302 5257 Et
1340 5203 1389 5256 si
1436 5205 1702 5257 omnibus
1759 5205 1919 5257 vobis

215 5292 674 5363 complacuerint
717 5293 906 5346 dicite.
945 5293 1011 5346 Et
1066 5292 1235 5346 tertio
1266 5292 1337 5344 ab
1378 5292 1644 5346 omnibus
1701 5294 1920 5347 concla-

218 5387 440 5436 matum
490 5387 596 5445 est,
639 5383 843 5451 placet.
899 5383 964 5435 Et
1009 5382 1407 5450 imperatores,
1445 5386 1501 5434 et
1541 5398 1688 5450 pene
1719 5397 1918 5435 omnes

219 5470 417 5523 Galliae
459 5475 516 5524 et
557 5471 877 5524 Germaniae
925 5470 1215 5540 principes
1262 5470 1746 5539 subscripserunt,
1797 5470 1915 5522 sin-

220 5557 341 5625 guli
386 5557 640 5627 singulas
670 5559 942 5611 facientes
985 5575 1198 5624 cruces,
1233 5563 1286 5611 et
1322 5557 1743 5610 Ecclesiasticus
1775 5559 1917 5611 ordo

224 5645 337 5696 Deo
387 5649 444 5696 et
482 5646 839 5715 principibus
891 5646 1082 5699 laudes
1123 5647 1432 5700 referentes
1484 5647 1788 5715 hymnum,
1841 5647 1918 5700 Te

2022 617 2229 669 nodus.

2488 705 2615 760 CAP.
2646 705 2762 757 VII.
2791 733 2857 742 -—-
2890 706 2964 758 De
2995 704 3179 757 eadem
3199 718 3270 756 re.

2097 795 2201 861 (Em
2240 795 2462 848 concilio
2512 795 2778 859 Mogunt.,
2810 795 2986 860 capite
3029 793 3144 858 24.)
3181 791 3288 855 Qui
3326 791 3743 861 presbyterum

2023 882 2296 936 occiderit
2325 883 2426 935 XII
2476 897 2763 934 annorum
2810 881 2861 932 ei
2903 880 3243 949 peanitentia
3292 881 3607 934 secundum
3641 896 3742 933 ca-

2022 986 2202 1022 nones
2249 969 2580 1039 imponatur
2629 973 2726 1021 aut
2753 967 2802 1020 si
2842 968 3158 1038 negaverit,
3189 969 3237 1021 si
3269 968 3411 1020 liber
3456 973 3558 1034 est,
3593 984 3736 1022 cum

2025 1059 2212 1114 LXXII
2253 1059 2425 1127 juret.
2481 1057 2540 1111 Si
2566 1062 2758 1111 autem
2803 1072 3016 1120 servus,
3053 1072 3226 1126 super
3273 1055 3573 1110 duodecim
3627 1073 3733 1110 vo-

2023 1163 2210 1201 meres
2240 1147 2522 1200 ferventes
2565 1162 2623 1199 se
2651 1151 2947 1215 expurget.
3002 1140 3303 1199 Convictus
3333 1161 3494 1198 noxa
3543 1161 3734 1215 usque

2023 1236 2094 1289 ad
2124 1236 2397 1288 ultimum
2447 1234 2574 1288 vitae
2624 1239 2853 1304 tempus
2897 1233 3116 1287 militias
3147 1234 3378 1303 cingulo
3425 1238 3633 1299 careat,
3668 1238 3732 1287 et

2022 1325 2239 1394 absque
2272 1340 2370 1393 spe
2402 1323 2656 1392 conjugii
2689 1333 2937 1376 maneat.

2188 1412 2318 1465 CAP.
2361 1412 2500 1464 Vlll.
2531 1441 2598 1448 —
2627 1413 2699 1464 De
2722 1410 3162 1476 interfectoribus
3189 1410 3547 1464 sacerdotum.

2095 1503 2206 1567 (Ea:
2252 1501 2474 1554 concilio
2517 1501 2900 1563 Wormacien.,
2957 1502 3133 1567 capite
3181 1498 3258 1567 3.)
3295 1499 3404 1562 Qui
3453 1499 3732 1552 sacerdo-

2021 1591 2137 1640 tem
2192 1587 2511 1641 voluntarie
2562 1587 2854 1652 occiderit,
2904 1602 3132 1639 carnem
3176 1603 3291 1639 non
3335 1587 3619 1651 comedat,
3667 1591 3730 1639 ct

2020 1677 2219 1729 vinum
2266 1692 2379 1729 non
2428 1675 2588 1729 bibat
2630 1675 2848 1728 cunctis
2893 1675 3094 1728 diebus
3138 1676 3265 1728 vitae
3306 1692 3445 1729 sum.
3493 1675 3728 1743 Jejunet

2021 1781 2203 1834 usque
2232 1764 2303 1818 ad
2331 1780 2650 1833 vesperam,
2700 1763 2951 1832 exceptis
2999 1763 3196 1816 diebus
3227 1760 3383 1815 festis
3423 1769 3595 1832 atque
3627 1763 3728 1816 do-

2023 1852 2281 1914 minicis;
2335 1867 2496 1905 arma
2554 1867 2670 1904 non
2720 1857 2930 1917 sumat,
2985 1866 3199 1921 equum
3258 1868 3373 1904 non
3426 1851 3726 1919 ascendat,

2024 1940 2329 1994 Ecclesiam
2375 1956 2480 2010 per
2526 1940 2782 2011 quinque
2834 1955 3012 2015 annos
3042 1955 3160 1993 non
3194 1940 3575 2010 ingrediatur,
3621 1941 3728 1994 sed

2022 2037 2155 2084 ante
2183 2032 2332 2084 fores
2377 2031 2640 2083 Ecclesia
2684 2034 2811 2082 stet.
2846 2031 2978 2082 Post
3011 2029 3270 2100 quinque
3320 2045 3500 2081 annos
3527 2029 3726 2082 Eccle-

2021 2120 2165 2174 siam
2223 2119 2600 2189 ingrediatur,
2651 2118 2913 2171 nondum
2964 2134 3100 2170 vero
3155 2117 3559 2182 communicet,
3620 2118 3727 2171 sed

2021 2208 2173 2262 inter
2217 2208 2516 2261 audientes
2566 2212 2691 2261 stet.
2739 2209 2879 2262 Cum
2931 2211 3122 2261 autem
3172 2207 3344 2260 fuerit
3395 2206 3727 2260 duodecimi

2021 2295 2158 2349 anni
2189 2313 2388 2348 cursus
2419 2295 2640 2359 ﬁnitus,
2672 2295 3131 2349 communicandi
3173 2295 3227 2348 ei
3257 2294 3489 2347 licentia
3519 2311 3724 2349 conce-

2021 2385 2208 2450 datur,
2250 2389 2307 2437 et
2349 2383 2646 2452 equitandi
2695 2382 2983 2436 tribuatur
3024 2382 3306 2435 remissio.
3355 2383 3579 2436 Maneat
3625 2398 3724 2435 au-

2020 2477 2135 2526 tem
2183 2472 2244 2525 in
2289 2471 2528 2541 reliquis
2566 2471 3058 2524 observationibus
3105 2476 3219 2524 tres
3265 2469 3385 2523 dies
3429 2486 3532 2540 per
3574 2469 3727 2524 heb—

2019 2561 2344 2626 domadam,
2377 2565 2442 2612 ut
2471 2559 2781 2628 perfectius
2807 2559 3100 2627 puriﬁcari
3126 2565 3438 2611 mereatur.

2094 2651 2227 2704 CAP.
2262 2651 2350 2704 1x.
2385 2679 2453 2687 -—
2485 2651 2556 2702 De
2575 2649 2910 2717 presbyteris
2942 2648 3219 2716 depositis,
3253 2652 3302 2700 et
3330 2649 3409 2700 sic
3440 2648 3650 2701 occisis.

2094 2739 2204 2807 (Ea:
2233 2739 2418 2792 concit.
2479 2739 2785 2801 Turonico.,
2833 2751 2952 2803 cap.
3006 2735 3082 2804 3.)
3113 2735 3455 2788 Nuntiatum
3483 2739 3569 2788 est
3621 2751 3724 2788 no-

2019 2825 2124 2886 bis,
2157 2826 2312 2895 quod
2359 2823 2540 2894 aliqui
2572 2825 2711 2876 olim
2759 2823 3026 2876 dixerunt
3071 2839 3130 2875 se
3162 2823 3334 2876 fuisse
3378 2823 3723 2888 sacerdotes,

2021 2920 2078 2968 et
2115 2918 2316 2984 postea
2367 2913 2667 2983 degradati
2713 2929 2817 2982 pro
2867 2911 2984 2964 suis
3031 2912 3275 2981 peccatis
3326 2911 3727 2980 paenitentiam

2022 3002 2270 3072 agendo,
2303 3001 2576 3068 sulfragia
2623 3005 2946 3053 sanctorum
2979 3015 3080 3068 per
3125 3000 3349 3052 diversa
3377 3001 3500 3052 loca
3537 3004 3727 3052 trans-

2023 3096 2226 3144 euntes
2270 3090 2644 3160 quazsierunt,
2697 3087 2967 3141 trucidati
3014 3087 3144 3140 sint.
3195 3087 3603 3156 Hujuscemodi
3634 3088 3726 3140 in-

2022 3177 2424 3232 terfectoribus
2454 3192 2685 3229 omnem
2715 3175 3151 3228 ecclesiasticam
3181 3175 3522 3244 dignitatem
3555 3175 3728 3228 dene-

2023 3283 2246 3335 gamus,
2297 3266 2480 3319 donec
2533 3265 2766 3333 dignam
2815 3263 3216 3332 paenitentiam
3265 3279 3366 3332 pro
3410 3269 3570 3315 reatu
3619 3278 3725 3314 suo

2023 3355 2337 3409 secundum
2391 3353 2673 3422 judicium
2726 3353 3127 3422 episcoporum
3181 3353 3477 3404 exsolvant
3525 3368 3538 3404 :
3587 3351 3724 3421 quia

2023 3443 2252 3514 gravius
2281 3442 2407 3494 aliis
2437 3441 2743 3496 homicidis
2773 3441 3052 3510 poenitere
3079 3439 3307 3492 debent.

2021 3533 2152 3586 CAP.
2186 3531 2254 3584 X.
2308 3561 2376 3568 —
2422 3533 2494 3584 De
2523 3530 2851 3599 presbyteris
2881 3531 2978 3597 qui
3018 3530 3132 3580 sine
3164 3530 3343 3580 orario
3381 3527 3720 3580 occiduntur.

2096 3622 2202 3690 (Ea:
2247 3620 2466 3673 concilio
2514 3619 2756 3682 Tribur.,
2810 3619 2897 3670 cui
2940 3619 3196 3680 interfuit
3241 3631 3340 3668 rere
3387 3615 3726 3683 Arnolphus,

2022 3725 2145 3779 cap.
2197 3707 2313 3778 26.)
2373 3709 2441 3761 Ut
2469 3706 2788 3776 presbyteri
2839 3722 2953 3758 non
3004 3705 3232 3770 vadant,
3267 3705 3378 3757 nisi
3434 3705 3580 3757 stola
3633 3705 3726 3757 vel

2023 3798 2216 3852 orario
2247 3795 2453 3850 induti.
2491 3798 2556 3850 Et
2583 3796 2632 3849 si
2673 3795 2732 3847 in
2772 3794 2976 3847 itinere
3007 3793 3347 3861 spoliantur,
3393 3793 3479 3845 vel
3528 3793 3723 3846 vulne-

2019 3892 2242 3953 rantur,
2294 3890 2393 3938 aut
2439 3885 2795 3949 occiduntur,
2856 3898 2968 3935 non
3011 3882 3156 3934 stola
3205 3880 3414 3942 vestiti,
3475 3881 3722 3950 simplici

2023 3971 2427 4026 emendatione
2485 3986 2587 4023 sua
2639 3970 2950 4022 solvantur.
3007 3968 3065 4022 Si
3122 3973 3314 4020 autem
3370 3984 3502 4020 cum
3555 3968 3718 4033 stola,

2023 4060 2255 4132 triplici.

2023 4169 2154 4222 CAP.
2202 4165 2290 4218 XI.
2345 4194 2415 4201 ——
2446 4165 2527 4216 De
2583 4162 2896 4230 presbytero
2942 4163 3244 4224 interfecto,
3295 4160 3369 4212 ad
3423 4175 3579 4226 quem
3607 4163 3726 4228 ejus

2556 4234 2866 4299 compositio
2901 4234 3188 4300 pertineat.

2101 4327 2212 4394 (Ea:
2261 4321 2459 4386 eodem,
2509 4336 2628 4389 cap.
2678 4321 2756 4388 ὅ.)
2805 4319 3122 4387 Presbyteri
3158 4317 3442 4370 interfecti
3494 4333 3725 4387 compo-

2023 4413 2154 4467 sitio
2202 4411 2469 4479 episcopo
2517 4410 2584 4462 ad
2619 4409 2781 4477 cujus
2811 4406 3142 4476 parochiam
3173 4407 3527 4475 pertinebat,
3551 4408 3728 4458 solva-

2021 4507 2144 4565 tur,
2199 4501 2278 4552 ita
2335 4498 2625 4561 videlicet,
2699 4501 2763 4549 ut
2825 4495 3190 4548 medietatem
3249 4493 3543 4564 Wirigeldi
3602 4496 3726 4563 ejus

2025 4590 2330 4658 episcopus
2373 4585 2720 4639 utilitatibus
2771 4585 3028 4638 Ecclesiae
3063 4583 3154 4635 cui
3201 4583 3452 4652 praefuit,
3487 4582 3721 4646 tribuat,

2026 4683 2082 4730 et
2128 4677 2366 4729 alteram
2417 4674 2780 4727 medietatem
2837 4673 2895 4741 in
2943 4673 3367 4741 eleemosynam
3402 4672 3524 4740 ejus
3571 4671 3723 4740 juste

2026 4765 2341 4836 dispertiat,
2393 4763 2529 4833 quia
2562 4764 2754 4814 nullus
2803 4761 2969 4814 nobis
3016 4761 3138 4829 ejus
3178 4761 3360 4812 haeres
3409 4757 3725 4828 proximior

2025 4852 2270 4915 videtur,
2300 4866 2470 4920 quam
2499 4851 2595 4902 ille
2623 4849 2723 4919 qui
2750 4849 2940 4918 ipsum
2974 4848 3217 4901 Domino
3247 4846 3499 4900 sociavit.

2027 4960 2155 5012 CAP.
2189 4958 2302 5011 Χῐῐ.
2327 4988 2395 4994 -
2428 4957 2508 5009 De
2535 4957 2645 5009 illis
2690 4959 2786 5023 qui
2811 4971 2909 5022 per
2938 4955 3172 5007 insidias
3221 4953 3569 5006 homicidium
3598 4967 3721 5020 per-

2697 5027 3048 5093 petraverint.

2101 5119 2216 5183 (Ea:
2246 5117 2433 5170 concil.
2477 5117 2796 5179 Nanneten.,
2841 5128 2960 5180 cap.
2992 5112 3072 5180 9..)
3123 5111 3180 5166 Si
3211 5111 3339 5180 quis
3385 5110 3720 5176 voluntarie,

2028 5210 2084 5259 et
2119 5220 2219 5275 per
2267 5203 2504 5256 insidias
2535 5202 2827 5254 hominem
2878 5200 3250 5263 interfecerit,
3276 5199 3404 5268 jugi
3453 5199 3724 5268 poeniten-

2027 5294 2122 5347 tiae
2154 5309 2212 5346 se
2271 5292 2587 5345 submittat.
2624 5291 2693 5344 Et
2725 5291 2769 5342 si
2803 5290 2908 5342 hoc
2963 5289 3189 5358 publice
3247 5294 3434 5341 actum
3483 5291 3720 5351 constat,

2028 5383 2073 5434 si
2105 5381 2279 5434 laicus
2325 5385 2428 5443 est,
2461 5395 2494 5431 a
2524 5377 2932 5431 communione
2972 5376 3298 5428 orationum
3326 5375 3721 5444 quinquennio

2028 5473 2408 5524 removeatur.
2464 5470 2598 5520 Post
2643 5465 3107 5537 quinquennium
3156 5470 3379 5517 tantum
3412 5463 3470 5516 in
3521 5464 3723 5515 oratio-

2029 5572 2168 5610 num
2217 5554 2685 5609 communionem
2733 5553 3064 5622 recipiatur,
3100 5568 3214 5604 non
3267 5556 3453 5603 autem
3504 5550 3718 5616 oﬁ‘erat,

2028 5660 2148 5699 non
2202 5659 2410 5713 corpus
2467 5641 2695 5694 Domini
2745 5641 3067 5710 contingat.
3137 5641 3199 5693 In
3245 5655 3360 5709 quo
3407 5638 3721 5708 perdurans
