3966 6426
149 384 257 433 769

1151 375 1629 431 DECRETORUM
1671 375 1862 432 LIBRI
1901 379 2009 433 XX.
2050 407 2119 415 —
2158 378 2367 432 LIBER
2409 378 2692 434 SEXTUS.

3573 390 3680 439 7‘70

149 500 596 570 quatuordecim
647 497 831 562 annis,
854 501 989 550 tunc
1033 497 1104 550 ad
1129 498 1356 567 plenam
1387 498 1854 552 communionem
1888 502 1931 554 Α
2042 500 2107 551 Et
2129 498 2362 565 idcirco,
2391 501 2437 552 si
2461 501 2755 553 voluntate
2776 502 2864 555 vel
2884 504 3233 573 negligentia
3260 506 3568 561 incidentis
3590 525 3678 562 ar-

152 606 287 642 cum
326 587 717 642 oblationibus
761 586 1092 656 recipiatur.

234 678 366 731 CAP.
401 677 545 731 XIII.
579 706 647 715 —
675 677 808 729 Item
841 675 906 727 de
937 676 1225 728 homicidio
1264 680 1450 744 sponte
1478 680 1773 730 commisso.

223 764 338 835 (Ea:
395 754 583 819 concil.
651 766 948 829 Ancirano,
1012 780 1130 832 cap.
1209 765 1323 835 21.)
1376 765 1483 827 Qui
1538 765 1863 818 voluntarie

148 854 533 908 homicidium
595 853 853 919 fecerint,
925 854 1277 923 paenitentia:
1348 854 1581 924 quidem
1645 855 1864 923 jugiter

149 944 496 997 submittant
522 958 599 1007 se,
645 942 1061 1013 perfectionem
1107 959 1241 996 vero
1273 943 1421 995 circa
1469 944 1599 997 vitae
1646 944 1863 997 exitum

153 1048 482 1102 censequan
492 1037 603 1085 tur.

605 1120 732 1173 CAP.
765 1120 902 1175 XIV.
936 1150 1001 1159 --
1032 1122 1108 1173 De
1134 1120 1316 1173 eadem
1348 1136 1424 1173 re.

226 1210 337 1277 (Ex
365 1209 554 1262 concil.
587 1210 879 1272 Pariensi.,
921 1224 1040 1276 cap.
1104 1209 1177 1274 6.)
1219 1208 1276 1261 Si
1331 1208 1460 1278 quis
1488 1208 1866 1261 homicidium

150 1304 357 1367 sponte
407 1296 781 1361 commiserit,
826 1302 881 1349 et
938 1313 1055 1349 non
1107 1296 1358 1349 violento
1417 1298 1707 1362 resistens,
1765 1297 1865 1350 sed

151 1387 269 1439 vim
299 1386 535 1449 faciens,
573 1385 939 1438 innocentem
993 1390 1050 1437 et
1105 1384 1443 1454 simpliciter
1502 1385 1863 1454 gradientem

151 1475 528 1539 interfecerit,
563 1490 744 1543 usque
776 1476 845 1527 ad
878 1474 1051 1526 ﬁnem
1094 1473 1221 1526 vitaz
1251 1490 1364 1526 suae
1396 1474 1649 1542 graviter
1678 1473 1863 1543 poeni-

153 1569 294 1626 teat,
329 1564 409 1616 sic
452 1568 668 1628 tamen,
712 1569 773 1616 ut
817 1563 863 1614 si
914 1562 1313 1631 paenitentiam
1365 1564 1509 1615 bene
1555 1562 1865 1632 peregerit,

156 1653 217 1704 in
249 1651 406 1703 exitu
438 1651 487 1703 ei
519 1650 944 1703 communionis
975 1650 1245 1702 viaticum
1274 1666 1388 1702 non
1420 1656 1683 1718 negetur.

264 1740 395 1793 CAP.
433 1740 540 1792 XV.
571 1768 641 1779 —
675 1741 750 1792 De
797 1738 1084 1791 homicidio
1114 1754 1219 1791 non
1247 1744 1432 1806 sponte
1462 1740 1757 1791 commisso.

222 1831 336 1895 (Em
366 1828 552 1880 concil.
585 1830 880 1889 Ancirano,
926 1843 1045 1894 cap.
1098 1828 1213 1891 22.)
1268 1828 1345 1879 De
1392 1826 1720 1879 homicidiis
1750 1842 1867 1878 non

148 1922 357 1986 sponte
391 1916 711 1968 commissis
742 1916 901 1984 prior
927 1916 1162 1985 quidem
1187 1916 1467 1981 deﬁnitio,
1492 1922 1621 1984 post
1641 1921 1870 1984 septen-

151 2022 287 2058 nem
336 2003 756 2073 paenitentiam,
802 2004 1213 2073 perfectionem
1259 2003 1536 2073 consequi
1587 2003 1865 2074 praecipit.

151 2093 422 2146 Secunda
452 2107 585 2144 vero
623 2091 1009 2160 quinquennii
1041 2096 1269 2160 tempus
1299 2092 1544 2161 explere.

617 2183 739 2234 Car.
771 2180 901 2233 XVI.
946 2209 1013 2220 —
1036 2183 1110 2233 De
1138 2181 1320 2232 eadem
1352 2196 1426 2233 re.

226 2268 340 2337 (Ea;
369 2270 558 2321 concil.
609 2270 934 2332 Nanneten.,
977 2283 1097 2335 cap.
1150 2270 1231 2335 2.)
1283 2267 1340 2320 Si
1398 2267 1527 2337 quis
1576 2283 1708 2321 casu
1753 2283 1870 2320 non

154 2359 376 2420 volens,
412 2355 793 2409 homicidium
834 2356 1271 2424 perpetraverit,
1325 2356 1708 2426 quadraginta
1750 2356 1869 2409 dies

152 2448 206 2499 in
242 2462 399 2515 pane
429 2450 486 2498 et
515 2461 663 2513 aqua
711 2444 1002 2513 paeniteat.
1056 2444 1273 2507 Quibus
1307 2444 1573 2513 peractis,
1634 2442 1868 2496 biennio

152 2538 220 2590 ab
284 2536 553 2589 oratione
602 2535 859 2587 ﬁdelium
908 2541 1260 2604 segregetur,
1322 2550 1441 2586 non
1490 2534 1873 2586 communicet

156 2642 260 2677 nec
285 2625 516 2690 offerat,
551 2629 679 2692 post
704 2623 1004 2675 biennium
1050 2624 1109 2675 in
1140 2623 1609 2676 communionem
1652 2623 1871 2675 oratio-

161 2714 244 2766 nis
277 2712 634 2782 suscipiatur
668 2728 681 2764 :
717 2712 917 2764 offerat
967 2718 1181 2775 autem,
1218 2728 1333 2764 non
1384 2716 1577 2764 tamen
1608 2727 1867 2764 commu-

164 2802 333 2854 nicet.
372 2802 508 2853 Post
537 2798 1004 2869 quinquennium
1038 2799 1104 2851 ad
1142 2799 1374 2867 plenam
1400 2799 1869 2851 communionem

162 2889 497 2959 recipiatur,
544 2887 892 2940 abstinentia
934 2887 1193 2940 ciborum
1235 2887 1294 2940 in
1326 2887 1561 2940 arbitrio
1606 2887 1871 2941 sacerdo-

166 2979 236 3031 tis
265 2982 526 3030 maneat.

1970 587 2173 641 borem
2200 589 2414 642 factum
2444 596 2549 649 est,
2581 596 2643 642 ut
2670 591 2957 645 homicida
2985 594 3338 662 paenitentiae
3370 597 3539 651 debet
3560 614 3681 651 om-

1972 678 2112 730 nino
2134 676 2415 731 submitti.
2441 678 2603 741 Quod
2634 695 2751 731 non
2782 686 2929 745 voto,
2966 683 3061 734 sed
3097 682 3314 737 incuria
3361 685 3535 751 illius,
3564 703 3683 740 non

1973 766 2220 835 denique
2246 768 2527 819 sententia
2570 767 2867 837 contingit,
2904 770 3002 823 sed
3062 771 3198 824 dum
3229 772 3323 826 ille
3382 776 3545 843 operi
3584 792 3681 828 ne-

1972 854 2215 907 cessario
2248 854 2500 907 fortassis
2548 855 2909 909 incumberet
2954 857 3058 910 iste
3116 859 3441 929 insperatus
3485 880 3682 917 occur-

1972 942 2047 994 rit
2078 942 2181 994 sub
2222 942 2445 1007 arbore,
2485 949 2541 995 et
2597 943 2702 997 sub
2758 944 2881 1013 ipsa
2935 962 3240 1015 oppressus
3299 955 3400 1015 est,
3472 950 3683 1004 incisor

1974 1029 2193 1083 arboris
2218 1047 2335 1084 non
2370 1036 2599 1084 tenetur
2630 1048 2735 1101 pro
2768 1033 3072 1087 homicida.

2383 1120 2511 1172 Car.
2546 1120 2703 1174 XXII.
2737 1151 2805 1158 —
2850 1124 2922 1174 De
2952 1122 3141 1177 eadem
3174 1140 3251 1178 re.

2046 1206 2154 1275 (Ex
2227 1209 2450 1260 concilio
2524 1208 2768 1271 Tribur.,
2845 1212 2954 1276 17.)
3020 1210 3075 1263 Si
3158 1211 3272 1264 duo
3344 1212 3550 1266 fratres
3620 1214 3682 1268 in

1975 1294 2130 1363 sylva
2182 1295 2416 1348 arbores
2465 1296 2813 1349 succiderint
2865 1304 2921 1350 et
2960 1300 3465 1371 apprOpinquante
3514 1319 3681 1356 casu-

1974 1398 2038 1434 ra
2067 1382 2239 1435 unius
2268 1383 2508 1449 arboris,
2561 1385 2734 1437 frater
2800 1385 2960 1438 fratri
3019 1386 3230 1440 dixerit
3268 1405 3422 1456 cave,
3474 1395 3529 1444 et
3585 1392 3681 1444 ille

1974 1471 2202 1540 fugiens
2232 1471 2291 1524 in
2340 1489 2666 1541 pressuram
2715 1474 2934 1528 arboris
2980 1475 3262 1541 inciderit,
3315 1482 3372 1530 et
3416 1484 3682 1533 mortuus

1976 1560 2168 1624 fuerit,
2201 1559 2389 1611 vivens
2431 1561 2603 1613 frater
2652 1561 2926 1614 innocens
2973 1564 3039 1615 dc
3085 1564 3367 1633 sanguine
3416 1568 3679 1635 germani

1977 1648 2343 1716 dijudicetur.

1898 1784 1939 1837 Β
1979 1754 2109 1808 CAP.
2169 1754 2351 1807 XXIII.
2386 1785 2452 1793 —
2490 1759 2565 1810 De
2612 1757 2721 1809 illis
2762 1758 2943 1837 quiin
2967 1759 3183 1837 publico
3215 1759 3345 1813 bello
3384 1759 3680 1815 homicidia

2658 1830 3014 1881 committunt.

2051 1915 2163 1979 (Ear‘
2189 1915 2410 1966 concilio
2443 1916 2711 1979 Mogunt.,
2746 1918 2923 1983 capite
2972 1917 3049 1986 2.)
3108 1918 3347 1986 Oportet
3376 1923 3568 1972 autem
3596 1921 3681 1974 di-

1980 2000 2250 2069 ligentius
2281 2018 2376 2053 eos
2409 2002 2739 2067 admonere,
2774 2004 2874 2073 qui
2912 2003 3222 2058 homicidia
3261 2006 3322 2059 in
3353 2008 3503 2061 bello
3544 2026 3678 2078 per-

1958 2095 2201 2159 .petrata
2221 2105 2326 2158 pro
2354 2090 2537 2142 nihilo
2568 2091 2803 2153 ducunt,
2856 2098 3189 2146 excusantes
3240 2111 3353 2148 non
3395 2096 3524 2150 ideo
3574 2114 3682 2151 ne-

1979 2194 2133 2230 cesse
2190 2179 2399 2230 habere
2462 2178 2531 2231 de
2588 2179 2828 2246 singulis
2896 2180 3079 2233 facere
3135 2183 3555 2251 pamitentinm,
3616 2203 3682 2238 eo

1980 2267 2135 2337 quod
2156 2267 2321 2336 jussu
2361 2267 2687 2336 principum
2735 2275 3030 2338 peractum
3088 2271 3177 2335 sit,
3231 2276 3282 2324 et
3329 2272 3424 2325 Dei
3462 2274 3683 2343 judicio

1978 2356 2057 2408 ita
2094 2355 2343 2408 ﬁnitum.
2377 2355 2599 2409 Scimus
2642 2356 2818 2425 enim,
2857 2359 3008 2427 quod
3066 2359 3163 2411 Dei
3198 2359 3482 2428 judicium
3533 2379 3684 2415 sem-

1978 2460 2086 2512 per
2110 2444 2331 2512 justum
2363 2448 2467 2508 est,
2495 2450 2549 2495 et
2580 2446 2737 2497 nulla
2771 2446 3215 2515 reprehensione
3264 2447 3523 2517 dignum.
3578 2450 3682 2502 Sed

1980 2538 2174 2585 tamen
2208 2539 2439 2601 oportet
2468 2549 2563 2586 eos
2602 2534 2987 2597 considerare,
3023 2535 3121 2605 qui
3153 2536 3299 2589 hanc
3331 2554 3527 2590 necem
3579 2554 3685 2590 ne-

1981 2620 2181 2673 fariam
2213 2621 2477 2690 cupiunt,
2531 2626 2720 2674 utrum
2773 2639 2831 2675 se
2888 2639 3079 2676 coram
3129 2626 3308 2678 oculis
3359 2627 3474 2693 Dei,
3523 2627 3687 2697 quasi

1980 2709 2245 2761 innoxios
2304 2725 2574 2762 excusare
2632 2711 2870 2779 possint,
2925 2713 3023 2781 qui
3062 2720 3301 2781 propter
3364 2716 3684 2779 avaritiam,

1983 2813 2113 2867 qua:
2154 2798 2417 2850 omnium
2453 2800 2735 2851 malorum
2767 2800 2926 2853 radix
2958 2806 3062 2868 est,
3111 2807 3165 2854 et
3196 2802 3480 2855 idolorum
3518 2805 3688 2856 servi-

1982 2884 2091 2937 tuti
2148 2891 2538 2955 comparatur,
2593 2892 2765 2956 atque
2827 2893 3065 2956 propter
3129 2889 3377 2942 favorem
3414 2892 3686 2946 domino-

1982 2989 2110 3026 rum
2140 2989 2373 3027 suorum
2416 2976 2846 3044 temporalium,
2887 2981 3167 3029 aeternum
3208 2979 3511 3033 Dominum
3552 2998 3686 3034 con-

156 3083 279 3136 (λιι.
314 3082 481 3135 xv“.
517 3110 586 3122 _
616 3085 686 3135 De
715 3082 808 3134 ίιιο
834 3083 929 3148 qm-
957 3080 1174 3134 domino
1204 3096 1299 3134 suo
1325 3083 1671 3149 praecipiente
1699 3082 1867 3136 hami-
1901 3063 1940 3117 C
1978 3068 2360 3132 tempserunt,
2392 3068 2448 3116 et
2504 3064 2776 3117 mandata
2811 3064 2967 3117 illius
2997 3072 3349 3135 spernentes,
3387 3085 3498 3121 non
3531 3085 3685 3134 casu,

789 3153 993 3204 cidium
1026 3153 1242 3217 fecer-it.

220 3242 331 3308 (Ea:
376 3240 580 3304 eodem,
611 3256 730 3308 cap.
764 3243 877 3305 25.)
914 3240 969 3293 Si
1010 3241 1138 3310 quis
1170 3240 1315 3293 liber
1346 3240 1587 3309 jubente
1621 3239 1865 3295 Domino

155 3346 253 3383 suo
302 3345 541 3382 servum
590 3329 712 3397 ejus
763 3328 1055 3396 occiderit,
1103 3334 1165 3381 ut
1222 3328 1598 3381 homicidium
1665 3335 1867 3399 sponte

156 3418 534 3472 commissum
565 3417 858 3487 poeniteat.

160 3508 281 3561 CAP.
314 3508 525 3560 XVIII.
572 3536 643 3546 —
696 3510 768 3559 De
826 3506 919 3559 illo
968 3508 1063 3573 qui
1091 3521 1301 3558 servum
1328 3522 1485 3559 suum
1514 3508 1867 3571 interfecerit.

225 3598 330 3665 (Ea:
371 3596 559 3649 concil.
587 3595 885 3661 Agathen.,
914 3609 1032 3661 cap.
1067 3595 1174 3659 62.)
1205 3594 1264 3647 Si
1295 3594 1425 3663 quis
1455 3610 1682 3646 servum
1735 3610 1869 3663 pro-

80 3726 83 3735 .
162 3686 369 3753 prium,
405 3684 530 3737 sine
579 3682 926 3736 conscientia
951 3683 1040 3734 vel
1066 3682 1281 3750 judicio
1337 3682 1549 3751 judicis
1580 3682 1867 3749 occiderit,

172 3778 228 3825 ut
255 3771 640 3827 homicidium
664 3775 866 3840 sponte
894 3769 1265 3823 commissum
1301 3770 1515 3837 lugeat.

166 3880 286 3934 CAP.
320 3880 460 3935 XIX.
503 3908 572 3916 -ο
627 3880 699 3931 De
727 3879 935 3941 femina
983 3892 1101 3944 qua
1128 3878 1316 3940 furore
1347 3878 1448 3929 zeli
1503 3892 1726 3929 accensa
1766 3893 1872 3930 an-

380 3951 571 4004 cillam
615 3964 770 4001 suam
804 3948 1165 4000 verberaverit
1193 3953 1243 3999 et
1271 3951 1349 3999 sic
1396 3951 1644 4015 perierit.
1780 4000 1797 4009 ,

234 4040 351 4103 (Ea:
369 4038 600 4093 concilio
627 4037 951 4102 Elibertan.,
976 4037 1153 4103 capite
1176 4036 1250 4100 ὅ.)
1283 4034 1339 4088 Si
1360 4051 1474 4104 qua
1501 4035 1739 4089 domina
1776 4036 1872 4089 fu-

170 4143 284 4180 rore
340 4126 451 4180 zeli
535 4141 791 4192 accensa,
852 4124 1095 4193 flagellis
1153 4123 1537 4176 verberaverit
1602 4124 1870 4177 ancillam

170 4232 340 4281 suam,
401 4216 480 4269 ita
541 4219 604 4266 ut
632 4213 780 4266 infra
820 4213 973 4266 diem
1005 4211 1240 4265 tertium
1300 4210 1552 4277 animam
1612 4213 1868 4267 cruciatu

173 4304 438 4369 effundat,
464 4319 531 4356 eo
560 4302 714 4371 quod
744 4301 1027 4353 incertum
1056 4300 1132 4351 sit
1160 4299 1474 4366 voluntate,
1511 4316 1585 4353 an
1611 4316 1744 4353 casu
1769 4317 1861 4354 oc-

172 4393 362 4448 ciderit
396 4409 411 4449 :
451 4392 499 4445 si
530 4393 1001 4460 voluntate,.post
1034 4395 1253 4459 septem
1277 4406 1476 4456 annos,
1509 4392 1556 4443 si
1578 4407 1730 4457 casu,
1759 4408 1865 4461 per

174 4481 547 4552 quinquennii
578 4486 861 4549 tempora,
914 4485 1036 4532 acta
1078 4478 1339 4547 legitima
1391 4478 1750 4548 poenitentia,
1797 4480 1868 4534 ad

174 4568 628 4621 communionem
662 4566 877 4636 placuit
927 4566 1171 4620 admitti.
1225 4566 1387 4629 Quod
1429 4566 1477 4619 si
1517 4566 1667 4620 infra
1716 4572 1869 4621 tem-

174 4670 303 4723 pora
332 4656 653 4711 constituta
678 4655 851 4709 fuerit
880 4654 1191 4721 inﬁrmata,
1220 4653 1462 4724 accipiat
1508 4656 1870 4709 communio-

176 4758 294 4797 nem
305 4787 315 4797 .

619 4832 745 4887 CAP.
779 4833 884 4887 XX.
917 4861 986 4870 -—
1022 4834 1090 4885 De
1118 4830 1303 4884 eadem
1330 4847 1407 4883 re.

240 4922 341 4983 (Ex
368 4922 513 4975 decr.
549 4921 799 4977 Silvestr.
830 4922 1035 4987 papae.)
1074 4918 1131 4973 Si
1167 4919 1293 4989 quis
1336 4918 1634 4971 hominem
1673 4895 1903 4987 publi;

178 5020 231 5056 ce
275 5010 649 5076 paenitentem
709 5006 1085 5071 interfecerit,
1144 5011 1208 5059 ut
1262 5005 1635 5059 homicidium
1668 5012 1872 5075 sponte

180 5096 535 5150 commissum
567 5095 875 5165 dupliciter
906 5095 1203 5165 poeniteat,
1238 5098 1293 5147 et
1342 5094 1454 5147 nisi
1499 5094 1558 5147 in
1602 5094 1717 5147 ﬁne
1758 5112 1873 5149 non

180 5187 571 5239 communicet.

183 5285 299 5341 CAP.
355 5292 486 5346 XXI.
548 5321 619 5329 —
680 5293 751 5343 De
801 5290 913 5342 illis
967 5290 1065 5356 qui
1105 5290 1164 5340 in
1210 5303 1367 5356 opere
1413 5291 1710 5342 necessario
1748 5305 1877 5343 casu

598 5360 952 5415 homicidium
986 5362 1437 5427 perpetrauerint.

248 5446 355 5514 (Ea:
379 5452 605 5504 concilio
653 5450 1033 5514 Wormacien.,
1093 5451 1271 5516 capite
1308 5450 1389 5517 5.)
1439 5448 1601 5517 Saepe
1648 5448 1879 5501 contin-

188 5531 259 5598 git
285 5542 359 5601 ut,
394 5538 531 5593 dum
564 5537 696 5608 quis
725 5537 887 5606 operi
943 5536 1263 5590 necessario
1304 5536 1574 5590 insistens
1614 5535 1879 5588 arborem

188 5618 398 5694 incidat,
453 5628 666 5698 aliquis
717 5626 920 5682 subtus
962 5626 1147 5695 ipsam
1201 5625 1433 5679 veniens
1493 5623 1873 5695 deprimatur.

1985 3150 2081 3203 sed
2123 3166 2226 3220 per
2280 3150 2627 3204 industriam
2688 3151 3062 3206 homicidium
3116 3155 3394 3208 fecerunt.
3430 3158 3569 3209 Nam
3620 3158 3687 3210 de

1981 3239 2070 3291 his
2104 3241 2368 3307 legimus,
2404 3239 2503 3309 qui
2548 3240 2807 3293 homines
2862 3258 2975 3294 non
3006 3249 3209 3312 sponte
3252 3244 3685 3302 interfecerunt.

1983 3328 2162 3379 Deum
2194 3343 2298 3395 per
2329 3328 2713 3396 legislatorem
2755 3330 2937 3383 urbes
2987 3332 3196 3400 refugii
3238 3332 3560 3401 deputasse,
3618 3333 3689 3385 ad

1982 3432 2124 3484 quas
2156 3416 2552 3484 confugientes
2607 3418 2966 3471 saltarentur
3017 3419 3088 3471 ab
3156 3420 3339 3472 ultore
3390 3420 3689 3489 sanguinis

1980 3504 2227 3573 proximi
2288 3504 2395 3566 sui,
2454 3509 2510 3557 et
2548 3521 2663 3558 non
2696 3511 3075 3559 morerentur.
3114 3508 3271 3561 Unde
3321 3507 3377 3560 in
3422 3509 3691 3561 Deutero-

1981 3592 2177 3644 nomio
2208 3592 2482 3661 scriptum
2516 3599 2602 3645 est
2636 3610 2647 3645 :
2684 3594 2811 3646 Haec
2851 3594 2961 3647 erit
2990 3594 3077 3646 lex
3121 3595 3446 3661 homicidia,
3482 3596 3572 3649 cui
3606 3597 3687 3649 vi-

1983 3685 2041 3732 ta
2076 3680 2353 3733 servanda
2384 3685 2496 3732 est:
2531 3679 2639 3744 Qui
2669 3681 3009 3750 percusserit
3042 3682 3371 3751 proximum
3403 3682 3686 3747 nesciens,

1983 3772 2039 3821 et
2058 3767 2204 3833 heri,
2239 3772 2293 3821 et
2312 3768 2525 3820 nudius
2558 3769 2762 3821 tertius
2799 3770 3022 3822 nullum
3054 3776 3249 3822 contra
3281 3786 3410 3822 eum
3457 3770 3687 3822 habuis-

1982 3874 2039 3909 se
2075 3857 2273 3910 odium
2302 3857 2726 3926 comprobatur,
2783 3858 2876 3911 sed
2920 3858 3126 3911 abiisse
3176 3858 3512 3927 simpliciter
3557 3874 3684 3911 cum

1984 3962 2051 3998 eo
2084 3945 2143 3998 in
2180 3946 2394 4014 sylvam
2426 3952 2495 3998 ad
2540 3946 2693 4015 ligna
2732 3946 3021 4011 cendenda,
3056 3952 3109 3999 et
3156 3948 3214 4000 in
3259 3947 3572 4000 succisione
3621 3947 3689 4000 li-

1984 4049 2231 4103 gnorum
2266 4037 2478 4088 securis
2509 4035 2719 4105 fugerit
2748 4036 2817 4088 dc
2850 4052 3044 4099 manu,
3072 4043 3169 4089 aut
3206 4036 3422 4089 ferrum
3467 4037 3691 4105 lapsum

1983 4122 2052 4176 de
2081 4124 2384 4176 manubrio
2425 4124 2674 4177 amicum
2707 4125 2831 4194 ejus
2889 4125 3231 4195 percusserit
3288 4130 3345 4177 et
3399 4124 3691 4191 occiderit,

1984 4210 2077 4263 hic
2105 4212 2177 4264 ad
2208 4227 2387 4265 unam
2418 4214 2652 4266 urbium
2693 4214 3151 4283 supradictarum
3192 4214 3485 4283 confugiat
3516 4220 3571 4268 et
3605 4212 3692 4265 vi-

1984 4304 2097 4363 vat,
2128 4316 2232 4352 nec
2281 4300 2573 4370 proximus
2624 4301 2769 4369 ejus,
2829 4305 2994 4371 cujus
3053 4302 3285 4373 sanguis
3341 4303 3553 4356 effusus
3586 4306 3690 4365 est,

1978 4388 2208 4441 stimulo
2260 4388 2475 4442 doloris
2520 4390 2802 4459 percutiat
2836 4391 3088 4443 animam
3144 4392 3284 4459 ejus.
3325 4392 3399 4443 Do
3438 4407 3504 4443 eo
3560 4406 3693 4441 vero

1978 4476 2075 4546 qui
2148 4492 2251 4545 per
2308 4476 2653 4531 industriam
2720 4477 2973 4547 aliquem
3028 4478 3321 4543 occiderit,
3382 4478 3441 4531 in
3504 4478 3692 4531 Exodo

1980 4564 2257 4633 scriptum
2290 4570 2375 4618 est
2408 4581 2421 4617 :
2461 4565 2517 4619 Si
2565 4565 2695 4635 quis
2748 4565 2818 4618 de
2849 4566 3151 4631 industria,
3185 4571 3241 4619 et
3296 4582 3403 4635 per
3456 4566 3693 4619 insidias

1980 4652 2255 4705 occiderit
2283 4653 2633 4721 proximum,
2663 4652 2733 4705 ab
2765 4653 2930 4706 altari
2970 4670 3101 4707 meo
3152 4654 3359 4707 evelles
3413 4670 3569 4723 eum,
3624 4662 3693 4709 ut

1981 4738 2280 4792 moriatur.
2313 4739 2381 4792 Et
2418 4739 2475 4791 in
2513 4740 2957 4793 Deuteronomio
2994 4756 3006 4793 :
3050 4740 3107 4795 Si
3148 4742 3279 4811 quis
3309 4741 3443 4795 odio
3471 4742 3691 4795 habens

1980 4825 2308 4896 proximum
2357 4842 2526 4880 suum
2574 4826 2878 4881 insidiatus
2909 4828 3086 4882 fuerit
3118 4829 3246 4882 vitae
3274 4830 3418 4899 ejus,
3473 4834 3527 4884 et
3562 4847 3694 4884 sur-

1983 4930 2144 4985 gens,
2196 4914 2540 4983 percusserit
2582 4931 2737 4979 eum,
2789 4920 2845 4969 et
2886 4922 3149 4971 mortuus
3198 4920 3388 4985 fuerit,
3429 4920 3697 4990 effugerit

1984 5003 2056 5056 ad
2111 5018 2284 5054 unam
2321 5002 2391 5056 de
2427 5004 2792 5073 supradictis,
2847 5006 3106 5075 urbibus,
3163 5008 3394 5062 mittent
3440 5010 3694 5063 seniores

1985 5090 2226 5144 civitatis
2254 5091 2430 5157 illius,
2466 5098 2522 5145 et
2555 5094 2783 5163 rapiant
2808 5110 2941 5147 eum
2975 5096 3043 5149 de
3073 5097 3194 5150 loco
3222 5098 3453 5167 refugii,
3488 5104 3545 5152 et
3574 5103 3693 5151 tra-

1987 5180 2123 5233 dent
2151 5195 2282 5233 eum
2314 5178 2374 5232 in
2407 5196 2609 5233 manus
2642 5182 2892 5251 proximi
2922 5184 3066 5253 ejus,
3099 5185 3261 5254 cujus
3290 5186 3522 5255 sanguis
3558 5186 3694 5238 etfu-

1987 5284 2082 5321 sus
2114 5272 2219 5327 est,
2260 5273 2317 5322 et
2348 5268 2645 5337 moriatur,
2695 5286 2799 5324 nec
2845 5272 3205 5325 misereberis
3251 5273 3392 5341 ejus.
3450 5273 3505 5326 Si
3556 5290 3693 5341 ergo

1988 5358 2150 5411 illum
2182 5374 2355 5427 quem
2388 5359 2662 5412 Dominus
2719 5360 2960 5430 dignum
3020 5367 3202 5413 morte
3242 5377 3363 5413 esse
3418 5361 3698 5431 judicavit

1988 5462 2152 5500 reum
2183 5462 2301 5499 non
2346 5463 2468 5501 esse
2517 5448 2646 5518 quis
2694 5448 2852 5513 dicit,
2886 5448 3176 5518 quomodo
3219 5449 3543 5503 contrarius
3579 5451 3696 5521 legi

1992 5535 2088 5588 Dei
2123 5550 2238 5589 non
2290 5536 2496 5601 existit,
2536 5536 2636 5605 qui
2686 5536 2796 5589 hoc
2839 5536 2992 5606 quod
3034 5538 3180 5590 Deus
3226 5538 3522 5608 praecepit,
3574 5555 3695 5593 cas-

1988 5640 2118 5678 sum
2173 5640 2297 5679 esse
2354 5624 2688 5680 contendit?
2736 5624 2847 5679 Sed
2903 5624 3055 5680 inter
3092 5624 3216 5681 hazc
3246 5625 3540 5682 sciendum
3586 5633 3694 5697 est,
