4380 6420
749 377 846 430 771
1827 362 2057 418 BUBCII
2067 358 2235 415 ABDI
2274 349 2803 410 WORMACIENSIS
2841 344 3177 404 EPISCOPI.

4175 336 4278 386 77‘2

754 498 907 571 quod
936 509 1145 564 magna
1165 490 1428 546 distantia
1451 492 1535 541 est
1557 488 1708 541 inter
1732 485 2052 555 legitimum
2101 479 2446 552 principem,
2475 478 2520 531 Α
2559 472 2858 543 episcopos
2888 473 3008 523 tota
3038 466 3215 521 animi
3245 465 3456 519 virtute
3486 464 3753 533 diligere,
3778 465 3848 515 ut
3881 460 4091 514 oculos
4124 474 4281 519 suus,

2190 568 2199 571 Α
2646 562 2655 571 .
2799 560 2833 571 ..
2981 563 2991 571 .
3554 552 3863 571 η-μημμ
3895 551 3951 571 ε-
4015 546 4281 571 unum

756 568 814 640 et
842 583 1178 637 seditiosum
1222 579 1529 649 tyrannum
1570 593 1583 630 :
1616 576 1766 629 inter
1812 589 1943 627 eum
1992 572 2090 643 qui
2121 568 2448 622 subvertere

756 672 963 728 nititur
993 667 1331 724 Christiana!
1357 665 1511 735 pacis
1546 662 2033 733 tranquillitatem,
2070 663 2125 713 et
2153 658 2316 710 illum
2352 652 2456 724 qui

760 760 937 816 armis
966 762 1161 811 contra
1188 754 1547 825 iniquitatem
1572 756 1747 805 certat
1767 748 2068 802 defendere
2091 744 2447 816 (equitatem.

764 867 893 922 CAP.
924 864 1107 920 XXIV.
1135 893 1203 901 ——
1236 863 1317 915 De
1346 861 1458 913 illis
1482 862 1577 926 qui
1602 857 1666 909 de
1696 854 1981 909 homicidio
2006 857 2132 907 sunt
2169 852 2453 917 infamati,

1399 932 1451 983 si
1486 929 1817 995 negaverint.

837 1026 948 1095 (Ea:
988 1024 1209 1077 concilio
1254 1023 1540 1083 Turonen.,
1596 1017 1772 1084 capite
1821 1014 1895 1079 2.)
1957 1011 2060 1066 Ubi
2094 1007 2458 1065 manifestari

764 1118 957 1184 potest
1002 1109 1316 1181 quemlibet
1344 1105 1638 1159 hominem
1692 1105 2046 1171 perpetrasse
2078 1095 2458 1151 homicidium

767 1200 1080 1256 secundum
1111 1195 1441 1251 canonicam
1492 1191 1909 1256 auctoritatem,
1940 1186 2290 1255 condignum
2335 1199 2459 1252 poe-

769 1287 1025 1344 nitentiae
1049 1285 1331 1356 judicium
1360 1281 1444 1335 illi
1474 1280 1789 1348 iugeratur.
1821 1277 1878 1330 Si
1910 1281 2100 1329 autem
2138 1270 2460 1327 manifestis

766 1376 990 1431 indiciis
1033 1389 1150 1426 non
1206 1374 1391 1441 potest
1426 1366 1656 1438 probari
1713 1381 1846 1420 eum
1897 1361 2243 1418 homicidam
2312 1374 2459 1422 esse,

765 1480 869 1518 nec
890 1463 1009 1532 ipse
1038 1460 1157 1513 vult
1195 1456 1476 1519 conﬁteri,
1508 1452 1921 1524 omnipotentis
1953 1451 2051 1507 Dei
2090 1449 2308 1520 judicio
2366 1444 2460 1498 cui

768 1550 960 1604 omnia
997 1547 1213 1601 occulta
1240 1545 1537 1599 manifesta
1568 1547 1719 1605 sunt,
1772 1544 2093 1592 reservetur
2125 1553 2138 1590 ε
2174 1535 2227 1588 ei
2264 1540 2459 1587 tamen

766 1638 1046 1692 indicetur
1086 1633 1311 1705 publice
1342 1650 1374 1685 a
1426 1632 1781 1701 presbytero,
1844 1627 1995 1697 quod
2053 1625 2460 1678 communione

766 1724 1140 1779 ecclesiastica
1162 1721 1431 1791 indignus
1457 1720 1546 1782 sit,
1579 1724 1633 1771 et
1672 1734 1735 1769 ea
1781 1732 1973 1769 carere
2010 1714 2231 1776 debeat,
2280 1711 2461 1763 donec

767 1817 1154 1885 perpetratum
1211 1809 1425 1863 crimen
1480 1808 1844 1869 confiteatur,
1894 1809 1950 1857 et
2003 1818 2104 1873 per
2161 1800 2464 1854 confessio-

767 1919 920 1967 nem,
954 1906 1009 1954 et
1037 1915 1140 1971 per
1188 1897 1590 1968 pcenitentiam
1620 1894 1990 1963 condignam,
2044 1890 2113 1944 ab
2141 1890 2245 1943 hoc
2268 1888 2462 1941 crimi-

766 2007 837 2045 ne
860 2006 918 2043 se
950 1989 1239 2042 absolvere
1270 1989 1467 2038 certet.

775 2080 900 2134 CAP.
928 2078 1076 2132 XXV.
1123 2106 1191 2114 —
1224 2077 1297 2128 De
1354 2075 1573 2135 insano,
1605 2073 1654 2123 si
1682 2067 2029 2122 homicidium
2056 2066 2473 2134 perpetraverit.

842 2168 957 2235 (Eae
984 2164 1185 2226 eodem,
1238 2164 1416 2229 capite
1460 2160 1536 2227 ’7.)
1597 2158 1655 2211 Si
1689 2157 1818 2226 quis
1874 2155 2166 2208 insaniens
2217 2154 2468 2223 aliquem

773 2254 1063 2315 occiderit,
1124 2251 1171 2302 si
1219 2249 1288 2303 ad
1337 2263 1534 2300 sanam
1588 2249 1839 2298 mentem
1886 2242 2229 2313 pervenerit,
2289 2241 2469 2293 levior

774 2340 827 2392 ei
880 2335 1223 2407 poenitentia
1276 2330 1626 2402 imponenda
1674 2333 1787 2387 est,
1840 2342 2013 2397 quam
2066 2326 2119 2379 ei
2175 2325 2273 2395 qui
2330 2340 2470 2378 sana

776 2430 968 2480 mente
997 2425 1106 2477 tale
1132 2421 1271 2493 quid
1306 2418 1669 2473 commiserit.
1706 2416 1807 2470 Cui
1846 2415 2105 2485 quamvis
2138 2414 2472 2484 poenitentia

778 2514 852 2567 sit
900 2511 1275 2582 imponenda,
1321 2510 1453 2579 quia
1492 2506 1795 2560 inﬁrmitas
1839 2521 2007 2557 causa
2039 2502 2254 2572 peccati
2298 2501 2471 2554 fuisse

779 2602 1074 2657 creditur:
1121 2604 1342 2653 tantum
1384 2602 1571 2649 tamen
1619 2595 1820 2657 lenior,
1862 2608 2034 2663 quam
2086 2592 2137 2643 ei
2168 2591 2264 2661 qui
2297 2606 2471 2643 sanus

782 2692 1031 2762 aliquem
1062 2686 1351 2752 occiderit,
1403 2690 1677 2756 quantum
1706 2683 1856 2735 inter
1885 2697 2088 2734 sanum
2120 2685 2174 2733 et
2199 2680 2467 2732 insanum

782 2784 838 2833 et
890 2776 1284 2832 irrationabile
1342 2790 1374 2827 a
1428 2770 1753 2826 rationabili
1810 2773 2036 2823 constat
2090 2784 2211 2821 esse
2272 2766 2473 2820 discri-

782 2868 971 2922 minis.
2094 2841 2101 2851 Ι

789 2958 917 3011 CAP.
978 2955 1150 3009 XXVI.
1202 2982 1272 2992 —
1314 2954 1386 3005 De
1434 2950 1546 3003 illis
1587 2950 1682 3017 qui
1732 2948 1981 3014 veneﬁcio
2009 2944 2305 2998 homicidia
2335 2959 2475 2995 com-

1502 3022 1746 3073 mittunt.

853 3119 961 3181 (Ea:
1016 3112 1242 3167 concilio
1317 3110 1586 3171 Eliberit.,
1643 3108 1820 3174 capite
1878 3105 1957 3171 5.)
2034 3104 2093 3158 Si
2154 3103 2283 3173 quis
2340 3117 2474 3155 vero

780 3201 1056 3257 veneﬁcio
1086 3198 1435 3254 interfecerit
1470 3196 1735 3259 alterum,
1776 3209 1843 3246 eo
1876 3193 2028 3263 quod
2070 3192 2190 3245 sine
2239 3191 2477 3244 idolola-

783 3292 896 3347 tria
925 3290 1198 3361 perticere
1256 3286 1437 3339 scelus
1466 3299 1585 3337 non
1615 3282 1827 3352 potuit,
1860 3281 1971 3334 nisi
2002 3281 2062 3334 in
2091 3280 2205 3334 ﬁne
2270 3279 2479 3349 imper-

787 3378 1045 3432 tiendam
1068 3392 1184 3429 non
1214 3390 1336 3428 esse
1366 3372 1449 3426 illi
1474 3370 1959 3425 communionem.

792 3486 922 3540 CAP.
948 3483 1151 3538 XXVII.
1182 3512 1253 3522 —
1282 3483 1356 3534 De
1380 3480 1471 3533 illo
1498 3494 1596 3545 per
1624 3477 1778 3544 cujus
1828 3476 2147 3529 delationem
2172 3475 2372 3542 aliquis
2402 3476 2482 3527 in-

1390 3553 1646 3616 terfectus
1683 3550 1877 3613 fuerit.

861 3643 984 3709 (Ea:
1034 3640 1233 3705 eodem,
1273 3641 1448 3707 capite
1513 3639 1589 3704 1.)
1644 3636 1875 3689 Delator
1924 3633 1970 3687 si
2030 3633 2158 3703 quis
2208 3632 2486 3687 exstiterit

788 3730 991 3796 ﬁdelis,
1023 3734 1080 3782 et
1107 3744 1213 3799 per
1243 3725 1588 3781 delationem
1620 3725 1743 3793 ejus
1774 3722 1983 3792 aliquis
2007 3720 2264 3774 ﬁdelium
2315 3720 2487 3773 fuerit

790 3819 1150 3890 praescriptus
1181 3815 1268 3869 vel
1316 3814 1665 3877 interfectus,
1700 3810 1916 3881 placuit
1962 3825 2094 3863 eum
2115 3824 2232 3862 non
2262 3808 2372 3861 nisi
2426 3808 2484 3861 in

791 3907 905 3962 ﬁne
938 3906 1193 3975 accipere
1225 3901 1713 3957 communionem.
1747 3899 1804 3954 Si
1856 3897 2033 3952 levior
2078 3912 2249 3950 causa
2292 3895 2483 3960 fuerit,

792 3998 943 4051 intra
968 3992 1433 4065 quinquennium
1465 3990 1720 4059 accipere
1740 3986 2206 4041 communionem
2255 3985 2482 4055 poterit.

796 4085 853 4140 Si
889 4082 1332 4138 catechumenus
1370 4078 1566 4145 fuerit,
1614 4082 1744 4147 post
1788 4073 2177 4147 quinquennii
2226 4077 2489 4144 tempora

797 4171 1136 4227 admittatur
1165 4169 1232 4223 ad
1262 4166 1630 4237 baptismum.

798 4279 927 4333 CAP.
991 4275 1216 4331 XXVIII.
1248 4305 1315 4312 -
1351 4248 1503 4340 Quod
1527 4273 1639 4325 tria
1675 4285 1870 4339 genera
1906 4271 2017 4323 sint
2072 4265 2482 4320 homicidarum.

869 4317 1244 4438 {incipis-tcta
1271 4317 1561 4419 Clementis-
1583 4317 2031 4429 ipapiejcafpitent
2145 4317 2491 4409 liiiomicida-
2519 4317 2562 4370 Β

798 4471 925 4510 rum
953 4469 1089 4508 vero
1118 4452 1229 4506 tria
1255 4465 1467 4520 genera
1501 4465 1623 4503 esse
1653 4445 1897 4512 dicebat,
1932 4448 1991 4497 et
2016 4458 2249 4513 poenam
2292 4457 2490 4495 eorum

799 4542 1037 4614 parilem
1075 4539 1195 4594 fore
1237 4538 1497 4592 docebat.
1542 4535 1700 4590 Sicut
1743 4532 1899 4587 enim
1951 4529 2267 4585 homicidas
2308 4529 2490 4583 inter-

797 4630 1035 4684 fectores
1086 4628 1350 4692 fratrum,
1425 4624 1505 4678 ita
1566 4623 1915 4677 detractores
1990 4633 2214 4682 eorum,
2274 4632 2490 4687 eosque

801 4719 1078 4784 odientes,
1108 4715 1423 4770 homicidas
1452 4729 1574 4767 esse
1602 4708 2027 4766 manifestabat.
2074 4706 2220 4771 Quia
2262 4706 2492 4771 occidit,

804 4807 904 4879 qui
953 4805 1073 4860 odit
1130 4804 1363 4857 fratrem
1416 4816 1631 4855 suum:
1691 4804 1747 4853 et
1799 4798 1901 4869 qui
1959 4795 2229 4859 detrahit,
2279 4794 2497 4864 pariter

802 4893 1093 4950 homicida
1119 4908 1241 4946 esse
1270 4895 1642 4945 monstratur.
1676 4888 1886 4942 Omnes
1916 4886 2070 4941 enim
2102 4901 2136 4938 a
2172 4883 2498 4937 carnalibus

806 4981 1106 5039 desideriis
1135 4996 1262 5051 quae
1296 4980 1548 5033 militant
1574 4977 1845 5032 adversus
1892 4974 2145 5029 animam
2186 4972 2495 5037 abstinere,

806 5077 864 5126 et
920 5071 1132 5125 bonam
1191 5084 1392 5123 eorum
1447 5066 1937 5121 conversationem
1993 5078 2058 5115 ac
2132 5061 2498 5115 innocentem

809 5159 1073 5214 omnibus
1105 5160 1425 5212 monstrare
1471 5153 1730 5225 rogabat.
1761 5155 1837 5207 Ex
1868 5150 2035 5205 corde
2065 5149 2221 5204 enim
2268 5152 2498 5202 cunctos

810 5248 1080 5303 attentius
1128 5246 1373 5301 invicem
1428 5243 1666 5311 diligere
1721 5238 2065 5294 insinuabat.
2108 5237 2374 5291 Seniores
2410 5252 2501 5289 ve.

808 5335 1017 5403 nerari,
1068 5340 1127 5389 et
1179 5333 1440 5404 juniores
1497 5330 1762 5400 diligere,
1827 5327 2128 5397 episcopos
2184 5325 2500 5379 sacerdotes

811 5438 963 5491 suos,
991 5438 1056 5477 ac
1083 5425 1319 5475 cunctos
1366 5418 1619 5488 reliquos
1651 5413 1917 5469 Ecclesiae
1966 5412 2276 5476 ministros,
2331 5415 2502 5481 atque

815 5525 1043 5564 omnem
1070 5508 1303 5580 plebem
1331 5507 1440 5562 sibi
1465 5503 1858 5563 commissam,
1891 5498 2078 5553 verbis
2101 5503 2157 5553 et
2220 5499 2502 5554 mandatis

819 5596 1024 5651 divinis
1067 5596 1355 5651 instruere
1399 5599 1457 5650 et
1506 5604 1757 5648 armare.
1805 5586 2032 5652 ﬂosque
2059 5602 2257 5642 omnes
2299 5603 2499 5643 eorum

2563 562 2660 633 qui
2692 560 2838 614 oculi
2868 563 2999 611 sunt
3029 557 3284 619 illorum,
3310 569 3512 607 eorum
3553 552 3866 623 prmeeptis
3894 551 3957 602 in
4011 546 4286 601 omnibus

2563 650 2815 712 obedire,
2842 647 3017 701 etiam
3040 644 3086 698 si
3117 644 3226 713 ipsi
3259 642 3448 703 aliter,
3477 641 3630 712 quod
3681 639 3853 697 absit,
3887 641 4070 707 agant
4106 650 4283 704 quam

2564 739 2797 793 deceat:
2831 750 3114 789 memores
3142 732 3354 785 scilicet
3417 730 3571 783 illius
3629 726 3914 783 dominici
3958 725 4287 796 praecepti:

2567 843 2693 896 quae
2744 825 2963 885 dicunt,
3015 821 3226 876 facite:
3308 836 3436 890 qua:
3512 824 3707 872 autem
3769 816 4018 881 faciunt,
4097 813 4290 867 facere

2568 915 2764 970 nolite.

2570 1005 2697 1059 CAP.
2732 1002 2910 1057 XXIX.
2942 1031 3009 1041 —
3042 998 3199 1064 Quod
3256 996 3533 1051 homicidav
3586 995 3655 1047 ab
3713 994 4089 1047 ecclesiastica
4141 1006 4292 1043 com-

3011 1073 3261 1124 munione
3289 1072 3397 1121 sint
3433 1064 3808 1121 submovendi.

2639 1164 2746 1231 (Ex
2776 1162 2995 1215 concilio
3020 1160 3314 1226 Agathen.,
3347 1158 3522 1225 capite
3550 1155 3662 1223 t0.)
3695 1155 3897 1223 Itaque
3946 1150 4296 1205 censuimus

2567 1249 2880 1304 homicidas
2939 1265 2970 1302 a
3024 1245 3430 1300 communione
3472 1242 3854 1296 ecclesiastica
3941 1240 4298 1293 submoven-

2569 1339 2693 1403 dos,
2724 1338 2835 1391 nisi
2864 1335 3216 1407 paenitentia:
3256 1331 3664 1398 satisfactione,
3722 1329 3983 1384 admissa
4039 1327 4295 1381 crimina

2574 1426 2863 1480 diluerint.

2990 1513 3118 1567 CAP.
3152 1511 3295 1564 XXX.
3326 1539 3395 1548 —-
3436 1510 3517 1561 De
3544 1507 3727 1561 eadem
3765 1522 3844 1560 re.

2643 1604 2752 1667 (HJ:
2782 1601 3002 1653 concilio
3037 1600 3317 1656 Turonico.
3379 1599 3556 1663 capite
3613 1593 3691 1663 7.)
3744 1591 4073 1647 Homicidis
4124 1591 4295 1661 peni-

2573 1697 2663 1745 tus
2699 1705 2811 1743 non
2870 1686 3434 1750 communicandum,
3465 1684 3645 1737 donec
3701 1698 3805 1752 per
3850 1680 4297 1735 confessionem

2493 1760 2533 1813 Β
2573 1776 2926 1849 poenitentia}
2960 1776 3216 1846 ipsorum
3247 1772 3489 1826 crimina
3528 1771 3846 1824 diluantur.

2574 1868 2701 1919 CAP.
2762 1865 2930 1917 XXXI.
3008 1892 3073 1901 —
3132 1865 3205 1915 De
3276 1862 3387 1914 illis
3434 1873 3663 1927 quorum
3706 1858 3936 1910 consilio
3993 1855 4299 1910 homicidia

2644 2006 2764 2073 (Ea:
2793 2002 2955 2057 dictis
3007 2002 3263 2069 August.)
3310 1934 3634 2055 Pzgigulose
3686 2017 3745 2052 se
3803 1997 4148 2068 decipiunt,
4203 1997 4299 2066 qui

2575 2095 2897 2147 existimant
2948 2108 3045 2145 eos
3093 2097 3315 2144 tantum
3392 2088 3713 2143 homicidas
3772 2104 3918 2151 esse,
3996 2085 4108 2155 qui
4183 2102 4299 2137 ma-

2578 2184 2744 2236 nibus
2819 2182 3110 2234 hominem
3185 2178 3467 2245 occidunt,
3541 2183 3598 2231 et
3679 2191 3796 2229 non
3892 2174 4103 2245 potius
4184 2191 4298 2233 eos,

2577 2287 2680 2341 per
2713 2287 2955 2341 quorum
3017 2269 3341 2333 consilium,
3401 2272 3460 2320 et
3512 2265 3793 2327 fraudem,
3843 2269 3904 2316 et
3933 2262 4301 2316 exhortatio-

2579 2375 2711 2413 nem
2756 2358 3019 2412 homines
3065 2357 3499 2425 extinguuutur.
3550 2355 3693 2407 Nam
3738 2351 3925 2406 Judmi
3976 2351 4302 2404 Dominum

2580 2461 2943 2517 nequaquam
3018 2444 3267 2514 propriis
3325 2442 3592 2496 manibus
3650 2441 4098 2504 interfecerunt,
4162 2440 4304 2491 sicut

2582 2536 2852 2605 scriptum
2886 2538 2970 2585 est
3003 2549 3014 2585 :
3043 2532 3215 2586 Nobis
3242 2547 3357 2584 non
3385 2531 3513 2583 licet
3544 2528 3867 2582 interﬁcere
3901 2544 4299 2598 quemquam,

2583 2624 2679 2676 sed
2713 2629 2904 2675 tamen
2934 2621 3045 2674 illis
3080 2619 3305 2673 Domini
3362 2634 3514 2671 mors
3571 2617 3916 2687 imputatur,
3983 2617 4135 2686 quia
4196 2617 4301 2685 Ipsl

2586 2728 2716 2766 eum
2747 2712 2946 2780 lingua
2976 2708 3401 2771 cruciﬁxerunt,
3450 2707 3745 2759 dicentes:
3793 2704 4091 2774 Cruciﬁge
4149 2721 4301 2757 eum.

2590 2801 2745 2854 Unde
2778 2815 2927 2852 unus
2978 2796 3335 2865 Evangelista
3390 2793 3548 2860 dicit,
3591 2793 3907 2847 Dominum
3950 2792 4305 2846 cruciﬁxum

2588 2905 2705 2943 esse
2736 2890 2880 2942 hora
2909 2886 3095 2948 tertia,
3135 2886 3280 2939 alius
3329 2889 3528 2938 sexta:
3572 2883 3711 2953 quia
3756 2881 3944 2936 Judaei
3998 2882 4305 2935 cruciﬁxe-

2588 2981 2722 3030 runt
2755 2992 2887 3028 eum
2939 2974 3078 3027 hora
3126 2973 3291 3026 tertia
3343 2972 3563 3041 lingua,
3624 2971 3891 3024 manibus
3948 2971 4102 3023 hora
4158 2976 4307 3023 sexta

2510 3038 2551 3092 δ
2588 3065 2817 3119 milites.
2853 3062 2960 3126 Qui
2989 3077 3124 3130 ergo
3155 3038 3453 3113 hominem
3475 3059 3670 3123 tradit,
3698 3059 3793 3112 ille
3826 3074 3964 3112 eum
4001 3058 4304 3115 interﬁcit,

2589 3152 2828 3207 Domino
2887 3151 3161 3203 dicente:
3223 3149 3399 3217 Majas
3454 3152 3757 3217 peccatum
3797 3147 3997 3211 habet,
4055 3147 4169 3217 qui
4228 3164 4307 3199 me

2584 3240 2818 3295 tradidit
2849 3238 2972 3292 tibi.
3006 3237 3161 3291 Unde
3191 3236 3486 3290 Psalmista
3520 3252 3533 3289 :
3592 3235 3718 3288 Filii
3756 3235 4101 3299 hominum,
4172 3236 4307 3288 deu-

2585 3332 2670 3383 tes
2702 3342 2901 3380 eorum
2932 3341 3091 3378 arma
3141 3329 3198 3378 et
3256 3324 3495 3393 sagitlm,
3548 3324 3761 3391 lingua:
3819 3338 4027 3377 eorum
4086 3324 4311 3392 gladius

2588 3422 2804 3471 acutus.
2882 3414 3198 3483 Subjiciaut
3277 3429 3412 3481 ergo
3495 3428 3554 3465 se
3603 3411 3988 3483 pmnitentias,
4055 3429 4309 3482 quorum

2589 3505 2823 3559 consilio
2903 3502 3137 3572 sanguis
3190 3501 3469 3567 funditur,
3540 3500 3588 3555 si
3675 3500 3906 3554 veniam
3982 3502 4311 3571 promereri

2590 3593 2891 3648 voluerint.

2593 3683 2720 3737 CAP.
2761 3680 2963 3737 XXXII.
3020 3709 3086 3717 ——
3146 3679 3225 3732 De
3256 3679 3367 3730 illis
3424 3678 3522 3745 qui
3559 3693 3660 3745 pro
3713 3677 3963 3731 vindicta
4016 3684 4312 3748 parentum

3107 3748 3401 3801 homicidia
3421 3752 3778 3801 committunt.

2666 3842 2781 3907 (Ea:
2823 3839 3201 3893 Pamitentiali
3254 3836 3538 3903 Theodor.)
3581 3835 3690 3899 Qui
3736 3851 3843 3905 pro
3895 3836 4167 3891 vindicta
4212 3838 4315 3891 fra-

2592 3930 2713 3991 tris,
2746 3932 2843 3981 aut
2870 3928 3110 3980 aliorum
3154 3930 3468 3995 parentum
3529 3924 3803 3977 occiderit
3857 3924 4200 3993 heminem,
4248 3928 4320 3979 ita

2596 4016 2887 4088 pceniteat,
2923 4020 2983 4068 ut
3013 4013 3325 4069 homicidia
3351 4016 3553 4083 sponte
3610 4012 3940 4077 commissa,
4000 4030 4143 4067 cum
4207 4015 4319 4084 ipss

2597 4103 2810 4158 Veritas
2840 4103 2989 4155 dicat
3020 4118 3032 4154 :
3070 4100 3200 4154 Mihi
3234 4099 3568 4164 vindictam,
3615 4104 3674 4153 et
3702 4115 3842 4169 ergo
3897 4101 4253 4155 retribuam.

2595 4194 2723 4247 CAP.
2747 4191 2970 4246 XXXIII.
2990 4220 3059 4230 —
3090 4189 3170 4242 De
3200 4189 3293 4242 illo
3323 4190 3420 4255 qui
3441 4192 3664 4256 propter
3684 4188 4089 4257 cupiditatem]
4109 4191 4319 4244 adeum

3268 4261 3629 4325 interfecerit.

2698 4351 2816 4421 (Ex
2836 4349 3057 4403 concilio
3078 4348 3325 4412 Moguut.
3340 4387 3355 4412 ,
3378 4348 3557 4415 capite
3576 4346 3781 4413 6.)Qui
3798 4346 3920 4400 odii
3934 4348 4317 4401 meditatione

2596 4441 2682 4493 vel
2706 4443 2938 4510 propter
2964 4436 3335 4506 cupiditatem
3363 4435 3649 4499 Judaeum,
3677 4436 3763 4488 vel
3809 4450 4119 4505 paganum
4183 4438 4319 4491 occi-

2598 4529 2770 4593 derit,
2803 4526 2940 4597 quia
2968 4523 3279 4593 imaginem
3304 4523 3425 4589 Dei,
3466 4529 3524 4577 et
3543 4540 3706 4593 spem
3733 4523 3945 4578 futura:
3977 4529 4318 4579 conversio~

2599 4618 2688 4672 nis
2709 4616 3042 4678 extinxerat,
3067 4612 3150 4666 XL
3183 4613 3302 4666 dies
3334 4612 3395 4665 in
3426 4628 3574 4683 pane
3596 4617 3653 4665 et
3680 4627 3833 4683 aqua
3860 4613 4175 4683 paeniteat.

2764 4704 2893 4758 CAP.
2925 4701 3138 4756 XXXIV.
3175 4731 3243 4739 —
3277 4703 3348 4754 De
3386 4701 3688 4769 parricidis
3737 4706 3788 4754 et
3824 4703 4177 4766 fratricidis.

2674 4791 2782 4861 (Ea:
2848 4791 3068 4843 concilio
3102 4788 3345 4856 Tribun,
3378 4791 3554 4857 capite
3585 4789 3661 4857 5.)
3703 4788 4047 4854 Statuimus,
4082 4795 4158 4843 ut
4196 4806 4323 4861 par-

2604 4878 2795 4932 ricidae
2843 4882 2900 4931 et
2948 4876 3254 4930 fratricida:
3292 4891 3396 4945 per
3440 4875 3612 4930 unius
3662 4875 3801 4929 anni
3849 4876 4148 4931 circulum
4194 4886 4320 4931 ante

2604 4967 2755 5021 fores
2791 4965 3040 5019 ecclesiae
3082 4970 3310 5018 orantes
3354 4964 3581 5017 Domini
3627 4964 4001 5018 clementiam
4050 4981 4325 5035 perseve-

2604 5060 2755 5109 rent.
2788 5055 3082 5123 Completo
3111 5052 3249 5106 anni
3279 5052 3491 5105 circulo
3538 5052 3985 5106 introducantur
4030 5054 4099 5106 in
4147 5057 4324 5108 eccle-

2606 5143 2771 5209 siam,
2805 5147 2996 5196 tamen
3027 5143 3178 5195 inter
3202 5141 3518 5207 audientes,
3563 5157 3745 5211 usque
3780 5140 3922 5195 dum
3975 5142 4163 5196 unius
4190 5146 4325 5197 anni

2607 5232 2857 5303 spatium
2887 5231 3142 5295 ﬁniatur,
3193 5235 3360 5284 stent.
3414 5230 3511 5284 His
3552 5230 3748 5300 itaque
3795 5231 4069 5300 peractis,
4123 5233 4171 5287 si
4212 5249 4328 5302 pm-

2608 5320 2867 5374 nitentias
2898 5320 3113 5373 fructus
3141 5319 3200 5371 in
3253 5318 3336 5372 eis
3380 5319 3750 5389 conspicitur,
3805 5319 4071 5389 corporis
4104 5326 4164 5374 et
4201 5337 4329 5373 ειυς

2610 5409 2801 5481 guinis
2838 5408 3063 5462 Domini
3100 5407 3408 5478 participes
3462 5408 3623 5472 ﬁant,
3671 5412 3739 5461 ut
3786 5423 3903 5461 non
3961 5406 4330 5463 obdurentur

2612 5496 3028 5569 desperatione.
3060 5496 3302 5551 Carnem
3333 5510 3450 5549 non
3480 5495 3836 5550 manducent
3873 5496 4160 5551 omnibus
4210 5498 4329 5551 die-

2608 5586 2717 5643 bus
2742 5586 2875 5641 vitas
2898 5585 3152 5654 illorum,
3197 5583 3467 5657 jejunent
3512 5587 3708 5639 autem
3754 5599 3943 5656 usque
3982 5583 4056 5640 ad
4109 5601 4325 5640 nonam
