4380 6382
311 309 396 358 773

1278 303 1755 359 DECRETORUM
1797 302 1978 357 LIBRI
2020 302 2124 356 XX.
2170 333 2236 341 ——
2279 303 2485 356 LIBER
2524 304 2805 357 SEXTUS.

3678 311 3783 362 774

309 427 565 498 ῳιοῐίᾱίρ,
626 426 875 496 exceptis
930 424 1085 477 festis
1161 425 1360 477 diebus
1430 430 1599 494 atque
1661 425 1981 477 dominicis.
2018 426 2064 476 Α
2102 457 2314 506 servus,
2349 458 2521 511 super
2690 458 2949 496 vomeres
2992 443 3271 497 ferventes
3300 463 3356 498 se
3388 452 3619 516 purget.
3680 451 3780 503 Ea-

308 516 629 570 Abstineant
685 522 876 566 autem
929 530 986 565 se
1019 530 1051 565 a
1078 514 1225 577 vino,
1273 514 1534 578 medone,
1568 519 1737 582 atque
1770 515 1984 566 mellita

304 603 541 666 cervisia,
580 608 696 655 tres
722 602 841 655 dies
875 618 977 670 per
1025 601 1459 654 hebdomadam.
1524 606 1693 654 Arma
1757 607 1981 670 portare

306 708 404 745 non
436 692 707 755 audeant,
742 690 851 743 nisi
884 695 1081 742 contra
1110 705 1380 758 paganos.
1418 691 1481 742 Et
1530 690 1859 758 ubicunque
1900 690 1982 741 ire

302 779 621 840 maluerint,
654 778 811 830 nullo
845 777 1105 830 vehiculo
1162 777 1531 843 deducantur,
1589 778 1687 830 sed
1740 778 1983 847 pedibus

304 866 537 937 propriis
566 871 827 935 pergant.
868 866 952 918 Ab
1003 864 1269 918 uxoribus
1304 866 1350 916 si
1399 866 1702 918 habuerint
1747 881 1867 917 non
1896 882 1982 917 se-

302 958 587 1026 parentur.
625 954 876 1022 Tempus
907 957 1100 1004 autem
1153 952 1324 1021 hujus
1372 952 1718 1022 poenitentiae
1769 952 1826 1004 in
1856 953 1980 1022 epi-

304 1058 591 1112 scoporum
621 1042 890 1110 ponimus
922 1040 1178 1104 arbitrio,
1223 1044 1286 1092 ut
1317 1040 1629 1093 secundum
1685 1056 1983 1093 conversa-

302 1132 513 1185 tionem
562 1130 818 1197 illorum,
868 1133 965 1181 aut
1039 1129 1362 1196 extendere,
1425 1128 1512 1181 vel
1564 1130 1824 1183 minuere
1882 1145 1984 1181 va-

302 1224 465 1275 leant.
713 1308 839 1361 CAP.
872 1306 1067 1359 XXXV.
1093 1335 1161 1344 —-
1182 1308 1253 1358 De
1291 1305 1472 1358 eadem
1502 1321 1575 1359 re.

365 1415 468 1482 (Ea:
499 1413 723 1466 concilio
744 1414 1008 1477 Mogunt.,
1040 1414 1213 1479 capite
1242 1410 1346 1479 II.)
1377 1410 1751 1463 Parricidium
1791 1415 1981 1464 autem

302 1517 462 1571 quam
498 1501 567 1553 sit
607 1500 939 1553 detestabile
983 1498 1216 1563 crimen,
1246 1499 1463 1567 judicio
1493 1499 1639 1551 facto
1668 1499 1818 1550 inter
1846 1498 1982 1550 Cain

301 1598 348 1642 et
386 1589 524 1641 Abel
558 1589 791 1641 fratrem
825 1604 993 1640 suum
1044 1587 1319 1639 Dominus
1370 1587 1801 1659 ipseiostendit,
1853 1602 1981 1639 cum

302 1679 359 1730 ad
390 1678 531 1731 Cain
560 1677 906 1746 parricidam
939 1675 1017 1727 ait
1050 1691 1062 1727 :
1125 1675 1449 1727 Maledictus
1488 1675 1597 1726 eris
1645 1690 1816 1743 super
1863 1679 1980 1726 ter-
2016 1697 2055 1749 Β

302 1781 594 1835 ram,quze
644 1764 866 1833 aperuit
918 1780 978 1815 os
1030 1778 1218 1825 suum,
1248 1769 1305 1815 et
1355 1763 1601 1830 suscepit
1640 1762 1979 1830 sanguinem

301 1854 484 1906 fratris
518 1852 603 1904 tui
648 1852 715 1904 dc
755 1867 931 1903 manu
976 1855 1091 1902 tua.
1128 1851 1266 1903 Cum
1299 1855 1564 1919 operatus
1610 1848 1784 1901 fueris
1833 1865 1980 1911 eam,

302 1958 405 1994 non
437 1940 604 1994 dabit
631 1939 735 1991 tibi
766 1940 984 1991 fructus
1016 1938 1155 2005 ejus,
1191 1943 1245 1989 et
1270 1954 1446 2007 vagus
1471 1943 1527 1989 et
1558 1939 1834 2007 profugus
1873 1938 1983 1989 eris

301 2046 459 2098 super
488 2035 728 2081 terram.
766 2028 829 2079 In
860 2043 975 2096 quo
1010 2027 1180 2078 etiam
1216 2027 1405 2094 posuit
1450 2026 1697 2094 signum,
1755 2030 1818 2079 ut
1877 2031 1984 2078 tre—

302 2134 447 2169 nens
500 2120 557 2168 et
612 2132 847 2184 gemens
894 2120 950 2167 et
1001 2114 1280 2183 profugus
1330 2130 1557 2182 semper
1612 2114 1843 2177 viveret,
1882 2130 1983 2166 nec

302 2208 527 2257 luderet
557 2205 782 2273 uspiam
814 2204 975 2255 sedes
1009 2204 1215 2255 habere
1256 2202 1485 2271 quietis.
1518 2202 1623 2255 Sed
1669 2202 1803 2272 quia
1852 2218 1984 2254 mo-

302 2294 482 2346 lernis
515 2292 875 2361 temporibus
932 2290 1228 2359 parricida}
1269 2290 1498 2359 profugi
1530 2290 1856 2343 discurrunt
1884 2305 1986 2358 per

302 2381 515 2432 Iiversa
557 2382 699 2441 loca,
762 2384 818 2431 et
868 2378 1038 2429 variis
1079 2377 1228 2429 vitiis
1279 2384 1449 2446 atque
1498 2378 1647 2445 gulae
1700 2376 1985 2430 illecebris

302 2468 644 2532 leserviunt,
678 2467 880 2519 melius
912 2464 1073 2518 nobis
1104 2465 1348 2532 videtur,
1381 2470 1443 2517 ut
1473 2465 1531 2517 in
1560 2482 1672 2518 uno
1705 2466 1826 2518 loco
1864 2482 1982 2518 ma-

302 2563 486 2609 lentes
520 2555 863 2625 paenitentia
905 2554 1158 2607 districta
1226 2553 1558 2623 semetipsos
1606 2554 1901 2623 castigent,
1938 2554 1984 2607 si

302 2650 425 2697 crte
477 2662 512 2697 a
561 2643 789 2697 Domini
843 2644 1050 2712 pietate
1115 2642 1535 2711 indulgentiam
1585 2642 1852 2695 facinoris
1897 2642 1985 2694 sui

302 2733 584 2802 percipere
627 2738 974 2784 mereantur.
1004 2731 1130 2784 Non
1155 2730 1309 2783 enim
1343 2730 1422 2782 eis
1454 2730 1647 2782 licebit
1679 2731 1824 2783 ultra
1879 2731 1985 2783 mi-

301 2821 415 2873 itiee
474 2821 779 2889 cingulum
841 2834 1086 2885 sumere,
1137 2822 1192 2870 et
1241 2818 1456 2886 nuptiis
1507 2820 1676 2886 atque
1729 2817 1984 2886 conjugii

305 2910 485 2978 opula
522 2908 634 2973 uti,
668 2907 805 2977 quia
835 2908 979 2959 sacri
1029 2922 1272 2959 canones
1324 2906 1433 2958 hoc
1481 2905 1559 2958 eis
1592 2922 1708 2958 non
1743 2922 1975 2959 consen-

302 2998 447 3049 iunt.

302 3106 403 3155 lar.
443 3103 759 3157 XXXVI.—
789 3104 860 3154 De
889 3102 999 3153 illis
1029 3102 1126 3167 qui
1144 3102 1383 3164 infantes
1408 3115 1529 3153 suos
1560 3115 1664 3153 non
1684 3105 1868 3169 sponte
1895 3102 1981 3154 in-

995 3173 1285 3238 terﬁciunt.

343 3281 461 3345 (Ea:
485 3279 716 3331 concilio
744 3277 1004 3336 Triburi.,
1029 3278 1204 3344 capite
1223 3276 1335 3345 21.)
1360 3276 1416 3329 Si
1451 3275 1574 3344 quis
1605 3275 1788 3329 filium
1815 3292 1981 3329 suum

302 3383 389 3419 .on
440 3372 656 3436 sponte
708 3366 1002 3432 occiderit,
1053 3366 1215 3434 juxta
1260 3364 1565 3417 homicidia
1617 3381 1730 3418 non
1780 3371 1980 3435 sponte

301 3457 597 3508 ommissa
620 3454 911 3524 paeniteat.

301 3566 397 3616 £AP.
417 3561 685 3616 XXXVII.
706 3563 863 3613 —De
886 3560 978 3612 illo
991 3561 1087 3627 qui
1114 3574 1335 3612 umorem
1363 3559 1657 3625 legitimam
1681 3561 1795 3612 sine
1819 3559 1977 3626 judi-

902 3633 981 3683 cio
1011 3632 1361 3695 interfecerit.

333 3740 452 3809 (Ea:
517 3738 669 3791 decr.
726 3739 811 3789 Pii
852 3751 1030 3804 papa,
1081 3738 1256 3803 capite
1306 3734 1416 3804 26.)
1465 3734 1801 3804 Quicunque
1851 3751 1979 3804 pro-

302 3829 456 3881 riam
491 3842 745 3881 uxorem
772 3826 984 3895 absque
1024 3826 1169 3893 lege,
1220 3824 1308 3877 vel
1357 3824 1476 3876 sine
1525 3840 1694 3876 causa
1736 3829 1793 3877 et
1822 3829 1977 3878 certa

301 3916 623 3969 robatione
662 3914 1035 3975 interfecerit,
1091 3913 1378 3982 aliamque
1436 3912 1660 3965 duxerit
1714 3928 1973 3977 uxorem,

302 4006 441 4058 rmis
505 4002 789 4072 depositis
817 4001 1103 4069 publicam
1167 4005 1297 4069 agat
1325 3999 1745 4068 penitentiam.
1808 4000 1874 4051 Et
1929 4000 1977 4052 si

302 4100 591 4146 mtumax
623 4090 813 4154 fuerit,
847 4093 902 4142 et
942 4088 1207 4156 episcopo
1240 4104 1340 4140 suo
1376 4086 1705 4140 inobediens
1745 4087 1975 4139 exstite-

306 4187 350 4248 t,
408 4177 971 4241 anathematizetur,
1024 4192 1321 4246 quousque
1370 4174 1705 4227 consentiat.
1766 4174 1969 4228 Eadem

308 4286 340 4321 π
380 4269 505 4322 erit
534 4267 627 4319 illi
662 4266 763 4336 qui
793 4265 1078 4318 seniorem
1118 4280 1286 4317 suum
1318 4262 1686 4316 interfecerit.

642 4373 770 4426 CAP.
814 4371 1088 4425 XXXVIII.
1120 4401 1187 4408 -—
1228 4373 1304 4423 De
1332 4368 1515 4421 eadem
1546 4384 1620 4421 re.

322 4482 454 4550 (Ex
492 4479 733 4533 concilio
763 4479 1029 4544 Mogunt.,
1051 4479 1226 4544 capite
1262 4474 1329 4542 l.)
1357 4474 1414 4527 Si
1447 4474 1683 4527 maritus
1713 4490 1974 4541 uxorem,

302 4577 349 4624 it
378 4585 550 4623 uxor
575 4568 851 4620 maritum
883 4564 1249 4629 interfecerit,
1296 4579 1526 4631 aequum
1574 4562 1856 4631 judicium
1905 4562 1977 4616 sit

301 4674 435 4726 iper
459 4673 602 4720 eos,
633 4654 855 4707 dicente
880 4653 1122 4706 Domino
1148 4668 1161 4704 :
1186 4668 1299 4705 non
1327 4651 1650 4703 consideres
1670 4666 1971 4718 personam

301 4746 571 4816 iuperis,
619 4759 723 4796 nec
752 4743 999 4795 honores
1028 4742 1247 4793 vultum
1275 4738 1542 4808 potentis.
1570 4740 1634 4791 Et
1662 4742 1793 4807 post
1832 4755 1973 4808 pau-

340 4854 353 4888 :
397 4838 518 4896 Ita,
572 4832 788 4901 inquit,
842 4845 1082 4899 parvum
1132 4827 1372 4881 audietis
1422 4832 1487 4879 ut
1524 4842 1818 4894 magnum,
1874 4842 1975 4879 nec

304 4922 566 4994 cipietis
602 4920 943 4987 cujusquam
976 4931 1299 4986 personam,
1342 4914 1479 4984 quia
1536 4913 1636 4965 Dei
1690 4912 1969 4981 judicium

301 5020 337 5065 t.
361 5012 615 5065 Idcirco
648 5012 889 5075 uterque
942 5020 1141 5057 eorum
1178 5004 1235 5056 in
1286 5001 1684 5073 hujuscemodi
1717 5000 1974 5055 criminis

301 5102 477 5155 tione
513 5098 572 5151 si
614 5093 928 5163 negaverit,
962 5092 1087 5164 pari
1109 5091 1327 5161 judicio
1359 5090 1729 5145 examinetur.
1772 5089 1828 5143 Si
1878 5106 1972 5144 ne-

304 5190 466 5242 verit
490 5191 558 5241 et
597 5199 718 5236 non
754 5187 943 5253 potest
962 5181 1111 5234 vinci
1134 5179 1451 5233 manifestis
1474 5177 1718 5243 indiciis,
1754 5179 1801 5231 si
1827 5178 1972 5232 liber

302 5296 330 5345 :,
362 5279 549 5349 juret
607 5288 742 5325 cum
791 5269 1089 5323 duodecim
1126 5284 1139 5320 :
1173 5268 1221 5321 si
1277 5283 1494 5331 servus,
1538 5266 1777 5320 ferventi
1817 5266 1968 5320 ferro

315 5369 578 5437 purget.
620 5360 720 5414 Sin
753 5362 946 5411 autem
976 5372 1119 5409 uxor
1150 5356 1404 5409 moriens
1436 5354 1706 5408 maritum
1736 5371 1848 5409 uno
1879 5356 1968 5407 vel

302 5456 465 5511 obus
499 5446 897 5505 audientibus
929 5445 999 5498 de
1032 5449 1214 5497 morte
1271 5443 1392 5512 ejus
1424 5442 1815 5513 incnlpaverit,
1850 5459 1968 5497 non

302 5562 355 5600 eo
384 5543 516 5598 erit
554 5538 774 5601 victus,
808 5534 907 5587 sed
938 5532 983 5586 si
1015 5532 1158 5586 liber
1207 5536 1290 5586 est
1321 5547 1451 5586 cum
1483 5532 1662 5586 LXXII
1692 5532 1874 5602 juret;
1919 5530 1967 5584 si

2022 2963 2061 3016 C

2100 529 2231 582 dem
2263 530 2357 583 lex
2388 530 2493 583 erit
2528 530 2731 583 marito
2764 547 3003 584 uxorem
3036 534 3342 587 accusanti.

2490 616 2619 670 CAP.
2653 619 2863 672 XXXIX.
2890 649 2959 657 —
2978 622 3050 672 De
3073 620 3255 673 eadem
3284 638 3358 675 re.

2166 705 2275 771 (Ea:
2326 706 2545 759 concilio
2577 706 2910 765 Elibe-rtan.,
2938 710 3115 775 capite
3146 712 3255 769 85.)
3289 709 3345 762 Si
3374 710 3579 763 mulier
3606 712 3782 765 mari-

2093 795 2216 845 tum
2261 809 2427 846 suum
2472 810 2640 846 causa
2686 793 3080 847 fornicationis
3137 813 3352 849 veneno
3411 798 3776 861 interfecerit,

2096 883 2192 931 aut
2222 895 2560 949 quacunque
2594 886 2713 933 arte
2762 881 3045 949 perimere
3096 882 3248 945 facit,
3299 882 3434 952 quia
3478 884 3774 938 dominum

2096 972 2150 1018 et
2178 967 2462 1020 seniorem
2495 984 2663 1021 suum
2691 970 2914 1032 occidit,
2948 972 3204 1023 seculum
3256 971 3568 1041 relinquat,
3622 978 3678 1026 et
3723 974 3783 1026 in

2096 1054 2443 1108 monasterio
2475 1056 2770 1124 poeniteat.

2529 1144 2657 1197 CAP.
2698 1146 2803 1199 XL.
2845 1176 2912 1182 —
2948 1149 3021 1199 De
3052 1146 3234 1199 eadem
3262 1163 3337 1199 re.

2166 1231 2442 1298 (Epistola
2488 1234 2707 1284 Paulini
2754 1232 3142 1299 Forojuliens-is
3195 1237 3432 1303 episcopi

2094 1319 2361 1385 stulfum.)
2395 1320 2719 1373 Admonere
2754 1324 2808 1372 te
2858 1337 2987 1373 cum
3044 1321 3309 1390 lacrymis
3360 1328 3415 1376 et
3465 1325 3645 1377 multo
3686 1340 3780 1393 ge-

2098 1406 2240 1458 mitu
2271 1422 2428 1473 curo,
2456 1408 2537 1459 fili
2572 1408 2862 1473 Heistulfe,
2898 1409 2944 1461 si
2978 1413 3167 1461 tamen
3197 1410 3351 1462 filius
3390 1410 3501 1464 dici
3551 1411 3777 1474 debeas,

2096 1493 2192 1562 qui
2232 1500 2349 1546 tam
2395 1496 2703 1548 crudeliter
2760 1496 2953 1549 infelix
3007 1498 3381 1551 homicidium
3414 1502 3776 1568 perpetrasti.

2098 1583 2235 1633 Nam
2265 1583 2519 1635 occidisti
2555 1600 2789 1637 uxorem
2821 1590 2980 1637 tuam
3012 1592 3231 1652 partem
3262 1588 3517 1657 corporis
3558 1588 3663 1652 tui,
3698 1589 3777 1640 le-

2095 1669 2297 1737 gitimo
2329 1670 2429 1722 tibi
2463 1672 2825 1724 matrimonio
2876 1674 3145 1726 sociatam
3203 1674 3322 1727 sine
3356 1690 3524 1728 causa
3556 1676 3776 1737 mortis,

2096 1772 2207 1808 non
2240 1758 2342 1810 tibi
2374 1758 2749 1820 resistentem,
2786 1776 2900 1812 non
2948 1760 3312 1814 insidiantem
3345 1778 3574 1832 quoquo
3606 1764 3778 1816 modo

2092 1844 2218 1897 vitae
2252 1849 2383 1899 tuae.
2419 1848 2536 1899 Non
2568 1847 2833 1900 invenisti
2867 1865 2992 1901 eam
3024 1865 3153 1901 cum
3187 1850 3295 1901 alio
3337 1851 3460 1902 viro
3503 1851 3779 1904 nefariam

2092 1947 2211 1982 rem
2244 1930 2563 1998 facientem,
2596 1934 2692 1986 sed
2722 1933 2985 1986 incitatus
3021 1952 3051 1986 a
3074 1935 3318 2001 diabolo,
3349 1937 3526 2006 impio
3558 1937 3781 1991 inflam-

2093 2022 2280 2071 matus
2310 2019 2520 2082 furore,
2567 2021 2849 2073 latrocinii
2885 2038 3063 2087 more,
3109 2024 3351 2076 atrocior
3380 2030 3434 2076 et
3467 2026 3775 2086 crudelior,

2092 2107 2246 2158 omni
2294 2108 2491 2171 bestia,
2539 2124 2664 2161 eam
2718 2110 2906 2177 gladio
2962 2115 3061 2162 tuo
3112 2110 3469 2165 interemisti.
3532 2114 3598 2165 Et
3626 2130 3777 2166 nunc

2091 2198 2220 2263 post
2248 2200 2491 2248 mortem
2523 2196 2645 2264 ejus
2671 2197 2827 2250 addis
2874 2198 3237 2268 iniquitatem
3284 2216 3456 2269 super
3503 2201 3777 2270 iniquita-

2093 2288 2228 2347 tem,
2292 2281 2539 2335 ﬁliorum
2586 2288 2818 2337 tuorum
2876 2285 3139 2353 improbe
3196 2287 3406 2354 praedo,
3461 2288 3559 2357 qui
3610 2289 3778 2341 matri

2091 2387 2205 2423 non
2232 2371 2557 2439 pepercisti,
2614 2377 2669 2424 et
2701 2373 2845 2425 filios
2898 2377 3025 2426 tuos
3073 2373 3201 2426 ideo
3252 2378 3538 2444 orphanos
3568 2376 3770 2440 fecisti,

2094 2464 2156 2511 ut
2185 2459 2652 2528 superinduceres
2696 2460 2892 2513 mortis
2929 2478 3156 2514 causam
3206 2468 3330 2531 post
3376 2468 3617 2517 mortem
3652 2480 3664 2517 :
3723 2470 3777 2517 et

2092 2562 2195 2616 per
2224 2563 2403 2599 unum
2434 2547 2805 2612 homicidam,
2842 2554 2896 2601 et
2942 2551 3248 2619 reprobum
3289 2556 3485 2603 testem
3521 2551 3778 2605 incusare

2092 2634 2175 2686 vis
2204 2640 2527 2688 mortuam:
2564 2636 2666 2689 hoc
2698 2653 2799 2689 nec
2842 2638 3229 2707 Evangelium,
3284 2656 3385 2691 nec
3434 2640 3550 2693 ulla
3588 2640 3779 2693 divina

2092 2724 2457 2792 humanaque
2490 2724 2572 2776 lex
2599 2725 2874 2790 concedit,
2921 2731 2982 2777 ut
3011 2726 3180 2778 unius
3230 2726 3554 2779 testimonio
3603 2728 3774 2780 etiam

2089 2810 2314 2875 idoneo,
2351 2811 2558 2880 aliquis
2580 2813 3010 2876 condemnetur,
3045 2812 3525 2882 veljustificetur:
3558 2820 3774 2883 quanto

2093 2899 2274 2967 magis
2296 2915 2399 2968 per
2427 2901 2599 2953 istum
2630 2909 2745 2953 tam
2790 2901 3138 2970 ﬂagitiosum
3187 2907 3244 2955 et
3294 2904 3615 2969 scelestum,
3670 2920 3773 2956 nec

2092 2986 2189 3039 illa
2220 2987 2345 3040 viva
2375 2988 2569 3041 debuit
2598 2989 2986 3054 condemnari,
3021 3006 3125 3043 nec
3156 2996 3217 3043 tu
3253 2991 3465 3059 poteris
3495 2996 3622 3059 post
3652 2992 3774 3060 ejus

2092 3079 2332 3127 mortem
2394 3075 2699 3128 excusari?
2752 3076 2913 3129 Prius
2960 3093 3126 3129 causa
3182 3077 3437 3129 criminis
3492 3078 3774 3131 subtiliter

2093 3166 2214 3215 erat
2270 3162 2689 3233 investiganda,
2743 3169 2799 3217 et
2850 3169 2985 3217 tunc
3034 3164 3079 3217 si
3135 3181 3233 3218 rea
3272 3165 3467 3218 fuisset
3521 3166 3770 3232 inventa,

2092 3251 2399 3303 secundum
2444 3251 2586 3320 legis
2636 3252 2928 3305 tramitem
2977 3252 3174 3306 debuit
3220 3254 3480 3323 excipere
3540 3255 3774 3308 ultionis

2090 3339 2417 3394 vindictam.
2482 3341 2622 3393 Nam
2683 3340 2785 3393 etsi
2836 3357 3051 3407 verum,
3133 3342 3287 3411 quod
3344 3342 3507 3407 absit,
3557 3343 3772 3411 fuisset,

2091 3427 2235 3480 sicut
2263 3428 2359 3480 ille
2391 3428 2612 3481 adulter
2641 3429 2913 3482 mentitus
2944 3434 3046 3490 est,
3080 3434 3206 3498 post
3265 3430 3351 3482 VII
3392 3448 3567 3484 annos
3598 3431 3775 3501 pumi-

2089 3514 2266 3568 tentia
2294 3520 2539 3584 peracta,
2577 3515 2864 3570 dimittere
2915 3534 3040 3570 eam
3071 3534 3177 3585 per
3225 3520 3595 3587 approbatam
3647 3537 3773 3573 cau-

2088 3618 2205 3655 sam
2237 3608 2465 3671 poteras
2505 3604 2551 3655 si
2602 3604 2892 3669 voluisses,
2948 3605 3202 3658 occidere
3273 3622 3396 3659 eam
3447 3608 3771 3661 nullatenus

2087 3690 2352 3744 debuisti.
2390 3692 2508 3743 Duo
2541 3691 2778 3743 consilia
2808 3692 3184 3761 proponimus
3218 3692 3324 3745 tibi
3359 3710 3371 3745 :
3404 3698 3646 3763 Accepta
3687 3700 3770 3748 te-

2088 3794 2217 3831 cum
2260 3778 2665 3832 deliberatione
2716 3779 2983 3845 duorum,
3036 3780 3181 3851 elige
3215 3781 3396 3850 magis
3446 3783 3597 3852 quod
3655 3784 3771 3854 pla-

2088 3871 2227 3929 ceat,
2266 3872 2318 3919 et
2352 3866 2617 3920 miserere
2650 3867 2856 3921 animae
2886 3873 3019 3922 tuae.
3056 3871 3120 3921 Et
3152 3874 3213 3922 tu
3244 3870 3358 3939 hic
3408 3871 3466 3922 in
3511 3871 3620 3925 isto
3668 3889 3769 3925 an-

2088 3959 2253 4023 gusto
2283 3959 2542 4024 tempore
2574 3956 2813 4024 positus,
2842 3973 2912 4010 ne
2944 3957 3019 4009 sis
3066 3964 3127 4010 tu
3178 3958 3297 4027 ipse
3345 3959 3546 4013 tuimet
3592 3961 3772 4014 homi—

2085 4042 2226 4108 cida,
2258 4048 2314 4096 et
2344 4044 2403 4096 in
2439 4047 2715 4097 aeternum
2770 4062 2990 4113 pereas,
3020 4045 3282 4116 relinque
3313 4047 3419 4099 hoc
3451 4048 3767 4117 malignum

2087 4132 2355 4184 saeculum
2388 4133 2538 4201 quod
2570 4138 2625 4185 te
2661 4133 2831 4186 traxit
2858 4135 2927 4187 ad
2981 4140 3095 4187 tam
3135 4134 3613 4190 immanissimum
3644 4154 3771 4207 pec-

2002 4230 2044 4283 ι)
2083 4218 2194 4271 cati
2224 4218 2461 4272 facinus.
2496 4220 2797 4289 Ingredere
2847 4222 3281 4285 monasterium,
3313 4224 3614 4278 hnmiliare
3662 4227 3766 4279 sub

2085 4322 2257 4359 manu
2289 4306 2527 4372 abbatis,
2561 4312 2617 4361 et
2656 4308 2970 4362 multorum
3000 4309 3235 4362 fratrum
3286 4311 3547 4379 precibus
3601 4314 3764 4382 adju-

2084 4399 2194 4459 tus,
2232 4395 2467 4448 observa
2497 4401 2699 4449 cuncta
2729 4396 2974 4466 simplici
3022 4398 3216 4450 animo
3245 4415 3372 4467 quae
3414 4399 3517 4452 tibi
3561 4400 3629 4453 ab
3666 4402 3763 4454 ab-

2084 4483 2211 4536 bate
2242 4482 2457 4535 fuerint
2485 4483 2782 4552 imperata,
2817 4484 2863 4535 si
2911 4484 3053 4537 forte
3100 4485 3357 4551 ignoscat
3400 4484 3626 4538 inﬁnita
3660 4486 3758 4538 Dei

2082 4570 2303 4624 bonitas
2334 4570 2580 4639 peccatis
2608 4571 2739 4625 tuis.
2793 4571 2945 4624 Istud
2990 4572 3287 4624 consilium
3333 4577 3395 4624 ut
3450 4573 3767 4626 certissima

2085 4646 2224 4711 scias
2259 4658 2435 4711 levius
2466 4662 2521 4711 et
2547 4657 2829 4711 salubrius
2860 4664 2961 4723 est,
2998 4664 3062 4712 ut
3085 4660 3188 4712 sub
3219 4660 3452 4713 alterius
3510 4662 3767 4715 custodia

2082 4747 2279 4816 lugeas
2310 4746 2571 4799 deﬂenda
2599 4749 2846 4815 peccata.
2880 4746 3200 4800 Secundum
3231 4752 3422 4801 autem
3463 4749 3766 4802 consilium

2083 4836 2192 4888 tale
2217 4839 2316 4887 est.
2349 4837 2522 4888 Arma
2560 4834 2801 4903 depone,
2844 4840 2900 4888 et
2937 4839 3137 4889 cuncta
3188 4837 3481 4891 smcularia
3527 4838 3766 4907 negocia

2082 4922 2321 4975 dimitte.
2362 4922 2600 4975 Carnem
2651 4926 2708 4975 et
2764 4923 3020 4992 sagimen
3062 4926 3331 4979 omnibus
3380 4925 3580 4980 diebus
3636 4929 3764 4980 vitae

2080 5014 2194 5062 tuae.
2242 5023 2355 5060 non
2415 5008 2697 5075 comedas,
2751 5014 2981 5079 excepto
3023 5027 3138 5064 uno
3185 5011 3274 5064 die
3318 5012 3765 5066 Resurrectionis

2084 5095 2328 5159 Domini,
2359 5100 2416 5149 et
2444 5112 2556 5149 uno
2589 5096 2681 5149 die
2714 5098 3088 5165 Pentecostes,
3141 5104 3196 5153 et
3244 5117 3359 5153 uno
3406 5101 3497 5153 die
3554 5101 3765 5154 Natalis

2080 5183 2307 5237 Domini
2336 5184 2553 5237 caeteris
2577 5186 2930 5255 temporibus
2961 5187 3021 5239 in
3051 5204 3196 5256 pane
3219 5194 3276 5241 et
3295 5204 3463 5257 aqua,
3495 5194 3551 5241 et
3580 5188 3759 5242 inter-

2081 5272 2217 5325 dum
2248 5272 2635 5342 leguminibus
2665 5279 2721 5327 et
2748 5274 2996 5327 oleribus
3027 5276 3304 5344 pmniteas
3337 5292 3349 5328 :
3400 5276 3459 5328 in
3502 5276 3760 5346 jejuniis,

2079 5356 2139 5408 in
2174 5356 2399 5426 vigiliis,
2431 5362 2486 5410 et
2518 5357 2578 5410 in
2636 5358 3016 5425 orationibus,
3054 5365 3109 5413 et
3139 5360 3196 5411 in
3228 5359 3606 5429 eleemosynis
3629 5376 3760 5431 per-

2075 5461 2269 5498 severa
2298 5445 2767 5517 omnitempore.
2824 5447 3054 5513 Vinum,
3106 5447 3434 5515 medonem,
3481 5453 3539 5501 et
3580 5449 3761 5503 melli-

2074 5535 2192 5585 tam
2225 5532 2523 5587 cervisiam
2558 5550 2855 5605 nunquam
2894 5534 3071 5600 bibas,
3122 5534 3231 5589 nisi
3269 5534 3329 5589 in
3367 5535 3495 5590 aliis
3548 5538 3758 5608 praedi-

3528 1236 3601 1288 ad
3650 1239 3776 1289 Ilei-
3852 1246 3855 1249 '
