  <div class='ocr_page' id='page_1' title='image "/cluster/home/n/w/nwhite01/storage/ocr_20150623/140-141/uc1.31175018559917/395.png"; bbox 0 0 3966 6406; ppageno 0'>
   <div class='ocr_carea' id='block_1_1' title="bbox 375 347 477 398">
    <p class='ocr_par' dir='ltr' id='par_1_1' title="bbox 375 347 477 398">
     <span class='ocr_line' id='line_1_1' title="bbox 375 347 477 398; baseline -0.029 0"><span class='ocrx_word' id='word_1_1' title='bbox 375 347 477 398; x_wconf 80' lang='grc'>’775</span> 
     </span>
    </p>
   </div>
   <div class='ocr_carea' id='block_1_2' title="bbox 1454 345 3904 404">
    <p class='ocr_par' dir='ltr' id='par_1_2' title="bbox 1454 345 3904 404">
     <span class='ocr_line' id='line_1_2' title="bbox 1454 345 3904 404; baseline 0.002 -6"><span class='ocrx_word' id='word_1_2' title='bbox 1454 345 1730 400; x_wconf 81' lang='lat' dir='ltr'>BURCHA</span> <span class='ocrx_word' id='word_1_3' title='bbox 1743 346 1860 399; x_wconf 80' lang='lat' dir='ltr'><strong>RDI</strong></span> <span class='ocrx_word' id='word_1_4' title='bbox 1902 345 2432 402; x_wconf 77' lang='lat' dir='ltr'>WORMACIENSIS</span> <span class='ocrx_word' id='word_1_5' title='bbox 2469 347 2802 402; x_wconf 85' lang='lat' dir='ltr'>EPISCOPI.</span> <span class='ocrx_word' id='word_1_6' title='bbox 3784 353 3904 404; x_wconf 77' lang='lat'>776</span> 
     </span>
    </p>
   </div>
   <div class='ocr_carea' id='block_1_3' title="bbox 375 465 3907 538">
    <p class='ocr_par' dir='ltr' id='par_1_3' title="bbox 375 465 3907 538">
     <span class='ocr_line' id='line_1_3' title="bbox 375 465 3907 538; baseline 0.001 -18"><span class='ocrx_word' id='word_1_7' title='bbox 375 468 478 521; x_wconf 90' lang='lat' dir='ltr'>ctis</span> <span class='ocrx_word' id='word_1_8' title='bbox 517 465 700 520; x_wconf 90' lang='lat' dir='ltr'>tribus</span> <span class='ocrx_word' id='word_1_9' title='bbox 755 465 974 519; x_wconf 90' lang='lat' dir='ltr'>diebus.</span> <span class='ocrx_word' id='word_1_10' title='bbox 1031 466 1273 518; x_wconf 83' lang='lat' dir='ltr'>Uxorem</span> <span class='ocrx_word' id='word_1_11' title='bbox 1325 481 1397 518; x_wconf 92' lang='lat' dir='ltr'>ne</span> <span class='ocrx_word' id='word_1_12' title='bbox 1449 467 1650 531; x_wconf 90' lang='lat' dir='ltr'>ducas,</span> <span class='ocrx_word' id='word_1_13' title='bbox 1702 467 2079 521; x_wconf 86' lang='lat' dir='ltr'>concubinam</span> <span class='ocrx_word' id='word_1_14' title='bbox 2109 471 2156 523; x_wconf 76' lang='grc' dir='ltr'>Α</span> <span class='ocrx_word' id='word_1_15' title='bbox 2195 484 2312 522; x_wconf 89' lang='lat' dir='ltr'>non</span> <span class='ocrx_word' id='word_1_16' title='bbox 2343 474 2427 522; x_wconf 86' lang='lat' dir='ltr'>est</span> <span class='ocrx_word' id='word_1_17' title='bbox 2462 468 2662 522; x_wconf 77' lang='lat' dir='ltr'>effusio</span> <span class='ocrx_word' id='word_1_18' title='bbox 2697 467 3012 538; x_wconf 82' lang='lat' dir='ltr'>sanguinis.</span> <span class='ocrx_word' id='word_1_19' title='bbox 3043 469 3401 538; x_wconf 81' lang='lat' dir='ltr'>Augustinus</span> <span class='ocrx_word' id='word_1_20' title='bbox 3425 469 3503 523; x_wconf 88' lang='lat' dir='ltr'>ait</span> <span class='ocrx_word' id='word_1_21' title='bbox 3535 487 3548 524; x_wconf 90' lang='lat'><strong>:</strong></span> <span class='ocrx_word' id='word_1_22' title='bbox 3610 471 3747 535; x_wconf 69' lang='lat' dir='ltr'>Quas</span> <span class='ocrx_word' id='word_1_23' title='bbox 3779 472 3907 524; x_wconf 84' lang='lat' dir='ltr'>ista</span> 
     </span>
    </p>
   </div>
   <div class='ocr_carea' id='block_1_4' title="bbox 377 553 2076 625">
    <p class='ocr_par' dir='ltr' id='par_1_4' title="bbox 377 553 2076 625">
     <span class='ocr_line' id='line_1_4' title="bbox 377 553 2076 625; baseline 0.001 -17"><span class='ocrx_word' id='word_1_24' title='bbox 377 571 492 608; x_wconf 89' lang='lat' dir='ltr'>non</span> <span class='ocrx_word' id='word_1_25' title='bbox 526 555 760 619; x_wconf 83' lang='lat' dir='ltr'>habeas,</span> <span class='ocrx_word' id='word_1_26' title='bbox 790 554 1139 607; x_wconf 79' lang='lat' dir='ltr'>adulterium</span> <span class='ocrx_word' id='word_1_27' title='bbox 1171 569 1285 607; x_wconf 90' lang='lat' dir='ltr'>non</span> <span class='ocrx_word' id='word_1_28' title='bbox 1314 553 1505 618; x_wconf 85' lang='lat' dir='ltr'>facias,</span> <span class='ocrx_word' id='word_1_29' title='bbox 1553 555 1766 624; x_wconf 83' lang='lat' dir='ltr'>absque</span> <span class='ocrx_word' id='word_1_30' title='bbox 1813 572 1912 625; x_wconf 86' lang='lat' dir='ltr'>spe</span> <span class='ocrx_word' id='word_1_31' title='bbox 1942 572 2076 609; x_wconf 88' lang='lat' dir='ltr'>con-</span> 
     </span>
    </p>
   </div>
   <div class='ocr_carea' id='block_1_5' title="bbox 370 643 2071 714">
    <p class='ocr_par' dir='ltr' id='par_1_5' title="bbox 370 643 2071 714">
     <span class='ocr_line' id='line_1_5' title="bbox 370 643 2071 714; baseline 0.001 -18"><span class='ocrx_word' id='word_1_32' title='bbox 370 643 522 714; x_wconf 87' lang='lat' dir='ltr'>jugii</span> <span class='ocrx_word' id='word_1_33' title='bbox 552 649 834 713; x_wconf 89' lang='lat' dir='ltr'>perpetuo</span> <span class='ocrx_word' id='word_1_34' title='bbox 868 659 1228 712; x_wconf 87' lang='lat' dir='ltr'>permaneas.</span> <span class='ocrx_word' id='word_1_35' title='bbox 1265 644 1568 712; x_wconf 88' lang='lat' dir='ltr'>Nunquam</span> <span class='ocrx_word' id='word_1_36' title='bbox 1598 648 1652 696; x_wconf 92' lang='lat' dir='ltr'>te</span> <span class='ocrx_word' id='word_1_37' title='bbox 1681 644 1831 696; x_wconf 89' lang='lat' dir='ltr'>laves</span> <span class='ocrx_word' id='word_1_38' title='bbox 1862 644 1918 696; x_wconf 90' lang='lat' dir='ltr'>in</span> <span class='ocrx_word' id='word_1_39' title='bbox 1951 645 2071 698; x_wconf 89' lang='lat' dir='ltr'>bal-</span> 
     </span>
    </p>
   </div>
   <div class='ocr_carea' id='block_1_6' title="bbox 375 731 2078 802">
    <p class='ocr_par' dir='ltr' id='par_1_6' title="bbox 375 731 2078 802">
     <span class='ocr_line' id='line_1_6' title="bbox 375 731 2078 802; baseline -0.001 -17"><span class='ocrx_word' id='word_1_40' title='bbox 375 749 504 799; x_wconf 90' lang='lat' dir='ltr'>neo,</span> <span class='ocrx_word' id='word_1_41' title='bbox 541 747 754 802; x_wconf 91' lang='lat' dir='ltr'>equum</span> <span class='ocrx_word' id='word_1_42' title='bbox 789 748 903 784; x_wconf 91' lang='lat' dir='ltr'>non</span> <span class='ocrx_word' id='word_1_43' title='bbox 937 731 1224 796; x_wconf 82' lang='lat' dir='ltr'>ascendas,</span> <span class='ocrx_word' id='word_1_44' title='bbox 1280 746 1508 784; x_wconf 88' lang='lat' dir='ltr'>causam</span> <span class='ocrx_word' id='word_1_45' title='bbox 1567 737 1722 784; x_wconf 90' lang='lat' dir='ltr'>tuam</span> <span class='ocrx_word' id='word_1_46' title='bbox 1755 736 1812 785; x_wconf 88' lang='lat' dir='ltr'>et</span> <span class='ocrx_word' id='word_1_47' title='bbox 1843 733 2078 786; x_wconf 78' lang='lat' dir='ltr'>alterius</span> 
     </span>
    </p>
   </div>
   <div class='ocr_carea' id='block_1_7' title="bbox 375 819 2079 888">
    <p class='ocr_par' dir='ltr' id='par_1_7' title="bbox 375 819 2079 888">
     <span class='ocr_line' id='line_1_7' title="bbox 375 819 2079 888; baseline -0.001 -13"><span class='ocrx_word' id='word_1_48' title='bbox 375 822 434 875; x_wconf 90' lang='lat' dir='ltr'>in</span> <span class='ocrx_word' id='word_1_49' title='bbox 459 825 746 874; x_wconf 80' lang='lat' dir='ltr'>conventu</span> <span class='ocrx_word' id='word_1_50' title='bbox 776 820 1034 874; x_wconf 80' lang='lat' dir='ltr'>fidelium</span> <span class='ocrx_word' id='word_1_51' title='bbox 1067 836 1182 872; x_wconf 91' lang='lat' dir='ltr'>non</span> <span class='ocrx_word' id='word_1_52' title='bbox 1235 835 1390 888; x_wconf 83' lang='lat' dir='ltr'>agas,</span> <span class='ocrx_word' id='word_1_53' title='bbox 1440 819 1500 872; x_wconf 91' lang='lat' dir='ltr'>in</span> <span class='ocrx_word' id='word_1_54' title='bbox 1559 820 1832 872; x_wconf 87' lang='lat' dir='ltr'>conviviis</span> <span class='ocrx_word' id='word_1_55' title='bbox 1888 821 2079 874; x_wconf 67' lang='lat' dir='ltr'>laetan-</span> 
     </span>
    </p>
   </div>
   <div class='ocr_carea' id='block_1_8' title="bbox 372 908 2078 978">
    <p class='ocr_par' dir='ltr' id='par_1_8' title="bbox 372 908 2078 978">
     <span class='ocr_line' id='line_1_8' title="bbox 372 908 2078 978; baseline 0 -16"><span class='ocrx_word' id='word_1_56' title='bbox 372 909 518 962; x_wconf 91' lang='lat' dir='ltr'>tium</span> <span class='ocrx_word' id='word_1_57' title='bbox 550 924 843 978; x_wconf 82' lang='lat' dir='ltr'>nunquam</span> <span class='ocrx_word' id='word_1_58' title='bbox 877 909 1090 972; x_wconf 90' lang='lat' dir='ltr'>sedeas,</span> <span class='ocrx_word' id='word_1_59' title='bbox 1130 908 1188 960; x_wconf 90' lang='lat' dir='ltr'>in</span> <span class='ocrx_word' id='word_1_60' title='bbox 1219 909 1454 961; x_wconf 85' lang='lat' dir='ltr'>ecclesia</span> <span class='ocrx_word' id='word_1_61' title='bbox 1487 913 1822 978; x_wconf 89' lang='lat' dir='ltr'>segregatus</span> <span class='ocrx_word' id='word_1_62' title='bbox 1849 909 1917 962; x_wconf 90' lang='lat' dir='ltr'>ab</span> <span class='ocrx_word' id='word_1_63' title='bbox 1951 909 2078 962; x_wconf 91' lang='lat' dir='ltr'>aliis</span> 
     </span>
    </p>
   </div>
   <div class='ocr_carea' id='block_1_9' title="bbox 374 996 2075 1066">
    <p class='ocr_par' dir='ltr' id='par_1_9' title="bbox 374 996 2075 1066">
     <span class='ocr_line' id='line_1_9' title="bbox 374 996 2075 1066; baseline 0.001 -15"><span class='ocrx_word' id='word_1_64' title='bbox 374 997 711 1052; x_wconf 77' lang='lat' dir='ltr'>Christianis</span> <span class='ocrx_word' id='word_1_65' title='bbox 739 1003 868 1066; x_wconf 92' lang='lat' dir='ltr'>post</span> <span class='ocrx_word' id='word_1_66' title='bbox 898 997 1108 1050; x_wconf 90' lang='lat' dir='ltr'>ostium</span> <span class='ocrx_word' id='word_1_67' title='bbox 1133 996 1429 1049; x_wconf 83' lang='lat' dir='ltr'>humiliter</span> <span class='ocrx_word' id='word_1_68' title='bbox 1455 1003 1588 1062; x_wconf 87' lang='lat' dir='ltr'>stes,</span> <span class='ocrx_word' id='word_1_69' title='bbox 1615 997 2075 1066; x_wconf 84' lang='lat' dir='ltr'>ingredientium</span> 
     </span>
    </p>
   </div>
   <div class='ocr_carea' id='block_1_10' title="bbox 374 1084 2074 1156">
    <p class='ocr_par' dir='ltr' id='par_1_10' title="bbox 374 1084 2074 1156">
     <span class='ocr_line' id='line_1_10' title="bbox 374 1084 2074 1156; baseline -0.001 -17"><span class='ocrx_word' id='word_1_70' title='bbox 374 1093 432 1140; x_wconf 84' lang='lat' dir='ltr'>et</span> <span class='ocrx_word' id='word_1_71' title='bbox 459 1085 880 1156; x_wconf 83' lang='lat' dir='ltr'>egredientium</span> <span class='ocrx_word' id='word_1_72' title='bbox 910 1084 1266 1137; x_wconf 88' lang='lat' dir='ltr'>orationibus</span> <span class='ocrx_word' id='word_1_73' title='bbox 1293 1084 1630 1153; x_wconf 87' lang='lat' dir='ltr'>suppliciter</span> <span class='ocrx_word' id='word_1_74' title='bbox 1690 1091 1745 1138; x_wconf 90' lang='lat' dir='ltr'>te</span> <span class='ocrx_word' id='word_1_75' title='bbox 1779 1101 2074 1138; x_wconf 91' lang='lat' dir='ltr'>commen-</span> 
     </span>
    </p>
   </div>
   <div class='ocr_carea' id='block_1_11' title="bbox 377 1171 2074 1243">
    <p class='ocr_par' dir='ltr' id='par_1_11' title="bbox 377 1171 2074 1243">
     <span class='ocr_line' id='line_1_11' title="bbox 377 1171 2074 1243; baseline -0.001 -16"><span class='ocrx_word' id='word_1_76' title='bbox 377 1175 498 1241; x_wconf 90' lang='lat' dir='ltr'>des,</span> <span class='ocrx_word' id='word_1_77' title='bbox 526 1173 928 1226; x_wconf 88' lang='lat' dir='ltr'>communione</span> <span class='ocrx_word' id='word_1_78' title='bbox 965 1171 1110 1224; x_wconf 90' lang='lat' dir='ltr'>sacri</span> <span class='ocrx_word' id='word_1_79' title='bbox 1143 1173 1398 1241; x_wconf 89' lang='lat' dir='ltr'>corporis</span> <span class='ocrx_word' id='word_1_80' title='bbox 1431 1177 1486 1225; x_wconf 91' lang='lat' dir='ltr'>et</span> <span class='ocrx_word' id='word_1_81' title='bbox 1534 1173 1833 1243; x_wconf 83' lang='lat' dir='ltr'>sanguinis</span> <span class='ocrx_word' id='word_1_82' title='bbox 1882 1173 2074 1226; x_wconf 90' lang='lat' dir='ltr'>Domi-</span> 
     </span>
    </p>
   </div>
   <div class='ocr_carea' id='block_1_12' title="bbox 375 1259 2069 1331">
    <p class='ocr_par' dir='ltr' id='par_1_12' title="bbox 375 1259 2069 1331">
     <span class='ocr_line' id='line_1_12' title="bbox 375 1259 2069 1331; baseline 0.004 -20"><span class='ocrx_word' id='word_1_83' title='bbox 375 1259 436 1312; x_wconf 89' lang='lat' dir='ltr'>ni</span> <span class='ocrx_word' id='word_1_84' title='bbox 466 1260 680 1313; x_wconf 90' lang='lat' dir='ltr'>cunctis</span> <span class='ocrx_word' id='word_1_85' title='bbox 724 1261 924 1314; x_wconf 91' lang='lat' dir='ltr'>diebus</span> <span class='ocrx_word' id='word_1_86' title='bbox 956 1261 1086 1313; x_wconf 67' lang='lat' dir='ltr'>vitae</span> <span class='ocrx_word' id='word_1_87' title='bbox 1137 1264 1252 1313; x_wconf 75' lang='lat' dir='ltr'>tuae</span> <span class='ocrx_word' id='word_1_88' title='bbox 1310 1260 1616 1331; x_wconf 88' lang='lat' dir='ltr'>indignum</span> <span class='ocrx_word' id='word_1_89' title='bbox 1657 1267 1712 1316; x_wconf 89' lang='lat' dir='ltr'>te</span> <span class='ocrx_word' id='word_1_90' title='bbox 1763 1262 2069 1318; x_wconf 83' lang='lat' dir='ltr'>existimes.</span> 
     </span>
    </p>
   </div>
   <div class='ocr_carea' id='block_1_13' title="bbox 374 1347 2070 1419">
    <p class='ocr_par' dir='ltr' id='par_1_13' title="bbox 374 1347 2070 1419">
     <span class='ocr_line' id='line_1_13' title="bbox 374 1347 2070 1419; baseline 0.002 -19"><span class='ocrx_word' id='word_1_91' title='bbox 374 1348 436 1400; x_wconf 91' lang='lat' dir='ltr'><strong>In</strong></span> <span class='ocrx_word' id='word_1_92' title='bbox 470 1347 672 1401; x_wconf 89' lang='lat' dir='ltr'>ultimo</span> <span class='ocrx_word' id='word_1_93' title='bbox 700 1348 944 1402; x_wconf 88' lang='lat' dir='ltr'>termino</span> <span class='ocrx_word' id='word_1_94' title='bbox 977 1349 1106 1401; x_wconf 68' lang='lat' dir='ltr'>vitae</span> <span class='ocrx_word' id='word_1_95' title='bbox 1139 1353 1254 1402; x_wconf 63' lang='lat' dir='ltr'>tuae</span> <span class='ocrx_word' id='word_1_96' title='bbox 1287 1366 1390 1419; x_wconf 91' lang='lat' dir='ltr'>pro</span> <span class='ocrx_word' id='word_1_97' title='bbox 1431 1349 1659 1415; x_wconf 90' lang='lat' dir='ltr'>viatico,</span> <span class='ocrx_word' id='word_1_98' title='bbox 1693 1351 1738 1402; x_wconf 88' lang='lat' dir='ltr'>si</span> <span class='ocrx_word' id='word_1_99' title='bbox 1797 1350 2070 1404; x_wconf 89' lang='lat' dir='ltr'>observa-</span> 
     </span>
    </p>
   </div>
   <div class='ocr_carea' id='block_1_14' title="bbox 374 1435 2075 1505">
    <p class='ocr_par' dir='ltr' id='par_1_14' title="bbox 374 1435 2075 1505">
     <span class='ocr_line' id='line_1_14' title="bbox 374 1435 2075 1505; baseline 0.002 -18"><span class='ocrx_word' id='word_1_100' title='bbox 374 1435 520 1488; x_wconf 86' lang='lat' dir='ltr'>veris</span> <span class='ocrx_word' id='word_1_101' title='bbox 549 1437 874 1501; x_wconf 90' lang='lat' dir='ltr'>consilium,</span> <span class='ocrx_word' id='word_1_102' title='bbox 925 1440 989 1488; x_wconf 92' lang='lat' dir='ltr'>ut</span> <span class='ocrx_word' id='word_1_103' title='bbox 1018 1435 1280 1505; x_wconf 90' lang='lat' dir='ltr'>accipias,</span> <span class='ocrx_word' id='word_1_104' title='bbox 1330 1437 1434 1490; x_wconf 90' lang='lat' dir='ltr'>tibi</span> <span class='ocrx_word' id='word_1_105' title='bbox 1485 1438 1872 1492; x_wconf 89' lang='lat' dir='ltr'>concedimus.</span> <span class='ocrx_word' id='word_1_106' title='bbox 1931 1439 2075 1492; x_wconf 88' lang='lat' dir='ltr'>Sunt</span> 
     </span>
    </p>
   </div>
   <div class='ocr_carea' id='block_1_15' title="bbox 373 1523 2069 1596">
    <p class='ocr_par' dir='ltr' id='par_1_15' title="bbox 373 1523 2069 1596">
     <span class='ocr_line' id='line_1_15' title="bbox 373 1523 2069 1596; baseline 0.001 -20"><span class='ocrx_word' id='word_1_107' title='bbox 373 1529 428 1577; x_wconf 85' lang='lat' dir='ltr'>et</span> <span class='ocrx_word' id='word_1_108' title='bbox 463 1523 573 1576; x_wconf 90' lang='lat' dir='ltr'>alia</span> <span class='ocrx_word' id='word_1_109' title='bbox 604 1525 787 1577; x_wconf 89' lang='lat' dir='ltr'>multa</span> <span class='ocrx_word' id='word_1_110' title='bbox 816 1524 1050 1578; x_wconf 90' lang='lat' dir='ltr'>duriora</span> <span class='ocrx_word' id='word_1_111' title='bbox 1101 1541 1230 1594; x_wconf 67' lang='lat' dir='ltr'>quin</span> <span class='ocrx_word' id='word_1_112' title='bbox 1287 1525 1391 1578; x_wconf 88' lang='lat' dir='ltr'>tibi</span> <span class='ocrx_word' id='word_1_113' title='bbox 1431 1526 1596 1596; x_wconf 84' lang='lat' dir='ltr'>juxta</span> <span class='ocrx_word' id='word_1_114' title='bbox 1646 1526 1872 1596; x_wconf 91' lang='lat' dir='ltr'>pondus</span> <span class='ocrx_word' id='word_1_115' title='bbox 1926 1526 2069 1580; x_wconf 89' lang='lat' dir='ltr'>tanti</span> 
     </span>
    </p>
   </div>
   <div class='ocr_carea' id='block_1_16' title="bbox 371 1611 2072 1686">
    <p class='ocr_par' dir='ltr' id='par_1_16' title="bbox 371 1611 2072 1686">
     <span class='ocr_line' id='line_1_16' title="bbox 371 1611 2072 1686; baseline 0.003 -23"><span class='ocrx_word' id='word_1_116' title='bbox 371 1611 639 1664; x_wconf 83' lang='lat' dir='ltr'>facinoris</span> <span class='ocrx_word' id='word_1_117' title='bbox 667 1618 856 1665; x_wconf 88' lang='lat' dir='ltr'>essent</span> <span class='ocrx_word' id='word_1_118' title='bbox 885 1613 1208 1681; x_wconf 82' lang='lat' dir='ltr'>adjicienda</span> <span class='ocrx_word' id='word_1_119' title='bbox 1243 1629 1255 1666; x_wconf 90' lang='lat'>:</span> <span class='ocrx_word' id='word_1_120' title='bbox 1309 1615 1406 1667; x_wconf 90' lang='lat' dir='ltr'>sed</span> <span class='ocrx_word' id='word_1_121' title='bbox 1439 1614 1485 1666; x_wconf 91' lang='lat' dir='ltr'>si</span> <span class='ocrx_word' id='word_1_122' title='bbox 1519 1615 1640 1667; x_wconf 64' lang='lat' dir='ltr'>haec</span> <span class='ocrx_word' id='word_1_123' title='bbox 1689 1615 1886 1668; x_wconf 90' lang='lat' dir='ltr'>omnia</span> <span class='ocrx_word' id='word_1_124' title='bbox 1942 1632 2072 1686; x_wconf 70' lang='lat' dir='ltr'>qua:</span> 
     </span>
    </p>
   </div>
   <div class='ocr_carea' id='block_1_17' title="bbox 373 1699 2068 1771">
    <p class='ocr_par' dir='ltr' id='par_1_17' title="bbox 373 1699 2068 1771">
     <span class='ocr_line' id='line_1_17' title="bbox 373 1699 2068 1771; baseline 0.003 -20"><span class='ocrx_word' id='word_1_125' title='bbox 373 1715 546 1768; x_wconf 87' lang='lat' dir='ltr'>supra</span> <span class='ocrx_word' id='word_1_126' title='bbox 578 1699 1027 1753; x_wconf 87' lang='lat' dir='ltr'>misericorditer</span> <span class='ocrx_word' id='word_1_127' title='bbox 1078 1701 1225 1754; x_wconf 92' lang='lat' dir='ltr'>dicta</span> <span class='ocrx_word' id='word_1_128' title='bbox 1255 1708 1408 1764; x_wconf 91' lang='lat' dir='ltr'>sunt,</span> <span class='ocrx_word' id='word_1_129' title='bbox 1457 1703 1705 1771; x_wconf 83' lang='lat' dir='ltr'>perfecto</span> <span class='ocrx_word' id='word_1_130' title='bbox 1753 1704 1924 1756; x_wconf 89' lang='lat' dir='ltr'>corde</span> <span class='ocrx_word' id='word_1_131' title='bbox 1956 1705 2068 1757; x_wconf 91' lang='lat' dir='ltr'>Deo</span> 
     </span>
    </p>
   </div>
   <div class='ocr_carea' id='block_1_18' title="bbox 373 1787 2071 1857">
    <p class='ocr_par' dir='ltr' id='par_1_18' title="bbox 373 1787 2071 1857">
     <span class='ocr_line' id='line_1_18' title="bbox 373 1787 2071 1857; baseline 0.003 -17"><span class='ocrx_word' id='word_1_132' title='bbox 373 1787 684 1840; x_wconf 83' lang='lat' dir='ltr'>auxiliante</span> <span class='ocrx_word' id='word_1_133' title='bbox 717 1789 1039 1857; x_wconf 87' lang='lat' dir='ltr'>perfeceris,</span> <span class='ocrx_word' id='word_1_134' title='bbox 1091 1794 1147 1842; x_wconf 91' lang='lat' dir='ltr'>et</span> <span class='ocrx_word' id='word_1_135' title='bbox 1201 1790 1554 1857; x_wconf 89' lang='lat' dir='ltr'>custodieris,</span> <span class='ocrx_word' id='word_1_136' title='bbox 1605 1792 1950 1844; x_wconf 80' lang='lat' dir='ltr'>confidimus</span> <span class='ocrx_word' id='word_1_137' title='bbox 2001 1792 2071 1845; x_wconf 89' lang='lat' dir='ltr'>de</span> 
     </span>
    </p>
   </div>
   <div class='ocr_carea' id='block_1_19' title="bbox 372 1876 2071 1948">
    <p class='ocr_par' dir='ltr' id='par_1_19' title="bbox 372 1876 2071 1948">
     <span class='ocr_line' id='line_1_19' title="bbox 372 1876 2071 1948; baseline 0.002 -20"><span class='ocrx_word' id='word_1_138' title='bbox 372 1876 655 1928; x_wconf 89' lang='lat' dir='ltr'>immensa</span> <span class='ocrx_word' id='word_1_139' title='bbox 688 1877 788 1929; x_wconf 87' lang='lat' dir='ltr'>Dei</span> <span class='ocrx_word' id='word_1_140' title='bbox 834 1877 1159 1942; x_wconf 90' lang='lat' dir='ltr'>clementia,</span> <span class='ocrx_word' id='word_1_141' title='bbox 1214 1878 1615 1931; x_wconf 86' lang='lat' dir='ltr'>remissionem</span> <span class='ocrx_word' id='word_1_142' title='bbox 1664 1885 1898 1932; x_wconf 90' lang='lat' dir='ltr'>tuorum</span> <span class='ocrx_word' id='word_1_143' title='bbox 1945 1895 2071 1948; x_wconf 84' lang='lat' dir='ltr'>pec-</span> 
     </span>
    </p>
   </div>
   <div class='ocr_carea' id='block_1_20' title="bbox 371 1964 2070 2036">
    <p class='ocr_par' dir='ltr' id='par_1_20' title="bbox 371 1964 2070 2036">
     <span class='ocr_line' id='line_1_20' title="bbox 371 1964 2070 2036; baseline 0.001 -18"><span class='ocrx_word' id='word_1_144' title='bbox 371 1969 629 2018; x_wconf 88' lang='lat' dir='ltr'>catorum</span> <span class='ocrx_word' id='word_1_145' title='bbox 661 1964 1016 2027; x_wconf 88' lang='lat' dir='ltr'>habiturum,</span> <span class='ocrx_word' id='word_1_146' title='bbox 1050 1971 1106 2017; x_wconf 93' lang='lat' dir='ltr'>et</span> <span class='ocrx_word' id='word_1_147' title='bbox 1155 1966 1466 2019; x_wconf 90' lang='lat' dir='ltr'>secundum</span> <span class='ocrx_word' id='word_1_148' title='bbox 1513 1967 1648 2019; x_wconf 91' lang='lat' dir='ltr'>boni</span> <span class='ocrx_word' id='word_1_149' title='bbox 1679 1967 1932 2036; x_wconf 74' lang='lat' dir='ltr'>iustique</span> <span class='ocrx_word' id='word_1_150' title='bbox 1968 1983 2070 2035; x_wconf 88' lang='lat' dir='ltr'>pa-</span> 
     </span>
    </p>
   </div>
   <div class='ocr_carea' id='block_1_21' title="bbox 371 2052 2074 2122">
    <p class='ocr_par' dir='ltr' id='par_1_21' title="bbox 371 2052 2074 2122">
     <span class='ocr_line' id='line_1_21' title="bbox 371 2052 2074 2122; baseline 0.002 -17"><span class='ocrx_word' id='word_1_151' title='bbox 371 2052 535 2106; x_wconf 83' lang='lat' dir='ltr'>storis</span> <span class='ocrx_word' id='word_1_152' title='bbox 569 2052 902 2122; x_wconf 87' lang='lat' dir='ltr'>imperium,</span> <span class='ocrx_word' id='word_1_153' title='bbox 934 2053 1182 2106; x_wconf 85' lang='lat' dir='ltr'>resolvat</span> <span class='ocrx_word' id='word_1_154' title='bbox 1214 2059 1267 2106; x_wconf 92' lang='lat' dir='ltr'>te</span> <span class='ocrx_word' id='word_1_155' title='bbox 1316 2059 1510 2107; x_wconf 91' lang='lat' dir='ltr'>sancta</span> <span class='ocrx_word' id='word_1_156' title='bbox 1552 2055 1787 2108; x_wconf 86' lang='lat' dir='ltr'>ecclesia</span> <span class='ocrx_word' id='word_1_157' title='bbox 1845 2055 1912 2108; x_wconf 89' lang='lat' dir='ltr'>ab</span> <span class='ocrx_word' id='word_1_158' title='bbox 1968 2057 2074 2108; x_wconf 91' lang='lat' dir='ltr'>hoc</span> 
     </span>
    </p>
   </div>
   <div class='ocr_carea' id='block_1_22' title="bbox 371 2141 2068 2213">
    <p class='ocr_par' dir='ltr' id='par_1_22' title="bbox 371 2141 2068 2213">
     <span class='ocr_line' id='line_1_22' title="bbox 371 2141 2068 2213; baseline 0.002 -21"><span class='ocrx_word' id='word_1_159' title='bbox 371 2142 599 2194; x_wconf 88' lang='lat' dir='ltr'>vinculo</span> <span class='ocrx_word' id='word_1_160' title='bbox 633 2141 848 2209; x_wconf 87' lang='lat' dir='ltr'>peccati</span> <span class='ocrx_word' id='word_1_161' title='bbox 885 2141 942 2193; x_wconf 91' lang='lat' dir='ltr'>in</span> <span class='ocrx_word' id='word_1_162' title='bbox 973 2141 1158 2203; x_wconf 75' lang='lat' dir='ltr'>terris,</span> <span class='ocrx_word' id='word_1_163' title='bbox 1193 2146 1259 2194; x_wconf 91' lang='lat' dir='ltr'>ut</span> <span class='ocrx_word' id='word_1_164' title='bbox 1307 2159 1408 2211; x_wconf 90' lang='lat' dir='ltr'>per</span> <span class='ocrx_word' id='word_1_165' title='bbox 1439 2142 1618 2210; x_wconf 85' lang='lat' dir='ltr'>ipsius</span> <span class='ocrx_word' id='word_1_166' title='bbox 1667 2143 1911 2211; x_wconf 89' lang='lat' dir='ltr'>gratiam</span> <span class='ocrx_word' id='word_1_167' title='bbox 1968 2144 2068 2213; x_wconf 90' lang='lat' dir='ltr'>qui</span> 
     </span>
    </p>
   </div>
   <div class='ocr_carea' id='block_1_23' title="bbox 373 2228 2068 2297">
    <p class='ocr_par' dir='ltr' id='par_1_23' title="bbox 373 2228 2068 2297">
     <span class='ocr_line' id='line_1_23' title="bbox 373 2228 2068 2297; baseline 0.002 -15"><span class='ocrx_word' id='word_1_168' title='bbox 373 2245 500 2282; x_wconf 91' lang='lat' dir='ltr'>eam</span> <span class='ocrx_word' id='word_1_169' title='bbox 534 2245 636 2281; x_wconf 90' lang='lat' dir='ltr'>suo</span> <span class='ocrx_word' id='word_1_170' title='bbox 667 2228 947 2296; x_wconf 84' lang='lat' dir='ltr'>sanguine</span> <span class='ocrx_word' id='word_1_171' title='bbox 1000 2229 1338 2297; x_wconf 86' lang='lat' dir='ltr'>redemerat,</span> <span class='ocrx_word' id='word_1_172' title='bbox 1387 2230 1460 2283; x_wconf 88' lang='lat' dir='ltr'>sit</span> <span class='ocrx_word' id='word_1_173' title='bbox 1504 2231 1724 2283; x_wconf 91' lang='lat' dir='ltr'>solutus</span> <span class='ocrx_word' id='word_1_174' title='bbox 1782 2231 1840 2284; x_wconf 90' lang='lat' dir='ltr'>in</span> <span class='ocrx_word' id='word_1_175' title='bbox 1894 2233 2068 2286; x_wconf 73' lang='lat' dir='ltr'>cmlis.</span> 
     </span>
    </p>
   </div>
   <div class='ocr_carea' id='block_1_24' title="bbox 374 2315 2071 2381">
    <p class='ocr_par' dir='ltr' id='par_1_24' title="bbox 374 2315 2071 2381">
     <span class='ocr_line' id='line_1_24' title="bbox 374 2315 2071 2381; baseline 0.002 -12"><span class='ocrx_word' id='word_1_176' title='bbox 374 2316 472 2369; x_wconf 88' lang='lat' dir='ltr'>Sin</span> <span class='ocrx_word' id='word_1_177' title='bbox 506 2321 696 2368; x_wconf 89' lang='lat' dir='ltr'>autem</span> <span class='ocrx_word' id='word_1_178' title='bbox 729 2315 895 2367; x_wconf 88' lang='lat' dir='ltr'>aliter</span> <span class='ocrx_word' id='word_1_179' title='bbox 931 2315 1153 2381; x_wconf 83' lang='lat' dir='ltr'>feceris,</span> <span class='ocrx_word' id='word_1_180' title='bbox 1205 2321 1262 2369; x_wconf 89' lang='lat' dir='ltr'>et</span> <span class='ocrx_word' id='word_1_181' title='bbox 1307 2320 1516 2370; x_wconf 65' lang='lat' dir='ltr'>sanctas</span> <span class='ocrx_word' id='word_1_182' title='bbox 1559 2317 1757 2370; x_wconf 90' lang='lat' dir='ltr'>matris</span> <span class='ocrx_word' id='word_1_183' title='bbox 1810 2319 2071 2373; x_wconf 76' lang='lat' dir='ltr'>Ecclesiae</span> 
     </span>
    </p>
   </div>
   <div class='ocr_carea' id='block_1_25' title="bbox 373 2402 2073 2475">
    <p class='ocr_par' dir='ltr' id='par_1_25' title="bbox 373 2402 2073 2475">
     <span class='ocr_line' id='line_1_25' title="bbox 373 2402 2073 2475; baseline 0.003 -20"><span class='ocrx_word' id='word_1_184' title='bbox 373 2403 603 2456; x_wconf 88' lang='lat' dir='ltr'>salubre</span> <span class='ocrx_word' id='word_1_185' title='bbox 633 2402 934 2455; x_wconf 91' lang='lat' dir='ltr'>consilinm</span> <span class='ocrx_word' id='word_1_186' title='bbox 960 2403 1307 2471; x_wconf 80' lang='lat' dir='ltr'>despexeris,</span> <span class='ocrx_word' id='word_1_187' title='bbox 1362 2403 1485 2472; x_wconf 90' lang='lat' dir='ltr'>ipse</span> <span class='ocrx_word' id='word_1_188' title='bbox 1531 2405 1634 2457; x_wconf 84' lang='lat' dir='ltr'>tibi</span> <span class='ocrx_word' id='word_1_189' title='bbox 1665 2405 1739 2458; x_wconf 90' lang='lat' dir='ltr'>sis</span> <span class='ocrx_word' id='word_1_190' title='bbox 1785 2406 1982 2475; x_wconf 81' lang='lat' dir='ltr'>judex,</span> <span class='ocrx_word' id='word_1_191' title='bbox 2017 2413 2073 2460; x_wconf 93' lang='lat' dir='ltr'>et</span> 
     </span>
    </p>
   </div>
   <div class='ocr_carea' id='block_1_26' title="bbox 372 2490 2071 2560">
    <p class='ocr_par' dir='ltr' id='par_1_26' title="bbox 372 2490 2071 2560">
     <span class='ocr_line' id='line_1_26' title="bbox 372 2490 2071 2560; baseline 0.003 -16"><span class='ocrx_word' id='word_1_192' title='bbox 372 2491 432 2544; x_wconf 91' lang='lat' dir='ltr'>in</span> <span class='ocrx_word' id='word_1_193' title='bbox 464 2491 667 2560; x_wconf 87' lang='lat' dir='ltr'>laqueo</span> <span class='ocrx_word' id='word_1_194' title='bbox 703 2490 913 2543; x_wconf 89' lang='lat' dir='ltr'>diaboli</span> <span class='ocrx_word' id='word_1_195' title='bbox 946 2507 1059 2560; x_wconf 93' lang='lat' dir='ltr'>quo</span> <span class='ocrx_word' id='word_1_196' title='bbox 1088 2491 1342 2545; x_wconf 86' lang='lat' dir='ltr'>irretitus</span> <span class='ocrx_word' id='word_1_197' title='bbox 1374 2493 1584 2545; x_wconf 89' lang='lat' dir='ltr'>teneris</span> <span class='ocrx_word' id='word_1_198' title='bbox 1637 2510 1887 2560; x_wconf 88' lang='lat' dir='ltr'>maneas,</span> <span class='ocrx_word' id='word_1_199' title='bbox 1941 2512 2071 2549; x_wconf 90' lang='lat' dir='ltr'>san-</span> 
     </span>
    </p>
   </div>
   <div class='ocr_carea' id='block_1_27' title="bbox 374 2579 2073 2651">
    <p class='ocr_par' dir='ltr' id='par_1_27' title="bbox 374 2579 2073 2651">
     <span class='ocr_line' id='line_1_27' title="bbox 374 2579 2073 2651; baseline 0.003 -19"><span class='ocrx_word' id='word_1_200' title='bbox 374 2579 618 2651; x_wconf 86' lang='lat' dir='ltr'>guisque</span> <span class='ocrx_word' id='word_1_201' title='bbox 661 2585 792 2632; x_wconf 92' lang='lat' dir='ltr'>tuus</span> <span class='ocrx_word' id='word_1_202' title='bbox 841 2579 906 2631; x_wconf 88' lang='lat' dir='ltr'>sit</span> <span class='ocrx_word' id='word_1_203' title='bbox 971 2596 1142 2649; x_wconf 90' lang='lat' dir='ltr'>super</span> <span class='ocrx_word' id='word_1_204' title='bbox 1193 2586 1365 2650; x_wconf 90' lang='lat' dir='ltr'>caput</span> <span class='ocrx_word' id='word_1_205' title='bbox 1419 2587 1632 2635; x_wconf 91' lang='lat' dir='ltr'>tuum:</span> <span class='ocrx_word' id='word_1_206' title='bbox 1678 2599 1781 2636; x_wconf 89' lang='lat' dir='ltr'>nos</span> <span class='ocrx_word' id='word_1_207' title='bbox 1837 2583 2010 2637; x_wconf 90' lang='lat' dir='ltr'>alieni</span> <span class='ocrx_word' id='word_1_208' title='bbox 2039 2601 2073 2637; x_wconf 91' lang='lat' dir='ltr'>a</span> 
     </span>
    </p>
   </div>
   <div class='ocr_carea' id='block_1_28' title="bbox 376 2667 2070 2742">
    <p class='ocr_par' dir='ltr' id='par_1_28' title="bbox 376 2667 2070 2742">
     <span class='ocr_line' id='line_1_28' title="bbox 376 2667 2070 2742; baseline 0.005 -24"><span class='ocrx_word' id='word_1_209' title='bbox 376 2667 663 2720; x_wconf 90' lang='lat' dir='ltr'>consortio</span> <span class='ocrx_word' id='word_1_210' title='bbox 691 2672 808 2733; x_wconf 92' lang='lat' dir='ltr'>tuo,</span> <span class='ocrx_word' id='word_1_211' title='bbox 863 2673 920 2721; x_wconf 93' lang='lat' dir='ltr'>et</span> <span class='ocrx_word' id='word_1_212' title='bbox 949 2669 1053 2722; x_wconf 89' lang='lat' dir='ltr'>sub</span> <span class='ocrx_word' id='word_1_213' title='bbox 1092 2669 1478 2722; x_wconf 89' lang='lat' dir='ltr'>indissolubili</span> <span class='ocrx_word' id='word_1_214' title='bbox 1523 2673 1890 2726; x_wconf 84' lang='lat' dir='ltr'>anathemate</span> <span class='ocrx_word' id='word_1_215' title='bbox 1934 2689 2070 2742; x_wconf 90' lang='lat' dir='ltr'>per-</span> 
     </span>
    </p>
   </div>
   <div class='ocr_carea' id='block_1_29' title="bbox 374 2755 2070 2824">
    <p class='ocr_par' dir='ltr' id='par_1_29' title="bbox 374 2755 2070 2824">
     <span class='ocr_line' id='line_1_29' title="bbox 374 2755 2070 2824; baseline 0.004 -16"><span class='ocrx_word' id='word_1_216' title='bbox 374 2771 627 2824; x_wconf 86' lang='lat' dir='ltr'>maneas,</span> <span class='ocrx_word' id='word_1_217' title='bbox 682 2755 862 2810; x_wconf 90' lang='lat' dir='ltr'>donec</span> <span class='ocrx_word' id='word_1_218' title='bbox 944 2758 1058 2811; x_wconf 89' lang='lat' dir='ltr'>Deo</span> <span class='ocrx_word' id='word_1_219' title='bbox 1130 2763 1186 2811; x_wconf 90' lang='lat' dir='ltr'>et</span> <span class='ocrx_word' id='word_1_220' title='bbox 1260 2764 1466 2812; x_wconf 78' lang='lat' dir='ltr'>sanctae</span> <span class='ocrx_word' id='word_1_221' title='bbox 1543 2760 1804 2813; x_wconf 63' lang='lat' dir='ltr'>Ecclesia:</span> <span class='ocrx_word' id='word_1_222' title='bbox 1850 2761 2070 2815; x_wconf 86' lang='lat' dir='ltr'>satisfa-</span> 
     </span>
    </p>
   </div>
   <div class='ocr_carea' id='block_1_30' title="bbox 371 2843 504 2898">
    <p class='ocr_par' dir='ltr' id='par_1_30' title="bbox 371 2843 504 2898">
     <span class='ocr_line' id='line_1_30' title="bbox 371 2843 504 2898; baseline 0.008 -1"><span class='ocrx_word' id='word_1_223' title='bbox 371 2843 504 2898; x_wconf 91' lang='lat' dir='ltr'>cias.</span> 
     </span>
    </p>
   </div>
   <div class='ocr_carea' id='block_1_31' title="bbox 443 2932 1970 2991">
    <p class='ocr_par' dir='ltr' id='par_1_31' title="bbox 443 2932 1970 2991">
     <span class='ocr_line' id='line_1_31' title="bbox 443 2932 1970 2991; baseline 0.003 -5"><span class='ocrx_word' id='word_1_224' title='bbox 443 2933 571 2986; x_wconf 77' lang='lat' dir='ltr'>CAP.</span> <span class='ocrx_word' id='word_1_225' title='bbox 603 2932 745 2987; x_wconf 88' lang='lat' dir='ltr'>XLI.</span> <span class='ocrx_word' id='word_1_226' title='bbox 773 2964 842 2972; x_wconf 89' lang='lat'><strong><em>—</em></strong></span> <span class='ocrx_word' id='word_1_227' title='bbox 873 2937 946 2987; x_wconf 86' lang='lat' dir='ltr'>De</span> <span class='ocrx_word' id='word_1_228' title='bbox 975 2933 1354 2988; x_wconf 70' lang='lat' dir='ltr'>uxoremariti</span> <span class='ocrx_word' id='word_1_229' title='bbox 1382 2940 1604 2989; x_wconf 84' lang='lat' dir='ltr'>mortem</span> <span class='ocrx_word' id='word_1_230' title='bbox 1635 2939 1970 2991; x_wconf 80' lang='lat' dir='ltr'>conciliante.</span> 
     </span>
    </p>
   </div>
   <div class='ocr_carea' id='block_1_32' title="bbox 445 3022 2142 3096">
    <p class='ocr_par' dir='ltr' id='par_1_32' title="bbox 445 3022 2142 3096">
     <span class='ocr_line' id='line_1_32' title="bbox 445 3022 2142 3096; baseline 0.005 -22"><span class='ocrx_word' id='word_1_231' title='bbox 445 3022 548 3089; x_wconf 74' lang='lat' dir='ltr'>(Ea:</span> <span class='ocrx_word' id='word_1_232' title='bbox 577 3023 798 3075; x_wconf 82' lang='lat' dir='ltr'>concilio</span> <span class='ocrx_word' id='word_1_233' title='bbox 830 3022 980 3090; x_wconf 86' lang='lat' dir='ltr'>apud</span> <span class='ocrx_word' id='word_1_234' title='bbox 1021 3025 1363 3082; x_wconf 84' lang='lat' dir='ltr'>Vermeriam.</span> <span class='ocrx_word' id='word_1_235' title='bbox 1401 3027 1578 3092; x_wconf 80' lang='lat' dir='ltr'>capite</span> <span class='ocrx_word' id='word_1_236' title='bbox 1608 3024 1684 3081; x_wconf 69' lang='lat'>3.)</span> <span class='ocrx_word' id='word_1_237' title='bbox 1710 3025 1764 3079; x_wconf 91' lang='lat' dir='ltr'>Si</span> <span class='ocrx_word' id='word_1_238' title='bbox 1797 3042 1911 3096; x_wconf 89' lang='lat' dir='ltr'>qua</span> <span class='ocrx_word' id='word_1_239' title='bbox 1942 3042 2067 3079; x_wconf 90' lang='lat' dir='ltr'>mu-</span> <span class='ocrx_word' id='word_1_240' title='bbox 2103 3029 2142 3082; x_wconf 94' lang='lat' dir='ltr'>C</span> 
     </span>
    </p>
   </div>
   <div class='ocr_carea' id='block_1_33' title="bbox 372 3108 2069 3184">
    <p class='ocr_par' dir='ltr' id='par_1_33' title="bbox 372 3108 2069 3184">
     <span class='ocr_line' id='line_1_33' title="bbox 372 3108 2069 3184; baseline 0.005 -24"><span class='ocrx_word' id='word_1_241' title='bbox 372 3108 479 3161; x_wconf 92' lang='lat' dir='ltr'>lier</span> <span class='ocrx_word' id='word_1_242' title='bbox 508 3115 751 3163; x_wconf 90' lang='lat' dir='ltr'>mortem</span> <span class='ocrx_word' id='word_1_243' title='bbox 779 3110 885 3162; x_wconf 91' lang='lat' dir='ltr'>viri</span> <span class='ocrx_word' id='word_1_244' title='bbox 920 3110 1007 3164; x_wconf 91' lang='lat' dir='ltr'>sui</span> <span class='ocrx_word' id='word_1_245' title='bbox 1037 3127 1165 3163; x_wconf 92' lang='lat' dir='ltr'>cum</span> <span class='ocrx_word' id='word_1_246' title='bbox 1199 3111 1324 3164; x_wconf 88' lang='lat' dir='ltr'>aliis</span> <span class='ocrx_word' id='word_1_247' title='bbox 1353 3112 1651 3165; x_wconf 90' lang='lat' dir='ltr'>conciliata</span> <span class='ocrx_word' id='word_1_248' title='bbox 1701 3119 1803 3178; x_wconf 90' lang='lat' dir='ltr'>est,</span> <span class='ocrx_word' id='word_1_249' title='bbox 1840 3120 1897 3167; x_wconf 92' lang='lat' dir='ltr'>et</span> <span class='ocrx_word' id='word_1_250' title='bbox 1947 3114 2069 3184; x_wconf 90' lang='lat' dir='ltr'>ipse</span> 
     </span>
    </p>
   </div>
   <div class='ocr_carea' id='block_1_34' title="bbox 374 3196 2071 3267">
    <p class='ocr_par' dir='ltr' id='par_1_34' title="bbox 374 3196 2071 3267">
     <span class='ocr_line' id='line_1_34' title="bbox 374 3196 2071 3267; baseline 0.004 -19"><span class='ocrx_word' id='word_1_251' title='bbox 374 3196 462 3248; x_wconf 86' lang='lat' dir='ltr'>vir</span> <span class='ocrx_word' id='word_1_252' title='bbox 491 3197 742 3267; x_wconf 87' lang='lat' dir='ltr'>aliquem</span> <span class='ocrx_word' id='word_1_253' title='bbox 789 3199 1018 3251; x_wconf 89' lang='lat' dir='ltr'>illorum</span> <span class='ocrx_word' id='word_1_254' title='bbox 1065 3215 1122 3251; x_wconf 90' lang='lat' dir='ltr'>se</span> <span class='ocrx_word' id='word_1_255' title='bbox 1152 3199 1512 3252; x_wconf 88' lang='lat' dir='ltr'>defendendo</span> <span class='ocrx_word' id='word_1_256' title='bbox 1563 3201 1852 3264; x_wconf 84' lang='lat' dir='ltr'>occiderit,</span> <span class='ocrx_word' id='word_1_257' title='bbox 1913 3206 1968 3255; x_wconf 92' lang='lat' dir='ltr'>et</span> <span class='ocrx_word' id='word_1_258' title='bbox 2024 3202 2071 3255; x_wconf 90' lang='lat' dir='ltr'>si</span> 
     </span>
    </p>
   </div>
   <div class='ocr_carea' id='block_1_35' title="bbox 373 3284 2066 3358">
    <p class='ocr_par' dir='ltr' id='par_1_35' title="bbox 373 3284 2066 3358">
     <span class='ocr_line' id='line_1_35' title="bbox 373 3284 2066 3358; baseline 0.004 -21"><span class='ocrx_word' id='word_1_259' title='bbox 373 3284 480 3337; x_wconf 90' lang='lat' dir='ltr'>hoc</span> <span class='ocrx_word' id='word_1_260' title='bbox 511 3286 752 3354; x_wconf 90' lang='lat' dir='ltr'>probare</span> <span class='ocrx_word' id='word_1_261' title='bbox 784 3291 972 3355; x_wconf 90' lang='lat' dir='ltr'>potest</span> <span class='ocrx_word' id='word_1_262' title='bbox 1002 3287 1098 3339; x_wconf 88' lang='lat' dir='ltr'>ille</span> <span class='ocrx_word' id='word_1_263' title='bbox 1138 3286 1226 3340; x_wconf 92' lang='lat' dir='ltr'>vir</span> <span class='ocrx_word' id='word_1_264' title='bbox 1267 3304 1392 3340; x_wconf 90' lang='lat' dir='ltr'>eam</span> <span class='ocrx_word' id='word_1_265' title='bbox 1445 3305 1600 3342; x_wconf 91' lang='lat' dir='ltr'>ream</span> <span class='ocrx_word' id='word_1_266' title='bbox 1653 3306 1774 3343; x_wconf 86' lang='lat' dir='ltr'>esse</span> <span class='ocrx_word' id='word_1_267' title='bbox 1824 3290 2066 3358; x_wconf 89' lang='lat' dir='ltr'>consilii,</span> 
     </span>
    </p>
   </div>
   <div class='ocr_carea' id='block_1_36' title="bbox 372 3374 2072 3445">
    <p class='ocr_par' dir='ltr' id='par_1_36' title="bbox 372 3374 2072 3445">
     <span class='ocr_line' id='line_1_36' title="bbox 372 3374 2072 3445; baseline 0.004 -20"><span class='ocrx_word' id='word_1_268' title='bbox 372 3378 566 3443; x_wconf 84' lang='lat' dir='ltr'>potest</span> <span class='ocrx_word' id='word_1_269' title='bbox 597 3378 656 3426; x_wconf 90' lang='lat' dir='ltr'>ut</span> <span class='ocrx_word' id='word_1_270' title='bbox 688 3374 854 3426; x_wconf 90' lang='lat' dir='ltr'>nobis</span> <span class='ocrx_word' id='word_1_271' title='bbox 885 3374 1127 3440; x_wconf 89' lang='lat' dir='ltr'>videtur,</span> <span class='ocrx_word' id='word_1_272' title='bbox 1162 3375 1342 3445; x_wconf 88' lang='lat' dir='ltr'>ipsam</span> <span class='ocrx_word' id='word_1_273' title='bbox 1377 3393 1612 3430; x_wconf 82' lang='lat' dir='ltr'>uxorem</span> <span class='ocrx_word' id='word_1_274' title='bbox 1655 3378 1965 3443; x_wconf 88' lang='lat' dir='ltr'>dimittere,</span> <span class='ocrx_word' id='word_1_275' title='bbox 2017 3383 2072 3432; x_wconf 91' lang='lat' dir='ltr'>et</span> 
     </span>
    </p>
   </div>
   <div class='ocr_carea' id='block_1_37' title="bbox 375 3461 2068 3535">
    <p class='ocr_par' dir='ltr' id='par_1_37' title="bbox 375 3461 2068 3535">
     <span class='ocr_line' id='line_1_37' title="bbox 375 3461 2068 3535; baseline 0.004 -22"><span class='ocrx_word' id='word_1_276' title='bbox 375 3461 422 3513; x_wconf 90' lang='lat' dir='ltr'>si</span> <span class='ocrx_word' id='word_1_277' title='bbox 453 3462 694 3515; x_wconf 89' lang='lat' dir='ltr'>voluerit</span> <span class='ocrx_word' id='word_1_278' title='bbox 725 3462 894 3515; x_wconf 87' lang='lat' dir='ltr'>aliam</span> <span class='ocrx_word' id='word_1_279' title='bbox 926 3479 1164 3517; x_wconf 83' lang='lat' dir='ltr'>uxorem</span> <span class='ocrx_word' id='word_1_280' title='bbox 1196 3464 1473 3534; x_wconf 91' lang='lat' dir='ltr'>accipere,</span> <span class='ocrx_word' id='word_1_281' title='bbox 1507 3465 1632 3535; x_wconf 89' lang='lat' dir='ltr'>ipsa</span> <span class='ocrx_word' id='word_1_282' title='bbox 1678 3471 1872 3520; x_wconf 87' lang='lat' dir='ltr'>autem</span> <span class='ocrx_word' id='word_1_283' title='bbox 1929 3467 2068 3520; x_wconf 91' lang='lat' dir='ltr'>insi-</span> 
     </span>
    </p>
   </div>
   <div class='ocr_carea' id='block_1_38' title="bbox 371 3549 2061 3625">
    <p class='ocr_par' dir='ltr' id='par_1_38' title="bbox 371 3549 2061 3625">
     <span class='ocr_line' id='line_1_38' title="bbox 371 3549 2061 3625; baseline 0.004 -23"><span class='ocrx_word' id='word_1_284' title='bbox 371 3549 596 3614; x_wconf 82' lang='lat' dir='ltr'>diatrix,</span> <span class='ocrx_word' id='word_1_285' title='bbox 655 3551 1009 3619; x_wconf 57' lang='lat' dir='ltr'>poenitentia</span> <span class='ocrx_word' id='word_1_286' title='bbox 1070 3553 1342 3623; x_wconf 90' lang='lat' dir='ltr'>subjecta,</span> <span class='ocrx_word' id='word_1_287' title='bbox 1395 3553 1608 3624; x_wconf 85' lang='lat' dir='ltr'>absque</span> <span class='ocrx_word' id='word_1_288' title='bbox 1659 3571 1758 3624; x_wconf 89' lang='lat' dir='ltr'>spe</span> <span class='ocrx_word' id='word_1_289' title='bbox 1807 3556 2061 3625; x_wconf 85' lang='lat' dir='ltr'>conjugii</span> 
     </span>
    </p>
   </div>
   <div class='ocr_carea' id='block_1_39' title="bbox 372 3644 622 3692">
    <p class='ocr_par' dir='ltr' id='par_1_39' title="bbox 372 3644 622 3692">
     <span class='ocr_line' id='line_1_39' title="bbox 372 3644 622 3692; baseline 0.004 -1"><span class='ocrx_word' id='word_1_290' title='bbox 372 3644 622 3692; x_wconf 87' lang='lat' dir='ltr'>maneat.</span> 
     </span>
    </p>
   </div>
   <div class='ocr_carea' id='block_1_40' title="bbox 447 3727 2068 3799">
    <p class='ocr_par' dir='ltr' id='par_1_40' title="bbox 447 3727 2068 3799">
     <span class='ocr_line' id='line_1_40' title="bbox 447 3727 2068 3799; baseline 0.002 -19"><span class='ocrx_word' id='word_1_291' title='bbox 447 3727 575 3781; x_wconf 81' lang='lat' dir='ltr'>CAP.</span> <span class='ocrx_word' id='word_1_292' title='bbox 598 3727 757 3781; x_wconf 86' lang='lat' dir='ltr'><strong>XLII.</strong></span> <span class='ocrx_word' id='word_1_293' title='bbox 789 3760 852 3767; x_wconf 94' lang='lat'>—</span> <span class='ocrx_word' id='word_1_294' title='bbox 887 3729 969 3782; x_wconf 88' lang='lat' dir='ltr'>De</span> <span class='ocrx_word' id='word_1_295' title='bbox 985 3729 1098 3794; x_wconf 82' lang='lat' dir='ltr'>hoc,</span> <span class='ocrx_word' id='word_1_296' title='bbox 1136 3731 1187 3783; x_wconf 90' lang='lat' dir='ltr'>si</span> <span class='ocrx_word' id='word_1_297' title='bbox 1212 3731 1394 3798; x_wconf 82' lang='lat' dir='ltr'>plures</span> <span class='ocrx_word' id='word_1_298' title='bbox 1422 3746 1590 3783; x_wconf 89' lang='lat' dir='ltr'>unum</span> <span class='ocrx_word' id='word_1_299' title='bbox 1608 3733 2068 3799; x_wconf 84' lang='lat' dir='ltr'>impugnaverint.</span> 
     </span>
    </p>
   </div>
   <div class='ocr_carea' id='block_1_41' title="bbox 442 3815 2066 3889">
    <p class='ocr_par' dir='ltr' id='par_1_41' title="bbox 442 3815 2066 3889">
     <span class='ocr_line' id='line_1_41' title="bbox 442 3815 2066 3889; baseline 0.002 -22"><span class='ocrx_word' id='word_1_300' title='bbox 442 3815 551 3883; x_wconf 72' lang='lat' dir='ltr'>(Ea:</span> <span class='ocrx_word' id='word_1_301' title='bbox 580 3815 757 3869; x_wconf 85' lang='lat' dir='ltr'>eodem</span> <span class='ocrx_word' id='word_1_302' title='bbox 788 3817 1033 3881; x_wconf 87' lang='lat' dir='ltr'>concilio,</span> <span class='ocrx_word' id='word_1_303' title='bbox 1068 3820 1241 3886; x_wconf 87' lang='lat' dir='ltr'>capite</span> <span class='ocrx_word' id='word_1_304' title='bbox 1268 3818 1377 3886; x_wconf 84' lang='lat'>98.)</span> <span class='ocrx_word' id='word_1_305' title='bbox 1425 3818 1481 3873; x_wconf 92' lang='lat' dir='ltr'>Si</span> <span class='ocrx_word' id='word_1_306' title='bbox 1512 3823 1758 3888; x_wconf 90' lang='lat' dir='ltr'>quatuor</span> <span class='ocrx_word' id='word_1_307' title='bbox 1787 3824 1886 3872; x_wconf 87' lang='lat' dir='ltr'>aut</span> <span class='ocrx_word' id='word_1_308' title='bbox 1907 3819 2066 3889; x_wconf 83' lang='lat' dir='ltr'>quin-</span> 
     </span>
    </p>
   </div>
   <div class='ocr_carea' id='block_1_42' title="bbox 371 3903 2070 3974">
    <p class='ocr_par' dir='ltr' id='par_1_42' title="bbox 371 3903 2070 3974">
     <span class='ocr_line' id='line_1_42' title="bbox 371 3903 2070 3974; baseline 0.003 -19"><span class='ocrx_word' id='word_1_309' title='bbox 371 3918 482 3972; x_wconf 92' lang='lat' dir='ltr'>que</span> <span class='ocrx_word' id='word_1_310' title='bbox 514 3903 776 3956; x_wconf 88' lang='lat' dir='ltr'>homines</span> <span class='ocrx_word' id='word_1_311' title='bbox 808 3921 904 3956; x_wconf 89' lang='lat' dir='ltr'>seu</span> <span class='ocrx_word' id='word_1_312' title='bbox 953 3905 1127 3958; x_wconf 87' lang='lat' dir='ltr'>etiam</span> <span class='ocrx_word' id='word_1_313' title='bbox 1172 3907 1389 3974; x_wconf 89' lang='lat' dir='ltr'>plures,</span> <span class='ocrx_word' id='word_1_314' title='bbox 1441 3911 1640 3959; x_wconf 89' lang='lat' dir='ltr'>contra</span> <span class='ocrx_word' id='word_1_315' title='bbox 1673 3923 1852 3960; x_wconf 89' lang='lat' dir='ltr'>unum</span> <span class='ocrx_word' id='word_1_316' title='bbox 1886 3907 2070 3960; x_wconf 91' lang='lat' dir='ltr'>homi-</span> 
     </span>
    </p>
   </div>
   <div class='ocr_carea' id='block_1_43' title="bbox 371 3991 2070 4060">
    <p class='ocr_par' dir='ltr' id='par_1_43' title="bbox 371 3991 2070 4060">
     <span class='ocr_line' id='line_1_43' title="bbox 371 3991 2070 4060; baseline 0.002 -16"><span class='ocrx_word' id='word_1_317' title='bbox 371 4007 504 4044; x_wconf 89' lang='lat' dir='ltr'>nem</span> <span class='ocrx_word' id='word_1_318' title='bbox 561 3991 725 4044; x_wconf 84' lang='lat' dir='ltr'>rixati</span> <span class='ocrx_word' id='word_1_319' title='bbox 756 3993 993 4060; x_wconf 83' lang='lat' dir='ltr'>fuerint,</span> <span class='ocrx_word' id='word_1_320' title='bbox 1049 3997 1105 4046; x_wconf 92' lang='lat' dir='ltr'>et</span> <span class='ocrx_word' id='word_1_321' title='bbox 1157 3995 1226 4047; x_wconf 89' lang='lat' dir='ltr'>ab</span> <span class='ocrx_word' id='word_1_322' title='bbox 1275 3994 1364 4047; x_wconf 89' lang='lat' dir='ltr'>his</span> <span class='ocrx_word' id='word_1_323' title='bbox 1411 3995 1742 4048; x_wconf 86' lang='lat' dir='ltr'>vulneratus</span> <span class='ocrx_word' id='word_1_324' title='bbox 1809 4000 2070 4048; x_wconf 90' lang='lat' dir='ltr'>mortuus</span> 
     </span>
    </p>
   </div>
   <div class='ocr_carea' id='block_1_44' title="bbox 371 4079 2069 4152">
    <p class='ocr_par' dir='ltr' id='par_1_44' title="bbox 371 4079 2069 4152">
     <span class='ocr_line' id='line_1_44' title="bbox 371 4079 2069 4152; baseline 0.002 -20"><span class='ocrx_word' id='word_1_325' title='bbox 371 4079 562 4147; x_wconf 86' lang='lat' dir='ltr'>fuerit,</span> <span class='ocrx_word' id='word_1_326' title='bbox 596 4081 925 4150; x_wconf 88' lang='lat' dir='ltr'>quicunque</span> <span class='ocrx_word' id='word_1_327' title='bbox 957 4097 1157 4134; x_wconf 92' lang='lat' dir='ltr'>eorum</span> <span class='ocrx_word' id='word_1_328' title='bbox 1190 4082 1242 4134; x_wconf 91' lang='lat' dir='ltr'>ei</span> <span class='ocrx_word' id='word_1_329' title='bbox 1274 4083 1500 4152; x_wconf 88' lang='lat' dir='ltr'>plagam</span> <span class='ocrx_word' id='word_1_330' title='bbox 1533 4082 1831 4152; x_wconf 88' lang='lat' dir='ltr'>imposuit,</span> <span class='ocrx_word' id='word_1_331' title='bbox 1867 4100 2069 4138; x_wconf 91' lang='lat' dir='ltr'>secun-</span> 
     </span>
    </p>
   </div>
   <div class='ocr_carea' id='block_1_45' title="bbox 373 4169 2070 4242">
    <p class='ocr_par' dir='ltr' id='par_1_45' title="bbox 373 4169 2070 4242">
     <span class='ocr_line' id='line_1_45' title="bbox 373 4169 2070 4242; baseline 0.001 -20"><span class='ocrx_word' id='word_1_332' title='bbox 373 4169 511 4222; x_wconf 90' lang='lat' dir='ltr'>dum</span> <span class='ocrx_word' id='word_1_333' title='bbox 543 4173 756 4222; x_wconf 89' lang='lat' dir='ltr'>statuta</span> <span class='ocrx_word' id='word_1_334' title='bbox 788 4185 1078 4222; x_wconf 90' lang='lat' dir='ltr'>canonum</span> <span class='ocrx_word' id='word_1_335' title='bbox 1106 4175 1167 4222; x_wconf 92' lang='lat' dir='ltr'>ut</span> <span class='ocrx_word' id='word_1_336' title='bbox 1198 4170 1818 4240; x_wconf 85' lang='lat' dir='ltr'>homicidajudicetur,</span> <span class='ocrx_word' id='word_1_337' title='bbox 1862 4172 2070 4242; x_wconf 89' lang='lat' dir='ltr'>reliqui</span> 
     </span>
    </p>
   </div>
   <div class='ocr_carea' id='block_1_46' title="bbox 373 4258 2070 4328">
    <p class='ocr_par' dir='ltr' id='par_1_46' title="bbox 373 4258 2070 4328">
     <span class='ocr_line' id='line_1_46' title="bbox 373 4258 2070 4328; baseline 0.002 -18"><span class='ocrx_word' id='word_1_338' title='bbox 373 4264 566 4310; x_wconf 89' lang='lat' dir='ltr'>autem</span> <span class='ocrx_word' id='word_1_339' title='bbox 608 4258 704 4327; x_wconf 92' lang='lat' dir='ltr'>qui</span> <span class='ocrx_word' id='word_1_340' title='bbox 735 4274 865 4310; x_wconf 90' lang='lat' dir='ltr'>eum</span> <span class='ocrx_word' id='word_1_341' title='bbox 905 4258 1324 4328; x_wconf 85' lang='lat' dir='ltr'>impugnabant</span> <span class='ocrx_word' id='word_1_342' title='bbox 1372 4259 1626 4312; x_wconf 88' lang='lat' dir='ltr'>volentes</span> <span class='ocrx_word' id='word_1_343' title='bbox 1675 4277 1807 4313; x_wconf 93' lang='lat' dir='ltr'>eum</span> <span class='ocrx_word' id='word_1_344' title='bbox 1856 4260 2070 4314; x_wconf 87' lang='lat' dir='ltr'>interti-</span> 
     </span>
    </p>
   </div>
   <div class='ocr_carea' id='block_1_47' title="bbox 370 4345 2072 4419">
    <p class='ocr_par' dir='ltr' id='par_1_47' title="bbox 370 4345 2072 4419">
     <span class='ocr_line' id='line_1_47' title="bbox 370 4345 2072 4419; baseline 0.002 -20"><span class='ocrx_word' id='word_1_345' title='bbox 370 4361 519 4414; x_wconf 88' lang='lat' dir='ltr'>cere,</span> <span class='ocrx_word' id='word_1_346' title='bbox 571 4345 834 4398; x_wconf 84' lang='lat' dir='ltr'>similiter</span> <span class='ocrx_word' id='word_1_347' title='bbox 889 4346 1221 4416; x_wconf 84' lang='lat' dir='ltr'>poeniteant.</span> <span class='ocrx_word' id='word_1_348' title='bbox 1271 4347 1379 4411; x_wconf 88' lang='lat' dir='ltr'>Qui</span> <span class='ocrx_word' id='word_1_349' title='bbox 1423 4363 1527 4401; x_wconf 87' lang='lat' dir='ltr'>nec</span> <span class='ocrx_word' id='word_1_350' title='bbox 1585 4364 1716 4402; x_wconf 92' lang='lat' dir='ltr'>eum</span> <span class='ocrx_word' id='word_1_351' title='bbox 1761 4349 2072 4419; x_wconf 91' lang='lat' dir='ltr'>impugna-</span> 
     </span>
    </p>
   </div>
   <div class='ocr_carea' id='block_1_48' title="bbox 372 4435 2072 4502">
    <p class='ocr_par' dir='ltr' id='par_1_48' title="bbox 372 4435 2072 4502">
     <span class='ocr_line' id='line_1_48' title="bbox 372 4435 2072 4502; baseline 0.001 -14"><span class='ocrx_word' id='word_1_352' title='bbox 372 4435 532 4500; x_wconf 87' lang='lat' dir='ltr'>bant,</span> <span class='ocrx_word' id='word_1_353' title='bbox 566 4450 670 4487; x_wconf 89' lang='lat' dir='ltr'>nec</span> <span class='ocrx_word' id='word_1_354' title='bbox 698 4435 1096 4500; x_wconf 87' lang='lat' dir='ltr'>vulnerabant,</span> <span class='ocrx_word' id='word_1_355' title='bbox 1127 4451 1231 4489; x_wconf 92' lang='lat' dir='ltr'>nec</span> <span class='ocrx_word' id='word_1_356' title='bbox 1251 4436 1512 4502; x_wconf 91' lang='lat' dir='ltr'>consilio,</span> <span class='ocrx_word' id='word_1_357' title='bbox 1547 4452 1652 4490; x_wconf 90' lang='lat' dir='ltr'>nec</span> <span class='ocrx_word' id='word_1_358' title='bbox 1691 4437 1906 4491; x_wconf 88' lang='lat' dir='ltr'>auxilio</span> <span class='ocrx_word' id='word_1_359' title='bbox 1939 4454 2072 4490; x_wconf 91' lang='lat' dir='ltr'>coo-</span> 
     </span>
    </p>
   </div>
   <div class='ocr_carea' id='block_1_49' title="bbox 371 4523 2074 4593">
    <p class='ocr_par' dir='ltr' id='par_1_49' title="bbox 371 4523 2074 4593">
     <span class='ocr_line' id='line_1_49' title="bbox 371 4523 2074 4593; baseline 0.002 -17"><span class='ocrx_word' id='word_1_360' title='bbox 371 4527 663 4593; x_wconf 89' lang='lat' dir='ltr'>peratores</span> <span class='ocrx_word' id='word_1_361' title='bbox 725 4523 976 4588; x_wconf 88' lang='lat' dir='ltr'>fuerunt,</span> <span class='ocrx_word' id='word_1_362' title='bbox 1048 4524 1146 4578; x_wconf 90' lang='lat' dir='ltr'>sed</span> <span class='ocrx_word' id='word_1_363' title='bbox 1195 4529 1420 4578; x_wconf 91' lang='lat' dir='ltr'>tantum</span> <span class='ocrx_word' id='word_1_364' title='bbox 1497 4525 1826 4590; x_wconf 89' lang='lat' dir='ltr'>adfuerunt,</span> <span class='ocrx_word' id='word_1_365' title='bbox 1913 4531 2074 4580; x_wconf 85' lang='lat' dir='ltr'>extra</span> 
     </span>
    </p>
   </div>
   <div class='ocr_carea' id='block_1_50' title="bbox 375 4611 754 4664">
    <p class='ocr_par' dir='ltr' id='par_1_50' title="bbox 375 4611 754 4664">
     <span class='ocr_line' id='line_1_50' title="bbox 375 4611 754 4664; baseline 0 0"><span class='ocrx_word' id='word_1_366' title='bbox 375 4627 588 4664; x_wconf 87' lang='lat' dir='ltr'>noxam</span> <span class='ocrx_word' id='word_1_367' title='bbox 621 4611 754 4664; x_wconf 88' lang='lat' dir='ltr'>sint.</span> 
     </span>
    </p>
   </div>
   <div class='ocr_carea' id='block_1_51' title="bbox 553 4698 1891 4769">
    <p class='ocr_par' dir='ltr' id='par_1_51' title="bbox 553 4698 1891 4769">
     <span class='ocr_line' id='line_1_51' title="bbox 553 4698 1891 4769; baseline 0.001 -18"><span class='ocrx_word' id='word_1_368' title='bbox 553 4699 679 4752; x_wconf 81' lang='lat' dir='ltr'>CAP.</span> <span class='ocrx_word' id='word_1_369' title='bbox 723 4698 908 4752; x_wconf 82' lang='lat' dir='ltr'>XLIII.</span> <span class='ocrx_word' id='word_1_370' title='bbox 937 4727 1004 4738; x_wconf 91' lang='lat'>—</span> <span class='ocrx_word' id='word_1_371' title='bbox 1038 4699 1120 4752; x_wconf 92' lang='lat' dir='ltr'>De</span> <span class='ocrx_word' id='word_1_372' title='bbox 1139 4701 1386 4752; x_wconf 79' lang='lat' dir='ltr'>vindicta</span> <span class='ocrx_word' id='word_1_373' title='bbox 1408 4715 1514 4752; x_wconf 91' lang='lat' dir='ltr'>non</span> <span class='ocrx_word' id='word_1_374' title='bbox 1529 4700 1891 4769; x_wconf 83' lang='lat' dir='ltr'>prohibenda.</span> 
     </span>
    </p>
   </div>
   <div class='ocr_carea' id='block_1_52' title="bbox 448 4787 2074 4859">
    <p class='ocr_par' dir='ltr' id='par_1_52' title="bbox 448 4787 2074 4859">
     <span class='ocr_line' id='line_1_52' title="bbox 448 4787 2074 4859; baseline 0.001 -19"><span class='ocrx_word' id='word_1_375' title='bbox 448 4788 558 4856; x_wconf 70' lang='lat' dir='ltr'>(Em</span> <span class='ocrx_word' id='word_1_376' title='bbox 612 4787 776 4839; x_wconf 86' lang='lat' dir='ltr'>dictis</span> <span class='ocrx_word' id='word_1_377' title='bbox 824 4788 1076 4855; x_wconf 79' lang='lat' dir='ltr'>Apostoli</span> <span class='ocrx_word' id='word_1_378' title='bbox 1127 4789 1383 4855; x_wconf 79' lang='lat' dir='ltr'>Hierony.</span> <span class='ocrx_word' id='word_1_379' title='bbox 1427 4789 1662 4856; x_wconf 79' lang='lat' dir='ltr'>August.</span> <span class='ocrx_word' id='word_1_380' title='bbox 1743 4791 1927 4859; x_wconf 87' lang='lat' dir='ltr'>Greg.)</span> <span class='ocrx_word' id='word_1_381' title='bbox 1996 4790 2074 4842; x_wconf 88' lang='lat' dir='ltr'>De</span> 
     </span>
    </p>
   </div>
   <div class='ocr_carea' id='block_1_53' title="bbox 373 4874 2077 4942">
    <p class='ocr_par' dir='ltr' id='par_1_53' title="bbox 373 4874 2077 4942">
     <span class='ocr_line' id='line_1_53' title="bbox 373 4874 2077 4942; baseline 0.001 -14"><span class='ocrx_word' id='word_1_382' title='bbox 373 4874 626 4928; x_wconf 85' lang='lat' dir='ltr'>vindicta</span> <span class='ocrx_word' id='word_1_383' title='bbox 655 4889 772 4927; x_wconf 92' lang='lat' dir='ltr'>non</span> <span class='ocrx_word' id='word_1_384' title='bbox 799 4875 1155 4942; x_wconf 89' lang='lat' dir='ltr'>prohibenda</span> <span class='ocrx_word' id='word_1_385' title='bbox 1199 4876 1255 4928; x_wconf 92' lang='lat' dir='ltr'>in</span> <span class='ocrx_word' id='word_1_386' title='bbox 1308 4877 1462 4929; x_wconf 88' lang='lat' dir='ltr'>Novo</span> <span class='ocrx_word' id='word_1_387' title='bbox 1513 4877 1896 4942; x_wconf 84' lang='lat' dir='ltr'>Testamento,</span> <span class='ocrx_word' id='word_1_388' title='bbox 1952 4877 2077 4930; x_wconf 82' lang='lat' dir='ltr'>Hie-</span> 
     </span>
    </p>
   </div>
   <div class='ocr_carea' id='block_1_54' title="bbox 372 4962 2076 5033">
    <p class='ocr_par' dir='ltr' id='par_1_54' title="bbox 372 4962 2076 5033">
     <span class='ocr_line' id='line_1_54' title="bbox 372 4962 2076 5033; baseline 0.001 -17"><span class='ocrx_word' id='word_1_389' title='bbox 372 4978 650 5033; x_wconf 84' lang='lat' dir='ltr'>ronymus</span> <span class='ocrx_word' id='word_1_390' title='bbox 681 4962 750 5015; x_wconf 91' lang='lat' dir='ltr'>de</span> <span class='ocrx_word' id='word_1_391' title='bbox 782 4963 1039 5030; x_wconf 89' lang='lat' dir='ltr'>personis</span> <span class='ocrx_word' id='word_1_392' title='bbox 1091 4963 1280 5033; x_wconf 88' lang='lat' dir='ltr'>dignis</span> <span class='ocrx_word' id='word_1_393' title='bbox 1324 4965 1395 5018; x_wconf 92' lang='lat' dir='ltr'>ad</span> <span class='ocrx_word' id='word_1_394' title='bbox 1439 4965 1750 5018; x_wconf 87' lang='lat' dir='ltr'>vindictam</span> <span class='ocrx_word' id='word_1_395' title='bbox 1801 4965 1926 5018; x_wconf 91' lang='lat' dir='ltr'>ait:</span> <span class='ocrx_word' id='word_1_396' title='bbox 1969 4965 2076 5028; x_wconf 88' lang='lat' dir='ltr'>Qui</span> 
     </span>
    </p>
   </div>
   <div class='ocr_carea' id='block_1_55' title="bbox 373 5050 2074 5122">
    <p class='ocr_par' dir='ltr' id='par_1_55' title="bbox 373 5050 2074 5122">
     <span class='ocr_line' id='line_1_55' title="bbox 373 5050 2074 5122; baseline 0.001 -18"><span class='ocrx_word' id='word_1_397' title='bbox 373 5052 621 5122; x_wconf 87' lang='lat' dir='ltr'>percutit</span> <span class='ocrx_word' id='word_1_398' title='bbox 648 5051 826 5102; x_wconf 88' lang='lat' dir='ltr'>malos</span> <span class='ocrx_word' id='word_1_399' title='bbox 856 5050 915 5102; x_wconf 88' lang='lat' dir='ltr'>in</span> <span class='ocrx_word' id='word_1_400' title='bbox 949 5066 1016 5103; x_wconf 91' lang='lat' dir='ltr'>eo</span> <span class='ocrx_word' id='word_1_401' title='bbox 1067 5053 1222 5120; x_wconf 90' lang='lat' dir='ltr'>quod</span> <span class='ocrx_word' id='word_1_402' title='bbox 1269 5052 1406 5104; x_wconf 90' lang='lat' dir='ltr'>mali</span> <span class='ocrx_word' id='word_1_403' title='bbox 1460 5059 1612 5120; x_wconf 87' lang='lat' dir='ltr'>sunt,</span> <span class='ocrx_word' id='word_1_404' title='bbox 1649 5058 1703 5106; x_wconf 89' lang='lat' dir='ltr'>et</span> <span class='ocrx_word' id='word_1_405' title='bbox 1739 5053 1912 5106; x_wconf 86' lang='lat' dir='ltr'>habet</span> <span class='ocrx_word' id='word_1_406' title='bbox 1940 5069 2074 5107; x_wconf 88' lang='lat' dir='ltr'>cau-</span> 
     </span>
    </p>
   </div>
   <div class='ocr_carea' id='block_1_56' title="bbox 372 5138 2076 5210">
    <p class='ocr_par' dir='ltr' id='par_1_56' title="bbox 372 5138 2076 5210">
     <span class='ocr_line' id='line_1_56' title="bbox 372 5138 2076 5210; baseline 0.001 -18"><span class='ocrx_word' id='word_1_407' title='bbox 372 5155 494 5193; x_wconf 89' lang='lat' dir='ltr'>sam</span> <span class='ocrx_word' id='word_1_408' title='bbox 552 5138 962 5192; x_wconf 84' lang='lat' dir='ltr'>interfectionis</span> <span class='ocrx_word' id='word_1_409' title='bbox 1011 5145 1076 5192; x_wconf 92' lang='lat' dir='ltr'>ut</span> <span class='ocrx_word' id='word_1_410' title='bbox 1118 5141 1399 5210; x_wconf 86' lang='lat' dir='ltr'>percutiat</span> <span class='ocrx_word' id='word_1_411' title='bbox 1453 5142 1754 5210; x_wconf 89' lang='lat' dir='ltr'>pessimos,</span> <span class='ocrx_word' id='word_1_412' title='bbox 1815 5141 2076 5196; x_wconf 85' lang='lat' dir='ltr'>minister</span> 
     </span>
    </p>
   </div>
   <div class='ocr_carea' id='block_1_57' title="bbox 375 5227 2074 5297">
    <p class='ocr_par' dir='ltr' id='par_1_57' title="bbox 375 5227 2074 5297">
     <span class='ocr_line' id='line_1_57' title="bbox 375 5227 2074 5297; baseline 0 -15"><span class='ocrx_word' id='word_1_413' title='bbox 375 5229 476 5282; x_wconf 90' lang='lat' dir='ltr'>Dei</span> <span class='ocrx_word' id='word_1_414' title='bbox 501 5234 604 5281; x_wconf 88' lang='lat' dir='ltr'>est.</span> <span class='ocrx_word' id='word_1_415' title='bbox 645 5230 809 5294; x_wconf 86' lang='lat' dir='ltr'>Item,</span> <span class='ocrx_word' id='word_1_416' title='bbox 840 5227 928 5280; x_wconf 85' lang='lat' dir='ltr'>lex</span> <span class='ocrx_word' id='word_1_417' title='bbox 965 5232 1022 5280; x_wconf 90' lang='lat' dir='ltr'>et</span> <span class='ocrx_word' id='word_1_418' title='bbox 1065 5227 1310 5281; x_wconf 89' lang='lat' dir='ltr'>ministri</span> <span class='ocrx_word' id='word_1_419' title='bbox 1367 5229 1490 5297; x_wconf 90' lang='lat' dir='ltr'>ejus</span> <span class='ocrx_word' id='word_1_420' title='bbox 1540 5234 1839 5282; x_wconf 90' lang='lat' dir='ltr'>coerceant</span> <span class='ocrx_word' id='word_1_421' title='bbox 1878 5230 2074 5282; x_wconf 88' lang='lat' dir='ltr'>inimi-</span> 
     </span>
    </p>
   </div>
   <div class='ocr_carea' id='block_1_58' title="bbox 373 5317 2076 5388">
    <p class='ocr_par' dir='ltr' id='par_1_58' title="bbox 373 5317 2076 5388">
     <span class='ocr_line' id='line_1_58' title="bbox 373 5317 2076 5388; baseline 0.001 -19"><span class='ocrx_word' id='word_1_422' title='bbox 373 5331 468 5370; x_wconf 90' lang='lat' dir='ltr'>cos</span> <span class='ocrx_word' id='word_1_423' title='bbox 520 5323 577 5370; x_wconf 90' lang='lat' dir='ltr'>et</span> <span class='ocrx_word' id='word_1_424' title='bbox 637 5317 1052 5385; x_wconf 85' lang='lat' dir='ltr'>constringant.</span> <span class='ocrx_word' id='word_1_425' title='bbox 1102 5318 1406 5386; x_wconf 85' lang='lat' dir='ltr'>Apostolus</span> <span class='ocrx_word' id='word_1_426' title='bbox 1438 5317 1628 5386; x_wconf 90' lang='lat' dir='ltr'>inquit</span> <span class='ocrx_word' id='word_1_427' title='bbox 1660 5335 1676 5368; x_wconf 87' lang='lat'><strong><em>:</em></strong></span> <span class='ocrx_word' id='word_1_428' title='bbox 1731 5317 1871 5386; x_wconf 82' lang='lat' dir='ltr'>Regi</span> <span class='ocrx_word' id='word_1_429' title='bbox 1911 5319 2076 5388; x_wconf 86' lang='lat' dir='ltr'>quasi</span> 
     </span>
    </p>
   </div>
   <div class='ocr_carea' id='block_1_59' title="bbox 373 5405 2075 5476">
    <p class='ocr_par' dir='ltr' id='par_1_59' title="bbox 373 5405 2075 5476">
     <span class='ocr_line' id='line_1_59' title="bbox 373 5405 2075 5476; baseline 0.002 -19"><span class='ocrx_word' id='word_1_430' title='bbox 373 5405 741 5476; x_wconf 65' lang='lat' dir='ltr'>praecedenti,</span> <span class='ocrx_word' id='word_1_431' title='bbox 799 5410 855 5458; x_wconf 92' lang='lat' dir='ltr'>et</span> <span class='ocrx_word' id='word_1_432' title='bbox 902 5405 1142 5458; x_wconf 88' lang='lat' dir='ltr'>ducibus</span> <span class='ocrx_word' id='word_1_433' title='bbox 1194 5412 1470 5475; x_wconf 88' lang='lat' dir='ltr'>tanquam</span> <span class='ocrx_word' id='word_1_434' title='bbox 1521 5405 1590 5457; x_wconf 89' lang='lat' dir='ltr'>ab</span> <span class='ocrx_word' id='word_1_435' title='bbox 1643 5421 1709 5458; x_wconf 90' lang='lat' dir='ltr'>eo</span> <span class='ocrx_word' id='word_1_436' title='bbox 1759 5405 1946 5458; x_wconf 90' lang='lat' dir='ltr'>missis</span> <span class='ocrx_word' id='word_1_437' title='bbox 2003 5407 2075 5460; x_wconf 92' lang='lat' dir='ltr'>ad</span> 
     </span>
    </p>
   </div>
   <div class='ocr_carea' id='block_1_60' title="bbox 372 5491 2070 5566">
    <p class='ocr_par' dir='ltr' id='par_1_60' title="bbox 372 5491 2070 5566">
     <span class='ocr_line' id='line_1_60' title="bbox 372 5491 2070 5566; baseline 0.002 -22"><span class='ocrx_word' id='word_1_438' title='bbox 372 5491 683 5547; x_wconf 84' lang='lat' dir='ltr'>vindictam</span> <span class='ocrx_word' id='word_1_439' title='bbox 755 5493 1214 5562; x_wconf 86' lang='lat' dir='ltr'>malefactorum,</span> <span class='ocrx_word' id='word_1_440' title='bbox 1292 5493 1523 5566; x_wconf 81' lang='lat' dir='ltr'>laudem</span> <span class='ocrx_word' id='word_1_441' title='bbox 1579 5509 1713 5546; x_wconf 90' lang='lat' dir='ltr'>vero</span> <span class='ocrx_word' id='word_1_442' title='bbox 1765 5493 2070 5548; x_wconf 91' lang='lat' dir='ltr'>bonorum.</span> 
     </span>
    </p>
   </div>
   <div class='ocr_carea' id='block_1_61' title="bbox 376 5581 2072 5653">
    <p class='ocr_par' dir='ltr' id='par_1_61' title="bbox 376 5581 2072 5653">
     <span class='ocr_line' id='line_1_61' title="bbox 376 5581 2072 5653; baseline 0.003 -21"><span class='ocrx_word' id='word_1_443' title='bbox 376 5581 519 5634; x_wconf 87' lang='lat' dir='ltr'>Item</span> <span class='ocrx_word' id='word_1_444' title='bbox 553 5582 972 5651; x_wconf 85' lang='lat' dir='ltr'>Hieronymus:</span> <span class='ocrx_word' id='word_1_445' title='bbox 1034 5581 1354 5636; x_wconf 89' lang='lat' dir='ltr'>Homicidas</span> <span class='ocrx_word' id='word_1_446' title='bbox 1385 5585 1442 5637; x_wconf 86' lang='lat' dir='ltr'>et</span> <span class='ocrx_word' id='word_1_447' title='bbox 1500 5581 1805 5652; x_wconf 87' lang='lat' dir='ltr'>sacrilegos</span> <span class='ocrx_word' id='word_1_448' title='bbox 1843 5583 2072 5653; x_wconf 91' lang='lat' dir='ltr'>punire,</span> 
     </span>
    </p>
   </div>
   <div class='ocr_carea' id='block_1_62' title="bbox 2187 556 3908 626">
    <p class='ocr_par' dir='ltr' id='par_1_62' title="bbox 2187 556 3908 626">
     <span class='ocr_line' id='line_1_62' title="bbox 2187 556 3908 626; baseline 0.001 -18"><span class='ocrx_word' id='word_1_449' title='bbox 2187 561 2269 609; x_wconf 92' lang='lat' dir='ltr'>est</span> <span class='ocrx_word' id='word_1_450' title='bbox 2327 556 2594 609; x_wconf 84' lang='lat' dir='ltr'>vanitas?</span> <span class='ocrx_word' id='word_1_451' title='bbox 2656 557 2763 619; x_wconf 76' lang='lat' dir='ltr'>Uni</span> <span class='ocrx_word' id='word_1_452' title='bbox 2816 572 3050 626; x_wconf 87' lang='lat' dir='ltr'>parcere</span> <span class='ocrx_word' id='word_1_453' title='bbox 3081 562 3136 610; x_wconf 91' lang='lat' dir='ltr'>et</span> <span class='ocrx_word' id='word_1_454' title='bbox 3200 573 3399 610; x_wconf 88' lang='lat' dir='ltr'>omnes</span> <span class='ocrx_word' id='word_1_455' title='bbox 3463 558 3523 610; x_wconf 89' lang='lat' dir='ltr'>in</span> <span class='ocrx_word' id='word_1_456' title='bbox 3577 558 3908 612; x_wconf 84' lang='lat' dir='ltr'>discrimen</span> 
     </span>
    </p>
   </div>
   <div class='ocr_carea' id='block_1_63' title="bbox 2185 645 3900 715">
    <p class='ocr_par' dir='ltr' id='par_1_63' title="bbox 2185 645 3900 715">
     <span class='ocr_line' id='line_1_63' title="bbox 2185 645 3900 715; baseline 0.002 -18"><span class='ocrx_word' id='word_1_457' title='bbox 2185 645 2508 698; x_wconf 86' lang='lat' dir='ltr'>adducere?</span> <span class='ocrx_word' id='word_1_458' title='bbox 2557 645 2902 698; x_wconf 90' lang='lat' dir='ltr'>Polluuntur</span> <span class='ocrx_word' id='word_1_459' title='bbox 2959 645 3115 698; x_wconf 91' lang='lat' dir='ltr'>enim</span> <span class='ocrx_word' id='word_1_460' title='bbox 3169 661 3370 698; x_wconf 88' lang='lat' dir='ltr'>omnes</span> <span class='ocrx_word' id='word_1_461' title='bbox 3422 663 3537 698; x_wconf 89' lang='lat' dir='ltr'>uno</span> <span class='ocrx_word' id='word_1_462' title='bbox 3587 653 3900 715; x_wconf 75' lang='lat' dir='ltr'>peccante.</span> 
     </span>
    </p>
   </div>
   <div class='ocr_carea' id='block_1_64' title="bbox 2186 731 3909 803">
    <p class='ocr_par' dir='ltr' id='par_1_64' title="bbox 2186 731 3909 803">
     <span class='ocr_line' id='line_1_64' title="bbox 2186 731 3909 803; baseline 0.001 -18"><span class='ocrx_word' id='word_1_463' title='bbox 2186 733 2347 786; x_wconf 90' lang='lat' dir='ltr'>Unde</span> <span class='ocrx_word' id='word_1_464' title='bbox 2377 738 2433 786; x_wconf 88' lang='lat' dir='ltr'>et</span> <span class='ocrx_word' id='word_1_465' title='bbox 2463 733 2520 785; x_wconf 91' lang='lat' dir='ltr'>in</span> <span class='ocrx_word' id='word_1_466' title='bbox 2555 733 2678 802; x_wconf 86' lang='lat' dir='ltr'>lege</span> <span class='ocrx_word' id='word_1_467' title='bbox 2702 733 2940 802; x_wconf 87' lang='lat' dir='ltr'>jubetur</span> <span class='ocrx_word' id='word_1_468' title='bbox 2975 748 2988 786; x_wconf 90' lang='lat'><strong>:</strong></span> <span class='ocrx_word' id='word_1_469' title='bbox 3032 731 3311 785; x_wconf 83' lang='lat' dir='ltr'>Maleﬁcos</span> <span class='ocrx_word' id='word_1_470' title='bbox 3343 749 3461 786; x_wconf 90' lang='lat' dir='ltr'>non</span> <span class='ocrx_word' id='word_1_471' title='bbox 3511 734 3750 803; x_wconf 83' lang='lat' dir='ltr'>patiaris</span> <span class='ocrx_word' id='word_1_472' title='bbox 3797 734 3859 786; x_wconf 90' lang='lat' dir='ltr'>vi</span> <span class='ocrx_word' id='word_1_473' title='bbox 3885 764 3909 772; x_wconf 90' lang='lat'><strong>-</strong></span> 
     </span>
    </p>
   </div>
   <div class='ocr_carea' id='block_1_65' title="bbox 2185 821 3907 892">
    <p class='ocr_par' dir='ltr' id='par_1_65' title="bbox 2185 821 3907 892">
     <span class='ocr_line' id='line_1_65' title="bbox 2185 821 3907 892; baseline 0.001 -19"><span class='ocrx_word' id='word_1_474' title='bbox 2185 837 2334 875; x_wconf 90' lang='lat' dir='ltr'>vere.</span> <span class='ocrx_word' id='word_1_475' title='bbox 2402 822 2560 876; x_wconf 90' lang='lat' dir='ltr'>Unde</span> <span class='ocrx_word' id='word_1_476' title='bbox 2620 821 2945 890; x_wconf 86' lang='lat' dir='ltr'>Propheta:</span> <span class='ocrx_word' id='word_1_477' title='bbox 3026 821 3440 874; x_wconf 84' lang='lat' dir='ltr'>Mortiﬁcabant</span> <span class='ocrx_word' id='word_1_478' title='bbox 3484 823 3703 874; x_wconf 89' lang='lat' dir='ltr'>animas</span> <span class='ocrx_word' id='word_1_479' title='bbox 3755 838 3907 892; x_wconf 72' lang='lat' dir='ltr'>quae</span> 
     </span>
    </p>
   </div>
   <div class='ocr_carea' id='block_1_66' title="bbox 2183 909 3908 978">
    <p class='ocr_par' dir='ltr' id='par_1_66' title="bbox 2183 909 3908 978">
     <span class='ocr_line' id='line_1_66' title="bbox 2183 909 3908 978; baseline -0.001 -15"><span class='ocrx_word' id='word_1_480' title='bbox 2183 925 2300 963; x_wconf 91' lang='lat' dir='ltr'>non</span> <span class='ocrx_word' id='word_1_481' title='bbox 2346 911 2697 963; x_wconf 89' lang='lat' dir='ltr'>moriuntur.</span> <span class='ocrx_word' id='word_1_482' title='bbox 2751 910 2908 962; x_wconf 92' lang='lat' dir='ltr'>Unde</span> <span class='ocrx_word' id='word_1_483' title='bbox 2963 909 3320 978; x_wconf 82' lang='lat' dir='ltr'>Gregorius:</span> <span class='ocrx_word' id='word_1_484' title='bbox 3379 926 3498 963; x_wconf 89' lang='lat' dir='ltr'>non</span> <span class='ocrx_word' id='word_1_485' title='bbox 3542 911 3908 963; x_wconf 88' lang='lat' dir='ltr'>morientem</span> 
     </span>
    </p>
   </div>
   <div class='ocr_carea' id='block_1_67' title="bbox 2183 997 3905 1068">
    <p class='ocr_par' dir='ltr' id='par_1_67' title="bbox 2183 997 3905 1068">
     <span class='ocr_line' id='line_1_67' title="bbox 2183 997 3905 1068; baseline -0.001 -17"><span class='ocrx_word' id='word_1_486' title='bbox 2183 997 2399 1068; x_wconf 88' lang='lat' dir='ltr'>quippe</span> <span class='ocrx_word' id='word_1_487' title='bbox 2427 997 2748 1061; x_wconf 77' lang='lat' dir='ltr'>mortificat,</span> <span class='ocrx_word' id='word_1_488' title='bbox 2785 997 2883 1066; x_wconf 89' lang='lat' dir='ltr'>qui</span> <span class='ocrx_word' id='word_1_489' title='bbox 2910 997 3130 1066; x_wconf 89' lang='lat' dir='ltr'>justum</span> <span class='ocrx_word' id='word_1_490' title='bbox 3164 997 3421 1062; x_wconf 88' lang='lat' dir='ltr'>damnat,</span> <span class='ocrx_word' id='word_1_491' title='bbox 3454 1003 3512 1050; x_wconf 90' lang='lat' dir='ltr'>et</span> <span class='ocrx_word' id='word_1_492' title='bbox 3547 1014 3663 1051; x_wconf 92' lang='lat' dir='ltr'>non</span> <span class='ocrx_word' id='word_1_493' title='bbox 3695 999 3905 1051; x_wconf 85' lang='lat' dir='ltr'>victu—</span> 
     </span>
    </p>
   </div>
   <div class='ocr_carea' id='block_1_68' title="bbox 2181 1085 3906 1155">
    <p class='ocr_par' dir='ltr' id='par_1_68' title="bbox 2181 1085 3906 1155">
     <span class='ocr_line' id='line_1_68' title="bbox 2181 1085 3906 1155; baseline -0.001 -16"><span class='ocrx_word' id='word_1_494' title='bbox 2181 1102 2312 1139; x_wconf 90' lang='lat' dir='ltr'>rum</span> <span class='ocrx_word' id='word_1_495' title='bbox 2342 1085 2629 1138; x_wconf 82' lang='lat' dir='ltr'>viviticare</span> <span class='ocrx_word' id='word_1_496' title='bbox 2661 1085 2888 1151; x_wconf 89' lang='lat' dir='ltr'>nititur,</span> <span class='ocrx_word' id='word_1_497' title='bbox 2925 1085 3024 1154; x_wconf 91' lang='lat' dir='ltr'>qui</span> <span class='ocrx_word' id='word_1_498' title='bbox 3055 1102 3216 1138; x_wconf 90' lang='lat' dir='ltr'>reum</span> <span class='ocrx_word' id='word_1_499' title='bbox 3247 1102 3280 1138; x_wconf 88' lang='lat' dir='ltr'>a</span> <span class='ocrx_word' id='word_1_500' title='bbox 3327 1086 3610 1155; x_wconf 91' lang='lat' dir='ltr'>supplicio</span> <span class='ocrx_word' id='word_1_501' title='bbox 3663 1087 3906 1138; x_wconf 84' lang='lat' dir='ltr'>solvere</span> 
     </span>
    </p>
   </div>
   <div class='ocr_carea' id='block_1_69' title="bbox 2183 1174 3901 1244">
    <p class='ocr_par' dir='ltr' id='par_1_69' title="bbox 2183 1174 3901 1244">
     <span class='ocr_line' id='line_1_69' title="bbox 2183 1174 3901 1244; baseline -0.001 -18"><span class='ocrx_word' id='word_1_502' title='bbox 2183 1179 2441 1227; x_wconf 92' lang='lat' dir='ltr'>conatur.</span> <span class='ocrx_word' id='word_1_503' title='bbox 2499 1174 2686 1227; x_wconf 87' lang='lat' dir='ltr'>Helias</span> <span class='ocrx_word' id='word_1_504' title='bbox 2732 1189 2983 1244; x_wconf 88' lang='lat' dir='ltr'>namque</span> <span class='ocrx_word' id='word_1_505' title='bbox 3033 1175 3244 1226; x_wconf 91' lang='lat' dir='ltr'>multos</span> <span class='ocrx_word' id='word_1_506' title='bbox 3287 1174 3473 1226; x_wconf 85' lang='lat' dir='ltr'>atfecit</span> <span class='ocrx_word' id='word_1_507' title='bbox 3508 1179 3715 1240; x_wconf 87' lang='lat' dir='ltr'>morte,</span> <span class='ocrx_word' id='word_1_508' title='bbox 3752 1190 3901 1242; x_wconf 80' lang='lat' dir='ltr'>pro-</span> 
     </span>
    </p>
   </div>
   <div class='ocr_carea' id='block_1_70' title="bbox 2181 1261 3906 1332">
    <p class='ocr_par' dir='ltr' id='par_1_70' title="bbox 2181 1261 3906 1332">
     <span class='ocr_line' id='line_1_70' title="bbox 2181 1261 3906 1332; baseline 0 -18"><span class='ocrx_word' id='word_1_509' title='bbox 2181 1262 2308 1332; x_wconf 90' lang='lat' dir='ltr'>pria</span> <span class='ocrx_word' id='word_1_510' title='bbox 2359 1278 2558 1327; x_wconf 90' lang='lat' dir='ltr'>manu,</span> <span class='ocrx_word' id='word_1_511' title='bbox 2636 1278 2774 1315; x_wconf 85' lang='lat' dir='ltr'>nece</span> <span class='ocrx_word' id='word_1_512' title='bbox 2833 1267 2890 1315; x_wconf 88' lang='lat' dir='ltr'>et</span> <span class='ocrx_word' id='word_1_513' title='bbox 2938 1261 3071 1331; x_wconf 90' lang='lat' dir='ltr'>igne</span> <span class='ocrx_word' id='word_1_514' title='bbox 3142 1261 3414 1315; x_wconf 89' lang='lat' dir='ltr'>divinitus</span> <span class='ocrx_word' id='word_1_515' title='bbox 3465 1263 3762 1332; x_wconf 89' lang='lat' dir='ltr'>inspirato.</span> <span class='ocrx_word' id='word_1_516' title='bbox 3820 1263 3906 1315; x_wconf 86' lang='lat' dir='ltr'>In</span> 
     </span>
    </p>
   </div>
   <div class='ocr_carea' id='block_1_71' title="bbox 2181 1350 3908 1425">
    <p class='ocr_par' dir='ltr' id='par_1_71' title="bbox 2181 1350 3908 1425">
     <span class='ocr_line' id='line_1_71' title="bbox 2181 1350 3908 1425; baseline 0 -22"><span class='ocrx_word' id='word_1_517' title='bbox 2181 1351 2338 1403; x_wconf 89' lang='lat' dir='ltr'>Novo</span> <span class='ocrx_word' id='word_1_518' title='bbox 2372 1350 2545 1403; x_wconf 89' lang='lat' dir='ltr'>etiam</span> <span class='ocrx_word' id='word_1_519' title='bbox 2577 1351 2945 1425; x_wconf 82' lang='lat' dir='ltr'>Testamento</span> <span class='ocrx_word' id='word_1_520' title='bbox 2979 1350 3184 1403; x_wconf 89' lang='lat' dir='ltr'>Petrus</span> <span class='ocrx_word' id='word_1_521' title='bbox 3222 1351 3506 1404; x_wconf 79' lang='lat' dir='ltr'>Ananiam</span> <span class='ocrx_word' id='word_1_522' title='bbox 3561 1355 3618 1404; x_wconf 88' lang='lat' dir='ltr'>et</span> <span class='ocrx_word' id='word_1_523' title='bbox 3671 1350 3908 1420; x_wconf 82' lang='lat' dir='ltr'>Saphy-</span> 
     </span>
    </p>
   </div>
   <div class='ocr_carea' id='block_1_72' title="bbox 2179 1437 2916 1492">
    <p class='ocr_par' dir='ltr' id='par_1_72' title="bbox 2179 1437 2916 1492">
     <span class='ocr_line' id='line_1_72' title="bbox 2179 1437 2916 1492; baseline -0.003 0"><span class='ocrx_word' id='word_1_524' title='bbox 2179 1454 2304 1492; x_wconf 91' lang='lat' dir='ltr'>ram</span> <span class='ocrx_word' id='word_1_525' title='bbox 2331 1439 2576 1491; x_wconf 83' lang='lat' dir='ltr'>terriﬁce</span> <span class='ocrx_word' id='word_1_526' title='bbox 2598 1437 2916 1490; x_wconf 90' lang='lat' dir='ltr'>mulctavit.</span> 
     </span>
    </p>
   </div>
   <div class='ocr_carea' id='block_1_73' title="bbox 2180 1526 3910 1595">
    <p class='ocr_par' dir='ltr' id='par_1_73' title="bbox 2180 1526 3910 1595">
     <span class='ocr_line' id='line_1_73' title="bbox 2180 1526 3910 1595; baseline -0.001 -14"><span class='ocrx_word' id='word_1_527' title='bbox 2180 1528 2310 1581; x_wconf 74' lang='lat' dir='ltr'>CAP.</span> <span class='ocrx_word' id='word_1_528' title='bbox 2357 1527 2530 1579; x_wconf 82' lang='lat' dir='ltr'><strong>XLIV.</strong></span> <span class='ocrx_word' id='word_1_529' title='bbox 2564 1557 2632 1564; x_wconf 90' lang='lat'>——</span> <span class='ocrx_word' id='word_1_530' title='bbox 2672 1528 2745 1579; x_wconf 90' lang='lat' dir='ltr'>De</span> <span class='ocrx_word' id='word_1_531' title='bbox 2782 1527 2896 1579; x_wconf 85' lang='lat' dir='ltr'>illis</span> <span class='ocrx_word' id='word_1_532' title='bbox 2949 1529 3046 1593; x_wconf 89' lang='lat' dir='ltr'>qui</span> <span class='ocrx_word' id='word_1_533' title='bbox 3077 1531 3203 1594; x_wconf 85' lang='lat' dir='ltr'>post</span> <span class='ocrx_word' id='word_1_534' title='bbox 3234 1526 3561 1594; x_wconf 82' lang='lat' dir='ltr'>baptismum</span> <span class='ocrx_word' id='word_1_535' title='bbox 3591 1527 3910 1595; x_wconf 83' lang='lat' dir='ltr'>capitalem</span> 
     </span>
    </p>
   </div>
   <div class='ocr_carea' id='block_1_74' title="bbox 2675 1599 3376 1664">
    <p class='ocr_par' dir='ltr' id='par_1_74' title="bbox 2675 1599 3376 1664">
     <span class='ocr_line' id='line_1_74' title="bbox 2675 1599 3376 1664; baseline 0.001 -16"><span class='ocrx_word' id='word_1_536' title='bbox 2675 1599 3016 1664; x_wconf 79' lang='lat' dir='ltr'>protulerunt</span> <span class='ocrx_word' id='word_1_537' title='bbox 3035 1600 3376 1650; x_wconf 86' lang='lat' dir='ltr'>sententiam.</span> 
     </span>
    </p>
   </div>
   <div class='ocr_carea' id='block_1_75' title="bbox 2257 1684 3906 1753">
    <p class='ocr_par' dir='ltr' id='par_1_75' title="bbox 2257 1684 3906 1753">
     <span class='ocr_line' id='line_1_75' title="bbox 2257 1684 3906 1753; baseline -0.001 -15"><span class='ocrx_word' id='word_1_538' title='bbox 2257 1686 2377 1753; x_wconf 75' lang='lat' dir='ltr'>(Ea:</span> <span class='ocrx_word' id='word_1_539' title='bbox 2425 1686 2589 1738; x_wconf 82' lang='lat' dir='ltr'>dictis</span> <span class='ocrx_word' id='word_1_540' title='bbox 2631 1686 2930 1737; x_wconf 80' lang='lat' dir='ltr'>Innocentii</span> <span class='ocrx_word' id='word_1_541' title='bbox 2976 1700 3158 1753; x_wconf 76' lang='lat' dir='ltr'>papae,</span> <span class='ocrx_word' id='word_1_542' title='bbox 3208 1688 3386 1753; x_wconf 82' lang='lat' dir='ltr'>capite</span> <span class='ocrx_word' id='word_1_543' title='bbox 3423 1685 3540 1753; x_wconf 75' lang='lat'>25.)</span> <span class='ocrx_word' id='word_1_544' title='bbox 3571 1684 3906 1745; x_wconf 57' lang='lat' dir='ltr'>Quaesitum</span> 
     </span>
    </p>
   </div>
   <div class='ocr_carea' id='block_1_76' title="bbox 2185 1772 3908 1842">
    <p class='ocr_par' dir='ltr' id='par_1_76' title="bbox 2185 1772 3908 1842">
     <span class='ocr_line' id='line_1_76' title="bbox 2185 1772 3908 1842; baseline -0.001 -16"><span class='ocrx_word' id='word_1_545' title='bbox 2185 1779 2271 1826; x_wconf 87' lang='lat' dir='ltr'>est</span> <span class='ocrx_word' id='word_1_546' title='bbox 2309 1773 2482 1826; x_wconf 90' lang='lat' dir='ltr'>etiam</span> <span class='ocrx_word' id='word_1_547' title='bbox 2532 1789 2705 1841; x_wconf 89' lang='lat' dir='ltr'>super</span> <span class='ocrx_word' id='word_1_548' title='bbox 2753 1773 2842 1825; x_wconf 90' lang='lat' dir='ltr'>his</span> <span class='ocrx_word' id='word_1_549' title='bbox 2891 1773 2990 1842; x_wconf 91' lang='lat' dir='ltr'>qui</span> <span class='ocrx_word' id='word_1_550' title='bbox 3058 1779 3186 1842; x_wconf 90' lang='lat' dir='ltr'>post</span> <span class='ocrx_word' id='word_1_551' title='bbox 3241 1772 3595 1842; x_wconf 90' lang='lat' dir='ltr'>baptismum</span> <span class='ocrx_word' id='word_1_552' title='bbox 3640 1773 3908 1826; x_wconf 86' lang='lat' dir='ltr'>admini-</span> 
     </span>
    </p>
   </div>
   <div class='ocr_carea' id='block_1_77' title="bbox 2182 1862 3909 1926">
    <p class='ocr_par' dir='ltr' id='par_1_77' title="bbox 2182 1862 3909 1926">
     <span class='ocr_line' id='line_1_77' title="bbox 2182 1862 3909 1926; baseline 0.001 -13"><span class='ocrx_word' id='word_1_553' title='bbox 2182 1865 2527 1924; x_wconf 84' lang='lat' dir='ltr'>straverunt,</span> <span class='ocrx_word' id='word_1_554' title='bbox 2562 1867 2619 1914; x_wconf 90' lang='lat' dir='ltr'>et</span> <span class='ocrx_word' id='word_1_555' title='bbox 2670 1866 2770 1914; x_wconf 85' lang='lat' dir='ltr'>aut</span> <span class='ocrx_word' id='word_1_556' title='bbox 2817 1865 3104 1914; x_wconf 90' lang='lat' dir='ltr'>tormenta</span> <span class='ocrx_word' id='word_1_557' title='bbox 3155 1862 3270 1914; x_wconf 86' lang='lat' dir='ltr'>sola</span> <span class='ocrx_word' id='word_1_558' title='bbox 3321 1867 3722 1926; x_wconf 87' lang='lat' dir='ltr'>exercuerunt,</span> <span class='ocrx_word' id='word_1_559' title='bbox 3786 1867 3909 1914; x_wconf 83' lang='lat' dir='ltr'>aut</span> 
     </span>
    </p>
   </div>
   <div class='ocr_carea' id='block_1_78' title="bbox 2183 1949 3906 2018">
    <p class='ocr_par' dir='ltr' id='par_1_78' title="bbox 2183 1949 3906 2018">
     <span class='ocr_line' id='line_1_78' title="bbox 2183 1949 3906 2018; baseline 0 -17"><span class='ocrx_word' id='word_1_560' title='bbox 2183 1949 2356 2001; x_wconf 88' lang='lat' dir='ltr'>etiam</span> <span class='ocrx_word' id='word_1_561' title='bbox 2380 1949 2683 2018; x_wconf 83' lang='lat' dir='ltr'>capitalem</span> <span class='ocrx_word' id='word_1_562' title='bbox 2713 1950 3080 2018; x_wconf 87' lang='lat' dir='ltr'>protulerunt</span> <span class='ocrx_word' id='word_1_563' title='bbox 3108 1950 3470 2003; x_wconf 90' lang='lat' dir='ltr'>sententiam.</span> <span class='ocrx_word' id='word_1_564' title='bbox 3507 1951 3584 2002; x_wconf 89' lang='lat' dir='ltr'>De</span> <span class='ocrx_word' id='word_1_565' title='bbox 3625 1949 3713 2002; x_wconf 91' lang='lat' dir='ltr'>his</span> <span class='ocrx_word' id='word_1_566' title='bbox 3736 1949 3906 2002; x_wconf 89' lang='lat' dir='ltr'>nihil</span> 
     </span>
    </p>
   </div>
   <div class='ocr_carea' id='block_1_79' title="bbox 2181 2035 3904 2105">
    <p class='ocr_par' dir='ltr' id='par_1_79' title="bbox 2181 2035 3904 2105">
     <span class='ocr_line' id='line_1_79' title="bbox 2181 2035 3904 2105; baseline 0 -17"><span class='ocrx_word' id='word_1_567' title='bbox 2181 2035 2425 2104; x_wconf 87' lang='lat' dir='ltr'>legimus</span> <span class='ocrx_word' id='word_1_568' title='bbox 2481 2053 2513 2088; x_wconf 91' lang='lat' dir='ltr'>a</span> <span class='ocrx_word' id='word_1_569' title='bbox 2553 2036 2866 2105; x_wconf 87' lang='lat' dir='ltr'>majoribus</span> <span class='ocrx_word' id='word_1_570' title='bbox 2916 2037 3239 2100; x_wconf 79' lang='lat' dir='ltr'>deﬁnitum,</span> <span class='ocrx_word' id='word_1_571' title='bbox 3286 2037 3674 2090; x_wconf 88' lang='lat' dir='ltr'>meminerant</span> <span class='ocrx_word' id='word_1_572' title='bbox 3724 2037 3904 2089; x_wconf 89' lang='lat' dir='ltr'>enim</span> 
     </span>
    </p>
   </div>
   <div class='ocr_carea' id='block_1_80' title="bbox 2181 2124 3907 2194">
    <p class='ocr_par' dir='ltr' id='par_1_80' title="bbox 2181 2124 3907 2194">
     <span class='ocr_line' id='line_1_80' title="bbox 2181 2124 3907 2194; baseline 0 -18"><span class='ocrx_word' id='word_1_573' title='bbox 2181 2140 2214 2176; x_wconf 89' lang='lat' dir='ltr'>a</span> <span class='ocrx_word' id='word_1_574' title='bbox 2247 2126 2364 2177; x_wconf 91' lang='lat' dir='ltr'>Deo</span> <span class='ocrx_word' id='word_1_575' title='bbox 2420 2129 2728 2194; x_wconf 88' lang='lat' dir='ltr'>potestates</span> <span class='ocrx_word' id='word_1_576' title='bbox 2784 2125 2885 2178; x_wconf 89' lang='lat' dir='ltr'>has</span> <span class='ocrx_word' id='word_1_577' title='bbox 2934 2124 3107 2177; x_wconf 89' lang='lat' dir='ltr'>fuisse</span> <span class='ocrx_word' id='word_1_578' title='bbox 3169 2141 3481 2190; x_wconf 89' lang='lat' dir='ltr'>concessas,</span> <span class='ocrx_word' id='word_1_579' title='bbox 3535 2130 3592 2177; x_wconf 89' lang='lat' dir='ltr'>et</span> <span class='ocrx_word' id='word_1_580' title='bbox 3642 2131 3907 2194; x_wconf 85' lang='lat' dir='ltr'>propter</span> 
     </span>
    </p>
   </div>
   <div class='ocr_carea' id='block_1_81' title="bbox 2181 2211 3903 2283">
    <p class='ocr_par' dir='ltr' id='par_1_81' title="bbox 2181 2211 3903 2283">
     <span class='ocr_line' id='line_1_81' title="bbox 2181 2211 3903 2283; baseline 0.001 -19"><span class='ocrx_word' id='word_1_581' title='bbox 2181 2213 2493 2266; x_wconf 86' lang='lat' dir='ltr'>vindictam</span> <span class='ocrx_word' id='word_1_582' title='bbox 2543 2211 2842 2266; x_wconf 84' lang='lat' dir='ltr'>noxiorum</span> <span class='ocrx_word' id='word_1_583' title='bbox 2894 2213 3150 2283; x_wconf 89' lang='lat' dir='ltr'>gladium</span> <span class='ocrx_word' id='word_1_584' title='bbox 3204 2213 3377 2266; x_wconf 89' lang='lat' dir='ltr'>fuisse</span> <span class='ocrx_word' id='word_1_585' title='bbox 3424 2214 3798 2282; x_wconf 78' lang='lat' dir='ltr'>permissum,</span> <span class='ocrx_word' id='word_1_586' title='bbox 3839 2219 3903 2266; x_wconf 89' lang='lat' dir='ltr'>et</span> 
     </span>
    </p>
   </div>
   <div class='ocr_carea' id='block_1_82' title="bbox 2183 2300 3895 2371">
    <p class='ocr_par' dir='ltr' id='par_1_82' title="bbox 2183 2300 3895 2371">
     <span class='ocr_line' id='line_1_82' title="bbox 2183 2300 3895 2371; baseline 0.001 -17"><span class='ocrx_word' id='word_1_587' title='bbox 2183 2300 2281 2354; x_wconf 89' lang='lat' dir='ltr'>Dei</span> <span class='ocrx_word' id='word_1_588' title='bbox 2313 2301 2644 2354; x_wconf 90' lang='lat' dir='ltr'>ministrum</span> <span class='ocrx_word' id='word_1_589' title='bbox 2685 2317 2805 2356; x_wconf 89' lang='lat' dir='ltr'>esse</span> <span class='ocrx_word' id='word_1_590' title='bbox 2837 2301 3034 2354; x_wconf 83' lang='lat' dir='ltr'>datum</span> <span class='ocrx_word' id='word_1_591' title='bbox 3093 2301 3154 2354; x_wconf 93' lang='lat' dir='ltr'>in</span> <span class='ocrx_word' id='word_1_592' title='bbox 3184 2301 3517 2371; x_wconf 89' lang='lat' dir='ltr'>hujusmodi</span> <span class='ocrx_word' id='word_1_593' title='bbox 3565 2301 3895 2355; x_wconf 86' lang='lat' dir='ltr'>vindicem.</span> 
     </span>
    </p>
   </div>
   <div class='ocr_carea' id='block_1_83' title="bbox 2181 2389 3901 2460">
    <p class='ocr_par' dir='ltr' id='par_1_83' title="bbox 2181 2389 3901 2460">
     <span class='ocr_line' id='line_1_83' title="bbox 2181 2389 3901 2460; baseline 0.001 -19"><span class='ocrx_word' id='word_1_594' title='bbox 2181 2389 2482 2452; x_wconf 88' lang='lat' dir='ltr'>Quomodo</span> <span class='ocrx_word' id='word_1_595' title='bbox 2534 2389 2715 2460; x_wconf 88' lang='lat' dir='ltr'>igitur</span> <span class='ocrx_word' id='word_1_596' title='bbox 2766 2389 3257 2459; x_wconf 85' lang='lat' dir='ltr'>reprehenderent</span> <span class='ocrx_word' id='word_1_597' title='bbox 3305 2390 3539 2452; x_wconf 89' lang='lat' dir='ltr'>factum,</span> <span class='ocrx_word' id='word_1_598' title='bbox 3594 2390 3749 2459; x_wconf 92' lang='lat' dir='ltr'>quod</span> <span class='ocrx_word' id='word_1_599' title='bbox 3816 2391 3901 2442; x_wconf 86' lang='lat' dir='ltr'>ab</span> 
     </span>
    </p>
   </div>
   <div class='ocr_carea' id='block_1_84' title="bbox 2180 2477 3903 2548">
    <p class='ocr_par' dir='ltr' id='par_1_84' title="bbox 2180 2477 3903 2548">
     <span class='ocr_line' id='line_1_84' title="bbox 2180 2477 3903 2548; baseline 0.001 -18"><span class='ocrx_word' id='word_1_600' title='bbox 2180 2482 2410 2530; x_wconf 90' lang='lat' dir='ltr'>auctore</span> <span class='ocrx_word' id='word_1_601' title='bbox 2464 2480 2575 2530; x_wconf 90' lang='lat' dir='ltr'>Deo</span> <span class='ocrx_word' id='word_1_602' title='bbox 2617 2478 2879 2532; x_wconf 90' lang='lat' dir='ltr'>viderent</span> <span class='ocrx_word' id='word_1_603' title='bbox 2908 2495 3028 2532; x_wconf 89' lang='lat' dir='ltr'>esse</span> <span class='ocrx_word' id='word_1_604' title='bbox 3073 2477 3448 2532; x_wconf 88' lang='lat' dir='ltr'>concessum?</span> <span class='ocrx_word' id='word_1_605' title='bbox 3480 2479 3556 2531; x_wconf 90' lang='lat' dir='ltr'>De</span> <span class='ocrx_word' id='word_1_606' title='bbox 3613 2477 3704 2530; x_wconf 88' lang='lat' dir='ltr'>his</span> <span class='ocrx_word' id='word_1_607' title='bbox 3741 2494 3903 2548; x_wconf 83' lang='lat' dir='ltr'>ergo</span> 
     </span>
    </p>
   </div>
   <div class='ocr_carea' id='block_1_85' title="bbox 2180 2565 3904 2631">
    <p class='ocr_par' dir='ltr' id='par_1_85' title="bbox 2180 2565 3904 2631">
     <span class='ocr_line' id='line_1_85' title="bbox 2180 2565 3904 2631; baseline 0.001 -13"><span class='ocrx_word' id='word_1_608' title='bbox 2180 2565 2258 2618; x_wconf 82' lang='lat' dir='ltr'>ita</span> <span class='ocrx_word' id='word_1_609' title='bbox 2287 2571 2349 2619; x_wconf 91' lang='lat' dir='ltr'>ut</span> <span class='ocrx_word' id='word_1_610' title='bbox 2393 2567 2666 2620; x_wconf 90' lang='lat' dir='ltr'>hactenus</span> <span class='ocrx_word' id='word_1_611' title='bbox 2709 2572 2998 2620; x_wconf 89' lang='lat' dir='ltr'>servatum</span> <span class='ocrx_word' id='word_1_612' title='bbox 3047 2572 3133 2620; x_wconf 91' lang='lat' dir='ltr'>est</span> <span class='ocrx_word' id='word_1_613' title='bbox 3182 2567 3259 2619; x_wconf 91' lang='lat' dir='ltr'>sic</span> <span class='ocrx_word' id='word_1_614' title='bbox 3305 2567 3612 2631; x_wconf 86' lang='lat' dir='ltr'>habemus,</span> <span class='ocrx_word' id='word_1_615' title='bbox 3661 2582 3732 2618; x_wconf 88' lang='lat' dir='ltr'>ne</span> <span class='ocrx_word' id='word_1_616' title='bbox 3785 2572 3904 2619; x_wconf 87' lang='lat' dir='ltr'>aut</span> 
     </span>
    </p>
   </div>
   <div class='ocr_carea' id='block_1_86' title="bbox 2179 2655 3900 2724">
    <p class='ocr_par' dir='ltr' id='par_1_86' title="bbox 2179 2655 3900 2724">
     <span class='ocr_line' id='line_1_86' title="bbox 2179 2655 3900 2724; baseline 0 -17"><span class='ocrx_word' id='word_1_617' title='bbox 2179 2655 2546 2724; x_wconf 89' lang='lat' dir='ltr'>disciplinam</span> <span class='ocrx_word' id='word_1_618' title='bbox 2578 2663 2854 2719; x_wconf 88' lang='lat' dir='ltr'>evertere,</span> <span class='ocrx_word' id='word_1_619' title='bbox 2888 2661 2987 2709; x_wconf 90' lang='lat' dir='ltr'>aut</span> <span class='ocrx_word' id='word_1_620' title='bbox 3017 2660 3212 2708; x_wconf 87' lang='lat' dir='ltr'>contra</span> <span class='ocrx_word' id='word_1_621' title='bbox 3239 2655 3640 2708; x_wconf 87' lang='lat' dir='ltr'>auctoritatem</span> <span class='ocrx_word' id='word_1_622' title='bbox 3686 2655 3900 2707; x_wconf 85' lang='lat' dir='ltr'>Domi-</span> 
     </span>
    </p>
   </div>
   <div class='ocr_carea' id='block_1_87' title="bbox 2181 2741 3897 2813">
    <p class='ocr_par' dir='ltr' id='par_1_87' title="bbox 2181 2741 3897 2813">
     <span class='ocr_line' id='line_1_87' title="bbox 2181 2741 3897 2813; baseline -0.002 -16"><span class='ocrx_word' id='word_1_623' title='bbox 2181 2743 2242 2797; x_wconf 92' lang='lat' dir='ltr'>ni</span> <span class='ocrx_word' id='word_1_624' title='bbox 2272 2743 2466 2797; x_wconf 91' lang='lat' dir='ltr'>venire</span> <span class='ocrx_word' id='word_1_625' title='bbox 2489 2744 2806 2797; x_wconf 88' lang='lat' dir='ltr'>videamur.</span> <span class='ocrx_word' id='word_1_626' title='bbox 2841 2743 2983 2813; x_wconf 84' lang='lat' dir='ltr'>Ipsis</span> <span class='ocrx_word' id='word_1_627' title='bbox 3013 2748 3205 2796; x_wconf 88' lang='lat' dir='ltr'>autem</span> <span class='ocrx_word' id='word_1_628' title='bbox 3229 2745 3290 2796; x_wconf 90' lang='lat' dir='ltr'>in</span> <span class='ocrx_word' id='word_1_629' title='bbox 3309 2742 3530 2796; x_wconf 90' lang='lat' dir='ltr'>ratione</span> <span class='ocrx_word' id='word_1_630' title='bbox 3561 2741 3897 2808; x_wconf 82' lang='lat' dir='ltr'>reddenda,</span> 
     </span>
    </p>
   </div>
   <div class='ocr_carea' id='block_1_88' title="bbox 2181 2831 3109 2902">
    <p class='ocr_par' dir='ltr' id='par_1_88' title="bbox 2181 2831 3109 2902">
     <span class='ocr_line' id='line_1_88' title="bbox 2181 2831 3109 2902; baseline -0.001 -17"><span class='ocrx_word' id='word_1_631' title='bbox 2181 2836 2340 2902; x_wconf 89' lang='lat' dir='ltr'>gesta</span> <span class='ocrx_word' id='word_1_632' title='bbox 2371 2848 2468 2885; x_wconf 84' lang='lat' dir='ltr'>sua</span> <span class='ocrx_word' id='word_1_633' title='bbox 2497 2833 2692 2885; x_wconf 90' lang='lat' dir='ltr'>omnia</span> <span class='ocrx_word' id='word_1_634' title='bbox 2713 2831 3109 2884; x_wconf 87' lang='lat' dir='ltr'>servabuntur.</span> 
     </span>
    </p>
   </div>
   <div class='ocr_carea' id='block_1_89' title="bbox 2183 2917 3897 2987">
    <p class='ocr_par' dir='ltr' id='par_1_89' title="bbox 2183 2917 3897 2987">
     <span class='ocr_line' id='line_1_89' title="bbox 2183 2917 3897 2987; baseline -0.002 -14"><span class='ocrx_word' id='word_1_635' title='bbox 2183 2921 2310 2973; x_wconf 80' lang='lat' dir='ltr'>CAP.</span> <span class='ocrx_word' id='word_1_636' title='bbox 2352 2920 2502 2973; x_wconf 83' lang='lat' dir='ltr'><strong>XLV.</strong></span> <span class='ocrx_word' id='word_1_637' title='bbox 2557 2951 2626 2958; x_wconf 92' lang='lat'>—-</span> <span class='ocrx_word' id='word_1_638' title='bbox 2666 2923 2744 2975; x_wconf 89' lang='lat' dir='ltr'>De</span> <span class='ocrx_word' id='word_1_639' title='bbox 2785 2921 2894 2972; x_wconf 80' lang='lat' dir='ltr'>illis</span> <span class='ocrx_word' id='word_1_640' title='bbox 2945 2921 3042 2987; x_wconf 87' lang='lat' dir='ltr'>qui</span> <span class='ocrx_word' id='word_1_641' title='bbox 3096 2921 3152 2971; x_wconf 85' lang='lat' dir='ltr'>in</span> <span class='ocrx_word' id='word_1_642' title='bbox 3199 2920 3565 2985; x_wconf 79' lang='lat' dir='ltr'>confractione</span> <span class='ocrx_word' id='word_1_643' title='bbox 3612 2917 3897 2970; x_wconf 84' lang='lat' dir='ltr'>idolorum</span> 
     </span>
    </p>
   </div>
   <div class='ocr_carea' id='block_1_90' title="bbox 2822 2992 3235 3054">
    <p class='ocr_par' dir='ltr' id='par_1_90' title="bbox 2822 2992 3235 3054">
     <span class='ocr_line' id='line_1_90' title="bbox 2822 2992 3235 3054; baseline -0.005 -11"><span class='ocrx_word' id='word_1_644' title='bbox 2822 2993 2982 3043; x_wconf 83' lang='lat' dir='ltr'>occisi</span> <span class='ocrx_word' id='word_1_645' title='bbox 3006 2992 3235 3054; x_wconf 82' lang='lat' dir='ltr'>fuerint.</span> 
     </span>
    </p>
   </div>
   <div class='ocr_carea' id='block_1_91' title="bbox 2253 3057 3898 3129">
    <p class='ocr_par' dir='ltr' id='par_1_91' title="bbox 2253 3057 3898 3129">
     <span class='ocr_line' id='line_1_91' title="bbox 2253 3057 3898 3129; baseline -0.001 -16"><span class='ocrx_word' id='word_1_646' title='bbox 2253 3060 2373 3129; x_wconf 71' lang='lat' dir='ltr'>(Ea)</span> <span class='ocrx_word' id='word_1_647' title='bbox 2405 3062 2626 3114; x_wconf 72' lang='lat' dir='ltr'>concilio</span> <span class='ocrx_word' id='word_1_648' title='bbox 2680 3061 3002 3125; x_wconf 81' lang='lat' dir='ltr'>Elibertan.,</span> <span class='ocrx_word' id='word_1_649' title='bbox 3059 3063 3235 3127; x_wconf 83' lang='lat' dir='ltr'>capite</span> <span class='ocrx_word' id='word_1_650' title='bbox 3277 3061 3390 3129; x_wconf 84' lang='lat'>70.)</span> <span class='ocrx_word' id='word_1_651' title='bbox 3439 3059 3498 3114; x_wconf 90' lang='lat' dir='ltr'>Si</span> <span class='ocrx_word' id='word_1_652' title='bbox 3551 3057 3680 3128; x_wconf 91' lang='lat' dir='ltr'>quis</span> <span class='ocrx_word' id='word_1_653' title='bbox 3726 3057 3898 3111; x_wconf 86' lang='lat' dir='ltr'>idola</span> 
     </span>
    </p>
   </div>
   <div class='ocr_carea' id='block_1_92' title="bbox 2179 3147 3894 3218">
    <p class='ocr_par' dir='ltr' id='par_1_92' title="bbox 2179 3147 3894 3218">
     <span class='ocr_line' id='line_1_92' title="bbox 2179 3147 3894 3218; baseline -0.001 -17"><span class='ocrx_word' id='word_1_654' title='bbox 2179 3148 2436 3218; x_wconf 89' lang='lat' dir='ltr'>fregerit,</span> <span class='ocrx_word' id='word_1_655' title='bbox 2481 3155 2534 3202; x_wconf 91' lang='lat' dir='ltr'>et</span> <span class='ocrx_word' id='word_1_656' title='bbox 2564 3149 2778 3202; x_wconf 91' lang='lat' dir='ltr'>ibidem</span> <span class='ocrx_word' id='word_1_657' title='bbox 2807 3148 3026 3201; x_wconf 90' lang='lat' dir='ltr'>occisus</span> <span class='ocrx_word' id='word_1_658' title='bbox 3055 3147 3246 3214; x_wconf 87' lang='lat' dir='ltr'>fuerit,</span> <span class='ocrx_word' id='word_1_659' title='bbox 3283 3147 3418 3217; x_wconf 90' lang='lat' dir='ltr'>quia</span> <span class='ocrx_word' id='word_1_660' title='bbox 3447 3147 3507 3200; x_wconf 93' lang='lat' dir='ltr'>in</span> <span class='ocrx_word' id='word_1_661' title='bbox 3559 3147 3894 3216; x_wconf 89' lang='lat' dir='ltr'>Evangeliis</span> 
     </span>
    </p>
   </div>
   <div class='ocr_carea' id='block_1_93' title="bbox 2181 3234 3894 3306">
    <p class='ocr_par' dir='ltr' id='par_1_93' title="bbox 2181 3234 3894 3306">
     <span class='ocr_line' id='line_1_93' title="bbox 2181 3234 3894 3306; baseline -0.001 -17"><span class='ocrx_word' id='word_1_662' title='bbox 2181 3237 2459 3306; x_wconf 88' lang='lat' dir='ltr'>scriptum</span> <span class='ocrx_word' id='word_1_663' title='bbox 2523 3253 2639 3289; x_wconf 92' lang='lat' dir='ltr'>non</span> <span class='ocrx_word' id='word_1_664' title='bbox 2685 3241 2789 3301; x_wconf 90' lang='lat' dir='ltr'>est,</span> <span class='ocrx_word' id='word_1_665' title='bbox 2867 3252 3053 3306; x_wconf 80' lang='lat' dir='ltr'>neque</span> <span class='ocrx_word' id='word_1_666' title='bbox 3103 3235 3398 3289; x_wconf 89' lang='lat' dir='ltr'>invenitur</span> <span class='ocrx_word' id='word_1_667' title='bbox 3445 3235 3550 3287; x_wconf 91' lang='lat' dir='ltr'>sub</span> <span class='ocrx_word' id='word_1_668' title='bbox 3604 3234 3894 3304; x_wconf 88' lang='lat' dir='ltr'>apostolis</span> 
     </span>
    </p>
   </div>
   <div class='ocr_carea' id='block_1_94' title="bbox 2181 3324 3895 3395">
    <p class='ocr_par' dir='ltr' id='par_1_94' title="bbox 2181 3324 3895 3395">
     <span class='ocr_line' id='line_1_94' title="bbox 2181 3324 3895 3395; baseline 0 -18"><span class='ocrx_word' id='word_1_669' title='bbox 2181 3341 2439 3394; x_wconf 91' lang='lat' dir='ltr'>unquam</span> <span class='ocrx_word' id='word_1_670' title='bbox 2465 3325 2700 3392; x_wconf 87' lang='lat' dir='ltr'>factum,</span> <span class='ocrx_word' id='word_1_671' title='bbox 2732 3324 2948 3395; x_wconf 90' lang='lat' dir='ltr'>placuit</span> <span class='ocrx_word' id='word_1_672' title='bbox 2995 3324 3055 3376; x_wconf 92' lang='lat' dir='ltr'>in</span> <span class='ocrx_word' id='word_1_673' title='bbox 3100 3339 3408 3376; x_wconf 91' lang='lat' dir='ltr'>numerum</span> <span class='ocrx_word' id='word_1_674' title='bbox 3458 3339 3592 3376; x_wconf 91' lang='lat' dir='ltr'>eum</span> <span class='ocrx_word' id='word_1_675' title='bbox 3623 3338 3740 3375; x_wconf 93' lang='lat' dir='ltr'>non</span> <span class='ocrx_word' id='word_1_676' title='bbox 3797 3339 3895 3377; x_wconf 86' lang='lat' dir='ltr'>re-</span> 
     </span>
    </p>
   </div>
   <div class='ocr_carea' id='block_1_95' title="bbox 2181 3412 2661 3482">
    <p class='ocr_par' dir='ltr' id='par_1_95' title="bbox 2181 3412 2661 3482">
     <span class='ocr_line' id='line_1_95' title="bbox 2181 3412 2661 3482; baseline 0.002 -18"><span class='ocrx_word' id='word_1_677' title='bbox 2181 3412 2294 3482; x_wconf 91' lang='lat' dir='ltr'>cipi</span> <span class='ocrx_word' id='word_1_678' title='bbox 2323 3417 2661 3481; x_wconf 88' lang='lat' dir='ltr'>martyrum.</span> 
     </span>
    </p>
   </div>
   <div class='ocr_carea' id='block_1_96' title="bbox 2181 3500 3898 3583">
    <p class='ocr_par' dir='ltr' id='par_1_96' title="bbox 2181 3500 3898 3583">
     <span class='ocr_line' id='line_1_96' title="bbox 2181 3500 3898 3583; baseline -0.001 -29"><span class='ocrx_word' id='word_1_679' title='bbox 2181 3501 2310 3555; x_wconf 80' lang='lat' dir='ltr'>CAP.</span> <span class='ocrx_word' id='word_1_680' title='bbox 2384 3502 2560 3554; x_wconf 82' lang='lat' dir='ltr'><strong>XLVI.</strong></span> <span class='ocrx_word' id='word_1_681' title='bbox 2630 3530 2698 3540; x_wconf 94' lang='lat'><strong>—</strong></span> <span class='ocrx_word' id='word_1_682' title='bbox 2760 3503 2833 3583; x_wconf 65' lang='lat' dir='ltr'>De</span> <span class='ocrx_word' id='word_1_683' title='bbox 2897 3517 2954 3554; x_wconf 91' lang='lat' dir='ltr'>eo</span> <span class='ocrx_word' id='word_1_684' title='bbox 3020 3502 3118 3583; x_wconf 80' lang='lat' dir='ltr'>qui</span> <span class='ocrx_word' id='word_1_685' title='bbox 3161 3504 3391 3583; x_wconf 72' lang='lat' dir='ltr'>matrem</span> <span class='ocrx_word' id='word_1_686' title='bbox 3435 3515 3590 3553; x_wconf 86' lang='lat' dir='ltr'>suam</span> <span class='ocrx_word' id='word_1_687' title='bbox 3628 3500 3898 3553; x_wconf 80' lang='lat' dir='ltr'>occiderit</span> 
     </span>
    </p>
   </div>
   <div class='ocr_carea' id='block_1_97' title="bbox 2253 3571 3896 3710">
    <p class='ocr_par' dir='ltr' id='par_1_97' title="bbox 2253 3571 3896 3710">
     <span class='ocr_line' id='line_1_97' title="bbox 2642 3571 3446 3639; baseline -0.001 -15"><span class='ocrx_word' id='word_1_688' title='bbox 2642 3573 2878 3639; x_wconf 81' lang='lat' dir='ltr'>qualiter</span> <span class='ocrx_word' id='word_1_689' title='bbox 2907 3575 3164 3639; x_wconf 60' lang='lat' dir='ltr'>paenitere</span> <span class='ocrx_word' id='word_1_690' title='bbox 3203 3571 3411 3624; x_wconf 79' lang='lat' dir='ltr'>debeat.</span> <span class='ocrx_word' id='word_1_691' title='bbox 3439 3593 3446 3600; x_wconf 87' lang='lat'><strong><em>-</em></strong></span> 
     </span>
     <span class='ocr_line' id='line_1_98' title="bbox 2253 3639 3896 3710; baseline -0.001 -15"><span class='ocrx_word' id='word_1_692' title='bbox 2253 3642 2361 3710; x_wconf 76' lang='lat' dir='ltr'>(Ea:</span> <span class='ocrx_word' id='word_1_693' title='bbox 2409 3643 2638 3710; x_wconf 83' lang='lat' dir='ltr'>epistola</span> <span class='ocrx_word' id='word_1_694' title='bbox 2687 3642 2900 3697; x_wconf 85' lang='lat' dir='ltr'>Nicotai</span> <span class='ocrx_word' id='word_1_695' title='bbox 2953 3658 3111 3710; x_wconf 62' lang='lat' dir='ltr'>papa</span> <span class='ocrx_word' id='word_1_696' title='bbox 3167 3642 3241 3694; x_wconf 88' lang='lat' dir='ltr'>ad</span> <span class='ocrx_word' id='word_1_697' title='bbox 3287 3640 3594 3695; x_wconf 83' lang='lat' dir='ltr'>Badoldum</span> <span class='ocrx_word' id='word_1_698' title='bbox 3651 3639 3711 3692; x_wconf 89' lang='lat' dir='ltr'>S.</span> <span class='ocrx_word' id='word_1_699' title='bbox 3773 3644 3896 3693; x_wconf 74' lang='lat' dir='ltr'>Ar-</span> 
     </span>
    </p>
   </div>
   <div class='ocr_carea' id='block_1_98' title="bbox 2180 3728 3894 3798">
    <p class='ocr_par' dir='ltr' id='par_1_98' title="bbox 2180 3728 3894 3798">
     <span class='ocr_line' id='line_1_99' title="bbox 2180 3728 3894 3798; baseline -0.001 -15"><span class='ocrx_word' id='word_1_700' title='bbox 2180 3737 2377 3798; x_wconf 75' lang='lat' dir='ltr'>genteae</span> <span class='ocrx_word' id='word_1_701' title='bbox 2437 3733 2674 3784; x_wconf 84' lang='lat' dir='ltr'>Retensis</span> <span class='ocrx_word' id='word_1_702' title='bbox 2721 3731 2981 3784; x_wconf 59' lang='lat' dir='ltr'>Ecclesia</span> <span class='ocrx_word' id='word_1_703' title='bbox 3036 3729 3386 3798; x_wconf 86' lang='lat' dir='ltr'>episcopum.)</span> <span class='ocrx_word' id='word_1_704' title='bbox 3443 3728 3706 3782; x_wconf 85' lang='lat' dir='ltr'>Nicolaus</span> <span class='ocrx_word' id='word_1_705' title='bbox 3767 3730 3894 3798; x_wconf 88' lang='lat' dir='ltr'>epi-</span> 
     </span>
    </p>
   </div>
   <div class='ocr_carea' id='block_1_99' title="bbox 2180 3817 3891 3888">
    <p class='ocr_par' dir='ltr' id='par_1_99' title="bbox 2180 3817 3891 3888">
     <span class='ocr_line' id='line_1_100' title="bbox 2180 3817 3891 3888; baseline -0.001 -16"><span class='ocrx_word' id='word_1_706' title='bbox 2180 3835 2386 3888; x_wconf 91' lang='lat' dir='ltr'>scopus</span> <span class='ocrx_word' id='word_1_707' title='bbox 2452 3834 2646 3871; x_wconf 89' lang='lat' dir='ltr'>servus</span> <span class='ocrx_word' id='word_1_708' title='bbox 2725 3833 3019 3871; x_wconf 91' lang='lat' dir='ltr'>servorum</span> <span class='ocrx_word' id='word_1_709' title='bbox 3102 3817 3225 3884; x_wconf 90' lang='lat' dir='ltr'>Dei,</span> <span class='ocrx_word' id='word_1_710' title='bbox 3284 3817 3764 3870; x_wconf 85' lang='lat' dir='ltr'>reverendissimo</span> <span class='ocrx_word' id='word_1_711' title='bbox 3826 3822 3891 3870; x_wconf 89' lang='lat' dir='ltr'>et</span> 
     </span>
    </p>
   </div>
   <div class='ocr_carea' id='block_1_100' title="bbox 2181 3905 3892 3976">
    <p class='ocr_par' dir='ltr' id='par_1_100' title="bbox 2181 3905 3892 3976">
     <span class='ocr_line' id='line_1_101' title="bbox 2181 3905 3892 3976; baseline -0.001 -16"><span class='ocrx_word' id='word_1_712' title='bbox 2181 3906 2538 3960; x_wconf 89' lang='lat' dir='ltr'>sanctissimo</span> <span class='ocrx_word' id='word_1_713' title='bbox 2606 3905 2864 3959; x_wconf 84' lang='lat' dir='ltr'>Radoldo</span> <span class='ocrx_word' id='word_1_714' title='bbox 2948 3905 3214 3976; x_wconf 90' lang='lat' dir='ltr'>episcopo</span> <span class='ocrx_word' id='word_1_715' title='bbox 3291 3910 3496 3958; x_wconf 71' lang='lat' dir='ltr'>sanctae</span> <span class='ocrx_word' id='word_1_716' title='bbox 3576 3908 3892 3974; x_wconf 68' lang='lat' dir='ltr'>Argenteas</span> 
     </span>
    </p>
   </div>
   <div class='ocr_carea' id='block_1_101' title="bbox 2182 3993 3891 4062">
    <p class='ocr_par' dir='ltr' id='par_1_101' title="bbox 2182 3993 3891 4062">
     <span class='ocr_line' id='line_1_102' title="bbox 2182 3993 3891 4062; baseline -0.003 -13"><span class='ocrx_word' id='word_1_717' title='bbox 2182 3995 2440 4049; x_wconf 79' lang='lat' dir='ltr'>Retensis</span> <span class='ocrx_word' id='word_1_718' title='bbox 2487 3995 2768 4048; x_wconf 72' lang='lat' dir='ltr'>Ecclesiae.</span> <span class='ocrx_word' id='word_1_719' title='bbox 2821 3995 2968 4048; x_wconf 93' lang='lat' dir='ltr'>Dum</span> <span class='ocrx_word' id='word_1_720' title='bbox 3019 3994 3302 4048; x_wconf 89' lang='lat' dir='ltr'>universis</span> <span class='ocrx_word' id='word_1_721' title='bbox 3357 3993 3559 4046; x_wconf 92' lang='lat' dir='ltr'>mundi</span> <span class='ocrx_word' id='word_1_722' title='bbox 3616 3994 3891 4062; x_wconf 90' lang='lat' dir='ltr'>partibus</span> 
     </span>
    </p>
   </div>
   <div class='ocr_carea' id='block_1_102' title="bbox 2181 4080 3890 4153">
    <p class='ocr_par' dir='ltr' id='par_1_102' title="bbox 2181 4080 3890 4153">
     <span class='ocr_line' id='line_1_103' title="bbox 2181 4080 3890 4153; baseline -0.002 -16"><span class='ocrx_word' id='word_1_723' title='bbox 2181 4083 2535 4137; x_wconf 88' lang='lat' dir='ltr'>credentium</span> <span class='ocrx_word' id='word_1_724' title='bbox 2568 4083 2803 4151; x_wconf 89' lang='lat' dir='ltr'>agmina</span> <span class='ocrx_word' id='word_1_725' title='bbox 2835 4082 3114 4153; x_wconf 88' lang='lat' dir='ltr'>principis</span> <span class='ocrx_word' id='word_1_726' title='bbox 3153 4081 3547 4152; x_wconf 90' lang='lat' dir='ltr'>apostolorum</span> <span class='ocrx_word' id='word_1_727' title='bbox 3580 4080 3890 4134; x_wconf 85' lang='lat' dir='ltr'>liminibus</span> 
     </span>
    </p>
   </div>
   <div class='ocr_carea' id='block_1_103' title="bbox 2180 4169 3892 4242">
    <p class='ocr_par' dir='ltr' id='par_1_103' title="bbox 2180 4169 3892 4242">
     <span class='ocr_line' id='line_1_104' title="bbox 2180 4169 3892 4242; baseline -0.001 -18"><span class='ocrx_word' id='word_1_728' title='bbox 2180 4176 2514 4242; x_wconf 88' lang='lat' dir='ltr'>properant,</span> <span class='ocrx_word' id='word_1_729' title='bbox 2592 4170 2828 4240; x_wconf 87' lang='lat' dir='ltr'>quidam</span> <span class='ocrx_word' id='word_1_730' title='bbox 2902 4170 2988 4222; x_wconf 91' lang='lat' dir='ltr'>vir</span> <span class='ocrx_word' id='word_1_731' title='bbox 3037 4170 3271 4223; x_wconf 89' lang='lat' dir='ltr'>nomine</span> <span class='ocrx_word' id='word_1_732' title='bbox 3345 4169 3645 4223; x_wconf 88' lang='lat' dir='ltr'>Thiothart</span> <span class='ocrx_word' id='word_1_733' title='bbox 3721 4171 3892 4222; x_wconf 88' lang='lat' dir='ltr'>venit</span> 
     </span>
    </p>
   </div>
   <div class='ocr_carea' id='block_1_104' title="bbox 2186 4257 3885 4328">
    <p class='ocr_par' dir='ltr' id='par_1_104' title="bbox 2186 4257 3885 4328">
     <span class='ocr_line' id='line_1_105' title="bbox 2186 4257 3885 4328; baseline -0.002 -16"><span class='ocrx_word' id='word_1_734' title='bbox 2186 4264 2385 4312; x_wconf 75' lang='lat' dir='ltr'>vestrae</span> <span class='ocrx_word' id='word_1_735' title='bbox 2425 4257 2798 4312; x_wconf 89' lang='lat' dir='ltr'>beatitudinis</span> <span class='ocrx_word' id='word_1_736' title='bbox 2851 4258 3156 4328; x_wconf 88' lang='lat' dir='ltr'>epistolam</span> <span class='ocrx_word' id='word_1_737' title='bbox 3207 4273 3428 4328; x_wconf 83' lang='lat' dir='ltr'>gerens,</span> <span class='ocrx_word' id='word_1_738' title='bbox 3477 4273 3651 4327; x_wconf 82' lang='lat' dir='ltr'>quam</span> <span class='ocrx_word' id='word_1_739' title='bbox 3684 4263 3885 4310; x_wconf 91' lang='lat' dir='ltr'>nostro</span> 
     </span>
    </p>
   </div>
   <div class='ocr_carea' id='block_1_105' title="bbox 2185 4346 3888 4417">
    <p class='ocr_par' dir='ltr' id='par_1_105' title="bbox 2185 4346 3888 4417">
     <span class='ocr_line' id='line_1_106' title="bbox 2185 4346 3888 4417; baseline -0.002 -16"><span class='ocrx_word' id='word_1_740' title='bbox 2185 4346 2430 4401; x_wconf 90' lang='lat' dir='ltr'>contulit</span> <span class='ocrx_word' id='word_1_741' title='bbox 2493 4346 2847 4417; x_wconf 71' lang='lat' dir='ltr'>praesulatui,</span> <span class='ocrx_word' id='word_1_742' title='bbox 2931 4348 3092 4416; x_wconf 89' lang='lat' dir='ltr'>cujus</span> <span class='ocrx_word' id='word_1_743' title='bbox 3149 4346 3421 4416; x_wconf 89' lang='lat' dir='ltr'>paginam</span> <span class='ocrx_word' id='word_1_744' title='bbox 3496 4346 3888 4414; x_wconf 87' lang='lat' dir='ltr'>perlegentes,</span> 
     </span>
    </p>
   </div>
   <div class='ocr_carea' id='block_1_106' title="bbox 2181 4434 3888 4504">
    <p class='ocr_par' dir='ltr' id='par_1_106' title="bbox 2181 4434 3888 4504">
     <span class='ocr_line' id='line_1_107' title="bbox 2181 4434 3888 4504; baseline -0.002 -15"><span class='ocrx_word' id='word_1_745' title='bbox 2181 4434 2542 4489; x_wconf 88' lang='lat' dir='ltr'>matricidam</span> <span class='ocrx_word' id='word_1_746' title='bbox 2573 4435 2739 4488; x_wconf 91' lang='lat' dir='ltr'>illum</span> <span class='ocrx_word' id='word_1_747' title='bbox 2780 4450 2902 4488; x_wconf 90' lang='lat' dir='ltr'>esse</span> <span class='ocrx_word' id='word_1_748' title='bbox 2932 4435 3324 4504; x_wconf 88' lang='lat' dir='ltr'>cognovimus,</span> <span class='ocrx_word' id='word_1_749' title='bbox 3354 4449 3468 4504; x_wconf 93' lang='lat' dir='ltr'>quo</span> <span class='ocrx_word' id='word_1_750' title='bbox 3501 4434 3647 4487; x_wconf 88' lang='lat' dir='ltr'>facto</span> <span class='ocrx_word' id='word_1_751' title='bbox 3684 4434 3888 4487; x_wconf 88' lang='lat' dir='ltr'>multis</span> 
     </span>
    </p>
   </div>
   <div class='ocr_carea' id='block_1_107' title="bbox 2182 4521 3890 4593">
    <p class='ocr_par' dir='ltr' id='par_1_107' title="bbox 2182 4521 3890 4593">
     <span class='ocr_line' id='line_1_108' title="bbox 2182 4521 3890 4593; baseline -0.002 -16"><span class='ocrx_word' id='word_1_752' title='bbox 2182 4524 2412 4578; x_wconf 86' lang='lat' dir='ltr'>ﬂetibus</span> <span class='ocrx_word' id='word_1_753' title='bbox 2452 4523 2832 4593; x_wconf 83' lang='lat' dir='ltr'>lacrymisque</span> <span class='ocrx_word' id='word_1_754' title='bbox 2878 4523 3154 4593; x_wconf 87' lang='lat' dir='ltr'>profusis,</span> <span class='ocrx_word' id='word_1_755' title='bbox 3202 4522 3366 4576; x_wconf 86' lang='lat' dir='ltr'>valde</span> <span class='ocrx_word' id='word_1_756' title='bbox 3420 4521 3734 4576; x_wconf 84' lang='lat' dir='ltr'>doluimus.</span> <span class='ocrx_word' id='word_1_757' title='bbox 3793 4523 3890 4575; x_wconf 87' lang='lat' dir='ltr'>Id-</span> 
     </span>
    </p>
   </div>
   <div class='ocr_carea' id='block_1_108' title="bbox 2181 4608 3888 4682">
    <p class='ocr_par' dir='ltr' id='par_1_108' title="bbox 2181 4608 3888 4682">
     <span class='ocr_line' id='line_1_109' title="bbox 2181 4608 3888 4682; baseline -0.002 -16"><span class='ocrx_word' id='word_1_758' title='bbox 2181 4613 2329 4667; x_wconf 91' lang='lat' dir='ltr'>circo</span> <span class='ocrx_word' id='word_1_759' title='bbox 2361 4611 2726 4682; x_wconf 70' lang='lat' dir='ltr'>praecipimus</span> <span class='ocrx_word' id='word_1_760' title='bbox 2754 4617 2811 4664; x_wconf 88' lang='lat' dir='ltr'>et</span> <span class='ocrx_word' id='word_1_761' title='bbox 2838 4616 3069 4680; x_wconf 89' lang='lat' dir='ltr'>patrum</span> <span class='ocrx_word' id='word_1_762' title='bbox 3121 4613 3408 4664; x_wconf 86' lang='lat' dir='ltr'>almorum</span> <span class='ocrx_word' id='word_1_763' title='bbox 3465 4608 3718 4664; x_wconf 90' lang='lat' dir='ltr'>censuris</span> <span class='ocrx_word' id='word_1_764' title='bbox 3763 4616 3888 4663; x_wconf 88' lang='lat' dir='ltr'>sta-</span> 
     </span>
    </p>
   </div>
   <div class='ocr_carea' id='block_1_109' title="bbox 2181 4697 3888 4769">
    <p class='ocr_par' dir='ltr' id='par_1_109' title="bbox 2181 4697 3888 4769">
     <span class='ocr_line' id='line_1_110' title="bbox 2181 4697 3888 4769; baseline -0.002 -15"><span class='ocrx_word' id='word_1_765' title='bbox 2181 4701 2416 4766; x_wconf 89' lang='lat' dir='ltr'>tuimus,</span> <span class='ocrx_word' id='word_1_766' title='bbox 2449 4703 2513 4753; x_wconf 89' lang='lat' dir='ltr'>ut</span> <span class='ocrx_word' id='word_1_767' title='bbox 2540 4700 2646 4753; x_wconf 91' lang='lat' dir='ltr'>sub</span> <span class='ocrx_word' id='word_1_768' title='bbox 2691 4699 3046 4768; x_wconf 57' lang='lat' dir='ltr'>poenitentia</span> <span class='ocrx_word' id='word_1_769' title='bbox 3083 4699 3225 4769; x_wconf 86' lang='lat' dir='ltr'>jugo</span> <span class='ocrx_word' id='word_1_770' title='bbox 3285 4703 3640 4768; x_wconf 89' lang='lat' dir='ltr'>permaneat,</span> <span class='ocrx_word' id='word_1_771' title='bbox 3699 4697 3780 4752; x_wconf 77' lang='lat' dir='ltr'>ita</span> <span class='ocrx_word' id='word_1_772' title='bbox 3827 4701 3888 4751; x_wconf 89' lang='lat' dir='ltr'>ut</span> 
     </span>
    </p>
   </div>
   <div class='ocr_carea' id='block_1_110' title="bbox 2181 4785 3886 4857">
    <p class='ocr_par' dir='ltr' id='par_1_110' title="bbox 2181 4785 3886 4857">
     <span class='ocr_line' id='line_1_111' title="bbox 2181 4785 3886 4857; baseline -0.002 -15"><span class='ocrx_word' id='word_1_773' title='bbox 2181 4805 2362 4843; x_wconf 90' lang='lat' dir='ltr'>unum</span> <span class='ocrx_word' id='word_1_774' title='bbox 2396 4804 2500 4857; x_wconf 90' lang='lat' dir='ltr'>per</span> <span class='ocrx_word' id='word_1_775' title='bbox 2553 4804 2770 4841; x_wconf 90' lang='lat' dir='ltr'>annum</span> <span class='ocrx_word' id='word_1_776' title='bbox 2816 4787 3122 4840; x_wconf 86' lang='lat' dir='ltr'>Ecclesiam</span> <span class='ocrx_word' id='word_1_777' title='bbox 3171 4803 3288 4840; x_wconf 89' lang='lat' dir='ltr'>nou</span> <span class='ocrx_word' id='word_1_778' title='bbox 3345 4785 3726 4855; x_wconf 87' lang='lat' dir='ltr'>ingrediatur,</span> <span class='ocrx_word' id='word_1_779' title='bbox 3785 4786 3886 4840; x_wconf 90' lang='lat' dir='ltr'>sed</span> 
     </span>
    </p>
   </div>
   <div class='ocr_carea' id='block_1_111' title="bbox 2183 4875 3880 4945">
    <p class='ocr_par' dir='ltr' id='par_1_111' title="bbox 2183 4875 3880 4945">
     <span class='ocr_line' id='line_1_112' title="bbox 2183 4875 3880 4945; baseline -0.002 -15"><span class='ocrx_word' id='word_1_780' title='bbox 2183 4884 2312 4931; x_wconf 88' lang='lat' dir='ltr'>ante</span> <span class='ocrx_word' id='word_1_781' title='bbox 2343 4878 2492 4930; x_wconf 89' lang='lat' dir='ltr'>fores</span> <span class='ocrx_word' id='word_1_782' title='bbox 2522 4876 2770 4929; x_wconf 76' lang='lat' dir='ltr'>basilicae</span> <span class='ocrx_word' id='word_1_783' title='bbox 2810 4892 2981 4928; x_wconf 87' lang='lat' dir='ltr'>orans</span> <span class='ocrx_word' id='word_1_784' title='bbox 3032 4891 3094 4927; x_wconf 88' lang='lat' dir='ltr'>ac</span> <span class='ocrx_word' id='word_1_785' title='bbox 3150 4875 3461 4944; x_wconf 88' lang='lat' dir='ltr'>deprecans</span> <span class='ocrx_word' id='word_1_786' title='bbox 3509 4875 3690 4927; x_wconf 89' lang='lat' dir='ltr'>Deum</span> <span class='ocrx_word' id='word_1_787' title='bbox 3747 4891 3880 4945; x_wconf 89' lang='lat' dir='ltr'>per-</span> 
     </span>
    </p>
   </div>
   <div class='ocr_carea' id='block_1_112' title="bbox 2182 4962 3881 5035">
    <p class='ocr_par' dir='ltr' id='par_1_112' title="bbox 2182 4962 3881 5035">
     <span class='ocr_line' id='line_1_113' title="bbox 2182 4962 3881 5035; baseline -0.003 -17"><span class='ocrx_word' id='word_1_788' title='bbox 2182 4970 2416 5031; x_wconf 89' lang='lat' dir='ltr'>severet,</span> <span class='ocrx_word' id='word_1_789' title='bbox 2453 4966 2698 5035; x_wconf 88' lang='lat' dir='ltr'>qualiter</span> <span class='ocrx_word' id='word_1_790' title='bbox 2725 4969 2885 5016; x_wconf 89' lang='lat' dir='ltr'>tanto</span> <span class='ocrx_word' id='word_1_791' title='bbox 2937 4962 3217 5031; x_wconf 89' lang='lat' dir='ltr'>eripiatur</span> <span class='ocrx_word' id='word_1_792' title='bbox 3277 4962 3523 5030; x_wconf 86' lang='lat' dir='ltr'>piaculo.</span> <span class='ocrx_word' id='word_1_793' title='bbox 3583 4963 3881 5033; x_wconf 89' lang='lat' dir='ltr'>Completo</span> 
     </span>
    </p>
   </div>
   <div class='ocr_carea' id='block_1_113' title="bbox 2180 5049 3882 5107">
    <p class='ocr_par' dir='ltr' id='par_1_113' title="bbox 2180 5049 3882 5107">
     <span class='ocr_line' id='line_1_114' title="bbox 2180 5049 3882 5107; baseline -0.004 0"><span class='ocrx_word' id='word_1_794' title='bbox 2180 5071 2312 5107; x_wconf 88' lang='lat' dir='ltr'>vero</span> <span class='ocrx_word' id='word_1_795' title='bbox 2340 5054 2477 5106; x_wconf 90' lang='lat' dir='ltr'>anni</span> <span class='ocrx_word' id='word_1_796' title='bbox 2512 5053 2724 5105; x_wconf 90' lang='lat' dir='ltr'>circulo</span> <span class='ocrx_word' id='word_1_797' title='bbox 2768 5050 3097 5104; x_wconf 87' lang='lat' dir='ltr'>introeundi</span> <span class='ocrx_word' id='word_1_798' title='bbox 3129 5050 3189 5102; x_wconf 91' lang='lat' dir='ltr'>in</span> <span class='ocrx_word' id='word_1_799' title='bbox 3244 5049 3550 5102; x_wconf 87' lang='lat' dir='ltr'>Ecclesiam</span> <span class='ocrx_word' id='word_1_800' title='bbox 3589 5050 3882 5103; x_wconf 87' lang='lat' dir='ltr'>licentiam</span> 
     </span>
    </p>
   </div>
   <div class='ocr_carea' id='block_1_114' title="bbox 2182 5138 3879 5206">
    <p class='ocr_par' dir='ltr' id='par_1_114' title="bbox 2182 5138 3879 5206">
     <span class='ocr_line' id='line_1_115' title="bbox 2182 5138 3879 5206; baseline -0.003 -11"><span class='ocrx_word' id='word_1_801' title='bbox 2182 5142 2411 5206; x_wconf 90' lang='lat' dir='ltr'>habeat,</span> <span class='ocrx_word' id='word_1_802' title='bbox 2468 5145 2662 5194; x_wconf 89' lang='lat' dir='ltr'>tamen</span> <span class='ocrx_word' id='word_1_803' title='bbox 2719 5139 2874 5194; x_wconf 90' lang='lat' dir='ltr'>inter</span> <span class='ocrx_word' id='word_1_804' title='bbox 2923 5138 3223 5193; x_wconf 90' lang='lat' dir='ltr'>audientes</span> <span class='ocrx_word' id='word_1_805' title='bbox 3303 5142 3429 5200; x_wconf 90' lang='lat' dir='ltr'>stet,</span> <span class='ocrx_word' id='word_1_806' title='bbox 3488 5144 3546 5191; x_wconf 91' lang='lat' dir='ltr'>et</span> <span class='ocrx_word' id='word_1_807' title='bbox 3623 5140 3879 5192; x_wconf 87' lang='lat' dir='ltr'>nondum</span> 
     </span>
    </p>
   </div>
   <div class='ocr_carea' id='block_1_115' title="bbox 2181 5227 3877 5296">
    <p class='ocr_par' dir='ltr' id='par_1_115' title="bbox 2181 5227 3877 5296">
     <span class='ocr_line' id='line_1_116' title="bbox 2181 5227 3877 5296; baseline -0.004 -13"><span class='ocrx_word' id='word_1_808' title='bbox 2181 5230 2584 5283; x_wconf 89' lang='lat' dir='ltr'>communicet.</span> <span class='ocrx_word' id='word_1_809' title='bbox 2680 5227 2990 5296; x_wconf 88' lang='lat' dir='ltr'>Completis</span> <span class='ocrx_word' id='word_1_810' title='bbox 3077 5234 3271 5280; x_wconf 89' lang='lat' dir='ltr'>autem</span> <span class='ocrx_word' id='word_1_811' title='bbox 3344 5227 3522 5280; x_wconf 90' lang='lat' dir='ltr'>trium</span> <span class='ocrx_word' id='word_1_812' title='bbox 3599 5240 3877 5280; x_wconf 89' lang='lat' dir='ltr'>annorum</span> 
     </span>
    </p>
   </div>
   <div class='ocr_carea' id='block_1_116' title="bbox 2182 5315 3874 5385">
    <p class='ocr_par' dir='ltr' id='par_1_116' title="bbox 2182 5315 3874 5385">
     <span class='ocr_line' id='line_1_117' title="bbox 2182 5315 3874 5385; baseline -0.005 -15"><span class='ocrx_word' id='word_1_813' title='bbox 2182 5318 2428 5384; x_wconf 89' lang='lat' dir='ltr'>circulis,</span> <span class='ocrx_word' id='word_1_814' title='bbox 2459 5333 2631 5370; x_wconf 69' lang='lat' dir='ltr'>sacrae</span> <span class='ocrx_word' id='word_1_815' title='bbox 2674 5315 3101 5370; x_wconf 88' lang='lat' dir='ltr'>communionis</span> <span class='ocrx_word' id='word_1_816' title='bbox 3156 5315 3241 5368; x_wconf 92' lang='lat' dir='ltr'>illi</span> <span class='ocrx_word' id='word_1_817' title='bbox 3290 5315 3474 5385; x_wconf 89' lang='lat' dir='ltr'>gratia</span> <span class='ocrx_word' id='word_1_818' title='bbox 3513 5315 3874 5368; x_wconf 89' lang='lat' dir='ltr'>concedatur.</span> 
     </span>
    </p>
   </div>
   <div class='ocr_carea' id='block_1_117' title="bbox 2183 5404 3875 5475">
    <p class='ocr_par' dir='ltr' id='par_1_117' title="bbox 2183 5404 3875 5475">
     <span class='ocr_line' id='line_1_118' title="bbox 2183 5404 3875 5475; baseline -0.004 -12"><span class='ocrx_word' id='word_1_819' title='bbox 2183 5407 2505 5463; x_wconf 89' lang='lat' dir='ltr'>Oblationes</span> <span class='ocrx_word' id='word_1_820' title='bbox 2541 5423 2672 5460; x_wconf 88' lang='lat' dir='ltr'>vero</span> <span class='ocrx_word' id='word_1_821' title='bbox 2719 5423 2836 5460; x_wconf 91' lang='lat' dir='ltr'>non</span> <span class='ocrx_word' id='word_1_822' title='bbox 2869 5406 3089 5472; x_wconf 76' lang='lat' dir='ltr'>offerat,</span> <span class='ocrx_word' id='word_1_823' title='bbox 3132 5405 3244 5458; x_wconf 90' lang='lat' dir='ltr'>nisi</span> <span class='ocrx_word' id='word_1_824' title='bbox 3271 5411 3575 5475; x_wconf 90' lang='lat' dir='ltr'>postquam</span> <span class='ocrx_word' id='word_1_825' title='bbox 3633 5404 3875 5457; x_wconf 86' lang='lat' dir='ltr'>aliorum</span> 
     </span>
    </p>
   </div>
   <div class='ocr_carea' id='block_1_118' title="bbox 2182 5490 3876 5564">
    <p class='ocr_par' dir='ltr' id='par_1_118' title="bbox 2182 5490 3876 5564">
     <span class='ocr_line' id='line_1_119' title="bbox 2182 5490 3876 5564; baseline -0.004 -16"><span class='ocrx_word' id='word_1_826' title='bbox 2182 5500 2401 5564; x_wconf 90' lang='lat' dir='ltr'>septem</span> <span class='ocrx_word' id='word_1_827' title='bbox 2433 5511 2718 5548; x_wconf 90' lang='lat' dir='ltr'>annorum</span> <span class='ocrx_word' id='word_1_828' title='bbox 2757 5493 3043 5548; x_wconf 89' lang='lat' dir='ltr'>curricula</span> <span class='ocrx_word' id='word_1_829' title='bbox 3072 5493 3428 5563; x_wconf 87' lang='lat' dir='ltr'>expleantur.</span> <span class='ocrx_word' id='word_1_830' title='bbox 3463 5492 3533 5544; x_wconf 90' lang='lat' dir='ltr'>In</span> <span class='ocrx_word' id='word_1_831' title='bbox 3565 5490 3654 5544; x_wconf 91' lang='lat' dir='ltr'>his</span> <span class='ocrx_word' id='word_1_832' title='bbox 3689 5496 3876 5544; x_wconf 86' lang='lat' dir='ltr'>autem</span> 
     </span>
    </p>
   </div>
   <div class='ocr_carea' id='block_1_119' title="bbox 2183 5581 3873 5654">
    <p class='ocr_par' dir='ltr' id='par_1_119' title="bbox 2183 5581 3873 5654">
     <span class='ocr_line' id='line_1_120' title="bbox 2183 5581 3873 5654; baseline -0.005 -16"><span class='ocrx_word' id='word_1_833' title='bbox 2183 5583 2452 5638; x_wconf 86' lang='lat' dir='ltr'>omnibus</span> <span class='ocrx_word' id='word_1_834' title='bbox 2481 5583 2648 5638; x_wconf 89' lang='lat' dir='ltr'>annis</span> <span class='ocrx_word' id='word_1_835' title='bbox 2678 5587 2852 5654; x_wconf 87' lang='lat' dir='ltr'>atque</span> <span class='ocrx_word' id='word_1_836' title='bbox 2881 5581 3246 5654; x_wconf 89' lang='lat' dir='ltr'>temporibus</span> <span class='ocrx_word' id='word_1_837' title='bbox 3286 5595 3520 5635; x_wconf 86' lang='lat' dir='ltr'>carnem</span> <span class='ocrx_word' id='word_1_838' title='bbox 3547 5594 3667 5633; x_wconf 90' lang='lat' dir='ltr'>non</span> <span class='ocrx_word' id='word_1_839' title='bbox 3717 5594 3873 5634; x_wconf 87' lang='lat' dir='ltr'>man-</span> 
     </span>
    </p>
   </div>
  </div>
