3966 6402
80 416 159 463 ῖ77
1005 410 1489 469 DECRETORUM
1532 414 1719 469 LIBRI
1761 416 1868 469 XX.
1909 443 1980 454 --
2022 416 2235 470 LIBER
2275 412 2639 470 SEPTIMUS.

77 534 230 597 ducet,
287 549 392 587 nec
432 533 639 587 vinum
697 532 894 588 bibere
947 543 1277 604 praesumat,
1313 536 1563 606 exceptis
1596 536 1752 590 festis
1790 536 2067 589 Abemus
2125 535 2424 602 occidere,
2487 552 2618 590 cum
2690 536 2970 590 Dominus
3045 537 3194 591 dicat

79 624 243 676 diebus
292 627 466 693 atque
512 622 846 688 Dominicis,
882 627 999 677 eta
1046 625 1262 677 Pascha
1312 640 1492 694 usque
1542 625 1748 678 Pente-

78 717 245 777 costes,
297 715 356 764 et
418 727 766 781 quocunque
823 711 906 764 ire
959 712 1223 777 voluerit,
1279 713 1438 767 nullo
1488 713 1750 767 vehiculo

81 800 385 863 deducatur,
446 800 545 853 sed
602 799 844 868 pedibus
913 799 1331 869 proﬁciscatur,
1403 818 1563 855 arma
1635 818 1749 854 non

80 892 233 941 sumat
260 887 369 940 nisi
421 892 623 941 contra
655 904 932 958 paganos.
976 889 1207 957 Jejunet
1242 895 1432 942 autem
1468 895 1580 943 tres
1627 890 1750 943 dies

82 992 160 1045 per
200 975 620 1029 hebdomadam
684 992 866 1045 usque
923 976 993 1028 ad
1046 992 1371 1046 vesperum.
1415 980 1462 1031 A
1516 978 1751 1047 propria

81 1064 279 1134 quidem
316 1080 386 1117 ac
431 1064 694 1133 legitima
725 1081 828 1117 sua
875 1064 1123 1136 conjuge
1168 1081 1285 1119 non
1327 1071 1644 1134 separetur,
1679 1081 1750 1118 ne

78 1152 438 1206 fornicationis
494 1152 766 1221 voragine
815 1158 1065 1217 corruat,
1117 1154 1273 1223 quod
1321 1169 1394 1207 ne
1438 1153 1538 1207 fiat
1584 1160 1749 1223 opta-

81 1258 198 1293 mus.
249 1242 299 1294 Si
361 1247 554 1294 autem
610 1247 741 1294 ante
793 1241 968 1294 trium
1019 1258 1304 1295 annorum
1354 1258 1582 1295 cursum
1619 1242 1750 1295 tinis

80 1330 183 1383 vitae
226 1331 380 1384 illius
430 1329 1006 1400 appropinquaverit,
1050 1330 1306 1401 corporis
1350 1337 1405 1384 et
1453 1331 1750 1401 sanguinis

81 1420 271 1473 Domini
314 1419 501 1473 nostri
560 1421 694 1474 Jesu
745 1420 954 1474 Christi
1006 1420 1295 1489 particeps
1335 1420 1477 1473 ﬁat:
1512 1421 1599 1474 sin
1647 1436 1750 1474 au-

80 1512 186 1573 tem,
234 1513 295 1561 ut
351 1524 525 1578 supra
574 1506 878 1561 statuimus
927 1498 1230 1573 efﬁciatur,
1279 1512 1473 1562 tamen
1513 1508 1561 1561 si
1594 1508 1751 1562 illius

80 1598 535 1650 conversationem
583 1601 639 1650 et
688 1598 1067 1667 lacrymarum
1120 1597 1339 1650 fontem
1386 1598 1445 1649 in
1481 1597 1751 1650 omnibus

79 1684 296 1738 videritis
347 1685 571 1739 ﬂoridis
602 1686 925 1739 actionibus
957 1690 1014 1739 et
1043 1685 1279 1755 optimis
1310 1686 1579 1756 operibus
1622 1686 1749 1755 pul-

78 1775 248 1839 lulare,
292 1774 610 1828 humanius
659 1774 806 1828 circa
853 1790 983 1828 eum
1030 1780 1215 1828 vestra
1264 1774 1586 1828 sollicitudo
1618 1790 1749 1842 per-

76 1864 185 1932 vigil
249 1868 557 1933 appareat,
627 1863 897 1933 mitisque
964 1862 1236 1917 omnibus
1301 1864 1747 1917 demonstretur.

78 1952 323 2021 Optamus
355 1968 458 2006 vos
490 1951 549 2005 in
582 1952 802 2005 Christo
832 1951 977 2004 bene
1008 1952 1214 2004 valere.

86 2073 188 2127 CAP.
214 2075 417 2130 XLVII.
452 2106 521 2112 —
549 2074 612 2128 Si
638 2077 761 2141 quis
787 2074 1010 2127 clericus
1038 2074 1385 2127 homicidium
1420 2075 1633 2139 fecerit,
1685 2075 1754 2126 ab

559 2144 746 2197 ordine
778 2160 984 2198 cessare
1013 2144 1242 2197 debebit.

134 2269 239 2333 (Ea:
274 2269 504 2323 concilio
558 2268 924 2333 Triburiensi,
973 2270 1061 2321 cui
1102 2269 1358 2332 interfuit
1404 2282 1504 2320 rea:
1549 2268 1757 2321 Arnol-

80 2358 214 2424 phus,
258 2361 441 2426 capite
486 2360 596 2421 tt.)
646 2356 701 2409 Si
755 2357 881 2426 quis
925 2356 1183 2421 clericus,
1218 2358 1478 2425 quamvis
1508 2355 1756 2409 nimium

79 2451 292 2513 coactus,
342 2443 727 2498 homicidium
763 2444 979 2502 fecerit.
1025 2444 1141 2497 sive
1174 2443 1247 2496 sit
1287 2444 1606 2514 presbyter,
1641 2444 1755 2497 sive

78 2534 336 2599 diaconus,
371 2533 719 2601 deponatur.
767 2531 1031 2601 Legimus
1076 2532 1135 2584 in
1168 2531 1485 2584 canonibus
1524 2536 1756 2600 aposto-

81 2623 251 2684 |orum,
285 2621 446 2692 quod
497 2620 819 2691 episcopus,
857 2620 1157 2690 presbyter
1192 2624 1291 2673 aut
1332 2620 1627 2682 diaconus,
1660 2620 1759 2690 qui

81 2711 122 2761 in
148 2710 536 2776 fornicatione,
588 2713 688 2761 aut
735 2709 1012 2777 perjurio,
1073 2711 1171 2761 aut
1215 2708 1367 2762 furto
1400 2714 1599 2778 captus
1649 2713 1754 2770 est,

83 2797 371 2867 deponatur
406 2813 420 2850 :
457 2802 670 2867 quanto
700 2797 884 2866 magis
912 2796 960 2848 is
1004 2795 1103 2866 qui
1135 2797 1242 2849 hoc
1285 2796 1539 2849 immane
1573 2797 1757 2849 scelus

81 2886 262 2951 fecerit,
294 2886 364 2939 ab
387 2885 590 2938 ordine
613 2900 830 2937 cessare
862 2884 1135 2937 debebit?
1154 2884 1262 2948 Qui
1293 2884 1444 2937 enim
1470 2884 1757 2939 Christum

81 2975 213 3044 sequi
261 2974 572 3040 desiderat,
610 2973 779 3026 debet
822 2972 967 3026 sicut
1013 2973 1133 3042 ipse
1183 2972 1499 3026 ambulavit
1544 2978 1597 3025 et
1632 2972 1757 3042 ipse

3463 422 3568 472 778

3251 554 3263 593 :
3319 538 3569 592 Audistis

1864 626 2000 694 quia
2054 625 2269 679 dictum
2322 630 2408 678 est
2461 625 2712 694 antiquis
2771 626 2948 678 :Non
3005 626 3266 691 occides;
3313 626 3413 697 qui
3465 643 3569 679 au-

1864 719 1979 766 tem
2038 714 2328 779 occiderit,
2386 730 2515 768 reus
2566 714 2679 767 erit
2719 714 2939 783 judicio
2982 732 2994 768 :
3065 731 3173 784 ego
3223 720 3416 768 autem
3474 714 3568 767 di-

1862 818 1926 854 co
1978 802 2174 869 vobis,
2235 802 2371 872 quia
2441 801 2629 854 omnis
2693 802 2793 871 qui
2859 801 3125 856 irascitur
3184 802 3347 856 fratri
3423 819 3564 867 suo,

1864 906 1997 943 reus
2054 890 2160 943 erit
2215 889 2472 960 judicio;
2536 905 2641 943 nec
2699 890 2917 943 malum
2992 906 3095 959 pro
3160 892 3311 943 malo
3363 891 3565 943 redde-

1862 993 1943 1042 re,
1980 977 2078 1031 sed
2128 978 2274 1029 sicut
2305 978 2613 1046 Apostolus
2646 977 2923 1030 Romanis
2972 978 3248 1043 scribens,
3284 979 3362 1031 ait
3393 994 3405 1031 :
3445 978 3570 1032 Noli

1861 1064 2016 1117 vinci
2045 1065 2282 1130 amalo,
2313 1065 2411 1118 sed
2446 1066 2606 1119 vince
2640 1066 2698 1118 in
2742 1065 2894 1119 bono
2930 1067 3168 1121 malum.
3199 1068 3254 1121 Si
3300 1067 3426 1138 quis
3457 1068 3569 1121 cle-

1864 1153 2115 1207 ricorum
2142 1170 2392 1224 praisens
2442 1155 2552 1208 erit
2582 1154 2683 1207 ubi
2724 1154 3098 1209 homicidium
3131 1156 3342 1209 factum
3374 1155 3566 1222 fuerit,

1863 1247 1917 1295 et
1962 1260 2149 1314 neque
2201 1260 2505 1309 consensu,
2555 1260 2743 1313 neque
2790 1245 3075 1309 consultu,
3122 1260 3227 1297 nec
3272 1246 3331 1297 in
3374 1244 3566 1314 aliquo

1863 1330 2158 1383 homicidii
2180 1336 2336 1384 reatu
2360 1331 2613 1398 pollutus
2638 1346 2759 1383 esse
2782 1330 3157 1396 convincitur,
3182 1331 3323 1384 nihil
3344 1330 3397 1384 ei
3419 1331 3567 1385 obsit

1864 1419 2004 1488 quin
2057 1422 2418 1472 consecratus
2455 1418 2516 1470 in
2567 1418 2746 1488 gradu
2796 1424 3151 1488 permaneat.
3190 1419 3317 1471 Non
3364 1434 3565 1472 conse-

1864 1512 2074 1571 cratus,
2110 1507 2156 1559 si
2182 1506 2323 1560 alias
2353 1506 2561 1577 dignus
2591 1507 2682 1571 sit,
2711 1512 3011 1577 promotus
3041 1506 3285 1560 accedat.

1863 1647 1991 1701 CAP.
2027 1647 2258 1701 XLVIII.
2280 1678 2348 1686 —
2367 1650 2440 1701 De
2470 1663 2526 1699 eo
2556 1649 2633 1699 sie
2654 1650 2774 1715 quis
2806 1650 2863 1699 in
2896 1649 3093 1701 hostem
3116 1651 3301 1701 contra
3320 1662 3565 1715 paganos

2115 1718 2385 1771 dimicans
2414 1720 2642 1786 intrﬁcit
2668 1719 3021 1772 Christianos
3050 1721 3311 1787 captivos.

1937 1840 2045 1910 (Ea:
2102 1842 2281 1895 eodem
2338 1843 2559 1895 concilio
2622 1843 2709 1894 cui
2765 1843 3019 1906 interfuit
3075 1857 3174 1894 rex
3223 1841 3562 1908 Arnolphus,

1863 1945 1984 1996 cap.
2028 1929 2138 1998 34.)
2187 1929 2348 1999 Saape
2403 1929 2467 1983 ﬁt
2508 1928 2745 1982 victoria
2792 1928 3274 1993 Christianorum,
3308 1929 3453 1982 victa
3482 1934 3567 1983 est

1863 2033 1997 2086 pars
2028 2032 2408 2086 paganorum.
2457 2018 2643 2081 Quare
2670 2032 2786 2069 una
2816 2033 2947 2069 cum
2991 2017 3302 2071 interfectis
3330 2018 3566 2087 paganis

1865 2105 2153 2174 perempti
2201 2105 2414 2159 fuerint
2460 2105 2767 2160 Christiani
2816 2106 3025 2174 captivi
3056 2121 3090 2158 a
3118 2105 3396 2172 barbaris,
3431 2105 3568 2175 quia

1864 2193 1925 2245 in
1959 2192 2182 2263 impetu
2226 2194 2359 2247 belli
2404 2198 2702 2264 nequeunt
2744 2192 3043 2262 distingui,
3093 2193 3301 2247 idcirco
3345 2194 3564 2263 justum

1866 2281 2238 2335 decernentes
2287 2283 2610 2343 statuimus,
2654 2299 2784 2335 cum
2833 2282 3296 2336 interfectoribus
3343 2282 3569 2335 miseri-

1866 2370 2095 2424 cordius
2145 2370 2453 2440 agendum,
2492 2370 2571 2422 ita
2606 2375 2689 2435 ut,
2723 2370 2808 2424 XL
2839 2369 3040 2423 diebus
3084 2370 3437 2439 pmnitentiae
3480 2370 3569 2421 iu-

1867 2458 2201 2528 dulgentius
2233 2457 2553 2523 transactis,
2586 2474 2764 2527 penes
2793 2457 3127 2527 episcopum
3160 2456 3231 2509 sit
3264 2456 3570 2510 auctoritas

1867 2551 1923 2599 et
1972 2551 2222 2615 potestas
2283 2550 2348 2599 ut
2408 2545 2727 2615 perpendat
2781 2545 3030 2614 culpam,
3085 2548 3217 2614 agat
3265 2544 3569 2613 indulgeu-

1867 2634 2028 2688 tiam.

1871 2780 2005 2831 CAP.
2049 2777 2216 2830 XLIX.
2243 2807 2310 2813 ——
2335 2779 2408 2829 De
2442 2790 2498 2828 eo
2532 2776 2626 2844 qui
2672 2772 3053 2827 Christianum
3108 2775 3441 2842 mancipium
3488 2789 3566 2827 se.

2330 2847 2555 2899 duxerit
2584 2851 2634 2898 et
2671 2848 2749 2898 sic
2778 2844 3104 2898 vendiderit.

1946 2970 2051 3039 (Ea:
2098 2969 2319 3023 concilio
2359 2967 2509 3036 apud
2556 2968 2943 3034 Con/tuentium
2993 2968 3081 3020 cui
3126 2966 3381 3032 interfuit
3417 2966 3571 3019 Hen-

80 3063 362 3118 ambulare.
400 3062 511 3126 Qui
542 3077 672 3114 cum
704 3061 1158 3127 malediceretur,
1193 3078 1308 3115 non
1339 3061 1755 3114 maledicebat:
1801 3092 1840 3145 Ο
1870 3061 2045 3123 ricus,
2078 3061 2128 3109 et
2157 3058 2398 3119 Carolus,
2432 3070 2603 3122 reges,
2654 3057 2830 3123 capite
2855 3056 2937 3123 7.)
2973 3055 3111 3107 Item
3154 3054 3570 3123 interrogatum

81 3168 186 3205 cum
231 3156 657 3222 percuteretur,
691 3167 805 3203 non
856 3149 1319 3219 repercutiebat:
1353 3166 1483 3203 cum
1526 3166 1626 3219 pro
1657 3166 1760 3202 no-

82 3240 151 3292 bis
193 3244 506 3310 pateretur,
548 3255 663 3292 non
708 3238 1187 3292 comminabatur.
1225 3239 1290 3291 Et
1319 3238 1440 3308 ipse
1490 3237 1549 3291 in
1585 3239 1763 3291 Evan-

82 3329 206 3397 gelio
253 3346 356 3383 suo
391 3328 669 3400 praecepit
708 3344 720 3381 :
751 3328 809 3381 Si
839 3327 967 3397 quis
1015 3332 1070 3380 te
1103 3327 1447 3397 percusserit
1483 3325 1542 3379 in
1592 3342 1765 3379 unam

80 3419 367 3487 maxillam,
423 3416 622 3487 praebe
680 3414 763 3468 illi
822 3422 879 3468 et
937 3415 1198 3469 alteram.
1272 3416 1392 3468 Non
1452 3414 1606 3466 enim
1675 3414 1765 3466 de-

1874 3153 1960 3201 est
1991 3146 2126 3216 quid
2176 3146 2246 3198 de
2294 3160 2360 3197 eo
2390 3144 2713 3198 faciendum
2764 3144 2853 3207 sit,
2902 3143 3001 3213 qui
3056 3142 3441 3197 Christianum
3472 3143 3573 3195 ho-

1875 3235 2092 3289 minem
2142 3233 2433 3287 seduxerit
2475 3237 2533 3287 et
2578 3232 2657 3286 sic
2702 3231 3042 3285 vendiderit.
3098 3233 3572 3302 Responsumque

1875 3330 1958 3377 est
2001 3323 2074 3377 ab
2120 3321 2409 3389 omnibus,
2442 3321 2741 3375 homicidii
2776 3326 2995 3374 reatum
3040 3320 3231 3390 ipsum
3280 3320 3573 3375 hominem

1877 3412 1987 3465 sibi
2016 3410 2365 3464 contrahere.

1487 3535 1661 3573 FINIS
1708 3535 1885 3573 LIBRI
1926 3532 2134 3572 SEXTI.

884 3651 1183 3659 Μ

894 3739 1193 3812 ΙΝΒΕΧ
1253 3737 1943 3811 CAPITULORUM
1996 3736 2249 3808 LIBRI
2317 3734 2724 3807 SEPTIMI.

93 3895 198 3947 CAP.
233 3898 278 3948 1.
313 3895 479 3959 Quod
540 3893 785 3947 infames
834 3896 1109 3945 vocentur
1155 3890 1255 3961 qui
1301 3906 1367 3944 ex
1417 3890 1770 3961 consangui-

143 3984 251 4037 neis
280 3987 621 4037 nascuntur.

88 4072 127 4122 *2.
155 4071 306 4135 Quod
357 4072 505 4127 nulli
541 4071 707 4125 liceat
753 4070 823 4124 de
853 4069 1086 4140 propria
1132 4067 1475 4139 cognatione
1531 4084 1768 4122 uxorem

143 4159 356 4215 ducere.

88 4250 126 4299 3.
157 4248 225 4301 De
258 4247 619 4303 incestnosis.

94 4336 126 4387 i.
160 4338 229 4391 De
259 4338 463 4391 eadem
500 4352 582 4390 re.

87 4427 127 4475 Ξῖ.
162 4426 227 4478 De
254 4425 457 4479 eadem
493 4439 576 4477 re.

85 4520 125 4565 ti.
161 4517 229 4568 Ne
272 4516 483 4586 aliquis
517 4513 775 4568 ﬁdelium
820 4512 889 4566 ad
922 4512 1309 4583 propinquam
1356 4509 1653 4579 sanguinis
1684 4509 1773 4563 sui

144 4605 378 4658 accedat.

89 4693 136 4742 Τ.
168 4691 321 4754 Quod
373 4690 679 4762 aequaliter
728 4706 843 4744 non
887 4687 1326 4759 conjungendus
1359 4686 1431 4741 sit
1477 4687 1538 4741 in
1571 4686 1773 4740 matri-

145 4781 330 4834 monio
360 4781 453 4833 vir
482 4778 601 4832 suis
620 4778 1065 4849 consanguineis
1092 4782 1149 4830 et
1180 4776 1387 4830 uxoris.

91 4868 129 4918 8.
163 4869 315 4932 Quod
346 4884 464 4922 uno
496 4867 671 4921 modo
705 4866 999 4937 parentela
1029 4865 1139 4919 viri
1171 4870 1226 4919 et
1252 4863 1514 4919 mulieris
1544 4864 1602 4917 in
1635 4877 1771 4917 con-

143 4957 435 5024 junctione
467 4955 883 5010 consideranda
912 4956 1002 5007 sit.

93 5046 135 5093 9.
166 5046 223 5099 In
252 5063 363 5117 quo
395 5045 664 5115 geniculo
697 5042 1109 5097 abstinendum
1141 5041 1230 5097 sit.

93 5135 161 5185 10.
194 5135 251 5187 In
286 5152 400 5206 quo
447 5133 772 5187 ramusculo
805 5129 1322 5201 consanguinitatis
1354 5130 1612 5200 legitima
1642 5143 1777 5181 con-

148 5223 309 5276 nubia
335 5222 465 5277 fieri
497 5221 738 5293 possint.

98 5312 162 5363 ιι.
193 5312 348 5375 Quod
400 5309 879 5381 consanguinitas
923 5323 1107 5379 usque
1158 5307 1227 5362 ad
1281 5306 1591 5378 septimum
1622 5303 1781 5374 geni-

149 5402 329 5453 culum
359 5398 690 5455 conservari
717 5397 943 5452 debeat.

97 5487 165 5537 1'2.
198 5488 269 5542 De
299 5489 504 5543 eadem
531 5504 617 5542 re.

98 5576 166 5626 13.
201 5580 270 5630 Ue
301 5577 507 5632 eadem
544 5592 623 5630 re.

100 5662 169 5717 14.
203 5666 275 5721 De
301 5666 508 5721 eadem
542 5680 625 5717 re.

434 5771 718 5835 Parum.
773 5768 951 5833 CXL.

1881 3892 1962 3943 15.
2002 3891 2077 3943 De
2105 3888 2302 3942 eadem
2334 3904 2413 3941 re.

1880 3982 1962 4033 16.
1994 3979 2071 4031 De
2104 3977 2303 4032 eadem
2334 3993 2414 4030 re.

1879 4072 1962 4121 17.
2002 4068 2070 4121 Ut
2100 4067 2327 4121 duobus
2378 4066 2466 4119 vel
2498 4064 2683 4119 tribus
2716 4064 2957 4119 testibus
2989 4063 3320 4119 testimonia
3349 4063 3582 4118 dicenti-

1948 4156 2055 4209 bus
2085 4154 2500 4225 consanguinei
2530 4159 2891 4223 separentur.

1885 4248 1963 4298 18.
2001 4245 2078 4297 De
2110 4244 2308 4298 eadem
2339 4260 2419 4298 re.

1883 4331 1967 4382 19.
2026 4327 2171 4391 Quid
2225 4332 2451 4380 sanctus
2519 4325 2825 4396 Gregorius
2890 4324 3212 4394 Augustino
3260 4324 3580 4393 Anglorum

1950 4415 2320 4487 prwdicatori
2379 4419 2614 4486 propter
2675 4414 3034 4467 teneritatem
3087 4429 3245 4466 nova}
3292 4413 3424 4465 tidei
3456 4428 3581 4481 per-

1955 4504 2191 4557 miserit.

1880 4596 1969 4650 20.
2027 4592 2189 4656 Quod
2247 4594 2475 4644 sanctus
2524 4589 2833 4659 Gregorius
2884 4588 2991 4641 hoc
3049 4589 3367 4657 Anglorum
3420 4587 3580 4657 genti

1953 4680 2278 4751 specialiter
2303 4693 2417 4731 non
2449 4677 2799 4747 generaliter
2822 4674 3167 4746 permiserit.

1881 4773 1968 4824 21.
1999 4767 2161 4832 Quod
2209 4766 2488 4831 extranei,
2525 4764 2634 4817 nisi
2685 4780 2751 4817 ex
2782 4764 3123 4829 necessario,
3157 4763 3462 4819 discidium
3494 4764 3583 4819 in-

1954 4862 2042 4909 ter
2070 4855 2529 4924 consanguineos
2556 4853 2742 4907 facere
2772 4868 2889 4905 non
2923 4852 3188 4907 debeant.

1882 4948 1971 4999 22.
2010 4944 2085 4998 De
2117 4944 2317 4997 eadem
2345 4958 2424 4996 re.

1883 5037 1971 5089 23.
2010 5035 2084 5086 De
2116 5032 2315 5086 eadem
2345 5047 2430 5084 re.

1884 5124 1973 5177 2i.
2009 5124 2085 5176 De
2118 5120 2321 5174 eadem
2360 5135 2439 5173 re.

1885 5214 1973 5265 25.
2006 5212 2438 5266 Sacramentum
2486 5207 2556 5262 de
2587 5206 2903 5279 parentela,
2947 5206 3237 5277 quomodo
3286 5205 3584 5275 inquiren-

1959 5301 2098 5354 dum
2127 5298 2218 5353 sit.

1887 5392 1975 5445 26.
2009 5390 2405 5442 Juramentum
2445 5385 2699 5440 testium.

1888 5477 1975 5529 27.
2011 5475 2443 5529 Sacramentum
2472 5472 2542 5527 de
2567 5472 2890 5526 incestuoso
2916 5467 3171 5523 discidio.

1888 5566 1976 5617 28.
2021 5565 2152 5617 Ilaec
2195 5561 2443 5632 capitula
2474 5560 2544 5614 de
2589 5564 2811 5629 septem
2859 5556 3135 5628 gradibus
3180 5557 3588 5628 consanguini-

1964 5651 2094 5706 tatis
2137 5656 2366 5704 sanctus
2397 5648 2648 5704 Isidorus
2679 5645 2945 5716 diligenti
2973 5645 3348 5718 inquisitione
3380 5645 3589 5702 descri-

3199 5757 3280 5815 25
