3966 6400
408 448 515 501 779
1479 439 1884 497 BURCHARDI
1924 438 2459 498 WORMACIENSIS
2497 439 2839 498 EPISCOPI.

3825 448 3937 503 780

410 572 625 640 pserat,
678 573 735 624 et
793 566 853 622 in
903 567 1090 639 figura
1131 564 1375 621 inferius
1408 564 1635 637 depicta
1676 565 1930 637 apertius
1975 565 2125 620 ordi-
2163 570 2208 622 Α
2240 564 2566 635 Capitulum
2594 565 2645 621 6.

413 662 666 712 naverat.
920 724 925 727 _

756 745 1067 814 Capitulum
1094 743 1134 798 L
1167 742 1232 797 de
1259 746 1461 812 septem
1492 741 1775 811 gradibus.

414 832 741 904 Capitulum
772 836 826 888 2.
1230 846 1264 883 .-

414 921 740 992 Capitulum
774 924 825 976 3.

415 1008 742 1079 Capitulum
774 1010 825 1063 4.

415 1095 762 1167 Capitulum.
799 1099 830 1149 5

2229 653 2558 724 Capitulum
2580 658 2633 709 7.

2224 744 2313 796 29.
2387 743 2464 796 De
2526 742 2864 797 incestuosis
2919 744 3021 815 qui
3086 744 3514 827 admonitiones
3570 746 3944 803 sacerdotum

2296 834 2694 884 contemnunt.

2224 919 2310 972 30.
2344 916 2506 981 Quod
2560 918 2711 973 infra
2748 922 2966 974 sextam
3014 920 3444 991 generationem
3486 923 3757 997 conjugis
3804 939 3940 979 non

2294 1004 2456 1060 ﬁant.

2691 1096 2899 1151 Indicis
2926 1098 3291 1167 capitulorum
3316 1101 3464 1169 ﬁnis.

1575 1456 2775 1586 BURCHABDI

1404 1677 2035 1733 WORMACIENSIS
2094 1679 2503 1734 ECCLESle
2562 1679 2937 1734 EPISCOPI

608 1893 1965 2044 DECRETORUM
2048 1896 2642 2042 LIBER
2757 1896 3724 2044 SEPTIMUS

1877 2166 1991 2230 DE
2051 2165 2458 2231 lNCESTU

1942 2349 2352 2360 ———-.—‘

887 2502 1376 2557 ARGUMENTUM
1421 2482 1627 2557 nam.

484 2610 654 2665 Libro
686 2610 794 2663 hoc
841 2609 912 2663 de
942 2607 1158 2661 incesta
1206 2607 1719 2678 consanguinitatis
1749 2607 2111 2678 copulatione

410 2700 619 2770 agitur,
672 2703 729 2751 ct
784 2697 843 2751 in
885 2713 1001 2766 quo
1052 2695 1235 2767 gradu
1276 2695 1428 2749 coire
1478 2694 1786 2766 dirimique
1842 2696 2112 2765 conjugia

409 2789 674 2848 debeant,
709 2802 954 2857 quaeque
994 2801 1097 2854 pro
1144 2784 1365 2838 ratione
1411 2783 1602 2838 delicti
1632 2783 1847 2838 incesto
1877 2783 2111 2855 pollutis

409 2874 746 2946 paenitentia
781 2872 1009 2944 injungi
1049 2872 1276 2941 debeat,
1309 2872 1647 2926 ostenditur.

408 2985 534 3037 CAP.
578 2982 617 3036 l.
687 3010 757 3020 —
788 2980 942 3050 Quod
982 2982 1216 3045 infames
1263 2984 1518 3033 vocentur
1562 2981 1660 3047 qui
1687 2995 1753 3032 ea:
1786 2982 2108 3048 consangui-

1021 3053 1137 3104 neis
1164 3055 1487 3104 nascuntur.

477 3159 599 3226 (Ecc
640 3159 799 3226 epist.
835 3157 1025 3213 Calist.
1050 3170 1212 3224 papa;
1229 3156 1501 3221 fratribus
1529 3171 1626 3224 per
1646 3156 1886 3209 Galliam
1915 3158 2111 3210 consli-

408 3250 542 3301 tulis
570 3249 760 3309 missa,
782 3246 960 3313 capite
987 3242 1062 3311 l.)
1087 3244 1532 3313 Conjunctiones
1554 3249 1749 3297 autem
1770 3244 2109 3314 consangui-

404 3349 645 3389 neorum
670 3333 794 3387 ﬁeri
815 3331 1136 3403 prohibete,
1168 3332 1303 3401 quia
1322 3347 1417 3384 eas
1437 3337 1493 3385 et
1520 3331 1727 3386 divimr
1759 3332 1911 3401 leges
1933 3339 1990 3386 et
2014 3350 2109 3386 sae-

403 3424 520 3477 culi
547 3422 875 3493 prohibent.
908 3422 1082 3491 Leges
1104 3436 1241 3491 ergo
1264 3420 1491 3484 divinae,
1518 3421 1638 3474 haec
1653 3430 1904 3490 agentes,
1931 3426 1987 3475 et
2008 3439 2105 3475 eos

404 3511 505 3582 qui
536 3527 601 3565 ex
648 3511 730 3564 eis
760 3509 1048 3580 prodeunt
1095 3525 1210 3562 non
1243 3509 1426 3562 solum
1462 3508 1719 3579 ejiciant,
1764 3509 1861 3563 sed
1898 3514 1955 3564 et
1982 3526 2104 3564 ma-

402 3599 640 3654 ledictos
688 3599 998 3668 appellant.
1050 3597 1224 3667 Leges
1254 3613 1388 3651 vero
1432 3598 1624 3651 saeculi
1670 3597 1915 3652 infames
1958 3600 2102 3653 tales

400 3691 626 3754 vocant,
656 3693 713 3740 et
741 3687 810 3741 ab
842 3685 1174 3739 haereditate
1205 3686 1510 3755 repellunt.
1548 3686 1658 3739 Nos
1688 3702 1823 3740 vero
1855 3702 2099 3757 sequen-

2151 2515 2189 2568 Β
2220 2515 2403 2571 usque
2446 2499 2586 2554 dum
2634 2499 2932 2571 generatio
2982 2501 3336 2569 recordatur,
3385 2502 3773 2574 cognoscitur,
3830 2511 3944 2559 aut

2222 2588 2504 2644 memoria
2536 2587 2837 2642 retinetur.

2643 2711 2768 2765 CAP.
2817 2711 2913 2765 ΙΙΙ.
2948 2740 3017 2751 -
3055 2715 3129 2767 De
3151 2715 3487 2769 incestuosis.

2292 2834 2402 2904 (Ea:
2443 2835 2667 2889 concilio
2700 2835 3045 2902 Hilerdensi,
3096 2839 3274 2906 capite
3329 2840 3434 2902 lO.)
3487 2838 3564 2891 De
3592 2837 3680 2891 his
3710 2839 3815 2910 qui
3866 2858 3936 2895 se

2217 2921 2435 2977 incesta
2466 2924 2779 2994 pollutione
2810 2925 3255 2993 commaculant,
3281 2926 3494 2996 placuit
3526 2932 3585 2981 ut
3616 2943 3936 2999 quousque

2219 3011 2278 3065 in
2332 3011 2456 3082 ipso
2521 3011 2855 3066 detestando
2916 3018 2973 3065 et
3026 3012 3226 3066 illicito
3291 3014 3479 3067 carnis
3536 3015 3931 3072 contubernio

2216 3106 2605 3171 perseverant,
2657 3117 2837 3170 usque
2888 3101 2957 3153 ad
3003 3102 3235 3154 missam
3284 3107 3508 3156 tantum
3556 3105 3929 3159 catechume-

2216 3202 2426 3240 norum
2476 3187 2535 3240 in
2565 3188 2801 3241 ecclesia
2844 3189 3238 3243 admittantur.
3284 3189 3425 3244 Cum
3477 3190 3689 3262 quibus
3742 3194 3933 3248 etiam

2214 3291 2319 3329 nec
2348 3275 2540 3329 cibum
2583 3292 2810 3341 sumere
2844 3277 2945 3330 ulli
2974 3278 3448 3345 Christianorum,
3491 3279 3636 3334 sicut
3674 3284 3930 3351 Aposto-

2215 3363 2302 3416 lus
2326 3362 2515 3434 jussit,
2551 3368 2795 3434 Oportet.

2674 3490 2803 3544 CAP.
2839 3488 2925 3542 ιν.
2959 3517 3031 3529 -
3056 3491 3131 3543 De
3158 3490 3343 3545 eadem
3370 3507 3447 3544 re.

2283 3609 2406 3678 (Ea:
2432 3610 2654 3663 concilio
2702 3611 3029 3678 Agathens.,
3052 3615 3229 3681 capite
3259 3611 3339 3681 8.)
3386 3613 3466 3667 De
3497 3612 3728 3667 incestis
3775 3632 3925 3670 con-

2202 3696 2601 3767 junctionibus
2660 3698 2804 3751 nihil
2858 3715 3093 3769 prorsus
3150 3701 3329 3754 veniae
3384 3718 3745 3757 reservamus
3804 3705 3925 3758 nisi

400 3782 486 3831 tes
525 3782 714 3847 patres
758 3780 982 3829 nostros
1030 3774 1268 3828 infamia
1297 3790 1394 3827 eos
1436 3779 1723 3841 notamus,
1756 3781 1812 3828 et
1855 3774 2098 3830 infames
2130 3801 2169 3855 ρ
2209 3801 2310 3839 cun

2258 3802 2340 3839 1m
2374 3786 2722 3841 adulterium
2756 3788 3113 3857 separatione
3144 3790 3491 3843 sanaverint.
3527 3792 3596 3847 Et
3626 3791 3674 3844 si
3704 3808 3920 3850 sanare

402 3881 522 3918 esse
554 3880 852 3917 censemus
885 3879 897 3917 :
932 3862 1067 3934 quia
1114 3862 1370 3917 infamiae
1412 3863 1651 3917 maculis
1694 3864 1911 3933 aspersi
1943 3870 2097 3930 sunt,

401 3967 507 4004 nec
535 3969 632 4004 eos
663 3967 806 4019 quos
853 3950 1007 4020 leges
1035 3949 1225 4003 saeculi
1270 3948 1557 4019 rejiciunt,
1602 3965 1705 4004 nos
1731 3950 1790 4003 in
1834 3950 2099 4005 testimo-

400 4039 563 4093 nium
596 4038 885 4108 suscipere
928 4038 1222 4093 debemus.
1278 4038 1382 4092 Eos
1415 4042 1605 4091 autem
1639 4038 2099 4107 consanguineos

399 4127 667 4188 dicimus.
699 4143 842 4198 quos
892 4126 1096 4181 divina:
1128 4132 1185 4180 et
1213 4126 1405 4181 saeculi
1449 4126 1603 4195 leges
1642 4126 2099 4195 consanguineos

399 4216 712 4286 appellant,
752 4222 809 4269 et
839 4215 898 4268 in
948 4215 1342 4268 haereditatem
1390 4213 1734 4283 suscipiunt,
1782 4230 1887 4267 nec
1919 4218 2099 4285 repel-

397 4303 513 4356 lere
562 4309 823 4374 possuut.
856 4303 1078 4357 Talium
1131 4302 1285 4356 enim
1316 4302 1770 4371 coniunctiones,
1805 4319 1911 4356 nec
1954 4306 2093 4374 legi-

397 4392 551 4446 timae
595 4399 728 4446 sunt
772 4409 876 4445 nec
907 4407 1249 4462 permanere
1299 4395 1557 4461 possunt,
1610 4390 1709 4444 sed
1739 4395 1874 4446 sunt
1902 4394 2094 4463 repel-

395 4480 601 4535 lendae.
656 4480 925 4550 Quisquis
972 4496 1111 4549 ergo
1152 4494 1267 4532 non
1298 4483 1383 4532 est
1431 4478 1685 4549 legitime
1733 4481 2093 4550 conjunctus,

393 4570 480 4622 vel
532 4569 748 4639 absque
781 4568 961 4622 dotali
1004 4568 1173 4622 titulo
1203 4572 1259 4620 et
1303 4567 1427 4620 sine
1456 4566 1857 4622 benedictione
1901 4585 2096 4622 sacer-

395 4656 545 4711 dotis
592 4661 817 4710 constat
847 4673 967 4710 esse
998 4656 1318 4727 copulatus,
1368 4654 1691 4710 sacerdotes
1721 4657 1810 4710 vel
1842 4658 2094 4727 legitime

392 4746 727 4816 conjunctos
783 4744 1100 4810 criminari,
1130 4744 1217 4797 vel
1266 4744 1327 4797 in
1374 4760 1470 4797 eos
1517 4744 1807 4799 testificari
1854 4745 2094 4800 minime

390 4840 579 4903 potest
611 4848 624 4885 :
680 4832 953 4903 quoniam
987 4831 1179 4885 omnis
1225 4831 1427 4885 incesti
1456 4832 1682 4886 macula
1720 4834 1973 4903 pollutus
2004 4834 2091 4888 in-

389 4922 558 4976 famis
603 4928 707 4984 est,
742 4928 796 4975 et
840 4937 1105 4975 accusare
1147 4922 1502 4991 supradictos
1545 4939 1664 4977 non
1714 4923 2086 4994 permittitur.

389 5012 513 5065 Non
564 5010 751 5063 solum
786 5025 922 5079 ergo
968 5009 1026 5062 hi
1072 5008 1369 5079 rejiciendi
1399 5016 1553 5078 sunt,
1598 5016 1656 5064 et
1691 5011 1934 5066 infames
1962 5013 2088 5067 eili-

389 5100 641 5164 ciuntur,
672 5100 769 5152 sed
800 5099 973 5152 etiam
1005 5114 1204 5151 omnes
1233 5098 1314 5151 eis
1343 5100 1784 5154 consentientes.

392 5224 522 5279 CAP.
571 5224 643 5279 Il.
697 5251 767 5261 -—
796 5222 951 5288 Quod
991 5221 1138 5276 nulli
1193 5224 1353 5277 liceat
1401 5223 1467 5276 de
1495 5227 1729 5294 propria
1773 5229 2091 5291 cognatione

1004 5309 1226 5347 uxorem
1256 5294 1467 5348 ducere.

455 5404 563 5471 (Ea;
613 5402 838 5455 concilio
901 5400 1169 5453 Wormac.
1233 5402 1409 5468 capite
1458 5401 1537 5464 2.)
1596 5401 1658 5454 ln
1717 5402 2082 5471 copulatione

383 5491 637 5544 fidelium
670 5488 1108 5560 generationum
1141 5504 1448 5542 numerum
1482 5506 1594 5543 non
1624 5490 1950 5557 deﬁnimus,
1984 5493 2083 5546 sed

383 5573 441 5627 id
473 5577 795 5639 statuimus,
848 5581 912 5630 ut
949 5576 1094 5629 nulli
1141 5576 1312 5630 liceat
1364 5576 1685 5632 Christiano
1728 5580 1798 5632 de
1851 5580 2083 5650 propria

380 5664 875 5733 consanguinitate
930 5680 1027 5718 seu
1085 5665 1427 5735 cognatione
1484 5682 1717 5721 uxorem
1780 5668 2076 5738 accipere,

2207 3875 2519 3943 noluerint,
2545 3876 3124 3931 anathematizentur.

2687 3999 2818 4055 CAP.
2851 4002 2912 4054 V.
2944 4029 3019 4042 —
3047 4001 3126 4055 De
3149 4002 3334 4057 eadem
3354 4018 3429 4057 re.

2276 4121 2391 4192 (Em
2419 4124 2640 4177 concilio
2664 4126 2979 4189 Aureliam,
3000 4127 3183 4193 capite
3212 4128 3281 4195 1.)
3315 4125 3649 4193 lncestuosi,
3681 4127 3824 4182 dum
3855 4129 3922 4183 in

2205 4209 2330 4279 ipso
2395 4211 2733 4265 detestando
2798 4222 2969 4281 atque
3054 4212 3300 4265 nefando
3369 4214 3580 4268 scelere
3648 4224 3921 4286 manent,

2205 4312 2320 4350 non
2351 4297 2502 4351 inter
2549 4298 2749 4351 fideles
2795 4298 3166 4367 Christianos,
3212 4302 3310 4355 sed
3341 4302 3493 4355 inter
3538 4302 3784 4373 gentiles
3814 4313 3926 4359 aut

2204 4382 2642 4440 catechumenos
2712 4386 3052 4452 habeantur,
3109 4389 3169 4442 id
3226 4395 3330 4455 est,
3384 4406 3514 4444 cum
3572 4390 3923 4447 Christianis

2203 4488 2317 4527 non
2345 4478 2574 4527 sumant
2604 4479 2824 4544 potum,
2860 4490 2978 4528 non
3007 4474 3224 4544 cibum,
3264 4477 3360 4531 sed
3388 4478 3498 4532 soli
3526 4478 3634 4533 hoc
3661 4480 3920 4548 faciant;

2201 4576 2317 4613 non
2364 4561 2695 4614 osculantur
2751 4567 2847 4616 aut
2907 4564 3227 4618 saluteutur
3268 4571 3340 4618 ab
3388 4566 3489 4619 eis.
3542 4567 3651 4621 Sed
3700 4569 3749 4621 si
3789 4574 3918 4624 suis

2202 4648 2592 4703 sacerdotibus
2632 4649 3032 4705 inobedientes
3078 4652 3419 4721 exstiterint,
3464 4658 3522 4707 et
3549 4671 3580 4706 a
3627 4660 3745 4709 tam
3799 4674 3909 4712 ne-

2201 4734 2373 4790 fando
2424 4738 2634 4791 scelere
2683 4754 2742 4792 se
2791 4755 3095 4809 segregare
3146 4745 3317 4812 atque
3362 4742 3433 4795 ad
3467 4741 3760 4811 publicani
3793 4762 3916 4816 pa:-

2203 4823 2504 4878 nitentiam
2568 4826 2755 4880 redire
2820 4828 3130 4893 uoluerint,
3199 4829 3351 4882 inter
3416 4844 3515 4883 eos
3579 4829 3913 4890 habeantur

2201 4912 2300 4981 qui
2344 4913 2552 4981 spiritu
2583 4914 2978 4983 periclitantur
3032 4916 3357 4981 immundo,
3391 4917 3480 4969 vel
3538 4917 3715 4973 etiam
3755 4921 3913 4977 inter

2204 5016 2300 5053 eos
2329 5001 2398 5054 de
2437 5000 2646 5071 quibus
2678 5019 2782 5073 per
2814 5020 2872 5056 se
2908 5003 3123 5057 Veritas
3152 5004 3231 5058 ait
3263 5020 3277 5057 :
3313 5004 3370 5059 Si
3402 5012 3455 5059 te
3489 5022 3605 5059 non
3634 5007 3908 5077 audierit,

2127 5080 2171 5132 Ι)
2201 5087 2275 5141 sit
2302 5088 2405 5142 tibi
2450 5090 2596 5144 sicut
2635 5090 2897 5145 ethnicus
2930 5098 2987 5146 et
3017 5092 3376 5163 publicanus.
3426 5095 3489 5148 Et
3533 5095 3578 5148 si
3633 5096 3780 5149 alter
3808 5114 3909 5151 eo-

2199 5192 2329 5229 rum
2382 5183 2564 5231 morte
2620 5186 2944 5249 praeventus
2996 5179 3190 5246 fuerit,
3243 5183 3387 5235 alter
3442 5182 3695 5252 quandiu
3756 5186 3908 5240 vivat

2195 5264 2446 5336 graviter
2474 5268 2771 5336 paeniteat,
2798 5273 2855 5322 et
2880 5268 3003 5323 sine
3036 5286 3135 5340 spe
3166 5271 3423 5341 conjugii
3453 5279 3708 5325 maneat.

2194 5389 2321 5444 CAP.
2339 5390 2424 5443 Vl.
2448 5393 2610 5447 —-Ne
2637 5394 2842 5461 aliquis
2863 5392 3111 5475 ﬁdelium
3114 5393 3211 5518 (adt
3220 5397 3592 5464 propinquam
3615 5402 3902 5465 sanguinis

2866 5481 2954 5518 sat
2991 5482 3111 5518 accc
3153 5481 3187 5518 ιι
3218 5504 3231 5517 .

2866 5481 2954 5519 ειη
2991 5481 3231 5519 αοοθαιιι.

2264 5584 2370 5652 (Ea:
2416 5585 2639 5638 concilio
2699 5587 2941 5640 Tolelan.
2998 5603 3059 5651 ιι,
3119 5590 3297 5655 capite
3347 5586 3423 5657 5.)
3477 5588 3615 5642 Nam
3664 5593 3721 5643 et
3771 5591 3892 5646 hmc

2189 5671 2494 5725 salubriter
2543 5674 2917 5742 praecavenda
2977 5676 3285 5741 sancimus,
3338 5690 3410 5729 ne
3460 5676 3588 5746 quis
3634 5676 3890 5735 ﬁdelium
