3966 6416
90 448 186 499 781

91 568 488 640 propinquam
561 565 859 637 sanguinis
939 565 1047 632 sui,

90 658 437 711 liniamenta
463 657 820 710 successione
868 655 1097 725 generis
1145 655 1461 724 cognoscit,
1489 654 1549 708 in
1598 656 1803 709 matri-

92 747 291 800 monio
314 747 424 800 sibi
451 746 736 799 desideret
756 744 1033 814 copulari,
1067 744 1343 814 quoniam
1371 743 1647 813 scriptum
1679 750 1799 797 est:

93 836 295 891 Omnis
327 835 501 888 homo
536 834 603 887 ad
637 834 955 903 proximam
985 832 1281 901 sanguinis
1304 830 1391 884 sui
1420 847 1534 884 non
1555 833 1801 897 accedat,

98 932 161 977 ut
187 926 402 977 revelet
432 922 848 993 turpitudinem
881 922 1023 989 ejus.
1062 922 1124 973 Et
1152 920 1361 973 iterum
1393 936 1405 973 :
1439 920 1647 974 Anima
1676 937 1805 990 quas

98 1012 298 1066 fecerit
355 1011 651 1083 quidpiam
703 1027 771 1063 ex
832 1009 974 1073 istis,
1007 1009 1220 1080 peribit
1265 1009 1334 1062 de
1372 1010 1560 1063 medio
1608 1009 1810 1079 populi

98 1102 205 1154 sui.
259 1102 407 1155 Sane
459 1101 670 1171 quibus
756 1098 1081 1167 conjunctio
1146 1097 1345 1151 illicita
1423 1098 1806 1167 interdicitur,

100 1190 401 1243 habebunt
430 1187 667 1242 ineundi
700 1186 957 1241 melioris
996 1186 1251 1256 conjugii
1284 1186 1628 1240 libertatem.

102 1297 231 1351 Car.
267 1297 382 1348 VII.
408 1324 474 1335 —
491 1294 644 1363 ()uod
671 1295 957 1363 aequaliter
975 1309 1080 1346 non
1094 1294 1492 1363 conjungendus
1517 1298 1591 1348 sit
1614 1298 1672 1349 in
1696 1311 1812 1349 ma-

304 1368 558 1419 trimonio
587 1368 675 1418 vir
702 1367 815 1419 suis
848 1367 1282 1433 consanguineis,
1316 1371 1366 1418 et
1405 1368 1615 1419 umoris.

176 1476 281 1543 (Ea.
316 1473 544 1527 decretis
582 1473 719 1525 Julii
772 1470 973 1541 papae.)
1028 1470 1345 1542 Equaliter
1384 1472 1471 1525 vir
1506 1488 1625 1526 non
1673 1488 1813 1526 con-

97 1566 385 1635 jungatur
415 1562 473 1615 in
516 1561 891 1615 matrimonio
943 1561 1388 1631 consanguineis
1430 1563 1566 1623 suis,
1595 1567 1652 1616 et
1681 1579 1816 1616 con-

103 1651 442 1722 sanguineis
475 1650 669 1704 uxoris
702 1666 837 1703 suas.

173 1760 306 1813 CAP.
343 1758 477 1811 VIII.
499 1757 729 1822 —-Ouod
748 1772 853 1810 uno
885 1757 1041 1810 modo
1056 1758 1340 1826 parentela
1366 1759 1480 1811 viri
1506 1764 1554 1812 et
1575 1760 1820 1812 mulieris

461 1830 521 1882 in
548 1830 919 1896 conjunctione
946 1828 1343 1882 consideranda
1369 1832 1456 1882 sit.

174 1934 296 2003 (Ea:
326 1934 551 1988 concilio
581 1935 887 1999 Matiscen.,
927 1935 1103 2001 capite
1154 1934 1231 2001 3.)
1282 1933 1428 1988 Sane
1476 1934 1816 2003 consangui-

104 2023 258 2076 nitas
293 2039 423 2094 qua:
456 2021 517 2075 in
546 2021 782 2092 proprio
814 2021 935 2074 viro
972 2021 1325 2076 observanda
1358 2026 1459 2088 est,
1490 2022 1612 2075 haec
1644 2022 1813 2075 nimi-

97 2128 233 2165 rum
270 2111 330 2165 in
354 2111 547 2164 uxoris
595 2110 887 2182 parentela
934 2111 1002 2164 de
1062 2111 1186 2180 lege
1236 2111 1569 2180 nuptiarum
1619 2116 1815 2165 custo-

100 2200 317 2254 dienda
365 2205 493 2252 est:
548 2200 683 2269 quia
730 2204 951 2252 constat
1000 2215 1098 2253 eos
1156 2199 1297 2252 duos
1349 2198 1522 2253 fuisse
1555 2200 1613 2253 in
1645 2217 1815 2254 carne

101 2307 243 2357 una,
272 2288 601 2342 communis
625 2287 738 2341 illis
770 2292 1014 2357 utraque
1045 2288 1343 2358 parentela
1373 2304 1494 2342 esse
1530 2288 1817 2344 credenda

102 2384 213 2447 est,
246 2378 401 2431 sicut
425 2377 699 2446 scriptum
737 2381 821 2430 est
852 2392 864 2429 :
901 2376 1079 2429 Erunt
1113 2376 1226 2429 duo
1254 2375 1314 2430 in
1336 2393 1504 2430 carne
1539 2394 1670 2432 una.

269 2483 403 2537 CAP.
439 2483 525 2535 IX.
550 2511 617 2520 —
649 2483 710 2535 In
736 2497 840 2549 quo
867 2482 1110 2548 geniculo
1149 2482 1531 2535 abstinendum
1560 2484 1652 2536 sit.

174 2592 287 2654 (Ea:
319 2590 483 2643 dictis
507 2593 684 2643 sancti
721 2587 967 2655 Isidori.)
1016 2588 1267 2642 Isidorus
1315 2588 1378 2641 in
1438 2588 1817 2659 Etymologiis

103 2679 221 2732 suis
257 2693 442 2747 usque
474 2677 544 2731 ad
578 2676 881 2746 septimam
934 2677 1371 2746 generationem
1404 2676 1817 2746 consanguini-

103 2767 236 2830 tatis
264 2765 693 2832 abstinendum,
727 2770 785 2818 et
813 2765 893 2818 sic
932 2764 1194 2835 legitimo
1241 2765 1530 2819 connubio
1576 2764 1817 2835 conjun-

101 2857 361 2926 gendum
390 2853 653 2907 asseruit.
688 2853 826 2907 Inde
851 2869 977 2906 reor
997 2870 1128 2907 eum
1175 2853 1394 2919 fecisse,
1419 2854 1572 2924 quod
1613 2870 1820 2923 genea-

100 2946 275 3015 logia:
298 2943 511 2998 seriem
533 2947 824 3008 retexens,
848 2958 1153 3013 quousque
1181 2942 1442 2996 ordinem
1474 2943 1820 2997 numerandi

97 3034 420 3105 perducere
454 3036 666 3103 posset,
700 3047 767 3084 eo
816 3030 1210 3100 cognitionem
1254 3031 1551 3101 sanguinis
1585 3048 1818 3085 servan-

99 3125 237 3177 dam
272 3121 601 3175 testimavit.
650 3120 856 3189 Sicque
898 3119 969 3173 ad
1016 3119 1438 3174 invocationem
1490 3121 1719 3191 generis
1766 3127 1822 3175 et
1859 3124 1899 3177 C

99 3210 381 3265 amicitia:
430 3209 527 3279 jus
571 3208 1055 3272 confirmandum,
1111 3208 1301 3262 redire
1345 3208 1415 3262 ad
1459 3209 1815 3263 connubium

100 3300 370 3365 sancivit,
432 3297 668 3369 quando
741 3298 862 3368 jam
913 3295 1275 3367 cognationis
1326 3297 1465 3352 ordo
1522 3299 1818 3353 numerari

100 3389 339 3443 desinit.

101 3496 238 3550 Car.
270 3496 333 3549 Χ.
386 3524 448 3534 -
487 3495 550 3548 In
571 3509 679 3563 qua
701 3494 1007 3547 ramuscula
1037 3495 1531 3560 consanguinitatis
1574 3494 1817 3561 legitima

621 3565 888 3619 connubia
917 3567 1038 3633 ﬁeri
1071 3566 1302 3633 possint.

179 3676 288 3735 (Et
339 3672 502 3725 dictis
530 3670 816 3738 ejusdem.)
876 3670 1081 3724 Beatus
1133 3669 1387 3723 Isidorus
1446 3669 1515 3723 de
1569 3686 1815 3723 consan-

106 3761 393 3831 guinitate
417 3759 496 3813 sic
528 3760 787 3831 loquitur
827 3774 840 3812 :
877 3759 1051 3828 Cujus
1082 3759 1258 3812 series
1291 3763 1511 3827 septem
1544 3760 1816 3828 gradibus

104 3850 420 3915 dirimitur,
454 3849 564 3902 hoc
592 3848 767 3902 modo
804 3864 816 3901 :
860 3848 1033 3901 Filius
1068 3853 1123 3900 et
1161 3846 1300 3913 ﬁlia,
1336 3848 1490 3917 quod
1524 3852 1611 3901 est
1642 3848 1816 3902 frater

106 3947 161 3995 et
192 3955 380 4003 soror,
416 3937 486 3991 sit
516 3938 636 4007 ipse
666 3942 923 3990 truncus.
955 3936 1072 3989 Illis
1112 3952 1370 3989 seorsum
1424 3936 1717 4005 sejunctis,
1748 3954 1815 3991 ex

105 4030 297 4083 radice
331 4028 486 4080 illius
516 4025 706 4079 trunci
737 4023 1116 4094 egrediuntur
1147 4023 1241 4076 isti
1262 4023 1593 4088 ramusculi,
1637 4040 1814 4093 nepos

103 4125 159 4172 et
187 4116 400 4187 neptis,
460 4115 729 4185 primus:
787 4129 1073 4184 pronepos
1125 4118 1182 4164 et
1240 4111 1553 4181 proneptis,
1608 4128 1811 4183 secun-

102 4207 255 4260 dus:
315 4204 574 4273 abnepos
644 4208 702 4256 et
772 4201 1055 4271 abneptis,
1119 4200 1371 4253 tertius:
1446 4199 1701 4268 adnepos
1759 4205 1815 4254 et

102 4293 399 4364 adneptis,
464 4296 747 4362 quartus:
796 4290 1054 4360 triuepos
1098 4294 1151 4341 et
1201 4287 1490 4358 trineptis,
1536 4288 1808 4358 quintus:

100 4390 157 4437 et
214 4380 525 4452 trinepotis
580 4396 759 4449 nepos
821 4382 877 4432 et
933 4375 1237 4447 trinepotis
1310 4376 1521 4445 neptis,
1600 4382 1808 4431 sextus.
1845 4402 1887 4455 Ι)

104 4474 235 4527 Haec
323 4468 817 4539 consanguinitas,
873 4467 1011 4520 dum
1085 4483 1143 4519 se
1199 4465 1481 4534 paulatim
1533 4465 1596 4517 in
1681 4482 1823 4535 pro-

104 4556 394 4627 paginem
452 4552 751 4608 ordinibus
818 4551 1115 4615 dirimens,
1170 4565 1350 4619 usque
1422 4548 1491 4603 ad
1555 4548 1820 4602 ultimum

106 4644 355 4714 gradum
389 4657 511 4696 sese
544 4640 902 4703 subtraxerit,
942 4643 999 4692 et
1042 4636 1443 4707 propinquitas
1485 4652 1607 4690 esse
1639 4637 1826 4690 desie-

104 4735 200 4794 rit,
236 4738 379 4787 tunc
421 4731 673 4801 primum
712 4730 800 4781 lex
852 4728 909 4781 in
938 4725 1294 4779 matrimonii
1344 4725 1635 4778 vinculum
1679 4724 1825 4778 reci-

107 4823 319 4891 pietur,
369 4826 425 4872 et
493 4815 924 4888 quodammodo
972 4812 1260 4867 revocabit
1297 4812 1635 4881 fugientem.
1690 4811 1824 4865 Ideo

106 4917 307 4963 autem
342 4923 524 4978 usque
556 4905 627 4959 ad
657 4911 878 4958 sextum
922 4901 1153 4972 generis
1194 4901 1436 4972 gradum
1479 4899 1826 4969 consangui-

106 5000 257 5053 nitas
287 4997 595 5051 constituta
618 5001 722 5059 est,
756 4998 819 5045 ut
873 4992 1019 5045 sicut
1049 4991 1107 5045 in
1163 5006 1259 5043 sex
1302 4988 1564 5042 natatibus
1624 4986 1827 5041 mundi

107 5085 410 5159 generatio
442 5090 498 5137 et
535 5082 791 5137 hominis
829 5086 1011 5133 status
1059 5078 1281 5143 finitur,
1324 5078 1403 5131 ita
1424 5077 1827 5148 propinquitas

108 5174 343 5245 generis
377 5178 463 5227 tot
492 5170 768 5242 gradibus
798 5168 1160 5224 terminetur.

110 5284 239 5337 CAP.
279 5281 365 5335 XI.
401 5309 470 5317 —
503 5276 661 5341 Quod
716 5274 1166 5339 consanguinitas
1216 5285 1386 5338 usque
1438 5269 1513 5323 ad
1536 5271 1830 5338 septimum

506 5347 814 5414 geniculum
867 5343 1204 5398 conservari'
1228 5342 1435 5395 debeat.

185 5443 292 5506 (Ex
324 5443 466 5509 epist
514 5436 772 5503 Gregorii
820 5448 980 5503 papae
1025 5434 1289 5501 episcopis
1355 5430 1555 5483 Galliae
1614 5428 1829 5497 missa.)

118 5528 456 5599 Progeniem
498 5540 665 5577 suam
698 5534 1172 5592 unumquemque
1203 5520 1274 5573 ad
1298 5517 1600 5587 septimam
1634 5516 1829 5569 obser-

120 5636 243 5672 vare
272 5614 640 5672 decernimus
674 5611 1129 5681 generationem,
1162 5612 1217 5660 et
1255 5606 1513 5677 quandiu
1545 5620 1603 5656 se
1653 5620 1830 5673 agno-

122 5712 278 5760 scunt
308 5704 594 5759 aflinitate
626 5698 1001 5769 propinquos,
1035 5695 1104 5749 ad
1144 5694 1506 5763 conjugalem
1568 5692 1829 5760 copulam

1063 439 1538 497 DECRETORUM
1583 442 1771 497 LIBRI
1806 441 1915 498 ΧΧ.
1949 472 2017 482 —-
2051 442 2263 498 LIBER
2303 442 2663 499 SEPTIMUS.

1139 581 1441 636 usquequo
1520 562 1812 619 affinitatis
1842 570 1886 621 Α
1918 566 2185 620 accedere
2227 566 2597 636 denegamus.
2645 566 2807 630 Quod
2864 566 2909 620 si
2967 567 3225 635 fecerint,
3268 576 3626 640 separentur.

3522 449 3630 502 782

2374 674 2500 727 CAP.
2534 674 2643 726 XII.
2679 703 2745 712 —
2781 676 2851 727 De
2883 675 3065 727 eadem
3086 691 3161 727 re.

1987 758 2096 828 (Ea:
2135 760 2329 815 concil.
2386 762 2537 829 apud
2571 761 2865 815 Theodonis
2922 762 3111 816 villam
3142 763 3327 817 habito
3378 780 3494 833 cap.
3547 767 3626 835 8.)

1916 848 2114 901 Nullus
2148 849 2409 902 fidelium
2464 866 2644 919 usque
2674 850 2743 902 ad
2805 848 3101 903 aflinitatis
3160 851 3392 919 lineam,
3450 852 3504 905 id
3546 860 3631 906 est

1915 951 2098 1005 usque
2128 935 2190 988 in
2222 936 2525 1005 septimam
2548 935 2909 1005 progeniem,
2944 939 3428 1007 consanguineam
3468 957 3629 995 suam

1918 1024 2092 1077 ducat
2116 1040 2376 1093 uxorem,
2406 1026 2494 1077 vel
2526 1041 2649 1077 eam
2692 1041 2921 1095 quoque
2965 1026 3140 1079 modo
3167 1028 3367 1081 incesti
3410 1032 3633 1084 macula

1918 1113 2156 1183 polluat.
2194 1114 2250 1167 Si
2284 1113 2413 1183 quis
2440 1129 2574 1167 vero
2624 1114 2731 1167 hoc
2788 1118 3003 1168 temere
3053 1117 3503 1186 praesumpserit,
3571 1125 3633 1172 ut

1919 1202 2203 1255 incestum
2256 1203 2394 1269 luat,
2451 1218 2515 1255 ac
2571 1202 2819 1273 publice,
2869 1203 3035 1272 juxta
3087 1206 3390 1259 canonicos
3419 1207 3631 1277 gradus

1923 1289 2226 1360 poeniteat.

2351 1361 2478 1415 CAP.
2540 1362 2679 1414 XIII.
2712 1389 2785 1401 —
2812 1364 2891 1417 De
2910 1362 3097 1415 eadem
3124 1378 3200 1417 re.

1998 1449 2115 1519 (Ea:
2152 1451 2383 1505 concilio
2440 1450 2718 1515 Lugdun.,
2754 1466 2874 1519 cap.
2931 1451 3039 1520 I0.)
3090 1451 3240 1505 Nulli
3292 1469 3355 1507 ex
3398 1454 3632 1524 propin-

1928 1538 2146 1610 quitate
2196 1538 2284 1591 sui
2344 1538 2643 1608 sanguinis
2671 1555 2851 1609 usque
2905 1540 2975 1593 ad
3015 1540 3325 1610 septimum
3387 1543 3632 1612 gradum

1931 1644 2140 1681 uxores
2184 1629 2413 1694 ducant,
2451 1644 2639 1697 neque
2690 1628 2813 1681 sine
2844 1627 3246 1683 benedictione
3306 1632 3632 1685 sacerdotis.

1931 1716 2039 1779 Qui
2070 1720 2202 1769 ante
2250 1716 2481 1785 innupti
2531 1720 2714 1780 erant,
2747 1734 2778 1769 a
2830 1717 3126 1771 sacerdote
3177 1718 3463 1774 benedicti
3525 1736 3631 1774 nu-

1852 1845 1893 1897 B
1933 1805 2066 1859 bere
2099 1804 2365 1859 audeant.

2368 1896 2496 1948 Car.
2529 1894 2663 1947 XIV.
2696 1924 2765 1934 —
2799 1897 2872 1948 De
2891 1895 3074 1948 eadem
3103 1911 3179 1949 re.

1994 1982 2103 2051 (La:
2124 1984 2345 2036 concilio
2381 1984 2694 2049 Aureliam,
2729 1998 2847 2051 cap.
2888 1984 2987 2050 l0.)
3024 1984 3256 2037 Nullum
3283 1982 3343 2038 in
3390 1991 3633 2056 utroque

1929 2086 2065 2124 sexu
2098 2070 2490 2139 permittimus
2521 2087 2583 2124 ex
2616 2072 3052 2142 propinquitate
3078 2073 3166 2125 sui
3199 2074 3514 2143 sanguinis,
3547 2076 3633 2127 vel

1927 2159 2143 2223 uxoris,
2206 2175 2387 2228 usque
2434 2158 2493 2213 in
2554 2160 2785 2229 septimi
2833 2160 3060 2230 generis
3100 2162 3342 2229 gradum
3396 2180 3632 2218 uxorein

1922 2248 2150 2314 ducere,
2180 2249 2270 2303 vel
2296 2247 2502 2302 incesti
2534 2249 2761 2302 macula
2791 2250 3220 2303 commaculari.

2385 2354 2515 2408 CAP.
2542 2355 2649 2407 XV.
2683 2383 2746 2395 —
2780 2358 2850 2408 De
2869 2356 3053 2408 eadem
3083 2371 3157 2408 re.

1998 2443 2114 2508 (Ea:
2145 2443 2331 2496 concil.
2365 2445 2693 2511 Agrippin.,
2719 2459 2838 2512 cap.
2884 2448 2958 2509 6.)
2996 2445 3059 2496 In
3100 2450 3322 2514 septem
3367 2445 3637 2514 gradibus

1924 2529 2120 2584 omnia
2186 2530 2687 2600 propinquitatum
2748 2532 2987 2584 nomina
3044 2533 3432 2600 continentur,
3484 2534 3636 2587 ultra

1931 2634 2074 2689 quos
2103 2634 2207 2672 nec
2263 2619 2515 2671 affinitas
2572 2619 2887 2687 invenitur,
2947 2636 3049 2673 nec
3107 2621 3384 2675 successio
3451 2627 3637 2691 potest

1926 2706 2175 2777 amplius
2207 2707 2547 2777 praerogari.

2364 2812 2491 2866 cip.
2524 2812 2653 2865 XVI.
2686 2841 2758 2853 —
2790 2816 2861 2867 De
2898 2813 3082 2866 eadem
3121 2830 3197 2867 re.

2002 2920 2106 2983 (Ea:
2137 2919 2325 2973 concil.
2358 2919 2637 2987 Meldensi,
2672 2934 2788 2987 cap.
2818 2918 2897 2989 ‘7.)
2933 2920 3010 2972 De
3062 2919 3339 2974 affinitate
3384 2936 3635 2991 namque

1930 3007 2229 3077 sanguinis
2256 3024 2359 3078 per
2404 3007 2613 3077 gradus
2646 3007 3030 3077 cognationis,
3062 3009 3275 3077 placuit
3330 3025 3513 3079 usque
3566 3010 3637 3063 ad

1931 3096 2234 3164 septimam
2271 3094 2705 3165 generationem
2761 3096 3110 3157 observare:
3155 3113 3286 3149 nam
3341 3102 3398 3149 et
3447 3096 3637 3150 luere-

1929 3184 2077 3238 ditas
2134 3200 2329 3237 rerum
2382 3200 2484 3255 per
2540 3184 2751 3254 legales
2794 3184 3158 3238 definitiones
3217 3184 3398 3238 sancit
3457 3202 3636 3255 usque

1929 3273 1994 3327 ad
2026 3273 2336 3343 septimum
2369 3273 2613 3343 gradum
2639 3275 2995 3343 praetendere
3052 3274 3346 3327 haeredum
3408 3290 3631 3328 succes-

1929 3361 2149 3415 sionem
2193 3376 2350 3414 :nou
2379 3360 2535 3413 enim
2591 3361 2986 3426 succederent,
3042 3361 3152 3415 nisi
3206 3361 3259 3416 ei
3304 3362 3373 3415 de
3434 3377 3641 3432 propa-

1928 3450 2063 3519 gine
2094 3448 2457 3516 cognationis
2488 3448 2817 3503 deberetur.

1928 3556 2057 3609 CAP.
2094 3555 2252 3610 XVII.
2293 3583 2361 3594 —
2390 3556 2455 3607 Ut
2503 3555 2710 3607 duobus
2766 3556 2851 3608 vel
2890 3556 3065 3608 tribus
3120 3556 3345 3609 testibus
3394 3558 3636 3611 testimo-

2139 3630 2291 3677 nium
2323 3625 2630 3678 dicentibus
2667 3629 3052 3692 consanguinei
3083 3634 3421 3693 separentur.

1999 3732 2107 3797 (Ea:
2154 3731 2340 3783 concil.
2373 3729 2700 3793 Hilerdensi,
2733 3746 2852 3799 cup.
2895 3730 3008 3799 20.)
3059 3731 3128 3784 Ut
3169 3731 3359 3783 omnis
3406 3736 3635 3784 contro-

1926 3819 2131 3884 versia,
2183 3834 2312 3888 qua:
2365 3817 2434 3871 de
2490 3816 2880 3870 ecclesiasticis
2938 3817 3110 3870 rebus
3170 3817 3254 3883 fit,
3319 3816 3636 3869 secundum

1926 3908 2181 3962 divinam
2208 3909 2396 3977 legem
2447 3908 2552 3961 sub
2582 3906 2803 3961 duobus
2854 3906 2941 3959 vel
2995 3907 3176 3960 tribus
3236 3904 3475 3959 testibus
3524 3912 3637 3957 ter-

1926 3998 2198 4051 minetur.
2285 3998 2462 4050 Testis
2549 4002 2630 4049 est
2710 3996 3003 4060 Dominus,
3064 4010 3195 4049 cum
3245 3994 3434 4049 dixit:
3517 3994 3639 4048 Non

1929 4101 2079 4138 unus
2141 4088 2253 4137 stet
2291 4090 2489 4137 contra
2542 4082 2742 4147 aliuin,
2803 4082 2900 4135 sed
2958 4082 3020 4136 in
3077 4099 3176 4137 ore
3230 4082 3481 4136 duorum
3552 4084 3638 4136 vel

1927 4173 2110 4227 trium
2146 4174 2377 4227 testium
2411 4178 2520 4225 stet
2551 4189 2721 4225 omne
2750 4171 3007 4226 verbum.

2352 4278 2481 4331 Csp.
2513 4278 2701 4332 XVIII.
2728 4305 2793 4317 —
2828 4278 2910 4330 De
2929 4277 3115 4331 eadem
3135 4293 3210 4332 re.

2002 4366 2106 4436 (Ea
2156 4365 2344 4420 concil.
2378 4366 2665 4429 Cabillon,,
2722 4380 2838 4432 cap.
2890 4364 2965 4433 ὅ.)
2998 4364 3454 4419 Contradicimus
3492 4381 3639 4434 quo-

1934 4470 2045 4525 que
2077 4459 2139 4507 ut
2166 4454 2227 4506 in
2261 4456 2485 4522 quarta,
2521 4452 2603 4503 vel
2652 4450 2873 4521 quinta,
2915 4458 3187 4521 sextaque
3245 4452 3639 4522 generatione,

1934 4543 2126 4595 nullus
2175 4540 2424 4609 amplius
2451 4538 2722 4608 conjugio
2773 4539 3094 4607 copuletur.
3133 4540 3237 4593 Ubi
3266 4546 3458 4595 autem
3516 4548 3645 4611 post

1934 4629 2305 4683 interdictum
2335 4628 2552 4681 factum
2585 4626 2756 4680 fuerit
2786 4625 3112 4695 inventum,
3157 4634 3470 4698 separetur.

1936 4738 2065 4790 CAP.
2091 4736 2215 4788 .\'l.\'.
2255 4763 2321 4771 —
2362 4732 2510 4797 Quid
2555 4737 2774 4785 sanctus
2828 4733 3120 4796 Gregorius
3178 4736 3497 4801 Augustino
3530 4736 3643 4788 An-

2006 4810 2217 4873 glorum
2270 4804 2621 4872 prmdicatori
2671 4808 2897 4871 propter
2926 4806 3262 4858 teneritatem
3308 4819 3457 4858 nova.o
3515 4806 3645 4874 ﬁdei

2004 4879 2340 4947 permiserit.

2009 4984 2121 5051 (Em
2180 4982 2339 5050 epist.
2394 4980 2619 5033 Joannis
2670 4978 3089 5047 Constantinop.
3125 4980 3365 5049 episcopi
3417 4981 3492 5034 ad
3548 4983 3642 5035 Fe-

1937 5072 2091 5126 licem
2125 5071 2432 5138 episcopum
2477 5066 2721 5137 Siciliae.)
2771 5066 3082 5137 Gregorius
3140 5084 3291 5139 papa
3338 5069 3644 5139 requisitas

1938 5164 2009 5216 ab
2039 5162 2359 5231 Augustino
2396 5160 2715 5231 Anglorum
2753 5159 2941 5231 gentis
2972 5160 3240 5231 episcopo
3263 5168 3438 5231 quota
3471 5178 3644 5232 gene-

1941 5249 2165 5303 ratione
2196 5249 2394 5303 fideles
2444 5248 2694 5302 debeant
2749 5249 3029 5319 copulari,
3095 5248 3512 5319 dispensatorie
3567 5249 3648 5303 sic

1940 5337 2246 5392 rescribit:
2306 5336 2580 5401 Quaedam
2643 5334 2736 5391 lex
2789 5337 2851 5391 in
2896 5338 3156 5392 Romana
3180 5337 3475 5408 republica
3526 5355 3649 5409 per-

1941 5427 2119 5480 mittit
2145 5433 2206 5481 ut
2239 5426 2359 5479 sive
2412 5426 2591 5480 frater
2621 5430 2677 5479 et
2731 5441 2915 5493 soror,
2942 5442 3044 5479 seu
3101 5427 3352 5480 duorum
3404 5426 3648 5481 fratrum

1946 5531 2355 5586 germanorum
2412 5514 2501 5568 vel
2550 5514 2794 5568 duarum
2854 5530 3117 5568 sororum
3201 5514 3354 5569 ﬁlius
3426 5523 3483 5569 et
3532 5516 3653 5568 filia

1943 5602 2334 5655 misceantur:
2393 5602 2539 5655 sicut
2609 5601 3003 5671 experimento
3057 5601 3382 5669 didicimus,
3438 5619 3506 5657 ex
3552 5604 3653 5657 tali

1945 5689 2220 5759 conjugio
2253 5688 2509 5742 sobolem
2543 5703 2657 5740 non
2716 5705 2878 5758 posse
2934 5704 3308 5742 succrescere.
3346 5692 3506 5745 Unde
3554 5707 3651 5743 ne-
