4380 6424
862 466 868 473 .
905 422 1007 475 783
1982 419 2393 478 BURCHARDI
2436 418 2969 478 WORHACIENSIS
3007 420 3345 477 EPISCOI’I.
4270 425 4325 473 784'

905 559 1058 625 cosse
1084 548 1174 599 est
1202 547 1270 599 ut
1310 544 1696 616 jam-quarta
1743 543 1831 597 vel
1886 542 2086 615 quinta
2127 542 2421 613 generatio
2466 542 2607 596 ﬁde-
2636 542 2681 594 Α
2718 540 2848 596 Car.
2889 541 3037 595 XXV.
3083 569 3143 581 —
3196 540 3602 625 Sacramean
3659 538 4076 625 derparenteta,
4138 540 4323 609 quorum

907 634 1048 688 lium
1084 632 1326 687 licenter
1354 631 1461 685 sibi
1485 632 1824 702 jungantur.

908 756 1035 811 CAP.
1071 757 1174 810 XX.
1211 785 1279 797 -
1336 755 1494 819 Quod
1547 760 1769 810 sanctus
1800 755 2090 820 Gregorius
2144 754 2239 807 hoc
2297 754 2603 821 Anglorum

1080 829 1234 894 genti
1261 828 1589 895 specialiter,
1619 842 1724 880 non
1743 826 2065 893 generaliter
2088 827 2424 894 permiserit.

976 929 1130 999 (Item
1157 929 1301 983 idem
1324 930 1495 984 Joan.
1536 928 1714 998 dicit.)
1745 929 1949 982 Verum
1978 932 2109 999 post
2158 928 2409 983 multum
2456 933 2602 982 tem-

906 1018 1063 1088 poris
1091 1033 1125 1070 a
1173 1017 1358 1072 Felice
1417 1018 1662 1072 leaenae
1710 1016 1920 1070 Siciliae
1972 1017 2216 1086 praesule
2271 1017 2601 1086 requisitus,

910 1110 1097 1159 utrum
1135 1106 1458 1174 Augustino
1515 1104 1822 1173 Gregorius
1881 1105 2109 1174 scripsit
2158 1110 2224 1159 ut
2280 1106 2601 1174 Anglorum

907 1198 1105 1263 quarta
1152 1193 1525 1262 generatione
1574 1198 1867 1246 contracta
1938 1193 2311 1247 matrimonia
2365 1193 2604 1247 minime

906 1284 1278 1345 solverentur,
1308 1281 1668 1335 humillimus
1700 1282 1866 1334 Pater
1921 1281 2232 1350 Gregorius
2288 1282 2439 1335 inter
2502 1297 2605 1335 cae-

902 1372 1024 1422 tera
1052 1370 1226 1422 talem
1257 1369 1418 1422 dedit
1468 1370 1753 1422 rationem
1786 1384 1800 1421 :
1829 1368 1990 1432 Quod
2030 1370 2229 1439 scripsi
2282 1372 2603 1440 Augustino

900 1458 1215 1526 Anglorum
1247 1458 1436 1527 gentis
1461 1458 1755 1527 episcopo,
1813 1458 2049 1511 alumno
2076 1456 2334 1511 videlicet
2399 1464 2466 1512 ut
2522 1475 2607 1512 re-

902 1546 1145 1599 corderis
1170 1551 1293 1610 tuo,
1323 1546 1394 1600 de
1432 1546 1954 1616 consanguinitatis
2001 1546 2432 1615 conjunctione,
2497 1546 2603 1616 ipsi

904 1639 959 1687 et
984 1634 1299 1702 Anglorum
1358 1635 1537 1702 genti,
1598 1650 1730 1704 qua:
1786 1649 1974 1704 nuper
1999 1634 2069 1687 ad
2124 1634 2300 1687 tidem
2349 1639 2603 1700 venerat,

901 1738 970 1777 ne
1004 1740 1037 1776 a
1075 1724 1229 1776 bono
1285 1724 1440 1793 quod
1498 1726 1751 1793 coeperat
1808 1723 2121 1776 metuendo
2152 1724 2470 1776 austeriora
2523 1739 2608 1776 re-

3306 610 3693 680 inquirendum
3720 613 3813 665 sit.

2783 718 2861 772 De
2916 717 3022 771 ista
3070 717 3364 789 parentela
3392 732 3567 787 quam
3613 716 3809 771 dicunt
3860 732 3983 771 esse
4038 716 4184 770 inter
4226 716 4328 767 illuc

2712 806 2777 861 N.
2802 811 2857 860 et
2887 806 3051 859 istam
3079 807 3201 876 ejus
3233 806 3538 876 conjugem
3569 805 3632 859 N.
3666 804 3944 876 quidquid
3975 805 4110 860 inde
4151 804 4258 867 scis,
4280 814 4328 857 ειεὲ

2710 894 2918 948 audisti
2949 910 2981 947 a
3003 894 3115 947 tuis
3147 894 3363 955 vicinis,
3397 898 3496 947 aut
3538 909 3573 947 a
3621 894 3734 947 tuis
3776 893 4195 965 antiquioribus
4250 909 4328 961 pru-

2711 982 2963 1053 pinquis,
2994 982 3147 1053 quod
3173 987 3234 1037 tu
3264 997 3368 1053 per
3398 981 3619 1036 nullum
3668 980 3989 1052 ingenium,
4016 997 4120 1036 nec
4170 990 4328 1051 propis

2711 1086 2987 1138 amorem,
3019 1086 3122 1125 nec
3172 1077 3409 1142 propter
3466 1070 3737 1125 timorem
3785 1075 3884 1124 aut
3920 1086 4025 1141 per
4078 1070 4324 1142 premium

2711 1165 2810 1212 aut
2835 1175 2938 1230 per
2985 1159 3541 1229 consanguinitatem
3569 1158 3779 1213 celabis
3811 1158 4142 1229 episcopum
4208 1164 4328 1211 tum:

2711 1254 2811 1301 aut
2864 1250 2983 1317 ejus
3037 1249 3296 1311 missum,
3325 1247 3417 1301 cui
3460 1247 3565 1301 hoc
3597 1248 3887 1318 inquirere
3907 1248 4162 1317 jusserit,
4210 1263 4328 1317 quan-

2712 1336 3013 1408 docunque
3043 1341 3097 1389 te
3136 1352 3201 1389 ex
3230 1336 3336 1390 hoc
3368 1335 3827 1405 interrogaverit,
3856 1335 3937 1390 sic
3973 1342 4030 1391 te
4063 1336 4205 1390 Deus
4238 1336 4328 1401 adju

2714 1431 2827 1492 vet,
2858 1430 2914 1478 et
2939 1425 3061 1478 ista:
3085 1430 3415 1477 sanctorum
3457 1424 3736 1495 reliquie.

3002 1549 3133 1603 CAP.
3178 1549 3353 1604 XXVI.
3382 1577 3453 1590 —
3478 1551 3857 1605 Juramcntum
3888 1551 4124 1604 testium.

2789 1656 2942 1709 Istud
2974 1659 3394 1708 sacramentum
3453 1654 3607 1725 quod
3653 1654 3763 1709 iste
3809 1655 4026 1725 juravit
4055 1671 4125 1709 ne
4170 1656 4258 1708 illa
4291 1673 4328 1724 pa

2688 1744 2953 1806 rentela,
2990 1759 3117 1813 quae
3165 1742 3315 1796 inter
3362 1742 3526 1797 illum
3571 1743 3638 1797 Ν.
3697 1748 3754 1796 et
3807 1744 3932 1814 ejus
3990 1744 4328 1813 conjugem.‘

902 1811 1144 1876 cederet,
1202 1811 1548 1881 specialiter,
1600 1816 1658 1864 et
1712 1826 1827 1863 non
1892 1812 2237 1881 generaliter
2289 1811 2599 1865 certissima

2680 1811 3102 1901 Icomputatur,
3136 1830 3288 1900 quod
3337 1835 3400 1884 tu
3446 1830 3587 1884 illud
3641 1811 3972 1885 observabis
4016 1811 4328 1903 iniquantun

904 1900 1188 1969 scripsisse
1218 1915 1312 1953 me
1361 1915 1687 1969 cognoscas.
1727 1899 1886 1953 Unde
1939 1904 1996 1951 et
2051 1900 2192 1952 mihi
2250 1901 2437 1953 omnis
2486 1900 2605 1952 Ro-

901 2003 1073 2041 mana
1103 1988 1304 2041 civitas
1346 1989 1506 2040 testis
1560 1987 1771 2053 existit,
1833 2002 1939 2039 nec
1990 2002 2055 2039 ea
2115 1987 2433 2041 intentione
2479 1988 2604 2041 hinc

902 2076 1014 2130 illis
1044 2076 1245 2145 scripsi
1279 2075 1569 2141 mandata,
1614 2081 1682 2128 ut
1723 2080 2030 2144 postquam
2083 2075 2252 2129 ﬁrma
2302 2076 2491 2129 radice
2543 2078 2603 2130 in

908 2164 1019 2218 tide
1044 2165 1263 2218 fuerint
1291 2164 1540 2229 solidati,
1595 2164 1645 2216 si
1677 2163 1828 2217 infra
1856 2162 2151 2233 propriam
2198 2165 2603 2234 consanguini-

908 2259 1084 2306 tatem
1134 2252 1351 2305 inventi
1406 2252 1638 2319 fuerint,
1697 2268 1817 2305 non
1898 2257 2257 2321 separentur,
2307 2260 2408 2305 aut
2457 2254 2604 2307 infra

911 2340 1205 2394 afﬁnitatis
1237 2342 1467 2405 lineam,
1499 2341 1556 2395 id
1585 2346 1672 2393 est
1722 2355 1903 2410 usque
1964 2340 2033 2393 ad
2083 2342 2383 2410 septimam
2437 2359 2604 2411 gene-

910 2428 1188 2483 rationem
1214 2429 1535 2498 jungantur
1566 2445 1580 2482 :
1612 2428 1711 2482 sed
1736 2428 1891 2499 quod
1917 2429 2103 2483 adhuc
2158 2430 2269 2482 illis
2301 2433 2603 2500 neopliytis

909 2516 1283 2570 existentibus
1352 2516 1435 2569 eis
1481 2516 1733 2585 primum
1766 2516 1960 2570 illicita
1999 2519 2343 2583 consentire,
2391 2526 2449 2571 ct
2503 2536 2601 2573 eos

908 2604 1096 2658 verbis
1127 2620 1187 2657 ac
1213 2604 1487 2673 exemplis
1510 2605 1815 2671 instruere,
1849 2611 1907 2657 et.
1935 2621 2063 2675 quo:
2107 2611 2233 2675 post
2261 2606 2330 2659 de
2390 2608 2602 2659 talibus

910 2693 1151 2762 egerint,
1182 2693 1597 2746 rationabiliter
1617 2699 1673 2747 et
1712 2692 1957 2746 ﬁdeliter
2010 2694 2313 2748 excludere
2368 2701 2599 2765 oporte-

908 2786 1011 2833 ret.
1045 2780 1185 2833 Nam
1208 2781 1368 2850 juxta
1400 2782 1739 2850 Apostolum
1788 2781 1888 2851 qui
1931 2781 2055 2834 ait:
2112 2782 2220 2835 Lac
2265 2782 2394 2835 dedi
2441 2783 2600 2835 vobis

903 2874 1101 2937 potum
1132 2884 1244 2921 non
1276 2885 1481 2927 escam.
1516 2869 1624 2921 ista
1652 2868 1764 2921 illis
1814 2870 2009 2935 modo,
2045 2885 2164 2923 non
2217 2871 2482 2939 posteris,
2539 2877 2601 2924 ut

902 2955 1199 3025 praeﬁxum
1233 2960 1337 3022 est,
1397 2957 1753 3027 temporibus
1806 2957 2051 3010 tenenda
2105 2957 2471 3025 indulsimus,
2527 2976 2598 3013 ne

902 3042 1117 3097 bonum
1146 3044 1295 3114 quod
1327 3044 1557 3097 inlirma
1589 3045 1773 3098 adhuc
1830 3045 2017 3098 radice
2069 3046 2390 3115 plantatum
2451 3055 2595 3111 erat,

906 3140 1244 3187 exureretur
1303 3134 1401 3186 sed
1480 3133 1837 3203 aliquantum
1895 3134 2247 3203 ﬁrmaretur,
2305 3140 2361 3189 et
2416 3152 2599 3207 usque

903 3220 971 3273 ad
1003 3220 1408 3291 perfectionem
1461 3221 1862 3275 custodiretur.
1901 3224 2029 3276 Haec
2086 3239 2193 3292 ego
2251 3239 2387 3294 ergo
2442 3225 2604 3279 Joan-

904 3322 1007 3361 nes
1032 3307 1243 3361 idcirco
1272 3308 1706 3379 perstringenda
1754 3310 1967 3375 curavi,
2003 3315 2062 3363 ut
2102 3310 2161 3363 hi
2206 3312 2305 3383 qui
2354 3314 2598 3367 occasio-

904 3411 977 3449 ne
1025 3411 1185 3448 novre
1245 3395 1687 3465 dispensationis
1738 3397 1934 3451 illicita
1976 3399 2341 3453 matrimonia
2407 3409 2602 3456 contra

902 3483 1057 3538 hunc
1086 3484 1531 3537 eruditissimum
1564 3484 1749 3539 virum
1781 3492 2106 3554 causentur,
2149 3504 2265 3541 non
2314 3491 2600 3559 generali-

900 3577 990 3626 ter
1042 3577 1260 3642 quartze
1333 3572 1719 3643 generationis
1792 3577 2059 3646 copulam
2116 3578 2423 3643 censuisse,
2482 3578 2600 3633 imo

790 3728 799 3735 ο
899 3661 1215 3715 venialiler.

898 3766 1026 3821 CAP.
1061 3766 1187 3821 XXI.
1234 3796 1303 3808 —
1335 3767 1492 3831 Quod
1526 3773 1792 3835 extranei,
1841 3772 1952 3823 nisi
1981 3786 2048 3823 ea:
2075 3775 2397 3834 necessario,
2430 3771 2598 3825 disci-

1039 3836 1192 3890 dium
1218 3840 1361 3890 inter
1389 3844 1813 3907 consanguineos
1852 3844 2031 3907 facere
2067 3857 2174 3895 non
2204 3841 2451 3897 debeant.

969 3941 1078 4011 (Ea:
1103 3942 1244 3995 decr.
1276 3942 1508 3996 Fabiani
1530 3960 1705 4013 papae,
1738 3962 1859 4013 cap.
1892 3947 1971 4014 8.)
2004 3946 2469 4017 Consanguineos
2500 3966 2595 4002 ex-

896 4036 1229 4084 traneorum
1258 4031 1452 4083 nullus
1472 4037 1716 4097 accuset,
1751 4035 1838 4087 vel
1860 4035 2413 4104 consanguinitatem
2435 4037 2493 4091 in
2518 4055 2598 4109 sy-

898 4119 1053 4171 nodo
1082 4121 1394 4187 computet,
1451 4120 1546 4172 sed
1605 4120 1921 4191 propinqui
1952 4122 2019 4175 ad
2074 4140 2320 4193 quorum
2395 4129 2593 4179 notam

896 4206 1166 4276 pertinet,
1198 4208 1253 4260 id
1282 4212 1384 4273 est,
1415 4212 1595 4276 pater,
1626 4216 1826 4276 mater,
1860 4209 2050 4278 frater,
2096 4230 2276 4279 soror,
2328 4218 2589 4284 patruus,

898 4296 1226 4360 avunculus,
1275 4294 1466 4361 amita,
1527 4301 1850 4363 matertera,
1884 4304 1940 4351 et
1996 4315 2196 4353 eorum
2247 4302 2586 4369 procreatio.

2715 1920 2889 1988 sapis,
2920 1922 3020 1971 aut
3048 1918 3280 1984 audisti,
3312 1918 3391 1971 sic
3418 1923 3472 1973 te
3516 1919 3662 1972 Deus
3692 1919 3942 1989 adjuvet.

2763 2041 2891 2097 Car.
2925 2041 3123 2095 XXVII.
3148 2071 3216 2080 —
3245 2042 3653 2096 Sacramcntum
3683 2042 3749 2096 de
3776 2044 4078 2097 incestuoso
4106 2043 4315 2097 discidio.

2782 2148 2867 2202 Ab
2896 2148 3003 2200 isto
3032 2147 3121 2200 die
3155 2147 3212 2201 in
3247 2152 3411 2200 antea
3444 2148 3594 2219 quod
3623 2152 3684 2201 tu
3710 2164 3814 2218 per
3842 2148 4072 2202 nullum
4106 2148 4328 2219 ingenia:

2713 2241 2767 2289 te
2823 2236 3061 2289 sociabis
3114 2234 3247 2289 huic
3322 2242 3435 2289 tum
3517 2236 3854 2305 conguinere
3937 2237 4007 2290 Ν.
4084 2252 4206 2290 cum
4279 2254 4328 2306 qu

2712 2329 2911 2378 contra
2944 2324 3128 2394 legem
3160 2329 3215 2376 et
3244 2328 3457 2377 rectam
3518 2324 4013 2379 Cbristianitatem
4047 2330 4200 2379 tuam
4241 2327 4327 2377 adu}

2712 2414 2919 2466 terium
2952 2419 3007 2465 et
3030 2414 3309 2465 incestum
3343 2411 3706 2482 perpetrasti,
3740 2428 3846 2467 nec
3896 2413 3953 2466 in
4003 2415 4259 2485 conjugio
4286 2430 4327 2466 οε

2711 2504 2769 2556 in
2799 2501 3080 2555 adulterio
3109 2500 3265 2555 illam
3297 2501 3403 2555 tibi
3434 2500 3692 2565 sociabis,
3725 2517 3829 2555 nec
3858 2518 3988 2555 cum
4020 2502 4115 2557 illa
4134 2504 4201 2556 ad
4229 2518 4328 2555 nan

2713 2605 2969 2644 mensam
3027 2590 3399 2643 manducabis
3453 2595 3512 2644 et
3564 2590 3746 2657 bibes,
3803 2596 3905 2644 aut
3947 2590 4056 2645 sub
4085 2606 4196 2644 uno
4249 2598 4328 2643 ter:

2710 2678 2990 2739 manebis,
3026 2679 3136 2731 nisi
3192 2680 3335 2731 forte
3365 2679 3422 2731 in
3453 2679 3688 2732 ecclesia
3716 2685 3813 2732 aut
3840 2680 3900 2732 in
3935 2680 4133 2749 aliquo
4177 2682 4327 2749 public

2715 2769 2853 2831 loco,
2911 2767 3008 2819 ubi
3071 2767 3227 2819 nulla
3275 2767 3427 2820 mala
3480 2767 3726 2838 suspicio
3773 2767 3955 2837 possit
3997 2784 4139 2833 esse,
4183 2776 4244 2822 ut
4301 2771 4328 2821 ιε

2709 2871 2900 2908 coram
2935 2854 3174 2907 testibus
3205 2855 3426 2908 idoneis
3452 2871 3558 2925 pro
3593 2860 3746 2908 certa
3799 2856 4135 2909 necessitate
4188 2866 4328 2925 parite

2708 2942 3140 3013 colloquamini.
3210 2944 3323 2997 Nec
3377 2945 3681 3014 conjugem
3752 2943 4015 3013 accipies,
4074 2944 4183 2997 nisi
4249 2946 4328 2995 tun

2708 3038 2836 3101 post
2874 3038 3159 3102 peractam
3205 3032 3603 3102 paenitentiam
3642 3032 3747 3085 tibi
3777 3033 4006 3086 licentia
4035 3033 4166 3086 data
4232 3034 4328 3085 tuen

2714 3122 2785 3175 ab
2815 3122 3084 3190 episcopo
3113 3125 3235 3186 tuo,
3266 3125 3366 3174 aut
3404 3121 3527 3190 ejus
3557 3122 3749 3187 misso,
3800 3120 3881 3173 sic
3907 3125 3965 3174 te
4001 3121 4150 3175 Deus
4174 3122 4328 3189 adjuse

2713 3216 2768 3263 et
2797 3210 2919 3263 istae
2941 3214 3265 3262 sanctorum
3298 3209 3579 3280 reliquiae.

2680 3324 2688 3331 ‘
2713 3314 2840 3367 Car.
2874 3314 3103 3367 XXVIII.
3147 3344 3205 3352 —
3244 3314 3368 3367 Hec
3392 3312 3635 3380 capitula
3664 3312 3731 3366 de
3750 3317 3951 3382 septem
3981 3314 4243 3380 gradibus
4263 3329 4327 3363 ms.

2782 3388 3174 3451 sanguinitatis
3214 3391 3431 3437 sanctus
3459 3384 3700 3437 Isidorus
3756 3385 4012 3452 diligenti
4053 3389 4328 3453 inquisitam

2781 3456 3162 3524 descripserat,
3220 3461 3270 3509 et
3308 3458 3365 3508 in
3407 3455 3592 3525 ﬁgura
3644 3457 3880 3521 inferius
3900 3457 4118 3524 depicta
4158 3468 4328 3525 apem

2782 3526 3152 3579 ordinarerat.

3098 3632 3416 3686 CAPITl’LCI
3472 3635 3493 3685 I
3541 3647 3612 3687 na
3650 3635 3682 3686 7
3725 3647 4018 3687 GRADIBUS.

2777 3737 2999 3804 (Isidor.
3059 3737 3124 3791 de
3191 3741 3222 3791 7
3279 3736 3543 3803 gradibus
3612 3738 4161 3806 consanguinitatis.)
4212 3735 4328 3789 Prim

2706 3827 2891 3897 gradu
2948 3826 3233 3896 superiori
3287 3826 3441 3880 linea
3513 3826 3881 3880 continentur
3936 3833 4132 3896 pater,
4198 3832 4328 3878 matr:

2707 3915 2987 3980 inferiori,
3041 3915 3214 3982 titius,
3290 3914 3431 3981 tilia,
3506 3914 3832 3985 quibusque
3901 3917 4080 3969 nullm
4150 3928 4327 3984 person.

2701 4006 3050 4075 junguntur.

3350 4093 3662 4147 Carnuauu
3700 4095 3752 4145 2.

2773 4197 3033 4253 Secundo
3061 4198 3243 4265 gradu
3295 4198 3662 4252 continentur
3698 4196 3983 4267 superiori
4016 4198 4195 4259 linea,
4246 4212 4327 4248 am

2702 4288 2826 4341 avia
2857 4304 2872 4342 :
2907 4286 3189 4347 inferiori,
3224 4302 3423 4355 nepos,
3458 4287 3662 4355 neptis.
3712 4286 3776 4340 In
3823 4292 4162 4341 transversa
4209 4287 4328 4339 irata

895 4381 953 4437 Si
982 4388 1174 4436 autem
1216 4384 1517 4453 progenies
1555 4388 1677 4437 tota
1726 4386 2016 4450 defecerit,
2048 4387 2118 4440 ab
2170 4365 2591 4459 antiquioribus

2702 4391 2885 4441 soror,
2916 4391 3045 4446 quae
3074 4390 3336 4446 personae
3364 4374 3752 4445 duplicantur.
3783 4378 3937 4428 Avus
3971 4376 4137 4429 enim
4171 4381 4226 4429 et
4259 4373 4328 4423 avi:

893 4474 949 4524 et
1002 4471 1381 4526 voracior-ibus
1449 4472 1655 4542 quibus
1737 4476 1936 4529 eadem
1989 4477 2389 4547 propinquitas
2455 4483 2589 4531 nota

890 4560 981 4627 sit,
1033 4561 1331 4630 episcopus
1400 4562 1668 4616 canonice
1734 4564 2085 4634 perquirat:
2141 4568 2197 4618 et
2253 4565 2299 4619 si
2356 4566 2590 4619 inventa

888 4648 1285 4720 propinquitas
1316 4650 1509 4716 fuerit,
1543 4657 1904 4721 separentur.

1310 4755 1437 4809 Car.
1472 4754 1627 4809 XXII.
1666 4787 1734 4795 —-
1767 4757 1849 4810 Dc
1874 4757 2059 4811 eadem
2080 4774 2155 4812 re.

955 4860 1063 4931 (Ea:
1088 4862 1307 4914 concilio
1337 4861 1580 4915 Romano
1610 4862 1863 4931 Gregor.)
1892 4862 1949 4917 Si
1986 4863 2116 4934 quis
2154 4870 2392 4935 neptem
2422 4881 2585 4919 suam

884 4948 947 5003 in
977 4948 1309 5018 conjugium
1344 4949 1589 5014 duxerit,
1620 4953 1931 5007 anathema
1959 4954 2053 5008 sit.

1314 5053 1443 5107 CAP.
1462 5055 1643 5111 XXIII.
1671 5086 1740 5096 -
1767 5061 1841 5113 De
1866 5060 2051 5114 eadem
2075 5076 2154 5115 re.

955 5158 1242 5230 (Ejusdem
1285 5160 1540 5229 Gregor.)
1570 5160 1625 5214 Si
1673 5162 1803 5231 quis
1858 5166 2263 5221 consobrinam
2325 5168 2383 5222 in
2440 5183 2581 5222 con-

875 5248 1103 5319 jugium
1130 5248 1375 5314 duxerit,
1409 5248 1715 5302 anathema
1748 5250 1841 5302 sit.

1306 5354 1438 5409 Cap.
1471 5354 1645 5408 XXIV.
1677 5385 1741 5394 —
1775 5357 1849 5408 De
1875 5355 2055 5410 eadem
2079 5372 2156 5411 re.

953 5460 1105 5525 (Item
1136 5459 1375 5528 ejusdem
1410 5460 1667 5531 Gregor.)
1694 5460 1748 5515 Si
1806 5460 1936 5530 quis
1983 5461 2051 5516 de
2093 5465 2327 5536 propria
2364 5483 2579 5539 cogna-

882 5547 1058 5613 tione,
1089 5549 1179 5601 Vel
1213 5564 1386 5619 quam
1438 5554 1716 5620 cognatus
1747 5548 1969 5616 habuit,
2005 5552 2064 5606 in
2106 5553 2439 5625 conjugium
2472 5557 2578 5611 du-

883 5635 1050 5702 xerit,
1082 5638 1385 5690 anathema
1415 5639 1504 5691 sit.

2698 4470 2818 4519 tam
2866 4480 2931 4517 ex
2990 4469 3174 4534 patre,
3232 4480 3403 4533 quam
3463 4479 3528 4516 ex
3580 4469 3760 4516 matre
3810 4464 4206 4533 accipiuntur.
4264 4461 4327 4522 Qu

2697 4568 2959 4623 personas
2992 4553 3364 4623 sequentibus
3408 4566 3640 4622 quoque
3668 4552 3942 4621 gradibus
3971 4552 4249 4605 similiter
4294 4562 4328 4616 pl

2698 4640 3014 4693 substantia
3044 4654 3263 4704 earum,
3298 4653 3427 4708 qua:
3459 4639 3519 4692 in
3549 4654 3665 4708 quo
3696 4640 3878 4708 gradu
3904 4639 4255 4703 subsistunt,
4281 4640 4328 4703 ip

2696 4728 2896 4782 ordine
2927 4728 3313 4798 duplicantur.
3349 4728 3474 4780 Istae
3512 4742 3772 4796 personae
3803 4728 3864 4780 in
3918 4728 4187 4782 secundo
4228 4723 4328 4793 gra:

2693 4815 2823 4870 ideo
2843 4817 3099 4886 duplices
3120 4816 3500 4887 appellantur,
3530 4816 3666 4885 quia
3696 4815 3812 4869 duo
3864 4815 3979 4881 avi,
4010 4822 4079 4870 et
4134 4826 4328 4885 paterni

2693 4911 2797 4971 est,
2830 4910 2887 4959 et
2918 4910 3230 4959 maternus.
3277 4905 3416 4959 Item
3465 4904 3578 4957 duo
3623 4919 3836 4971 genera
3893 4910 4190 4974 nepotum
4252 4916 4328 4953 sun

2693 4993 2810 5046 sive
2842 5007 2907 5045 ex
2940 4993 3080 5058 ﬁlio,
3121 4993 3237 5045 sive
3268 5007 3331 5045 ex
3380 4992 3497 5045 tilia
3525 4992 3826 5061 procreati.
3880 4992 4087 5046 Frater
4144 4998 4205 5045 et
4250 5004 4328 5040 son

2692 5096 2758 5134 ex
2786 5085 3110 5135 transverso
3142 5081 3398 5144 veniunt,
3429 5080 3483 5133 id
3514 5086 3623 5144 est,
3677 5084 3778 5133 aut
3824 5079 4001 5134 frater
4062 5080 4267 5150 patris.
4303 5088 4328 5125 ll

2690 5168 2865 5222 frater
2893 5169 3119 5233 matris;
3153 5168 3285 5239 quia
3318 5174 3419 5222 aut
3441 5174 3703 5237 patruus,
3736 5172 3833 5221 aut
3858 5170 4196 5222 avunculus
4226 5179 4328 5219 nom

2689 5261 2880 5312 natur.
2915 5258 3025 5321 Qui
3050 5262 3108 5311 et
3135 5257 3247 5327 ipsi
3276 5257 3384 5311 hoc
3399 5256 3601 5310 ordine
3633 5256 4028 5326 duplicantur.

3340 5363 3653 5418 Currum!
3682 5365 3737 5419 3.

2757 5469 2949 5525 Tertio
3004 5470 3183 5540 gradu
3241 5471 3480 5525 veniunt
3535 5486 3727 5542 supra,
3778 5485 4057 5539 proavus,
4124 5465 4328 5539 proavis

2688 5557 2837 5614 infra
2883 5577 3185 5631 pronepos,
3236 5559 3576 5632 proneptis:
3635 5577 3701 5615 ex
3747 5560 4003 5633 obliquo,
4059 5560 4328 5615 fratr-issi

2688 5649 2950 5721 rorisque
3005 5650 3180 5714 ﬁlius,
3237 5651 3323 5705 vel
3383 5649 3524 5706 tilia.
3581 5650 3847 5718 Patruus,
3902 5649 4123 5718 amita,
4188 5648 4245 5701 id
4288 5658 4328 5695 ei
