3966 6414
14 412 150 462 785

1028 412 1503 469 DECRETORUM
1547 414 1729 469 LIBRI
1768 416 1874 470 XX.
1912 446 1980 455 -ο
2025 416 2233 472 LIBER
2274 417 2636 474 SEPTIMUS.
3488 425 3587 474 786

6 532 231 601 patris
280 533 481 597 frater,
538 538 596 586 et
625 548 809 589 soror.
862 536 1215 601 Avunculus,
1270 541 1603 603 matertera,
1650 554 1772 591 ma-
1811 542 1854 593 A

14 622 153 675 tris
190 622 391 689 frater,
424 628 481 677 et
512 638 699 678 soror.

2532 541 2844 595 Caeiruwu
2882 546 2937 593 '7.

1951 662 2204 733 Septimo
2250 663 2454 733 gradu,
2502 664 2599 733 qui
2635 668 2767 717 sunt
2810 664 3040 733 cognati
3075 668 3227 717 recta
3275 664 3450 731 linea,
3483 682 3587 719 su-

1879 766 1985 820 pra
2016 751 2277 822 infraque
2308 768 2413 821 pro
2459 752 2705 822 propriis
2746 753 3077 806 nominibus
3122 769 3239 806 non
3281 755 3586 823 appellan-

1880 844 1994 904 tur,
2050 856 2148 893 sex
2201 857 2267 894 ex
2348 847 2667 894 transversa
2732 842 2886 894 linea
2958 841 3329 895 continentur
3392 843 3585 896 fratris

1880 927 2095 980 sororis
2142 928 2395 998 adnepos
2442 928 2727 997 adneptis,
2778 929 3105 981 consobrini
3160 930 3284 994 ﬁlii,
3334 930 3585 1001 liliaque

1880 1017 2272 1070 successionis.
2310 1017 2522 1071 Idcirco
2554 1019 2765 1086 gradus
2807 1022 3027 1085 septem
3063 1018 3360 1071 constituti
3402 1025 3534 1073 sunt
3567 1036 3579 1073 :

1880 1105 1981 1175 qui
2030 1106 2270 1159 ulterius
2304 1121 2406 1175 per
2454 1121 2648 1157 rerum
2682 1110 2969 1162 naturam.
3004 1121 3109 1157 nec
3158 1105 3389 1160 nomina
3432 1107 3583 1161 inve-

1879 1193 2014 1258 niri,
2076 1210 2180 1247 nec
2235 1194 2349 1247 vita
2401 1194 2837 1247 succedentibus
2894 1193 3192 1263 prorogari
3260 1200 3461 1264 potest.
3517 1197 3581 1250 In

1880 1281 1968 1335 his
2000 1289 2220 1352 septem
2254 1282 2528 1353 gradibus
2580 1282 2774 1335 omnia
2810 1282 3307 1353 propinquitatum
3344 1285 3583 1338 nomina

1878 1369 2266 1435 continentur,
2291 1371 2443 1423 ultra
2460 1386 2602 1439 quos
2621 1370 2869 1424 afﬁnitas
2885 1370 3153 1437 inveniri,
3174 1387 3277 1425 nec
3299 1373 3579 1427 successio

1880 1463 2063 1529 potest
2087 1460 2337 1529 amplius
2366 1459 2698 1528 propagari.

715 766 1024 821 Caenonem
1066 767 1118 821 4.

113 910 348 973 Quarto
407 910 591 980 gradu
648 908 891 963 veniunt
952 925 1145 979 supra,
1209 909 1440 975 abavus,
1501 911 1705 965 abavia
1753 929 1766 966 :

20 999 207 1051 infra
256 999 536 1069 abnepos,
591 998 853 1067 abneptis
884 1014 897 1051 :
934 1015 1001 1051 ex
1055 998 1289 1069 obliquo
1334 1000 1524 1053 fratris
1576 1006 1633 1053 et
1679 1018 1771 1053 so-

20 1087 225 1151 roris,
273 1103 479 1155 nepos.
538 1086 747 1155 neptis,
807 1087 1103 1156 patruelis,
1155 1103 1319 1140 soror
1366 1089 1663 1157 patruelis,
1714 1088 1771 1142 id

22 1180 164 1239 est,
219 1174 412 1245 patrui
444 1174 619 1240 ﬁlius,
656 1176 741 1227 vel
773 1175 912 1228 ﬁlia.
962 1175 1372 1240 Consobrinus,
1407 1178 1767 1243 consobrina,

21 1264 100 1318 id
151 1270 259 1329 est,
309 1264 575 1317 avunculi
608 1268 664 1317 et
714 1268 1038 1316 matertera
1086 1264 1259 1331 ﬁlius,
1295 1266 1377 1319 vel
1425 1266 1561 1319 ﬁlia.
1614 1266 1767 1321 Ami-

21 1353 237 1417 tinus,
268 1352 531 1416 amitina,
566 1352 619 1404 id
652 1356 758 1418 est,
793 1352 986 1405 amita
1018 1352 1189 1417 ﬁlius,
1224 1354 1311 1406 vel
1341 1354 1478 1407 ﬁlia.
1516 1356 1768 1424 Itemque

24 1440 395 1493 consobrini
441 1456 453 1493 :
506 1440 642 1509 quia
697 1455 763 1492 ex
814 1439 1036 1493 duabus
1086 1441 1379 1494 sororibus
1433 1448 1764 1496 nascuntur.

26 1529 278 1591 Quibus
321 1528 596 1581 accrescit
644 1533 885 1596 patruus
917 1544 1182 1599 magnus,
1217 1530 1393 1583 amita
1434 1546 1663 1599 magna,
1708 1531 1766 1584 id

26 1623 158 1682 est,
196 1617 289 1670 avi
322 1616 550 1686 paterni
599 1616 772 1669 frater
809 1622 866 1669 et
909 1632 1091 1670 soror.
1126 1618 1455 1670 Avunculus
1504 1634 1765 1685 magnus,

24 1708 369 1756 matertera
403 1718 633 1772 magna,
667 1703 724 1756 id
771 1708 877 1770 est,
925 1704 1065 1758 avia
1098 1710 1215 1758 tam
1256 1710 1535 1774 paterna,
1590 1723 1766 1777 quam

25 1798 361 1859 materna,
398 1792 575 1846 frater
605 1796 661 1846 et
689 1807 871 1845 soror.
1810 1818 1846 1871 Β

1876 1600 2007 1653 CAP.
2045 1601 2210 1653 XXIX.
2235 1628 2306 1640 —
2334 1602 2406 1652 De
2436 1600 2748 1651 incestuosis
2787 1600 2884 1665 qui
2939 1598 3332 1652 admonitiones
3391 1614 3575 1652 sacer-

2422 1670 2603 1723 dotum
2638 1675 2994 1723 Contemnunt.

1950 1795 2071 1863 (Ea:
2118 1795 2340 1848 concilio
2394 1796 2613 1858 Turon.,
2665 1795 2843 1861 capite
2886 1793 2959 1861 l.)
3010 1792 3340 1857 Incestuosi,
3392 1793 3576 1863 parri-

717 1952 1028 2005 CAPITULO)!

119 2093 349 2158 Quinto
384 2092 566 2162 gradu
604 2092 843 2147 veniunt
888 2110 1063 2164 supra
1107 2095 1341 2166 quidem
1374 2100 1588 2165 atavus,
1640 2104 1769 2152 ata-

30 2183 139 2236 via
176 2200 190 2237 :
228 2183 388 2235 infra
436 2181 708 2251 adnepos,
758 2182 1023 2252 adneptis
1055 2199 1068 2236 :
1106 2199 1171 2237 ex
1207 2184 1441 2255 obliquo
1491 2186 1679 2240 fratris
1712 2194 1769 2241 et

32 2271 291 2336 sororis,
364 2286 669 2339 pronepos,
732 2272 1029 2341 proneptis
1100 2289 1112 2326 :
1181 2272 1385 2327 fratres
1452 2276 1767 2344 patrueles,

32 2376 289 2413 sorores
347 2362 636 2427 patrueles
687 2374 700 2412 :
760 2359 1007 2421 amitini,
1066 2361 1320 2415 amitina
1364 2379 1376 2415 :
1416 2364 1765 2427 consobrini,

32 2447 427 2502 consobrina
482 2447 656 2509 ﬁlius,
716 2448 803 2499 vel
860 2447 997 2513 filia,
1055 2449 1324 2518 proprius
1372 2452 1765 2519 consobrinus,

32 2532 425 2603 consObrina,
477 2535 533 2589 id
591 2540 695 2601 est,
757 2536 947 2606 patrui
1000 2538 1214 2607 magni,
1276 2539 1467 2593 amita
1520 2556 1765 2611 magna,

36 2624 331 2679 avunculi
383 2624 595 2692 magni,
649 2630 971 2678 matertera
1023 2642 1246 2696 magna
1281 2626 1453 2693 ﬁlius,
1503 2630 1591 2681 vel
1624 2629 1765 2683 ﬁlia.

40 2714 280 2777 Quibus
340 2716 672 2765 accrescunt
726 2718 1096 2782 propatruus,
1154 2715 1455 2784 proamita.
1517 2716 1587 2769 Hi
1637 2723 1771 2771 sunt

44 2802 259 2872 proavi
314 2800 562 2854 materni
606 2801 781 2855 frater
810 2806 868 2854 et
911 2818 1090 2867 soror,
1142 2804 1584 2872 proavunculus,
1634 2823 1769 2876 pro-

46 2896 395 2945 matertera.
449 2890 515 2943 Hi
569 2895 703 2943 sunt
759 2890 1010 2960 proavia
1056 2897 1329 2960 paterna,
1383 2899 1769 2964 maternaque

42 2982 239 3033 frater
272 2983 331 3033 et
358 2994 538 3044 soror,
569 2979 881 3049 proavique
931 2980 1197 3034 materni.
1232 2982 1363 3036 Hac
1394 2983 1632 3051 species,
1666 3000 1770 3037 nec

41 3070 186 3121 aliis
223 3067 502 3137 gradibus
555 3084 726 3137 quam
784 3067 995 3137 scripta
1034 3080 1139 3136 est,
1175 3085 1279 3123 nec
1325 3070 1452 3123 aliis
1480 3072 1770 3125 vocabulis

41 3156 347 3211 declarari
379 3160 584 3227 potest.

721 3316 1033 3370 Cunnum
1075 3318 1127 3369 6.

124 3456 303 3511 Sexto
338 3454 523 3526 gradu
571 3455 810 3509 veniunt
850 3472 1024 3527 supra
1066 3456 1325 3522 tritavus,
1376 3456 1605 3510 tritavia
1638 3474 1650 3511 :
1680 3458 1767 3511 in-

45 3546 141 3598 fra
191 3546 477 3614 trinepos,
511 3544 775 3614 trineptis
810 3561 822 3597 :
856 3560 921 3597 ex
956 3544 1191 3615 obliquo
1232 3544 1420 3597 fratris
1451 3548 1509 3599 et
1537 3546 1767 3612 sororis,

45 3635 321 3703 abnepos
364 3632 646 3701 abneptis,
682 3632 888 3685 fratres
929 3633 1227 3702 patruelis,
1265 3649 1490 3686 sorores
1534 3640 1772 3703 patrue-

50 3722 143 3773 lis.
180 3718 429 3773 Amitini
479 3718 756 3785 amitina,
807 3719 1133 3772 consobrini
1159 3720 1541 3775 consobrina.
1577 3722 1771 3775 Patrui

50 3807 287 3877 magni,
342 3805 533 3859 amita
581 3822 829 3876 magna,
877 3807 1144 3860 avunculi
1179 3808 1392 3878 magni,
1447 3814 1772 3864 matertera

47 3913 312 3967 magna.
373 3896 559 3965 Nepos
612 3896 798 3965 neptis
864 3896 1185 3966 proprioris
1241 3898 1569 3952 consobrini
1618 3900 1807 3953 ﬁlius-

50 3988 143 4039 vel
174 3986 323 4049 ﬁlia,
360 3984 463 4054 qui
485 3982 814 4038 consobrini
844 3985 1228 4053 appellantur.
1254 3985 1472 4049 Quibus
1502 4003 1567 4040 ex
1595 3988 1771 4041 latere

54 4074 397 4127 accrescunt
445 4072 769 4140 propatrui,
816 4072 1119 4141 proamita
1156 4088 1169 4125 :
1201 4056 1601 4142 proavunculi,
1642 4089 1773 4143 pro-

54 4166 391 4215 matertera
438 4160 613 4223 ﬁlius,
679 4159 767 4213 vel
816 4160 957 4225 tilia,
1008 4149 1339 4231 adpatruus,
1389 4160 1658 4214 adamita.
1707 4160 1774 4215 Hi

56 4255 194 4304 sunt
222 4247 397 4303 abavi
440 4247 663 4317 paterni
694 4247 870 4301 frater
901 4254 955 4302 et
999 4264 1182 4313 soror,
1219 4250 1631 4314 abavunculus,
1667 4249 1769 4303 ab-

1879 1882 2042 1948 cida,
2078 1881 2403 1945 homicida,
2456 1880 2621 1933 multi
2651 1882 2803 1948 apud
2835 1896 2958 1945 nos,
2993 1880 3138 1947 proh
3182 1880 3373 1934 dolor!
3405 1896 3577 1951 repe-

1878 1970 2108 2023 riuntur
2166 1986 2179 2022 :
2235 1970 2332 2023 sed
2390 1968 2570 2038 aliqui
2639 1983 2707 2020 ex
2777 1968 2890 2021 illis
2946 1969 3305 2021 sacerdotum
3374 1972 3577 2022 nolunt

1879 2057 2369 2112 admonitionibus
2420 2072 2615 2110 aurem
2675 2056 3145 2121 accommodare,
3204 2058 3457 2109 volentes
3514 2057 3575 2111 in

1879 2147 2138 2217 pristinis
2199 2146 2513 2216 perdurare
2573 2144 2956 2197 criminibus:
2996 2161 3140 2215 quos
3190 2150 3418 2214 oportet
3476 2162 3579 2214 per

1879 2235 2166 2289 sacularis
2210 2235 2484 2304 potentia
2534 2234 2893 2303 disciplinam
2928 2251 2958 2285 a
2987 2240 3103 2286 tam
3136 2250 3310 2303 prava
3339 2251 3577 2287 consue-

1879 2324 2078 2377 tudine
2123 2323 2394 2387 coerceri,
2432 2323 2531 2393 qui
2570 2338 2673 2392 per
2722 2322 3013 2376 salutifera
3058 2323 3417 2377 sacerdotum
3451 2341 3576 2377 mo-

1884 2412 2001 2466 nita
2032 2414 2347 2466 noluerunt
2380 2411 2651 2465 revocari.

1882 2558 2006 2612 CAP.
2040 2557 2184 2610 XXX.
2216 2584 2289 2595 —
2342 2555 2495 2624 Quod
2548 2555 2701 2619 infra
2754 2559 2965 2607 sartum
3017 2556 3411 2621 generationem
3465 2570 3583 2607 con-

2478 2626 2642 2692 jugiu
2678 2640 2783 2677 non
2818 2629 2974 2691 ﬁant.

1954 2751 2064 2818 (Ea:
2095 2750 2315 2804 concilio
2369 2749 2519 2817 apud
2567 2749 2963 2816 Con/tuentium
3016 2750 3105 2801 eui
3131 2748 3389 2812 interfuit
3439 2750 3582 2801 Hen-

1882 2842 2049 2899 ricus,
2099 2843 2148 2891 et
2207 2838 2449 2901 Carolus,
2498 2852 2669 2903 reges,
2721 2838 2897 2903 capite
2944 2840 3013 2899 t.)
3047 2840 3213 2887 Anno
3271 2836 3581 2889 Dominica

1883 2925 2287 2981 incarnationis
2339 2925 2712 2989 DCCCLXXII,
2764 2924 2915 2990 apud
2957 2924 3376 2977 ConIluentiam
3416 2922 3580 2991 jussu

1883 3014 2296 3070 venerabilium
2347 3012 2671 3082 principum
2714 3010 2901 3066 Caroli
2940 3011 3217 3077 videlicet,
3264 3016 3320 3064 et
3351 3011 3582 3065 Henrici

1810 3100 1849 3155 C
1880 3120 2083 3175 regum
2114 3101 2742 3165 reverendissimorum,
2792 3100 3124 3170 congregati
3168 3104 3302 3152 sunt
3331 3099 3582 3169 episcopi

1880 3208 2121 3248 numero
2149 3192 2267 3245 VIII
2302 3206 2316 3243 :
2353 3192 2710 3244 Hermannus
2736 3188 3174 3259 Agrippinensis
3203 3188 3581 3257 archiepisco-

1882 3298 2008 3352 pus,
2042 3280 2349 3349 Herigerus
2392 3276 2800 3345 Moguntiensis
2847 3276 3328 3345 archiepiscopus,
3368 3275 3583 3330 Thiedo

1882 3366 2370 3436 Wirceburgensis
2421 3366 2745 3435 episcopus,
2803 3364 3152 3419 Luittharius
3204 3364 3584 3418 Mindanensis

1880 3457 2202 3526 episcopus,
2256 3456 2398 3508 Doto
2432 3453 2888 3523 Osneburgensis
2919 3452 3239 3522 episcopus,
3294 3452 3585 3521 Ricbgou-

1878 3560 1962 3597 wo
2015 3541 2455 3596 Wormaciensis
2507 3542 2840 3611 episcopus,
2901 3541 3226 3593 Richwinus
3283 3540 3585 3594 Strazbur-

1879 3631 2071 3702 gensis
2137 3631 2457 3700 episcopus,
2525 3630 2773 3683 Unwano
2844 3626 3296 3681 Padebrunensis
3368 3627 3583 3697 episco-

1879 3737 2005 3791 pus,
2066 3736 2196 3774 cum
2259 3718 2560 3772 abbatibus
2632 3716 2873 3785 aliisque
2939 3716 3083 3768 sacri
3152 3714 3370 3767 ordinis
3449 3714 3586 3767 viris

1881 3807 2340 3879 quamplurimis.
2399 3809 2532 3876 Cap.
2570 3809 2617 3859 1.
2652 3804 2780 3870 Qui,
2832 3804 2956 3874 ipso
2988 3809 3335 3872 cooperante
3374 3806 3429 3856 et
3457 3819 3584 3856 sen-

1880 3897 2089 3952 tentias
2153 3912 2355 3950 eorum
2432 3894 2812 3948 contirmante
2881 3892 3121 3945 Domino
3191 3896 3390 3944 nostro
3454 3892 3587 3945 Jesu

1882 3986 2126 4053 Christo,
2170 3985 2231 4039 in
2262 3983 2523 4055 synodali
2572 3982 2890 4036 residentes
2935 3984 3219 4034 conventu
3266 3980 3449 4033 multa
3478 3979 3587 4033 uti-

1882 4075 1958 4129 lia
2007 4091 2073 4129 ac
2125 4077 2337 4128 sancta
2387 4073 2491 4127 Dei
2538 4070 2799 4126 Ecclesia
2860 4069 3165 4140 profutura
3216 4068 3590 4122 saluberrimo

1880 4167 2187 4217 tractantes
2237 4160 2472 4215 consilio
2503 4159 2656 4213 inter
2686 4165 2893 4212 catera
2938 4173 3068 4227 qua
3108 4160 3449 4221 statuerunt,
3484 4156 3591 4209 hoc

1884 4252 2131 4306 maxime
2183 4249 2591 4315 necessarium,
2624 4250 2679 4300 et
2722 4246 2983 4312 instanti,
3025 4245 3175 4315 proh
3209 4245 3407 4299 dolor!
3442 4250 3589 4298 tem-

56 4343 399 4393 matertera.
473 4336 538 4389 Hi
604 4341 736 4390 sunt
797 4336 1010 4390 abavia
1078 4342 1333 4407 paterna
1382 4343 1771 4407 maternaque
1807 4384 1848 4436 D
1887 4357 2028 4411 pore
2078 4356 2184 4410 per
2239 4338 2573 4391 abusionem
2642 4334 3177 4405 frequentissimum
3238 4333 3593 4403 cognationis

51 4428 234 4481 frater
304 4430 362 4479 et
429 4440 612 4490 soror,
682 4424 963 4495 abavique
1030 4425 1293 4480 materni.
1348 4428 1477 4482 Hac
1542 4443 1774 4497 quoque

56 4513 361 4587 explanari
414 4513 666 4582 amplius
711 4530 827 4568 non
886 4520 1145 4584 possunt,
1203 4531 1375 4586 quam
1410 4522 1605 4570 auctor
1657 4516 1779 4586 ipse

62 4604 362 4659 disseruit.

1888 4430 2189 4494 incestum,
2238 4442 2464 4479 summa
2520 4424 2744 4477 cautela
2798 4422 3099 4475 vitandum
3148 4423 3525 4475 ﬁrmaverunt
3578 4438 3592 4474 :

1888 4517 1996 4570 hoc
2044 4521 2150 4582 est,
2181 4531 2253 4569 ne
2286 4514 2434 4567 ullus
2488 4511 2846 4565 Christianus
2894 4510 3046 4563 infra
3079 4514 3299 4563 sextam
3348 4524 3591 4578 genera-

1890 4605 2105 4657 tionem
2137 4602 2367 4673 nuptias
2397 4600 2665 4669 copulare
2699 4602 3031 4669 prasumat.

1460 4780 1633 4819 FINIS
1691 4780 1864 4820 LIBRI
1914 4778 2206 4818 SEPTIMI.
