3966 6412
65 356 169 403 759
1050 349 1531 406 DECRETOBUM
1573 353 1760 408 LIBRI
1948 382 2017 390 ——
2061 351 2269 406 LIBER
2306 352 2637 406 OCTAVUS.
3500 355 3604 403 704)

73 479 157 529 12.
203 476 286 529 De
337 471 661 544 virginibus
718 471 960 526 necdum
1016 470 1241 537 velatis,
1290 487 1418 541 quae
1478 475 1674 525 tamen
1725 471 1784 524 iu
1824 474 1868 526 A
1896 472 1984 525 46.
2027 472 2098 526 Ut
2131 470 2317 524 viduae
2349 469 2545 522 velatae
2575 469 2644 524 ad
2680 467 2910 537 nuptias
2938 468 3020 520 ire
3053 482 3170 519 non
3202 465 3468 520 debeant.
3553 462 3560 469 ’

139 562 444 634 proposito
475 560 742 630 virginali
767 577 825 613 se
857 559 1264 613 simulaverant
1299 575 1660 630 permanere.

73 657 154 706 t3.
204 655 282 706 De
329 649 868 704 sanctimonialibus
912 648 1021 702 sia
1054 649 1350 719 proposito
1400 665 1560 702 sacro
1593 649 1784 704 devia-

145 742 353 794 verint.

81 831 157 883 li.
205 831 285 884 De
318 828 523 882 eadem
560 844 640 881 re.

77 922 158 971 13$.
202 918 328 982 Quo
362 923 620 984 tempore
667 930 893 968 sacrum
945 915 1205 966 velamen
1237 913 1414 966 sacris
1465 912 1781 984 virginibus

143 1005 370 1074 imponi
401 1005 622 1057 debeat.

77 1097 158 1146 16.
208 1096 282 1146 De
315 1093 514 1146 eadem
547 1108 628 1145 re.

79 1186 158 1236 l7.
208 1184 286 1236 De
335 1178 890 1244 sanctimonialibus,
947 1195 1076 1249 quae
1131 1177 1271 1231 alias
1322 1179 1511 1231 velare
1563 1195 1777 1248 praesu-

149 1274 335 1324 munt.

83 1362 164 1412 18.
212 1358 289 1410 De
324 1355 662 1427 virginibus,
697 1371 810 1426 qua
842 1359 1005 1408 relate
1038 1354 1209 1407 velari
1243 1355 1506 1408 debeant.

81 1449 160 1498 l9.
205 1443 370 1508 Quod
423 1444 824 1512 desponsatam
874 1442 1122 1510 puellam
1157 1441 1252 1494 alii
1303 1441 1421 1493 viro
1471 1459 1579 1494 non
1613 1442 1684 1496 sit
1713 1443 1777 1496 li-

147 1533 330 1585 citum
383 1532 540 1596 dare,
593 1529 1008 1584 monasterium
1058 1535 1248 1582 autem
1283 1529 1414 1582 licet
1461 1530 1696 1599 eligere,
1733 1531 1780 1583 si

145 1622 286 1673 vult.

71 1713 159 1763 20.
208 1710 277 1763 Ut
336 1707 549 1777 aliquis
604 1706 936 1777 incognitus
997 1723 1113 1761 non
1162 1707 1274 1760 cito
1322 1705 1380 1759 in
1433 1705 1777 1759 monasterio

139 1796 562 1850 monachorum
589 1794 921 1864 recipiatur.

62 1888 153 1938 2t.
202 1886 281 1938 De
314 1883 534 1937 clericis
583 1883 684 1953 qui
735 1881 1148 1937 monachorum
1189 1884 1550 1954 propositum
1599 1899 1775 1953 appe-

141 1979 298 2028 tunt.

70 2067 152 2117 22.
201 2065 282 2118 De
335 2061 655 2132 virginibus
695 2061 886 2128 sacris,
921 2076 1047 2130 quae
1093 2065 1329 2131 propter
1375 2058 1777 2115 districtiorem

137 2150 320 2203 vitam
355 2150 424 2203 ad
455 2150 607 2202 aliud
631 2149 1045 2202 monasterium
1076 2149 1160 2202 ire
1193 2149 1598 2218 disposuerint.

71 2241 156 2292 23.
203 2238 332 2301 Quo
365 2239 571 2292 vestitu
621 2237 872 2307 virgines
925 2237 996 2290 ad
1045 2239 1530 2291 consecrationem
1585 2236 1779 2290 venire

143 2328 420 2381 debeant

73 2419 161 2470 24.
206 2417 280 2470 Ut
310 2421 524 2485 praeter
565 2413 862 2468 scientiam
907 2413 1131 2468 domini
1160 2413 1250 2467 sui
1290 2429 1485 2468 servus
1513 2429 1630 2467 non
1663 2413 1782 2466 effi-

142 2504 329 2557 ciatur
357 2502 688 2556 monachus.

76 2595 157 2646 25.
204 2594 283 2647 De
313 2590 414 2646 illo
444 2591 544 2662 qui
567 2605 794 2644 servum
820 2590 1072 2644 alienum
1103 2605 1274 2643 causa
1295 2589 1589 2659 religionis
1617 2589 1781 2644 docet

143 2687 517 2734 contemnere
545 2679 845 2732 dominum
877 2695 1067 2732 suum.

79 2774 164 2823 26.
211 2771 288 2824 De
316 2769 574 2839 fugitivis
601 2767 841 2822 clericis.

79 2864 159 2911 27.
204 2861 281 2914 De
314 2857 705 2924 saecularibus,
759 2858 806 2910 si
838 2873 895 2909 se
930 2856 1107 2910 semel
1154 2872 1259 2926 per
1305 2845 1644 2926 religioii'em
1692 2859 1778 2908 to-

146 2947 463 3013 tonderint,
483 2951 540 3000 et
566 2951 696 3016 post
721 2945 847 2999 laici
880 2946 1226 3000 efficiuntur.

75 3038 162 3087 28.
211 3035 282 3089 Ut
329 3049 527 3088 servus
573 3034 634 3087 in
683 3035 1096 3088 monasterium
1144 3049 1262 3086 non
1311 3032 1624 3104 recipiatur
1675 3049 1774 3086 ne-
1817 3032 1856 3086 C

140 3124 355 3177 sciente
386 3123 623 3176 domino
654 3139 778 3177 suo.

69 3215 155 3265 29.
206 3213 282 3266 De
334 3211 635 3265 monachis
689 3228 754 3265 ac
801 3211 1190 3265 mouachabus
1241 3210 1342 3280 qui
1386 3227 1444 3263 se
1504 3210 1776 3280 sacrilega

142 3300 491 3370 contagione
526 3299 902 3353 miscuerunt.

78 3393 164 3443 30.
211 3391 280 3444 Ut
327 3405 442 3442 non
500 3389 668 3442 liceat
720 3390 832 3443 Deo
873 3387 1108 3442 sacratis
1156 3387 1440 3457 nuptialia
1481 3388 1613 3458 jura
1644 3404 1778 3441 con-

146 3478 392 3532 trahere.

77 3570 163 3620 3l.
208 3568 285 3621 De
317 3565 408 3620 his
438 3565 538 3636 qui
569 3564 1033 3619 sanctimoniales
1063 3564 1122 3618 in
1155 3565 1590 3619 matrimonium
1621 3581 1771 3618 acce-

145 3656 360 3725 perint,
393 3659 455 3707 ut
483 3653 729 3724 separati
760 3653 882 3708 sine
914 3669 1012 3723 spe
1035 3655 1292 3724 conjugii
1327 3659 1616 3708 maneant.

80 3747 160 3797 32.
208 3746 285 3797 De
319 3742 638 3812 virginibus
669 3757 798 3812 quae
826 3743 1214 3812 praevaricataa
1254 3748 1404 3796 sunt.

82 3836 164 3886 33.
209 3833 279 3887 Ut
312 3831 498 3884 vidua:
546 3832 737 3884 velum
771 3831 880 3884 sibi
912 3831 1206 3902 imponere
1237 3847 1355 3884 non
1396 3831 1661 3897 debeant,
1691 3830 1778 3883 in-

144 3920 406 3973 consulto
447 3917 714 3988 episcopo
755 3934 880 3984 suo,
914 3923 970 3970 et
1002 3935 1072 3971 ne
1111 3918 1431 3989 presbyteri
1475 3917 1558 3970 eis
1606 3918 1783 3988 impo-

146 4025 283 4060 nere
315 4011 690 4078 praesumant,
718 4007 871 4076 quod
907 4011 963 4060 et
991 4007 1272 4076 episcopis
1303 4023 1418 4059 non
1451 4006 1600 4059 licet.

81 4097 160 4150 3i.
204 4095 365 4160 Quod
395 4095 580 4149 viduae
607 4096 711 4148 sub
742 4095 897 4148 nulla
927 4094 1332 4148 benedictione
1363 4095 1476 4148 sint
1502 4093 1778 4167 velandae.

79 4187 163 4237 35.
209 4185 285 4238 De
317 4183 504 4236 viduis
552 4199 681 4253 quas
738 4184 915 4236 semel
964 4199 1137 4236 sacrae
1191 4183 1640 4236 conversationis
1685 4199 1778 4236 ve-

149 4274 337 4325 lamen
369 4271 711 4341 suscipiunt.

78 4363 160 4414 36.
204 4361 286 4414 De
320 4358 524 4425 viduis,
560 4364 620 4413 ut
651 4361 843 4412 nullus
873 4375 968 4412 eas
999 4360 1187 4412 velare
1218 4363 1481 4413 attentet.

82 4451 164 4501 37.
212 4449 293 4501 De
354 4446 648 4499 nobilibus
706 4446 954 4510 feminis,
1017 4463 1168 4517 qum,
1231 4453 1538 4518 postquam
1586 4447 1785 4502 velata!

149 4535 387 4598 fuerint,
421 4535 574 4588 domi
611 4534 670 4587 in
703 4535 923 4589 deliciis
954 4535 1203 4589 residere
1234 4536 1606 4590 delectantur.

84 4627 164 4676 38.
213 4624 290 4676 De
332 4623 420 4676 his
470 4624 569 4693 qui
617 4624 831 4677 velatas
861 4629 919 4677 et
951 4624 1063 4677 Deo
1097 4629 1454 4677 consecratas
1485 4624 1546 4676 in
1590 4623 1784 4692 conju-

154 4713 311 4777 gium
344 4711 630 4766 duxerint.

87 4805 171 4853 30.
219 4801 295 4854 De
339 4799 526 4852 viduis
555 4817 682 4870 quae.
731 4800 1044 4870 professam
1094 4800 1511 4854 continentiam
1566 4815 1784 4869 praeva-

153 4889 344 4942 ricatae
380 4893 531 4941 sunt.

83 4978 170 5030 40.
220 4977 293 5030 De
322 4977 522 5029 eadem
550 4992 632 5030 re.

85 5067 172 5120 fit.
222 5067 297 5118 De
330 5065 531 5120 eadem
561 5080 643 5118 re.

85 5157 170 5208 42.
220 5155 295 5207 De
346 5152 580 5206 feminis
647 5168 891 5223 quarum
961 5151 1153 5207 mariti
1211 5153 1480 5220 obierint,
1550 5155 1612 5206 ut
1669 5167 1786 5205 non

155 5243 261 5295 cito
293 5259 354 5296 se
388 5243 600 5296 velent.

90 5334 172 5386 43.
215 5332 282 5386 Ut
311 5329 607 5385 viduitatis
636 5331 917 5401 professio
948 5347 1142 5387 coram
1173 5331 1440 5402 episcopo
1470 5331 1587 5385 fiat.

93 5420 172 5474 let.
218 5421 284 5476 Ut
327 5420 523 5474 nullus
567 5421 732 5488 velet,
784 5421 873 5474 vel
907 5420 1128 5492 jubeat,
1173 5421 1372 5474 viduas
1401 5421 1490 5474 vel
1536 5418 1786 5491 virgines

157 5510 390 5563 nubere.

96 5598 174 5654 45.
218 5601 292 5654 De
322 5597 514 5652 viduis
545 5597 904 5668 propositum
938 5597 1417 5669 relinquentibus.

1891 560 1979 613 47.
2025 562 2102 613 De
2133 560 2305 612 vidua
2349 575 2480 629 qua!
2530 559 2634 610 sub
2665 558 2904 611 obtentu
2953 554 3252 625 religionis
3305 556 3497 609 velum
3529 558 3598 611 ad

1965 654 2191 718 tempus
2222 647 2331 700 sibi
2359 646 2719 715 imposuerit.

1887 737 1974 790 48.
2022 739 2094 791 De
2143 736 2327 789 viduis
2359 741 2410 786 et
2440 735 2642 801 puellis
2673 750 2802 803 quae
2834 733 2892 786 iu
2926 731 3189 786 domibus
3221 732 3470 802 propriis
3494 733 3596 786 ha-

1964 827 2150 880 bitum
2181 826 2475 896 religionis
2501 829 2894 894 susceperunt.

1889 915 1978 968 49.
2021 915 2181 979 Quod
2250 919 2476 967 sanctus
2555 912 2863 982 Gregorius
2930 910 3239 981 quamdam
3319 909 3595 964 feminam

1961 1006 2205 1073 velatam
2258 1019 2386 1072 quae
2428 1017 2651 1054 sacrum
2703 1000 3059 1070 propositum
3108 1005 3464 1068 transgressa
3511 1005 3606 1052 est-

1961 1091 2376 1162 comprehendi
2411 1089 2666 1160 jusserit.

1891 1181 1976 1234 50.
2023 1181 2098 1234 De
2133 1180 2318 1234 viduis
2344 1178 2561 1243 velatis,
2597 1177 2643 1229 si
2677 1175 3064 1246 voluptatibus
3092 1175 3278 1228 carnis
3313 1175 3593 1228 inservire

1963 1274 2313 1322 accusantur.

1895 1361 1980 1413 5t.
2027 1358 2095 1412 Ut
2141 1357 2400 1426 sacrilegi
2449 1355 2835 1426 dijudicentur
2874 1354 2976 1424 qui
3023 1369 3083 1406 se
3136 1352 3370 1404 sacratis
3419 1351 3592 1404 femi-

1963 1447 2050 1500 nis
2081 1447 2456 1500 miscuerunt.

1890 1541 1976 1591 52.
2024 1537 2100 1589 De
2129 1535 2216 1587 his
2249 1535 2345 1603 qui
2379 1532 2839 1586 sanctimoniales
2870 1529 3116 1601 virgines
3149 1530 3233 1582 vel
3267 1529 3463 1582 viduas
3495 1546 3588 1582 ve-

1963 1627 2100 1676 latas
2133 1625 2384 1694 rapiunt.

1891 1717 1977 1768 53.
2023 1714 2093 1766 Ut
2145 1712 2335 1765 clerici
2384 1727 2481 1763 seu
2537 1709 2663 1762 laici
2695 1724 2826 1762 cum
2871 1708 3022 1760 bono
3080 1705 3410 1760 testimonio
3461 1723 3588 1759 cum

1961 1801 2135 1854 sacris
2165 1800 2370 1869 puellis
2397 1799 2557 1869 loqui
2588 1798 2851 1851 debeant.

1889 1889 1974 1943 54.
2017 1890 2180 1954 Quod
2241 1887 2509 1941 mulieres
2541 1887 2762 1953 velatae,
2822 1883 3009 1937 autin
3064 1881 3448 1946 monasteriis,
3491 1887 3586 1934 aut

1958 1978 2018 2030 in
2049 1977 2312 2031 domibus
2343 1976 2461 2028 suis
2489 1975 2748 2028 habitum
2782 1974 3104 2025 observent.

1891 2068 1976 2119 55.
2026 2067 2093 2119 Ut
2148 2063 2623 2118 adolescentiores
2685 2062 2888 2124 vidum,
2952 2060 3041 2113 vel
3099 2057 3585 2124 sanctimoniales,

1961 2155 2031 2208 ab
2062 2155 2330 2224 episcopo
2361 2168 2479 2205 non
2508 2152 2898 2221 negligantur.

1891 2247 1976 2298 56.
2025 2244 2091 2297 Ut
2120 2242 2514 2312 unusquisque
2549 2240 2852 2308 episcopus
2882 2237 3121 2290 clericos
3149 2235 3204 2288 in
3237 2252 3339 2287 suo
3368 2235 3586 2304 episco-

1959 2332 2054 2402 pio
2080 2335 2350 2400 vagantes
2377 2329 2444 2382 ad
2475 2344 2643 2381 suum
2676 2327 3010 2397 episcopum
3041 2325 3228 2377 redire
3256 2323 3444 2378 faciat.

1891 2423 1973 2474 57.
2025 2420 2098 2474 De
2130 2418 2348 2472 clericis
2381 2417 2558 2486 vagis.

1891 2512 1978 2562 58.
2025 2509 2092 2562 Ut
2155 2507 2448 2562 monachze
2531 2504 2844 2557 monastice
2911 2502 3128 2565 vivant,

1961 2596 2273 2650 secundum
2304 2593 2638 2648 canonicam
2671 2592 2845 2645 vitam
2881 2590 3088 2643 vivant.

1890 2689 1976 2739 59.
2025 2686 2093 2739 Ut
2122 2682 2588 2737 sanctimoniales
2617 2679 2918 2732 abbatissae
2952 2695 3068 2731 suae
3098 2677 3213 2730 sint
3239 2675 3588 2729 obedientes.

1891 2778 1976 2829 60.
2025 2775 2098 2826 De
2153 2772 2404 2837 feminis,
2455 2786 2584 2840 quae
2643 2776 2879 2838 propter
2911 2767 3330 2821 continentiam
3385 2765 3590 2817 mulie-

1962 2864 2120 2916 brem
2155 2866 2378 2914 mutant
2406 2859 2684 2912 habitum.
3394 2924 3396 2926 τ

1893 2954 1978 3004 6t.
2026 2952 2102 3004 De
2162 2950 2262 3002 illo
2311 2947 2410 3018 qui
2476 2944 2864 3015 virginitatem
2932 2941 3294 3009 custodierit,
3362 2941 3592 3010 nuptias

1959 3043 2149 3092 autem
2178 3034 2573 3090 exsecraverit.

1888 3132 1975 3181 62.
2021 3129 2096 3181 De
2141 3124 2371 3180 feminis
2403 3139 2531 3194 quia
2580 3125 2817 3192 propter
2869 3118 3210 3189 religionem
3267 3116 3452 3169 crines
3502 3121 3591 3168 to-

1958 3214 2268 3268 tonderint.

1889 3307 1976 3357 63.
2020 3304 2097 3356 De
2130 3301 2240 3355 illis
2270 3300 2368 3371 qui
2404 3303 2638 3370 propter
2679 3295 3094 3350 continentiam
3127 3291 3316 3363 palliis
3349 3290 3592 3344 vestiun-

1961 3400 2072 3446 tur.

1891 3479 1977 3534 64.
2024 3481 2100 3533 De
2133 3478 2246 3532 illis
2275 3475 2374 3549 qui
2417 3475 2806 3546 virginitatem
2841 3473 3168 3534 observant,
3212 3473 3268 3523 et
3297 3467 3375 3522 sic
3406 3467 3594 3522 extol-

1961 3568 2182 3621 luntur.

1891 3661 1976 3711 65.
2021 3655 2180 3719 Quod
2215 3670 2332 3707 non
2361 3653 2434 3706 sit
2477 3649 2932 3722 permittendum
2967 3646 3275 3700 monachos
3305 3647 3362 3697 et
3390 3659 3592 3697 mona-

1961 3745 2095 3799 chas
2124 3744 2182 3797 in
2216 3759 2332 3796 uno
2365 3739 2712 3795 monasterio
2741 3737 2912 3791 simul
2940 3735 3217 3789 habitare.

1891 3836 1977 3886 66.
2024 3833 2090 3886 Ut
2141 3831 2444 3901 episcopus
2495 3825 2843 3882 monasteria
2897 3823 3311 3877 monachorum
3357 3823 3414 3874 et
3460 3836 3589 3873 san-

1961 3918 2378 3986 ctimonialium
2416 3919 2746 3987 frequenter
2773 3914 2980 3968 visitet.

1892 4013 1979 4064 67.
2023 4011 2093 4064 Ut
2119 4009 2354 4062 abbates
2401 4007 2460 4060 in
2493 4009 2775 4077 potestate
2816 4003 3218 4073 episcoporum
3255 3997 3588 4053 consistant.

1893 4103 1979 4154 68.
2027 4100 2102 4153 De
2133 4096 2430 4152 monachis
2461 4095 2560 4165 qui
2594 4094 2739 4148 filios
2773 4091 3216 4164 procreaverint.

1893 4191 1980 4245 69.
2027 4189 2102 4242 De
2143 4184 2680 4240 sanctimonialibus
2726 4199 2855 4254 quae
2901 4182 3018 4234 vim
3065 4177 3422 4235 barbaricam
3467 4191 3595 4246 per-

1964 4277 2238 4330 tulerunt.

1897 4368 1984 4420 70.
2029 4367 2106 4420 De
2137 4363 2382 4435 quadam
2408 4360 2691 4415 abbatissa
2713 4375 2842 4429 quze
2865 4374 2923 4410 se
2949 4357 3405 4427 proclamaverat
3424 4369 3595 4423 super

1967 4453 2333 4509 militibusin
2364 4453 2608 4506 claustro
2639 4465 2740 4500 suo
2771 4445 3208 4516 hospitantibus.

1897 4549 1983 4598 7l.
2027 4543 2190 4607 Quod
2222 4558 2314 4595 res
2352 4537 2746 4593 ecclesiastica:
2776 4537 2844 4590 ad
2873 4535 3044 4588 laicos
3075 4531 3448 4601 disponendae
3478 4547 3594 4585 non

1967 4628 2290 4698 respiciant.

1895 4719 1982 4768 72.
2030 4716 2105 4768 De
2131 4713 2332 4766 eadem
2368 4727 2447 4764 re.

1895 4807 1985 4858 73.
2030 4803 2099 4856 Ut
2143 4799 2375 4854 abbates
2420 4798 2490 4851 ad
2523 4796 2802 4866 synodum
2853 4794 2936 4848 ire
2968 4810 3085 4848 non
3134 4796 3433 4862 cogantur,
3485 4790 3595 4845 nisL

1969 4905 2073 4960 pro
2101 4885 2426 4942 rationabili
2461 4901 2540 4940 re.

1897 4979 1985 5032 74.
2030 4979 2100 5032 Ut
2115 4974 2584 5045 congregationes
2603 4971 3015 5026 monachorum
3037 4970 3158 5024 sine
3174 4969 3595 5024 collaudatione

1969 5065 2221 5138 episcopi
2253 5064 2378 5116 tieri
2409 5079 2523 5118 non
2553 5063 2738 5116 liceat.

1899 5160 1985 5210 75.
2031 5156 2108 5209 De
2156 5152 2474 5224 virginibus
2518 5150 2690 5204 sacris
2737 5166 2865 5221 quae
2909 5147 3243 5219 parentibus
3276 5145 3591 5216 privantur.

1900 5248 1985 5298 76.
2026 5243 2136 5308 Qui
2159 5242 2443 5314 religiosis
2473 5240 2703 5295 feminis
2732 5237 3158 5310 praeponendus
3184 5235 3273 5290 sit.

1896 5341 1986 5390 77.
2031 5336 2108 5389 De
2139 5332 2692 5393 sanctimonialibus,
2741 5329 2879 5401 quid
2913 5328 2970 5382 in
3003 5328 3249 5382 claustro
3279 5324 3461 5378 facere
3505 5324 3598 5376 de-

1970 5419 2160 5470 beant.

1897 5506 1986 5558 78.
2031 5502 2234 5557 Nullus
2290 5501 2468 5556 laicus
2526 5501 2772 5554 claustra
2825 5495 3344 5552 sanctimonialium
3402 5492 3596 5564 ingre-

1972 5592 2185 5658 diatur,
2216 5589 2326 5644 nisi
2360 5591 2431 5645 ad
2461 5605 2638 5660 opera
2666 5579 3000 5642 exercenda.

3201 2505 3256 2554 et
3321 2498 3592 2553 canonice
