3966 6400
315 367 409 418 791

1401 362 1486 417 BU
1497 360 1807 415 RCHARDI
1851 357 2381 413 WORMACIENSIS
2419 356 2749 412 EPISCOPI.

3733 362 3843 410 7!)?

314 491 402 541 79.
443 485 682 540 Janitrix
713 485 944 539 claustri
993 501 1111 539 non
1141 483 1407 555 eligatur,
1463 484 1577 537 nisi
1613 483 2012 538 testimonium
2051 489 2096 538 Α
2127 484 2214 536 92.
2260 484 2329 538 Ut
2372 481 2629 552 episcopi
2661 482 2777 536 sive
2809 481 3042 537 abbates
3072 487 3205 537 ante
3235 499 3294 538 se
3315 484 3448 556 joca
3482 485 3676 555 turpia
3709 483 3850 538 ﬁeri

387 575 595 629 habeat
628 575 865 628 bonum.

2199 587 2314 624 non
2345 570 2706 641 permittant.

317 667 406 718 80.
452 664 520 716 Ut
547 662 852 726 abbatissa,
903 661 1012 715 nisi
1058 677 1160 732 per
1190 659 1479 714 licentiam
1524 659 1611 712 sui
1661 659 1941 730 episcopi,
1986 676 2018 713 a
2125 660 2214 713 93.
2260 659 2338 712 De
2386 658 2500 712 illis
2550 659 2651 730 qui
2699 659 2770 714 ab
2819 658 3088 730 episcopo
3134 677 3232 715 seu
3283 661 3354 716 ab
3407 662 3532 716 aliis
3583 662 3846 716 avaritiae

389 749 738 803 monasterio
771 765 885 802 non
917 749 1265 820 egrediatur.

321 839 408 890 81.
455 838 523 890 Ut
555 853 702 891 unus
741 837 914 890 abbas
960 837 1182 890 duobus
1215 833 1579 888 monasteriis
1625 850 1872 904 praeesse
1903 850 2021 888 non

395 925 620 978 debeat.

324 1015 411 1067 82.
457 1015 525 1067 Ut
556 1012 824 1066 monachi
861 1016 1177 1080 compatres
1210 1026 1322 1064 non
1353 1009 1623 1064 habeant.

324 1104 411 1156 83.
455 1102 612 1166 Quod
647 1100 874 1154 feminas
920 1099 979 1152 in
1022 1106 1304 1151 conventu
1353 1098 1560 1152 docere
1592 1113 1709 1151 non
1753 1097 2018 1152 debeant.

325 1193 408 1244 84.
455 1191 525 1243 Ut
575 1188 789 1242 femina
841 1186 1237 1256 pamitentiam
1289 1186 1425 1239 dare
1474 1202 1592 1239 non
1647 1186 1873 1252 debeat,
1918 1202 2025 1239 nec

397 1278 591 1331 sedere
623 1279 774 1330 inter
804 1275 1123 1328 sacerdotes
1153 1275 1213 1327 in
1243 1271 1522 1329 convivio.

327 1371 414 1420 85.
457 1367 535 1419 De
563 1364 900 1418 mulieribus
933 1363 1187 1416 virorum
1217 1380 1414 1417 causas
1445 1363 1900 1418 discutientibus.

327 1458 412 1509 86.
457 1453 617 1518 Quod
667 1452 836 1506 abbas
868 1468 970 1522 pro
1020 1451 1424 1505 humiliatione
1478 1452 1669 1505 locum
1716 1467 1886 1505 suum
1931 1467 2024 1505 re-

401 1542 662 1612 linquere
694 1540 893 1611 possit.

329 1633 415 1684 87.
457 1630 618 1693 Quod
654 1629 828 1683 laicus
869 1628 930 1682 in
972 1627 1210 1682 ecclesia
1256 1628 1564 1682 lectionem
1613 1629 1854 1682 recitare
1910 1645 2026 1682 non

401 1719 622 1773 debeat.

330 1810 417 1863 88.
460 1807 614 1870 Quod
645 1823 762 1860 non
793 1806 962 1860 liceat
992 1805 1260 1877 episcopo
1295 1805 1620 1858 abstrahere
1669 1821 1789 1858 rem
1823 1820 2026 1858 mona-

401 1896 581 1961 sterii,
617 1895 878 1966 quamvis
914 1911 1048 1963 erga
1082 1911 1140 1948 se
1171 1894 1485 1964 peccaverit
1513 1894 1706 1947 abbas.

333 1987 418 2038 89.
469 1985 547 2037 Ne
573 1984 838 2038 monachi
865 1983 1072 2054 placita
1105 1982 1399 2036 saecularia
1426 1982 1650 2035 adeant.

334 2075 420 2125 90.
466 2073 541 2125 De
569 2072 800 2142 negotio
830 2070 1108 2124 saaculari.

335 2163 420 2213 91.
468 2161 545 2213 De
575 2159 796 2214 clericis
827 2159 1036 2228 injuste
1072 2156 1400 2210 tonsuratis.

1934 2295 2346 2304 *Μ

2201 763 2372 802 causa
2401 748 2619 801 seducti
2651 765 2709 802 se
2740 749 3131 804 totonderunt.

2129 836 2216 889 94.
2265 837 2332 890 Ut
2390 836 2674 890 abbatissa
2736 853 3000 908 magnam
3061 855 3256 893 curam
3313 839 3519 894 habeat
3571 839 3639 894 de
3695 857 3844 893 con-

2201 925 2538 995 gregatione
2572 941 2692 978 sua.

2131 1015 2216 1067 95.
2265 1014 2332 1067 Ut
2396 1013 2859 1068 sanctimoniales
2915 1013 2977 1067 in
3035 1014 3302 1068 domibus
3366 1015 3482 1068 suis
3549 1031 3681 1069 cum
3722 1014 3846 1068 ali-

2203 1101 2415 1172 quibus
2464 1102 2733 1156 masculis
2767 1103 3110 1156 manducare
3158 1104 3247 1158 vel
3293 1104 3487 1158 bibere
3532 1120 3646 1158 non
3678 1120 3844 1171 pra:-

2203 1195 2453 1243 sumant.

2135 1281 2220 1332 96.
2265 1279 2521 1342 Qualiter
2565 1279 2836 1350 indignus
2889 1279 3064 1334 abbas
3095 1296 3124 1333 a
3155 1297 3258 1334 suo
3291 1285 3588 1350 separetur
3629 1280 3848 1334 ofﬁcio.

2135 1370 2221 1420 9‘7.
2266 1367 2344 1420 De
2395 1366 2614 1420 clericis
2668 1368 2768 1438 qui
2816 1373 3076 1422 tonsuras
3125 1368 3464 1432 dimiserint,
3526 1373 3582 1422 et
3629 1385 3851 1422 uxores

2211 1454 2552 1524 acceperint.

2139 1545 2228 1596 98.
2272 1543 2350 1595 De
2373 1542 2580 1612 puellis
2602 1559 2729 1613 quin
2751 1558 2808 1595 se
2835 1548 2964 1596 ante
2989 1543 3277 1612 legitimos
3302 1559 3482 1596 annos
3509 1560 3611 1596 sua
3634 1549 3854 1614 sponte

2211 1646 2382 1683 sacra:
2415 1631 2684 1699 religioni
2709 1631 3070 1686 tradiderint.

2137 1720 2226 1772 99.
2272 1719 2349 1771 De
2402 1717 2499 1771 illo
2536 1720 2636 1788 qui
2685 1718 2887 1785 ﬁliam,
2939 1725 3040 1772 aut
3089 1725 3340 1789 neptem,
3403 1720 3488 1774 vel
3540 1725 3851 1790 parentem

2210 1821 2369 1858 suam
2405 1807 2518 1858 Deo
2550 1806 2933 1877 omnipotenti
2963 1807 3165 1861 offerre
3197 1807 3462 1861 voluerit.

2146 1895 2263 1946 100.
2310 1894 2386 1946 De
2417 1894 2615 1947 eadem
2645 1909 2727 1947 re.

2147 1982 2267 2035 101.
2313 1982 2392 2034 De
2444 1981 2648 2035 abbate
2699 1981 2799 2052 qui
2846 1981 3090 2036 feminas
3119 1981 3179 2036 in
3231 1982 3580 2038 monasterio
3614 2000 3718 2038 suo
3768 1985 3851 2038 l'e-

2217 2069 2490 2123 stivitates
2521 2070 2809 2124 celebrare
2837 2071 3179 2141 permiserit.

2607 2158 2808 2212 Indicis
2837 2160 3200 2227 capitulorum
3227 2163 3375 2229 ﬁnis.

1666 2423 2511 2527 BURCHARDI

1334 2587 1962 2644 WORMACIENSIS
2023 2589 2428 2645 ECCLESIAE
2486 2592 2858 2647 EPISCOPI

583 2774 1937 2923 DECRETORUM
2023 2774 2613 2918 LIBER
2709 2775 3607 2924 OCTAVUS

1362 3000 1462 3063 DE
1513 2999 1726 3064 VIRIS
1776 2998 1881 3064 AC
1932 2997 2260 3062 FEMINIS
2310 2998 2460 3063 Ι)Εο
2513 3000 2830 3064 DICATIS

829 3270 1313 3325 ARGUMENTUM
1355 3267 1562 3322 LIBRI.

426 3415 592 3470 Libro
643 3415 751 3468 hoc
785 3414 854 3468 de
884 3413 1022 3467 viris
1053 3417 1110 3468 et
1139 3411 1387 3478 feminis,
1437 3411 1556 3482 qui,
1591 3413 1705 3465 Deo
1735 3413 1926 3480 dicati,
1961 3429 2052 3466 sa-

355 3520 516 3559 crum
549 3502 909 3574 propositum
941 3501 1318 3572 reliquerunt,
1355 3500 1542 3571 deque
1571 3500 1909 3554 eorumdem
1941 3518 2056 3573 pa:-

358 3591 600 3648 nitentia
633 3591 896 3647 tractatio
927 3591 1268 3644 instituitur.

359 3739 488 3792 CAP.
519 3737 562 3793 I.
597 3765 670 3777 -
719 3737 798 3790 De
838 3737 950 3789 illis
981 3749 1112 3804 quos
1140 3747 1280 3787 unus
1309 3738 1407 3787 aut
1448 3734 1604 3787 ambo
1630 3737 1881 3802 parentes
1926 3748 2058 3787 san-

829 3812 924 3861 cta:
943 3807 1197 3872 religioni
1224 3805 1579 3858 tradiderint.

433 3933 542 4000 (Ea:
572 3932 758 3985 concil.
797 3931 966 3984 Tolet.
999 3946 1075 3993 xi,
1108 3931 1283 3997 capite
1323 3927 1398 3998 6.)
1430 3927 1710 3992 Quoniam
1762 3927 2058 3999 hucusque

359 4021 647 4075 dissoluta:
688 4019 1043 4090 operationis
1087 4019 1320 4072 effectus
1351 4018 1643 4072 interdum
1692 4023 1896 4072 nutare
1926 4018 2060 4072 fecit

360 4109 666 4163 honestum
700 4107 1126 4160 constitutionis
1172 4107 1444 4173 edictum,
1478 4107 1613 4160 dum
1651 4106 1939 4176 incognite
1971 4123 2059 4159 re-

360 4197 498 4252 solvi
527 4201 763 4267 putatur.
787 4196 938 4266 quod
972 4195 1355 4250 indissolubili
1385 4194 1694 4248 sanctionis
1726 4194 2058 4248 auctoritate

359 4289 627 4340 tenetur:
664 4284 795 4338 ideo
845 4284 1128 4354 quidquid
1165 4283 1399 4338 obvium
1431 4300 1498 4338 ex
1530 4284 1750 4338 incerto
1803 4299 2059 4337 occurre-

361 4374 435 4428 rit
463 4373 757 4427 evidenter
790 4373 959 4442 abjici
989 4375 1168 4438 decet,
1216 4379 1279 4426 ut
1312 4372 1381 4427 de
1413 4378 1616 4426 caetero
1667 4372 1808 4425 nihil
1857 4389 2056 4442 super-

360 4463 433 4516 sit
482 4463 635 4534 quod
688 4461 995 4515 indubium
1047 4465 1230 4514 nutet.
1288 4461 1536 4527 Ideoque
1589 4460 1638 4514 si
1691 4461 1749 4514 in
1803 4460 2060 4531 qualibet

362 4551 574 4606 minori
606 4555 794 4616 aetate,
827 4551 914 4604 vel
963 4549 1258 4619 religionis
1307 4554 1624 4616 tonsuram,
1673 4550 1758 4602 vel
1789 4549 2059 4619 religioni

361 4638 614 4692 debitam
646 4642 858 4691 vestem
907 4637 966 4690 in
997 4641 1243 4708 utroque
1288 4652 1420 4690 sexu
1455 4636 1588 4689 ﬁliis
1634 4642 1735 4689 aut
1782 4652 1932 4690 unus
1963 4642 2064 4690 aut

363 4727 532 4781 ambo
580 4733 848 4796 parentes
897 4725 1180 4791 dederint,
1240 4731 1390 4779 certe
1438 4728 1526 4778 vel
1587 4725 1916 4779 nolentibus
1961 4731 2062 4778 aut

364 4815 751 4870 nescientibus
780 4831 839 4869 se
879 4821 1200 4884 susceptam
1231 4820 1288 4868 et
1317 4830 1432 4867 non
1465 4830 1595 4867 mox
1625 4813 1805 4868 visam
1836 4813 1896 4867 in
1927 4814 2061 4867 ﬁliis

363 4903 772 4970 abdicaverint,
823 4903 924 4956 sed
973 4904 1061 4957 vel
1110 4919 1304 4956 coram
1349 4919 1406 4956 se
1446 4903 1535 4956 vel
1578 4919 1768 4956 coram
1820 4902 2064 4956 Ecclesia

362 4993 674 5065 palamque
725 4991 787 5045 in
849 4996 1125 5045 conventu
1195 4992 1398 5045 eodem
1453 4990 1604 5045 ﬁlios
1659 4991 1797 5045 talia
1850 4992 2061 5046 habere

365 5079 753 5153 permiserint,
813 5079 884 5134 ad
940 5080 1273 5133 saecularem
1335 5079 1542 5133 reverti
1601 5079 1862 5134 habitum
1923 5079 2062 5149 ipsis

364 5169 498 5226 ﬁliis
552 5169 896 5240 quandoque
951 5168 1181 5238 penitus
1235 5183 1354 5221 non
1407 5167 1613 5230 licebit,
1672 5169 1766 5222 sed
1820 5169 2063 5223 convicti

366 5260 517 5330 quod
577 5266 875 5312 tonsuram
933 5264 1032 5310 aut
1084 5256 1412 5326 religiosam
1471 5261 1687 5310 vestem
1751 5257 2060 5328 aliquando

366 5346 690 5411 habuerint,
721 5361 848 5399 mox
883 5345 955 5399 ad
998 5343 1296 5414 religionis
1337 5350 1394 5398 et
1423 5345 1637 5398 cultum
1689 5345 2062 5415 habitumque

365 5439 724 5503 revocentur,
769 5439 826 5488 et
869 5433 972 5488 sub
1008 5439 1240 5487 strenua
1266 5431 1618 5486 districtione
1667 5433 1906 5503 hujusce
1954 5433 2062 5485 ob-

368 5524 665 5578 servantiae.
712 5521 986 5577 inservire
1017 5525 1314 5593 cogantur.
1364 5519 1698 5574 Parentibus
1729 5520 1880 5572 sanis
1912 5518 2062 5572 ﬁlios

369 5612 637 5681 religioni
684 5612 1018 5667 contradere
1072 5627 1184 5666 non
1238 5609 1486 5680 amplius
1532 5624 1701 5681 quam
1755 5622 1937 5678 usque
1992 5605 2062 5658 ad

2100 4543 2142 4596 D

2087 3265 2127 3319 C
2157 3264 2562 3320 duodecimum
2612 3267 2793 3320 aetatis
2840 3283 3044 3320 eorum
3089 3283 3304 3320 annum
3359 3267 3590 3320 licentia
3644 3269 3866 3338 poterit

2165 3370 2305 3408 esse.
2355 3356 2560 3410 Postea
2604 3371 2738 3408 vero
2785 3371 2856 3408 an
2904 3356 3198 3409 voluntate
3244 3360 3570 3424 parentum,
3621 3372 3693 3409 an
3742 3371 3866 3408 sua:

2167 3442 2482 3496 devotionis
2538 3443 2608 3496 sit
2663 3442 2982 3497 solitarium
3031 3448 3249 3509 votum,
3295 3444 3404 3496 erit
3454 3443 3588 3497 ﬁliis
3640 3443 3865 3498 licitum

2164 3531 2464 3601 religionis
2520 3531 2822 3585 adsumere
2879 3533 3115 3586 cultum.
3173 3532 3440 3602 Quisquis
3498 3537 3712 3598 autem,
3773 3533 3868 3586 vel

2167 3618 2476 3672 abolitione
2520 3623 2796 3686 tonsurae,
2828 3620 2914 3672 vel
2947 3619 3236 3690 saecularis
3267 3619 3438 3672 vestis
3469 3619 3867 3688 assumptione

2168 3707 2422 3760 detectus
2452 3706 2625 3760 fuerit
2655 3707 2908 3777 attigisse
2955 3711 3489 3778 transgressionem,
3536 3723 3871 3760 excommu-

2167 3794 2472 3849 nicationis
2533 3810 2835 3850 censuram
2892 3794 3137 3865 accipiat
3193 3798 3250 3848 et
3307 3794 3578 3865 religioni
3634 3810 3870 3864 semper

2167 3883 2466 3937 iuhaareat.

2169 4023 2295 4078 Car.
2331 4023 2398 4076 ll.
2431 4053 2500 4061 —
2533 4023 2613 4076 De
2652 4023 2959 4091 virgimbus
2989 4039 3107 4092 qua
3146 4027 3354 4091 sponte,
3393 4039 3499 4076 non
3544 4027 3738 4076 coactae
3765 4039 3868 4092 pa-

2275 4098 2486 4148 rentum
2521 4095 2768 4162 imperio,
2801 4095 3046 4147 habitum
3076 4092 3356 4160 religionis
3385 4097 3753 4163 susceperunt.

2243 4220 2363 4287 (Ea:
2390 4218 2534 4274 decr.
2568 4220 2759 4273 Leonis
2784 4234 2961 4287 papa,
2991 4220 3169 4287 capite
3202 4218 3312 4289 17.)
3341 4217 3553 4272 Puellae
3585 4233 3714 4287 quae
3746 4232 3865 4270 non

2169 4313 2476 4378 parentum
2533 4314 2739 4362 coactae
2793 4307 3062 4377 imperio,
3121 4307 3219 4360 sed
3277 4311 3592 4376 spontaneo
3646 4304 3864 4374 judicio

2169 4396 2516 4467 virginitatis
2561 4395 2925 4468 propositum
2967 4401 3139 4464 atque
3176 4394 3440 4448 habitum
3469 4395 3863 4462 susceperunt,

2170 4485 2219 4538 si
2249 4489 2447 4556 postea
2487 4485 2717 4554 nuptias
2772 4485 3012 4553 eligunt.
3070 4482 3538 4553 praevaricantur,
3599 4480 3771 4534 etiam
3821 4481 3869 4534 si

2175 4574 2427 4629 nondum
2463 4573 2545 4628 eis
2576 4573 2760 4644 gratia
2791 4571 3234 4627 consecrationis
3278 4570 3527 4624 accessit.
3562 4569 3733 4638 Cujus
3765 4569 3870 4622 uti-

2172 4681 2283 4736 que
2332 4679 2448 4717 non
2481 4662 2882 4716 fraudarentur
2925 4675 3184 4725 munere,
3228 4658 3360 4712 siin
3391 4657 3686 4728 proposito
3731 4673 3863 4726 pcr-

2171 4757 2493 4808 manerent.

2173 4878 2300 4932 CAP.
2324 4877 2415 4930 lll.
2449 4906 2517 4915 ——-
2541 4875 2622 4927 De
2652 4874 2764 4926 illis
2797 4873 2894 4940 qui
2930 4886 2985 4924 se
3023 4875 3147 4922 ante
3192 4869 3457 4933 legitimos
3499 4883 3668 4922 annos
3709 4873 3870 4924 toton-

2703 4944 2899 4996 derunt
2923 4946 2974 4994 et
3003 4941 3332 4992 velaverunt.

2241 5073 2362 5140 (Eae
2391 5070 2612 5124 concilio
2661 5069 2902 5133 Mogunt.
2935 5065 3025 5118 cui
3054 5065 3311 5129 interfuit
3362 5063 3584 5118 Carolus
3633 5065 3867 5132 impera-

2174 5166 2277 5225 tor,
2301 5165 2348 5214 et
2380 5158 2676 5224 Ricolphus
2731 5154 3190 5221 archiepiscopus,
3235 5153 3295 5204 in
3327 5153 3563 5206 claustro
3611 5153 3667 5207 S.
3703 5154 3868 5206 Alba-

2171 5252 2250 5314 ni,
2278 5249 2454 5316 capite
2481 5247 2591 5310 20.)
2623 5242 2679 5297 Si
2723 5241 2851 5313 quis
2881 5247 3011 5295 ante
3058 5255 3240 5293 annos
3271 5240 3557 5310 legitimos
3602 5245 3865 5295 tonsura-

2173 5343 2264 5390 tus
2294 5339 2379 5389 est
2422 5334 2544 5387 sine
2594 5347 2872 5385 consensu
2921 5333 3223 5401 parentum
3267 5344 3524 5394 suorum,
3573 5334 3629 5381 et
3658 5329 3700 5381 si
3754 5328 3862 5398 ipsi

2173 5429 2436 5496 parentes
2465 5421 2613 5475 infra
2640 5436 2857 5474 annum
2883 5435 3002 5474 non
3028 5435 3087 5472 se
3117 5419 3571 5472 reclamaverunt
3599 5417 3666 5470 ad
3702 5418 3863 5486 prin-

2172 5514 2380 5584 cipem,
2411 5515 2509 5565 aut
2534 5511 2603 5564 ad
2635 5509 2935 5581 preprium
2989 5509 3344 5579 episcopum,
3385 5511 3484 5560 aut
3513 5505 3582 5560 ad
3631 5505 3865 5560 missum

2173 5601 2548 5666 dominicum,
2599 5599 2657 5653 in
2712 5599 2838 5669 ipso
2889 5598 3155 5653 clericatu
3213 5599 3568 5667 permaneat.
3619 5593 3678 5648 Si
3738 5611 3866 5648 vero
