3966 6408
123 385 229 434 793

1106 378 1585 434 DECRETORUM
1629 380 1810 436 LIBRI
1851 381 1960 436 XX.
2008 411 2071 418 —
2117 379 2325 436 LIBER
2365 380 2696 436 OCTAVUS.

3554 383 3657 435 794

127 510 259 576 post
294 504 587 576 legitimos
621 520 801 557 annos
831 517 937 573 per
966 502 1081 557 vim
1129 503 1369 557 clericus
1415 504 1595 557 factus
1644 509 1746 569 est,
1778 508 1835 557 et
1872 506 1917 556 A
1952 504 2251 557 devolutus
2330 508 2433 571 est,
2507 503 2757 573 publicae
2840 502 3198 574 poenitentia;
3274 502 3659 557 satisfactione

133 594 288 649 infra
315 610 538 647 annum
571 594 640 647 ad
682 609 855 663 super
885 599 1229 646 memoratas
1280 609 1552 663 personas
1602 594 1842 647 minime

137 701 190 738 se
239 683 600 748 reclamavit,
650 683 729 735 ita
786 682 848 735 in
903 681 1171 735 clericatu
1220 686 1552 753 permaneat
1600 682 1745 736 sicut
1800 683 1847 735 is

138 775 202 827 de
237 790 356 843 quo
386 772 650 841 superius
687 771 904 825 dictum
945 774 1048 825 est.
1102 771 1161 824 Si
1194 787 1326 824 vero
1367 771 1620 840 praefata;
1662 787 1847 840 perso-

144 878 229 914 nae
262 862 415 914 infra
446 876 663 913 annum
694 858 1162 912 reclamationem
1194 859 1472 924 fecerunt,
1507 859 1567 912 hi
1612 860 1710 929 qui
1751 876 1849 913 eos

144 949 378 1002 clericos
433 948 708 1011 fecerunt,
756 947 894 1017 ipsis
956 947 1071 999 sive
1118 947 1448 1016 parentibus
1498 963 1699 1001 eorum
1746 948 1851 1001 hoc

146 1053 248 1104 per
272 1038 462 1107 legem
493 1037 783 1090 exsolvant
825 1036 981 1105 quod
1037 1040 1236 1088 contra
1267 1052 1362 1088 eos
1415 1040 1847 1090 contraxerunt.

152 1126 246 1179 llle
278 1141 411 1178 vero
456 1125 555 1195 qui
601 1129 732 1178 ante
781 1124 1073 1193 legitimos
1130 1140 1309 1177 annos
1361 1130 1691 1178 tonsuratus
1744 1130 1848 1192 est,

153 1219 346 1267 utrum
396 1214 456 1267 in
491 1214 692 1267 eadem
748 1216 985 1266 tonsura
1031 1228 1367 1283 permanere
1407 1213 1611 1267 debeat
1644 1230 1845 1281 necne,

153 1303 209 1355 in
238 1306 517 1372 potestate
564 1302 639 1354 sit
676 1308 1001 1371 parentum.
1044 1301 1100 1353 Si
1131 1317 1264 1354 vero
1310 1300 1357 1354 is
1387 1302 1486 1372 qui
1518 1307 1849 1356 tonsuratus

153 1396 236 1445 est
264 1391 507 1461 alicujus
559 1406 756 1443 servus
804 1389 930 1457 fuit,
986 1390 1219 1443 domino
1268 1406 1372 1461 per
1418 1389 1605 1460 legem
1652 1408 1851 1445 emen-

151 1480 316 1533 detur
352 1479 631 1549 quidquid
664 1480 733 1532 de
766 1480 890 1549 ejus
916 1495 1077 1531 servo
1109 1484 1308 1532 contra
1331 1496 1461 1532 eum
1494 1485 1852 1533 contractum

152 1575 254 1622 est.
310 1570 413 1621 Ille
453 1584 588 1621 vero
634 1568 735 1636 qui
772 1573 1104 1621 tonsuratus
1140 1573 1243 1635 est,
1290 1574 1485 1622 utrum
1536 1568 1596 1621 in
1650 1568 1852 1622 eadem

150 1664 388 1711 tonsura
414 1662 771 1726 permaneat,
812 1658 870 1710 in
920 1662 1198 1727 potestate
1244 1657 1317 1710 sit
1363 1657 1581 1710 domini
1629 1657 1738 1712 sui.
1795 1658 1852 1711 Si

148 1762 283 1799 vero
316 1746 377 1799 hi
408 1746 509 1816 qui
544 1745 709 1799 liberi
738 1750 892 1813 sunt,
926 1751 1055 1799 ante
1080 1745 1367 1815 legitimos
1402 1751 1498 1799 aut
1546 1752 1677 1816 post
1724 1748 1854 1817 legi-

150 1835 324 1888 timos
355 1850 556 1899 annos,
592 1836 696 1887 hoc
729 1834 921 1900 modo,
952 1834 1097 1888 sicut
1128 1835 1389 1905 superius
1436 1841 1692 1889 taxatum
1748 1841 1852 1903 est,

148 1922 435 1977 tonsurati
476 1930 609 1976 sunt
648 1928 704 1977 et
747 1922 818 1976 ad
859 1923 1069 1992 gradus
1118 1924 1522 1977 ecclesiasticos
1575 1941 1855 1994 pervene-

148 2015 292 2082 rint,
346 2014 408 2067 in
442 2013 659 2067 eisdem
708 2014 981 2085 gradibus
1027 2025 1393 2083 perseverare
1442 2022 1737 2085 cogantur.
1797 2015 1855 2069 Si

146 2120 291 2157 vero
322 2118 540 2161 servus,
592 2102 693 2173 qui
740 2102 1005 2172 superius
1061 2107 1251 2156 taxato
1296 2103 1467 2157 modo
1525 2110 1856 2158 tonsuratus

148 2195 261 2256 est,
292 2196 351 2244 et
378 2192 451 2244 ad
496 2191 709 2261 gradus
758 2191 1166 2245 ecclesiasticos
1217 2191 1567 2260 pervenerit,
1616 2192 1856 2246 domino

149 2296 261 2334 suo
292 2295 399 2348 per
428 2279 616 2349 legem
650 2279 1010 2345 emendetur,
1045 2284 1102 2332 et
1129 2278 1183 2332 ei
1212 2279 1468 2333 redditus
1497 2280 1557 2333 in
1588 2296 1692 2333 suo
1734 2297 1859 2351 gra-

148 2370 236 2423 du
264 2374 618 2438 permaneat.
657 2369 773 2422 Hoc
804 2372 859 2421 et
883 2368 955 2422 de
986 2367 1240 2421 vetandis
1290 2368 1498 2438 puellis
1548 2368 1857 2422 observan-

147 2460 295 2512 dum
330 2463 433 2510 est.

149 2547 289 2600 CAP.
327 2546 513 2598 IV.—
544 2546 752 2599 Deillis
774 2546 871 2611 qui
913 2546 1081 2599 semel
1134 2546 1193 2597 in
1213 2546 1351 2599 clero
1398 2544 1651 2613 deputati
1708 2550 1858 2611 sunt,

444 2622 542 2669 aut
563 2616 944 2669 monachorum
974 2618 1146 2669 vitam
1178 2619 1572 2683 expetiverunt.

227 2704 338 2771 (Ea:
365 2704 593 2758 concilio
619 2704 867 2759 Chalced.
897 2706 1074 2772 capite
1104 2704 1185 2773 7.)
1239 2704 1347 2768 Qui
1395 2704 1572 2757 semel
1612 2704 1674 2757 in
1705 2704 1859 2758 clero

148 2790 417 2861 deputati
449 2795 602 2857 sunt,
627 2797 727 2844 aut
756 2792 1176 2845 monachorum
1209 2793 1385 2845 vitam
1433 2793 1857 2861 expetiverunt,

150 2878 470 2933 statuimus
500 2895 689 2950 neque
718 2880 788 2934 ad
820 2879 1111 2947 militiam,
1153 2898 1342 2952 neque
1394 2883 1467 2935 ad
1523 2881 1860 2950 dignitatem

151 2968 417 3039 aliquam
447 2968 641 3021 venire
689 2969 1091 3023 mundanam:
1149 2971 1249 3023 sed
1305 2971 1415 3023 huc
1466 2975 1750 3025 tentantes
1808 2975 1864 3023 et

1958 592 2292 663 purgandus
2326 598 2411 646 est
2444 609 2456 646 :
2511 592 2649 663 quia
2679 597 2735 646 et
2782 592 2828 646 si
2861 592 3135 646 innocens
3168 592 3397 659 militia,
3458 598 3513 645 et
3552 593 3661 645 ho-

1958 686 2183 734 nestum
2212 685 2397 751 potest
2425 697 2543 734 esse
2574 681 2930 751 conjugium,
2984 680 3325 735 electionem
3361 681 3660 734 meliorem

1959 770 2276 823 deseruisse
2308 770 2694 840 transgressio
2723 776 2826 824 est.

1961 859 2085 913 CAP.
2125 860 2390 913 IX.—Ut
2434 859 2694 913 monacho
2752 862 2866 912 sine
2922 860 3246 913 conscientia
3302 861 3390 912 sui
3444 858 3661 912 abbatis

2452 936 2631 983 votum
2654 946 2840 983 vovere
2860 946 2965 983 non
2984 932 3158 983 liceat.

2033 1021 2142 1087 (Ea:
2173 1018 2334 1071 dictis
2368 1019 2610 1084 Basilii.)
2658 1018 2932 1070 Monacho
2965 1034 3079 1071 non
3109 1017 3278 1071 liceat
3306 1022 3502 1070 votum
3559 1033 3659 1070 vo-

1958 1121 2091 1159 vere
2138 1106 2261 1159 sine
2310 1121 2593 1159 consensu
2642 1104 2864 1159 abbatis
2911 1103 3020 1157 sui.
3080 1105 3138 1159 Si
3181 1110 3376 1158 autem
3423 1104 3660 1170 voverit,

1960 1194 2345 1263 frangendum
2378 1194 2505 1246 erit.

1963 1286 2090 1337 CAP.
2140 1284 2197 1336 Χ.
2246 1312 2314 1321 -
2369 1283 2448 1334 Dc
2497 1281 2802 1347 virginibus
2828 1297 2947 1349 quae
3004 1285 3129 1333 ante
3170 1280 3294 1333 XII
3331 1295 3523 1345 annos,
3574 1282 3663 1333 in—

2032 1356 2159 1407 sciis
2185 1353 2568 1407 mundiburdis
2598 1354 2731 1419 suis,
2756 1354 2995 1405 velamen
3020 1352 3127 1405 sibi
3155 1353 3529 1419 imposuerint.

2035 1443 2137 1511 (Ea:
2168 1443 2390 1495 concilio
2426 1441 2666 1506 Tribur.,
2693 1443 2869 1509 capite
2904 1440 3011 1509 IO.)
3062 1440 3322 1510 Virgines
3366 1455 3496 1508 quae
3532 1442 3665 1492 ante

1962 1531 2053 1583 XII
2082 1547 2283 1593 annos,
2319 1530 2514 1583 insciis
2567 1529 2969 1583 mundiburdis
3018 1528 3155 1593 suis,
3207 1542 3429 1580 sacrum
3514 1527 3664 1580 vela-

1963 1635 2096 1672 men
2151 1618 2325 1688 capiti
2383 1635 2486 1672 suo
2565 1617 2970 1687 imposuerint,
3029 1626 3083 1670 et
3146 1616 3229 1669 illi
3288 1613 3668 1668 mundiburdi

1963 1723 2179 1761 annum
2249 1712 2306 1761 et
2372 1707 2525 1761 diem
2600 1707 2707 1760 hoc
2789 1706 3031 1759 tacendo
3110 1703 3529 1770 consenserint,
3606 1701 3666 1755 in

1965 1801 2159 1848 sancto
2193 1796 2488 1867 proposito
2523 1800 2919 1866 permaneant.
2950 1795 3014 1848 Et
3042 1793 3090 1846 si
3118 1793 3178 1846 in
3208 1793 3486 1862 praedicto
3517 1807 3667 1845 anno

1967 1889 2023 1936 et
2052 1884 2142 1938 die
2180 1901 2283 1954 pro
2328 1884 2441 1937 illis
2490 1901 2549 1937 se
2598 1883 3100 1953 proclamaverint,
3148 1880 3415 1950 petitioni
3464 1895 3666 1933 eorum

1966 1988 2228 2026 assensus
2282 1972 2625 2042 praebeatur,
2674 1972 2801 2038 nisi,
2862 1972 3008 2025 forte
3071 1970 3169 2023 Dei
3224 1969 3432 2022 timore
3480 1967 3666 2035 tactis,

1967 2078 2098 2115 cum
2148 2078 2348 2115 eorum
2398 2062 2626 2116 licentia
2679 2061 2741 2114 in
2798 2059 3094 2130 religionis
3147 2059 3348 2113 habitu
3405 2072 3667 2127 perseve-

1966 2155 2114 2203 rent.

1970 2241 2096 2294 CAP.
2132 2239 2213 2292 ΧΙ.
2246 2269 2314 2278 -
2360 2241 2426 2294 Ut
2472 2239 2655 2293 clerici
2700 2253 2769 2291 ea:
2807 2254 2871 2290 ea
2920 2238 3191 2302 Ecclesia,
3238 2238 3297 2289 in
3345 2250 3456 2304 qua
3514 2236 3671 2288 semel

2299 2312 2548 2379 legerint,
2588 2310 2657 2363 ab
2691 2310 2807 2363 alia
2834 2324 2941 2362 non
2971 2311 3328 2376 recipiantur,

2040 2403 2149 2468 (Ea:
2172 2400 2393 2454 concilio
2414 2400 2701 2464 Africano,
2754 2399 2931 2466 capite
2976 2398 3091 2465 57.)
3152 2397 3295 2449 Item
3354 2393 3567 2464 placuit
3610 2396 3675 2447 ut

1971 2490 2302 2560 quicunque
2360 2487 2421 2540 in
2474 2486 2721 2540 Ecclesia
2773 2487 2857 2539 vel
2917 2485 3095 2539 semel
3156 2484 3378 2554 legerit,
3434 2482 3505 2537 ab
3564 2481 3674 2535 alia

1972 2577 2215 2632 Ecclesia
2246 2576 2316 2629 ad
2347 2574 2676 2628 clericatum
2710 2590 2824 2627 non
2857 2580 3137 2627 teneatur.

1973 2667 2102 2721 CAP.
2133 2665 2246 2718 XII.
2283 2692 2343 2702 —
2369 2666 2443 2716 De
2479 2663 2785 2727 virginibus
2816 2662 3049 2716 necdum
3083 2662 3293 2724 velatis,
3347 2675 3465 2729 qua:
3498 2663 3675 2711 tamen

2042 2739 2099 2789 in
2123 2736 2399 2804 proposito
2435 2736 2700 2798 virginali
2732 2749 2785 2787 se
2816 2734 3209 2785 simulaverant
3232 2745 3565 2800 permanere.

2044 2826 2152 2895 (Em
2204 2824 2348 2876 decr.
2407 2824 2703 2876 Innocentii
2747 2837 2926 2890 papa,
2981 2822 3160 2888 capite
3218 2821 3335 2885 20.)
3389 2820 3483 2871 Hm
3540 2833 3674 2869 vero

1972 2930 2122 2984 quae,
2155 2914 2399 2966 necdum
2440 2926 2597 2963 sacro
2628 2909 2912 2963 velamine
2962 2914 3145 2973 tectae,
3200 2906 3487 2960 tamenin
3542 2921 3675 2975 pro-

1920 3060 1933 3077 η
1972 3002 2157 3073 posito
2192 2999 2455 3071 virginali
2484 3014 2711 3068 semper
2756 3014 2814 3051 se
2861 2998 3267 3050 simulaverant
3313 3008 3671 3064 permanere,

152 3061 544 3155 nauigante?
576 3062 1149 3155 paf““°““a.'“'._q°°
1176 3058 1373 3155 inus
1393 3059 1731 3155 “mni”
1758 3059 1863 3155 h°_°
1896 3060 1937 3113 Ο
1974 3056 2111 3145 licet
2155 3056 2353 3144 velatae
2392 3104 2507 3142 non
2562 3056 2797 3154 fuerint,
2844 3086 2889 3139 si
2931 3086 3077 3139 forte
3130 3082 3452 3155 nupseriut,
3512 3098 3673 3134 revo-

151 3146 317 3218 quod
357 3150 596 3215 propter
629 3147 808 3200 Deum
842 3146 1111 3216 primitus
1139 3148 1459 3217 elegerunt,
1490 3148 1863 3203 anathemati-

151 3252 297 3289 zari.

152 3325 288 3379 CAP.
317 3324 381 3377 V.
416 3352 486 3361 —
534 3326 599 3377 Ut
628 3325 874 3377 canonici
920 3326 1019 3393 qui
1081 3327 1141 3378 in
1192 3327 1520 3379 monasterio
1578 3327 1864 3381 monacho-

225 3411 353 3449 rum
416 3400 823 3453 conversantur.
869 3401 967 3448 aut
1012 3397 1318 3449 monachice
1364 3400 1575 3463 vivant,
1629 3403 1725 3451 aut
1767 3398 1866 3452 sub

228 3468 493 3519 canonica
525 3466 714 3531 regula
732 3468 1197 3532 constringantur.

229 3554 350 3621 (Ea:
398 3554 620 3606 concilio
650 3553 929 3618 Mogunt.,
983 3558 1162 3621 capite
1216 3557 1322 3618 17.)
1377 3553 1754 3625 Praecipimus
1804 3560 1868 3609 ut

152 3640 565 3711 unusquisque
596 3640 897 3711 episcopus
928 3640 1071 3693 sciat
1098 3656 1203 3710 per
1242 3640 1472 3711 singula
1520 3643 1869 3697 monasteria

154 3734 380 3800 quanto
412 3729 658 3799 quisque
714 3728 889 3783 abbas
939 3729 1246 3782 canonicos
1279 3730 1336 3783 in
1380 3731 1722 3784 monasterio
1765 3748 1868 3785 suo

157 3818 395 3882 habeat,
430 3824 487 3871 et
523 3818 631 3871 hoc
661 3818 901 3871 omnino
933 3818 1102 3872 ambo
1134 3818 1347 3888 pariter
1396 3819 1758 3888 provideant,
1822 3820 1869 3874 si

158 3905 437 3961 monachi
469 3906 592 3959 ﬁeri
624 3906 930 3973 voluerint,
964 3906 1307 3977 regulariter
1361 3908 1573 3977 vivant,
1626 3908 1713 3962 sin
1769 3925 1870 3963 au-

161 4000 303 4057 tem,
337 3994 614 4048 canonice
636 3994 830 4048 vivant
860 3994 1119 4049 omnino.

165 4084 297 4139 CAP.
342 4084 433 4138 VI.
476 4113 545 4123 —
604 4084 763 4149 Quod
827 4085 1147 4138 monachum
1208 4089 1443 4153 paterna
1498 4085 1727 4154 devotio,
1789 4087 1873 4140 vel

648 4157 878 4225 propria
912 4158 1179 4224 professio
1201 4158 1394 4221 faciat.

236 4245 352 4311 (Ex
386 4244 609 4296 concilio
640 4244 863 4296 Toletan
912 4246 1089 4312 capite
1118 4243 1233 4313 49.)
1286 4243 1623 4297 Monachum
1679 4250 1871 4298 autem

163 4337 410 4399 paterna
464 4330 713 4395 devotio,
767 4336 865 4385 aut
918 4330 1150 4401 propria
1198 4331 1474 4401 professio
1517 4331 1667 4385 facit.
1705 4332 1870 4397 Quid-
1904 4341 1948 4394 D

165 4420 303 4482 quid
338 4420 550 4473 horum
606 4418 803 4485 fuerit,
857 4419 1157 4489 alligatum
1199 4420 1432 4474 tenebit.
1490 4420 1735 4474 Proinde
1782 4421 1869 4475 his

163 4506 234 4559 ad
281 4504 572 4560 mundum
634 4506 841 4559 reverti
896 4507 1250 4560 recludimus
1299 4507 1544 4573 aditum,
1581 4514 1637 4560 et
1668 4524 1869 4562 omnes

165 4594 234 4647 ad
264 4596 548 4648 saeculum
576 4593 973 4649 interdicimus
1007 4611 1321 4665 regressus.

199 4684 329 4737 CAP.
373 4682 486 4737 VII.
520 4713 585 4722 —
610 4686 687 4738 De
717 4685 924 4739 clericis
955 4688 1052 4753 qui
1074 4700 1129 4739 se
1155 4688 1371 4753 ﬁngunt
1400 4686 1686 4739 monachos
1702 4701 1830 4740 esse.

234 4774 345 4837 (Ex
400 4771 588 4825 eodem
646 4771 913 4841 concilio.)
980 4774 1049 4828 Ut
1116 4774 1329 4841 clerici,
1363 4774 1464 4844 qui
1524 4791 1583 4829 se
1640 4775 1872 4845 fingunt

165 4857 364 4915 habitu
432 4866 489 4915 et
556 4861 788 4916 nomine
856 4863 1172 4917 monachos
1226 4880 1369 4932 esse,
1429 4868 1485 4917 et
1538 4880 1656 4917 non
1713 4868 1868 4927 sunt,

165 4949 519 5004 omnimodis
568 4950 932 5022 corrigantur
988 4957 1161 5023 atque
1220 4953 1623 5022 emendentur,
1673 4956 1737 5006 ut
1781 4954 1869 5007 vel

166 5037 281 5090 veri
315 5038 582 5092 monachi
610 5038 724 5091 sint
754 5040 839 5093 vel
864 5038 983 5093 veri
1015 5041 1293 5095 canonici.

168 5125 295 5179 ΟΑΡ.
326 5128 469 5181 VIII.
512 5128 790 5194 -ιΟιιοιί
828 5135 1184 5197 spontaneum
1243 5132 1582 5199 propositum
1622 5130 1873 5184 monachi

738 5202 944 5253 mutari
971 5216 1077 5254 non
1109 5201 1286 5254 liceat.

237 5286 348 5351 (Ea:
416 5285 563 5340 decr.
626 5286 819 5341 Leonis
864 5302 1044 5357 papae,
1112 5290 1292 5357 capite
1333 5289 1445 5358 26.)
1504 5288 1868 5357 Propositum

172 5374 457 5440 monachi,
487 5374 726 5445 proprio
766 5375 1005 5429 arbitrio
1046 5380 1145 5429 aut
1173 5377 1465 5430 voluntate
1513 5380 1865 5447 susceptum,

170 5459 350 5516 deseri
387 5480 503 5517 non
536 5468 722 5533 potest
747 5464 963 5533 absque
1015 5470 1262 5534 peccato.
1313 5465 1475 5529 Quod
1525 5464 1680 5519 enim
1739 5465 1868 5536 quis

173 5550 318 5603 vovit
353 5553 492 5619 Deo,
522 5552 691 5606 debet
722 5556 779 5605 et
816 5552 1079 5607 reddere.
1143 5553 1301 5607 Unde
1349 5554 1450 5625 qui
1498 5554 1695 5608 relicta
1752 5553 1870 5606 sin-

174 5637 490 5703 gularitatis
522 5640 875 5711 professione
908 5643 979 5697 ad
1028 5641 1319 5708 militiam,
1379 5642 1467 5697 vel
1500 5642 1571 5697 ad
1636 5642 1866 5713 nuptias

1979 3180 2177 3233 cauda:
2229 3183 2384 3246 sunt,
2441 3182 2497 3231 et
2542 3176 2762 3247 agenda
2810 3173 3154 3246 paenitentia
3202 3172 3315 3227 illis
3346 3176 3430 3227 est
3473 3188 3485 3226 :
3540 3170 3677 3240 quia

1977 3267 2210 3339 sponsio
2240 3283 2437 3321 earum
2472 3282 2505 3319 a
2536 3265 2775 3319 Domino
2799 3263 3119 3318 tenebatur.
3152 3263 3293 3316 Nam
3325 3261 3372 3314 si
3437 3264 3673 3331 Aposto-

1978 3360 2066 3411 lus
2112 3358 2238 3410 illas
2302 3371 2431 3426 quas
2500 3372 2533 3407 a
2585 3353 2877 3425 proposito
2948 3350 3239 3405 viduitatis
3294 3350 3679 3403 discesserunt

1979 3446 2199 3499 dixerat
2247 3443 2456 3497 habere
2515 3441 2966 3506 damnationem,
3022 3439 3157 3509 quia
3204 3440 3452 3508 primam
3502 3435 3674 3488 fidem

1976 3534 2199 3587 irritam
2243 3532 2524 3594 fecerunt,
2574 3535 2787 3599 quanto
2837 3528 3019 3598 magis
3059 3526 3306 3596 virgines
3350 3541 3480 3596 quae
3529 3523 3678 3595 prio-

1978 3622 2056 3675 ris
2084 3618 2481 3691 promissionis
2512 3618 2685 3672 Ildem
2717 3618 2980 3685 frangere
3011 3621 3233 3669 conatus
3267 3612 3438 3667 sunt?

1980 3712 2108 3764 CAP.
2147 3708 2285 3763 XIII.
2347 3735 2419 3746 —
2465 3709 2537 3760 De
2587 3704 3111 3770 sanctimonialibus,
3185 3705 3236 3758 si
3302 3720 3336 3756 a
3400 3702 3678 3771 proposito

2552 3792 2710 3831 sacro
2741 3776 3098 3829 deviavermt.

2050 3866 2157 3925 (Ea:
2180 3863 2320 3917 decr.
2359 3865 2620 3933 ejusdem,
2657 3866 2835 3933 capite
2896 3864 3005 3932 l9.)
3052 3863 3189 3926 Quae
3241 3859 3464 3915 Christo
3505 3858 3678 3929 spiri-

1978 3954 2168 4008 taliter
2198 3954 2444 4020 nubunt,
2493 3954 2540 4008 si
2584 3958 2781 4024 postea
2828 3952 3057 4023 publice
3106 3950 3427 4021 nupseriut,
3493 3948 3579 4001 vel
3619 3963 3676 4001 se

1981 4039 2247 4099 clanculo
2289 4042 2671 4113 corruperint,
2717 4057 2833 4095 non
2884 4056 2978 4093 eas
3022 4038 3408 4093 admittendas
3448 4053 3568 4090 esse
3611 4036 3679 4089 ad

1982 4138 2264 4206 agendam
2315 4130 2732 4205 paenitentiam,
2786 4130 2897 4184 nisi
2937 4131 2985 4183 is
3024 4124 3115 4182 cui
3162 4145 3220 4182 se
3255 4127 3567 4197 junxerant
3611 4124 3680 4178 de

1983 4226 2198 4280 mundo
2232 4221 2546 4278 recesserit.
2586 4219 2645 4273 Si
2685 4219 2839 4272 enim
2887 4218 2956 4272 de
3006 4217 3338 4271 hominibus
3384 4216 3507 4269 haec
3536 4214 3681 4267 ratio

1980 4314 2316 4375 custoditur.
2355 4316 2416 4364 ut
2446 4324 2813 4380 quascunque
2857 4309 3084 4361 vivente
3124 4306 3244 4359 viro
3279 4304 3441 4358 alteri
3472 4319 3681 4373 nupse-

1981 4404 2054 4457 rit
2104 4401 2361 4456 adultera
2420 4399 2722 4461 habeatur,
2774 4411 2879 4449 nec
2938 4394 2989 4448 ei
3044 4393 3278 4463 agendae
3329 4390 3681 4461 paenitentiae

1980 4491 2210 4545 licentia
2255 4487 2623 4555 concedatur,
2666 4484 2778 4537 nisi
2827 4499 2976 4536 unus
3025 4498 3090 4534 ex
3148 4480 3236 4533 his
3275 4478 3447 4532 fuerit
3476 4477 3680 4531 defun-

1984 4584 2107 4633 ctus
2141 4595 2153 4632 :
2185 4582 2401 4649 quanto
2436 4573 2618 4644 magis
2648 4573 2715 4626 de
2764 4572 2861 4625 illa
2894 4570 3141 4623 tenenda
3199 4574 3304 4633 est,
3362 4583 3491 4637 qua:
3551 4571 3680 4619 ante

1980 4666 2299 4722 immortali
2338 4681 2395 4717 se
2445 4677 2654 4734 sponso
2695 4660 3071 4729 conjunxerat
3119 4661 3173 4710 et
3220 4660 3420 4727 postea
3471 4654 3543 4709 ad
3573 4654 3680 4708 hu-

1980 4772 2179 4810 manas
2209 4753 2439 4824 nuptias
2462 4748 2935 4820 transmigravit?

2422 4841 2550 4895 CAP.
2586 4838 2716 4892 XIV.
2752 4866 2815 4876 —
2848 4840 2922 4891 De
2944 4836 3130 4890 eadem
3156 4850 3232 4889 re.

2052 4933 2166 5003 (Ea:
2205 4930 2427 4985 concilio
2472 4928 2743 4995 Toletan.)
2808 4928 2884 4979 De
2934 4924 3069 4979 viris
3119 4941 3183 4979 ac
3231 4922 3461 4978 feminis
3508 4920 3682 4976 sacris

1979 5020 2343 5091 propositum
2422 5015 2978 5087 transgredientibus
3094 5029 3320 5068 sacrum
3404 5011 3673 5083 proclivis

1982 5125 2180 5164 cursus
2211 5113 2297 5162 est
2325 5125 2359 5162 a
2389 5109 2705 5173 voluntate,
2743 5110 2800 5159 et
2829 5103 3111 5159 imitatrix
3134 5107 3339 5157 natura
3387 5100 3676 5155 vitiorum.

1981 5198 2363 5263 Quamobrem
2397 5195 2660 5268 quisquis
2686 5194 2944 5248 virorum
2974 5194 3064 5247 vel
3088 5192 3398 5246 mulierum
3420 5188 3680 5242 habitum

1981 5287 2156 5341 semel
2189 5286 2505 5354 induerint,
2535 5286 2625 5339 vel
2648 5284 2962 5338 induerunt
2982 5287 3294 5353 spontanee
3321 5276 3679 5348 religiosum,

1981 5380 2074 5429 aut
2120 5376 2168 5429 si
2199 5374 2284 5427 vir
2334 5374 2559 5429 deditus
2620 5373 2881 5427 Ecclesia:
2937 5371 3125 5437 thoro,
3149 5369 3236 5422 vel
3292 5366 3507 5421 femina
3548 5365 3679 5418 fue-

1979 5464 2076 5529 rit,
2136 5468 2238 5517 aut
2292 5462 2402 5517 fuit
2470 5463 2732 5531 delegata
2802 5459 3127 5531 puellarum
3184 5453 3557 5521 monasterio,
3619 5452 3680 5506 in

1982 5558 2230 5623 utroque
2286 5567 2427 5606 sexu
2477 5551 2882 5622 prmvaricator
2930 5548 2995 5601 ad
3054 5545 3415 5617 propositum
3464 5541 3681 5596 invitus

1980 5641 2185 5696 reverti
2218 5646 2479 5710 cogatur,
2512 5645 2575 5694 ut
2604 5639 2690 5693 vir
2720 5637 3118 5701 detondeatur,
3146 5641 3201 5687 et
3252 5633 3444 5705 puella
3486 5647 3681 5685 mona-
