4380 6420
791 356 895 407 ’ἲυὸ

1863 351 2277 407 BURCHARDI
2319 350 2843 408 WORMACIENSIS
2880 348 3218 411 EPISCOPI.
4218 348 4304 396 796

792 477 1032 532 sterium
1093 476 1478 545 ingrediatur.
1527 475 1587 528 Si
1617 478 1810 529 autem
1862 473 2120 545 quolibet
2180 474 2491 546 patrocinio
2530 477 2573 529 Α
2606 490 2727 540 nos,
2760 478 2859 527 aut
2888 489 3103 536 servus,
3159 476 3255 525 aut
3304 470 3558 533 libertus,
3610 472 3694 523 vel
3728 470 3979 524 colonus
4021 473 4306 539 queratur

792 566 1116 620 desertores
1144 578 1485 635 permanere
1532 562 1836 628 voluerint,
1884 562 2219 616 sacerdotali
2271 568 2493 616 senten-

790 653 875 708 tia
934 670 969 708 a
1023 651 1481 707 Christianorum
1539 655 1683 705 cuitu
1733 650 2052 705 habeantur
2097 656 2371 717 extorres,
2428 656 2494 704 ut

798 757 905 794 nec
950 741 1112 794 locus
1151 740 1232 794 eis
1282 741 1434 793 ullus
1484 739 1558 793 sit
1603 738 1947 792 communis.
1999 738 2207 792 Viduas
2263 754 2492 808 quoque

795 829 1140 883 universalis
1162 830 1283 898 jam
1315 829 1530 884 dudum
1561 828 1757 881 statuit
1793 827 2062 897 synodus,
2120 826 2494 897 professionis

800 918 884 971 vel
926 916 1160 970 habitus
1200 917 1287 970 sui
1347 916 1699 979 desertrices,
1755 919 1818 969 ut
1870 915 2155 986 superiori
2206 914 2489 967 sententia

802 1005 1285 1059 condemnentur.

806 1112 937 1166 CAP.
972 1112 1077 1166 XV.
1109 1140 1179 1152 —
1208 1112 1325 1175 Quo
1372 1115 1601 1177 tempore
1649 1124 1866 1162 sacrum
1906 1111 2148 1163 velamen
2177 1111 2347 1163 sacris
2384 1109 2495 1161 vir-

1304 1182 1519 1249 ginibus
1540 1183 1746 1249 imponi
1775 1181 1990 1234 debeat.

878 1271 996 1340 (Ea:
1020 1270 1163 1323 decr.
1198 1270 1406 1323 Gelasii
1429 1284 1607 1337 papae,
1658 1272 1834 1335 capite
1868 1268 1976 1337 l2.)
2012 1267 2239 1321 Devotis
2262 1283 2493 1338 quoque

808 1358 1144 1427 virginibus,
1205 1357 1314 1411 nisi
1359 1362 1459 1410 aut
1497 1357 1556 1409 in
1583 1356 1920 1425 Epiphania,
1970 1361 2071 1409 aut
2096 1356 2158 1408 in
2207 1354 2349 1408 albis
2384 1356 2493 1409 Pa-

809 1446 1110 1512 schalibus,
1135 1450 1234 1498 aut
1277 1448 1337 1498 in
1367 1444 1757 1515 apostolorum
1797 1443 2092 1510 natalitiis,
2133 1458 2354 1496 sacrum
2395 1443 2494 1497 mi-

809 1534 961 1587 nime
989 1534 1251 1586 velamen
1280 1532 1632 1602 imponatur,
1664 1537 1723 1585 et
1753 1548 1868 1585 non
1921 1538 2055 1585 ante
2097 1532 2227 1585 XXV
2273 1548 2491 1597 annos;

808 1622 914 1675 nisi
945 1622 1111 1689 forte,
1143 1621 1291 1675 sicut
1319 1622 1389 1675 de
1422 1621 1761 1690 baptismate
1790 1621 2006 1674 dictum
2036 1627 2141 1687 est,
2175 1620 2332 1690 gravi
2382 1620 2495 1673 lan-

809 1725 983 1778 guore
1008 1709 1305 1779 correptis,
1338 1724 1412 1761 ne
1435 1709 1481 1761 si
1512 1709 1618 1762 hoc
1648 1724 1887 1762 munere
1916 1709 1986 1762 de
2038 1709 2244 1762 saecqu
2269 1713 2493 1773 exeant,
2528 1745 2569 1802 Β

810 1796 1249 1868 implorantibus
1280 1812 1396 1850 non
1428 1801 1686 1866 negetur.

1262 1887 1391 1940 CAP.
1424 1886 1557 1939 XVI.
1580 1913 1649 1925 —-
1674 1887 1749 1937 De
1775 1883 1957 1936 eadem
1981 1899 2058 1938 re.

876 1975 983 2045 (Ea:
1031 1975 1255 2029 concilio
1301 1975 1552 2039 Milevit.,
1604 1976 1783 2042 capite
1824 1973 1937 2042 26)
1983 1974 2120 2026 Item
2163 1972 2381 2042 placuit
2434 1977 2498 2025 ut

806 2062 1134 2133 quicunque
1174 2061 1573 2131 episcoporum
1606 2060 1937 2115 necessitate
1980 2060 2352 2130 periclitantis
2397 2077 2498 2130 pn-

807 2150 1016 2204 dicitiae
1048 2149 1365 2220 virginalis,
1396 2165 1527 2203 cum
1555 2150 1642 2202 vel
1691 2150 1903 2218 petitor
1938 2155 2136 2218 potens
2178 2150 2263 2201 vel
2307 2155 2499 2219 raptor

809 2238 1015 2308 aliquis
1071 2238 1438 2304 formidatur,
1482 2238 1565 2289 vel
1616 2237 1662 2289 si
1720 2237 1891 2289 etiam
1931 2237 2240 2307 aliquando
2296 2239 2498 2291 mortis

811 2325 1131 2395 periculoso
1161 2324 1429 2394 scrupulo
1461 2329 1797 2394 compuncta
1826 2325 2015 2392 fuerit,
2048 2341 2117 2378 ne
2152 2342 2268 2378 non
2315 2327 2496 2378 velata

811 2413 1116 2479 moriatur,
1172 2419 1267 2466 aut
1327 2412 1686 2483 exigentibus
1736 2413 2083 2482 parentibus,
2140 2418 2239 2466 aut
2290 2414 2380 2466 his
2426 2414 2496 2466 ad

809 2515 1055 2571 quorum
1086 2516 1281 2554 curam
1309 2501 1580 2571 pertinet,
1611 2500 1881 2553 velaverit
1917 2500 2226 2569 virginem,
2275 2518 2373 2554 seu
2405 2518 2495 2553 ve-

808 2588 947 2642 lavit
976 2588 1128 2642 intra
1154 2589 1489 2658 vigesimum
1521 2588 1782 2659 quintum
1814 2604 2030 2642 annum
2054 2590 2259 2651 tetatis,
2304 2606 2414 2643 non
2447 2590 2497 2642 ci

809 2676 959 2729 obsit
986 2676 1307 2743 consilium,
1342 2676 1497 2748 quod
1537 2676 1606 2731 de
1648 2677 1755 2729 isto
1785 2691 2028 2730 numero
2059 2692 2339 2730 annorum
2371 2694 2501 2730 con-

810 2764 1073 2818 stitutum
1104 2769 1206 2818 est.

810 2871 937 2926 CAP.
971 2871 1132 2928 XVII.
1157 2875 1231 2927 De
1249 2872 1759 2996 sanctimonialibu:
1790 2887 1909 2940 qua
1946 2872 2088 2926 alias
2136 2874 2313 2926 velare
2354 2888 2496 2941 pra:-

1527 2958 1721 2996 sumun
1754 2983 1766 2996 .

1527 2958 1766 2997 sumunt.

874 3032 984 3093 (Em
1003 3030 1145 3084 decr.
1173 3031 1463 3099 Eutychiz
1498 3046 1680 3099 papae,
1725 3032 1901 3099 capite
1950 3030 2052 3100 l3.)
2111 3030 2496 3083 Nihilominus
2528 3020 2568 3072 C

807 3117 978 3171 etiam
1010 3118 1069 3171 in
1101 3119 1446 3188 quibusdam
1475 3118 1611 3171 locis
1656 3117 1923 3171 inolitum
1961 3118 2283 3171 invenimus
2328 3135 2493 3172 usum

807 3205 1066 3258 stultitim
1115 3205 1372 3274 plenum.
1428 3209 1486 3258 et
1544 3204 1938 3258 ecclesiasticas
1997 3207 2323 3259 auctoritati
2368 3225 2496 3260 con-

810 3293 1076 3358 trarium,
1128 3308 1193 3345 eo
1234 3293 1386 3362 quod
1436 3292 1699 3346 videlicet
1751 3292 2043 3346 nonnulla».
2096 3294 2389 3348 abbatissa)
2444 3303 2498 3351 ct

807 3378 1017 3451 aliqum
1073 3394 1140 3432 ex
1183 3378 1713 3433 sanctimonialibns
1761 3379 1945 3434 viduis
1986 3387 2043 3435 et
2074 3382 2277 3452 puellis
2327 3384 2495 3449 virgi-

810 3466 978 3521 nibus
1033 3471 1231 3521 contra
1292 3469 1374 3522 fas
1423 3468 1613 3521 velum
1662 3467 1956 3538 imponere
1998 3476 2368 3539 prmsumant.
2434 3473 2495 3525 Et

809 3554 939 3609 ideo
978 3556 1269 3610 nonnulla
1297 3556 1508 3627 injuste
1538 3557 1737 3610 velatae
1759 3562 1961 3626 putant
1990 3574 2047 3609 se
2097 3558 2329 3611 liberius
2376 3561 2494 3611 suis

807 3644 1128 3699 carnalibus
1168 3645 1463 3699 desideriis
1503 3661 1663 3717 posse
1694 3645 1990 3713 inservire,
2027 3651 2083 3699 et
2126 3663 2254 3697 snas
2295 3650 2492 3701 volun-

804 3736 947 3787 tates
988 3733 1236 3804 explere.
1279 3733 1640 3805 Quapropter
1668 3733 1973 3788 statuimus
2026 3738 2089 3789 ut
2130 3734 2177 3788 si
2208 3736 2493 3789 abbatissa

803 3826 903 3875 aut
931 3823 1200 3893 quaslibet
1228 3823 1678 3877 sanctimonialis
1724 3828 1852 3893 post
1898 3824 2044 3876 lianc
2096 3823 2491 3880 deﬁnitionem

806 3907 867 3963 in
902 3914 1120 3963 tantam
1166 3910 1463 3964 audaciam
1505 3911 1834 3981 proruperit
1871 3916 1936 3963 ut
1975 3916 2072 3965 aut
2115 3912 2344 3965 viduam
2395 3923 2495 3969 aut

804 3998 1056 4067 puellam
1090 3997 1369 4069 virginem
1412 3999 1600 4052 velare
1643 4000 2093 4070 praesumpserit,
2133 4000 2352 4069 judicio
2401 4020 2491 4056 ca-

808 4086 1013 4138 nonico
1046 4101 1228 4155 usque
1256 4087 1326 4139 ad
1354 4086 1801 4140 satisfactionem
1834 4088 2126 4142 subdatur.
2177 4120 2185 4127 -

809 4174 939 4226 CAP.
980 4174 1170 4228 XVIII.
1204 4203 1268 4212 —
1301 4176 1371 4227 De
1390 4175 1718 4240 virginibus,
1742 4190 1851 4243 qua
1869 4179 2025 4229 aetate
2054 4177 2228 4230 velari
2244 4177 2489 4233 debeant.

882 4265 990 4328 (Ea:
1050 4263 1192 4317 decr.
1249 4265 1337 4316 Pii
1381 4263 1582 4334 papae.)
1653 4264 1723 4318 Ut
1768 4264 2018 4334 virgines
2070 4282 2185 4319 non
2235 4267 2494 4320 velentur
2531 4296 2572 4349 ῃ

808 4358 937 4404 ante
961 4351 1093 4407 XXV
1144 4367 1323 4406 annos
1368 4354 1567 4419 relatis,
1623 4352 1729 4407 nisi
1769 4354 1916 4408 forte
1962 4355 2298 4407 necessitate
2345 4357 2493 4425 peri-

805 4438 1051 4493 clitantis
1096 4440 1384 4512 pudicitiae
1455 4441 1771 4511 virginalis.
1832 4443 1893 4496 Et
1948 4459 2065 4496 non
2113 4447 2246 4497 sunt
2291 4459 2497 4498 conso-

806 4529 1028 4582 cranda:
1084 4529 1195 4583 alio
1275 4535 1528 4601 tempore
1587 4531 1696 4585 nisi
1754 4531 1816 4585 in
1873 4532 2214 4600 Epiphania,
2244 4537 2301 4586 et
2352 4536 2497 4587 albis

808 4617 1187 4684 Paschalibus,
1219 4623 1274 4672 et
1307 4623 1368 4672 in
1415 4620 1809 4690 apostolorum
1860 4620 2155 4686 natalitiis,
2190 4621 2299 4675 nisi
2328 4638 2495 4675 causa

805 4708 1005 4760 mortis
1027 4713 1285 4777 urgente.

806 4810 933 4865 CAP.
968 4813 1097 4866 XIX.
1125 4842 1190 4853 —
1225 4813 1382 4877 Quod
1404 4813 1784 4882 despumatum
1827 4814 2068 4882 puellam
2122 4814 2226 4865 alii
2267 4817 2383 4868 viro
2422 4815 2496 4869 sit

875 4883 1080 4936 licitum
1110 4884 1263 4948 dare,
1286 4888 1668 4939 monasterium
1716 4890 1896 4938 autem
1926 4886 2048 4938 licet
2077 4886 2271 4952 eligere
2306 4889 2355 4938 si
2380 4888 2497 4939 vult

876 4973 985 5037 (Ea:
1024 4971 1168 5025 decr.
1230 4972 1451 5026 Eusebii
1488 4988 1671 5042 papae,
1711 4976 1887 5043 capite
1944 4972 2052 5043 l0.)
2084 4975 2494 5043 Desponsatam

805 5059 1051 5128 puellam
1086 5076 1199 5112 non
1229 5058 1358 5114 licet
1405 5063 1733 5130 parentibus
1783 5061 1920 5114 dare
1969 5061 2068 5115 alii
2118 5062 2256 5127 viro,
2302 5068 2495 5117 tamen

806 5147 1217 5202 monasterium
1248 5147 1380 5202 licet
1409 5148 1639 5219 eligere,
1673 5151 1723 5203 si
1750 5149 2018 5202 voluerit.

807 5254 934 5309 CAP.
966 5256 1051 5310 XX
1079 5283 1152 5297 —
1184 5257 1249 5310 Ut
1281 5256 1485 5323 aliquis
1527 5258 1861 5324 incognitus,
1908 5269 2018 5307 non
2058 5256 2162 5308 cito
2202 5257 2263 5308 in
2308 5272 2497 5312 mona-

1183 5328 1348 5379 sterio
1385 5327 1768 5381 monachorum
1797 5326 2118 5391 recipiatur.

873 5416 982 5476 (Ea:
1002 5415 1227 5468 concilio
1259 5416 1523 5478 Toletum,
1558 5429 1681 5483 cap.
1725 5412 1805 5478 5.)
1832 5410 1890 5463 Si
1922 5409 2132 5480 aliquis
2176 5410 2498 5483 incognitus

809 5502 1219 5554 monasterium
1268 5501 1490 5570 ingredi
1538 5484 1810 5562 voluerit,
1845 5501 1978 5549 ante
2028 5496 2335 5554 triennium
2386 5519 2500 5557 mo—

812 5587 979 5641 nachi
1014 5587 1242 5642 habitus
1272 5588 1323 5641 ei
1352 5604 1467 5642 non
1511 5591 1843 5659 praestetur.
1880 5585 1946 5637 Et
1975 5582 2023 5637 si
2051 5583 2199 5640 intra
2242 5592 2354 5642 tres
2399 5607 2499 5646 an-

2603 579 2635 615 a
2668 562 2903 617 domino
2937 578 3061 625 suo,
3095 561 3366 613 reddatur
3405 559 3458 613 ei
3492 575 3622 613 cum
3672 558 3951 612 omnibus
4010 574 4145 628 quae
4175 563 4305 610 attu-

2603 651 2689 714 lit,
2722 650 2834 704 Iida
2863 654 3055 703 tamen
3083 654 3311 717 accepta
3344 648 3412 701 de
3478 647 3854 718 impunitate.
3898 647 3957 699 Si
3991 652 4194 699 autem
4228 646 4305 698 in-

2603 742 2691 791 tra
2743 737 3054 792 triennium
3112 736 3423 806 requisitos
3470 752 3586 789 non
3635 735 3832 799 fuerit,
3877 741 4085 805 postea
4146 736 4306 803 quaeri

2604 843 2719 879 non
2753 830 2963 896 potest,
2986 826 3097 878 nisi
3127 826 3197 878 sit
3225 830 3339 878 tam
3367 826 3533 895 longe
3559 824 3714 895 quod
3742 823 4003 878 inveniri
4040 839 4162 877 non
4190 840 4303 893 pos-

2603 915 2695 981 sit,
2747 915 2843 968 sed
2874 919 3097 967 tantum
3163 930 3229 965 ea
3268 930 3397 983 quin
3459 914 3517 966 in
3559 913 3993 967 monasterium
4057 913 4306 977 adduxit,

2602 1003 2867 1056 dominus
2895 1003 3040 1055 servi
3082 1002 3336 1071 recipiat.

2603 1092 2729 1146 CAP.
2772 1093 2897 1145 XXI.
2942 1121 3011 1130 —
3045 1092 3126 1145 De
3164 1092 3367 1145 clericis
3394 1091 3493 1157 qui
3540 1090 3925 1143 monachorum
3971 1092 4308 1159 propositum

3313 1165 3596 1211 anim/unt.

3313 1176 3596 1228 (ηηψηιηῑ.

2673 1249 2779 1318 (Er
2826 1248 3022 1313 eodem,
3085 1264 3205 1317 cap.
3268 1249 3380 1317 50.)
3436 1247 3636 1302 Clerici
3710 1247 3812 1320 qui
3894 1248 4309 1301 monachorum

2605 1337 2958 1407 propositum
2990 1340 3289 1405 appetunt,
3321 1341 3377 1389 et
3420 1336 3719 1389 meliorem
3767 1334 3952 1389 vitam
4007 1336 4182 1406 sequi
4232 1353 4310 1387 cu-

2606 1424 2788 1494 piunt,
2822 1423 3026 1476 liberos
3056 1423 3136 1475 eis
3166 1423 3235 1477 ab
3266 1423 3545 1494 episcopis
3600 1423 3657 1476 in
3709 1424 4094 1476 monasteriis
4127 1423 4312 1493 largiri

2606 1517 2826 1583 oportet
2857 1514 3165 1581 ingressus,
3199 1528 3304 1565 nec
3361 1511 3625 1565 interdici
3679 1511 4064 1581 propositum
4098 1528 4311 1579 eorum,

2606 1601 2705 1673 qui
2765 1601 2832 1655 ad
2911 1601 3414 1671 contemplationis
3476 1600 3830 1654 desiderium
3918 1601 4183 1654 transire
4237 1604 4309 1655 ni-

2606 1696 2824 1744 tuntur.

2606 1798 2735 1850 CAP.
2768 1796 2925 1851 XXII.
2957 1824 3023 1835 —
3062 1796 3137 1847 De
3164 1795 3467 1862 virginibus
3490 1797 3688 1860 sacris,
3721 1812 3843 1865 qua
3870 1802 4119 1866 propter
4140 1796 4313 1849 distri-

2674 1870 2885 1920 cliorcm
2930 1869 3099 1919 ritum
3144 1867 3217 1918 ad
3255 1866 3409 1918 aliud
3458 1868 3848 1920 mbnasterium
3904 1872 3991 1921 ire
4042 1868 4314 1937 disposue-

2674 1942 2806 1992 rint.

2678 2026 2785 2094 (Ea:
2828 2023 3047 2077 concilio
3108 2024 3355 2087 Tribur.,
3427 2039 3549 2092 cap.
3607 2024 3716 2087 II.)
3776 2024 4067 2094 Virgines
4132 2042 4308 2089 sacrae,

2606 2114 2651 2166 si
2685 2130 2784 2183 pro
2826 2114 2980 2165 lucro
3022 2111 3227 2164 animle
3257 2116 3654 2181 sure,propter
3680 2112 4117 2166 districtiorem
4154 2115 4313 2166 vitam

2605 2202 2675 2255 ad
2708 2201 2859 2253 aliud
2894 2200 3305 2253 monasterium
3335 2214 3573 2268 pergere
3603 2199 4036 2269 disposuerint.
4090 2201 4314 2254 ibidem-

2605 2306 2716 2358 que
2747 2303 3106 2341 commanere
3162 2288 3538 2354 decreverint,
3594 2288 3853 2358 synodus
3906 2290 4208 2343 concedit.
4263 2290 4311 2341 Si

2607 2395 2735 2431 vero
2768 2379 2898 2446 fuga
2924 2376 3237 2446 disciplinae
3267 2376 3443 2429 alium
3474 2376 3662 2429 locum
3692 2377 4084 2447 :quaesierint,
4140 2379 4309 2431 redire

2606 2471 2903 2535 cogantur.

2606 2557 2731 2608 CAP.
2767 2554 2941 2607 XXIII.
2987 2580 3047 2592 —
3090 2552 3202 2617 Quo
3218 2554 3415 2604 vestitu
3462 2556 3708 2617 virgines
3734 2553 3811 2605 ad
3852 2560 4309 2609 consecraticmm

3214 2626 3397 2676 venire
3431 2624 3678 2676 debeant.

2676 2710 2794 2773 (Ea:
2851 2713 3071 2764 concilio
3129 2712 3406 2777 Carthag.,
3462 2727 3582 2780 cap.
3649 2713 3762 2777 Il.)
3841 2712 4312 2768 Sanctimonialis

2606 2798 2786 2868 virgo,
2831 2813 2959 2852 cum
2988 2800 3057 2853 ad
3091 2800 3577 2853 consecrationem
3609 2816 3714 2853 suo
3764 2801 4055 2873 episcopo
4119 2805 4307 2857 offera-

2607 2892 2719 2949 tur,
2748 2887 2806 2938 in
2838 2887 3047 2940 talibus
3091 2888 3339 2940 vestibus
3385 2889 3727 2957 applicetur.
3758 2891 4047 2960 qualibus
4101 2908 4314 2963 semper

2611 2991 2780 3027 usura
2814 2981 2916 3040 est,
2949 2975 3283 3045 professioni
3315 2982 3371 3030 et
3400 2978 3796 3032 sanctimonia:
3827 2981 4009 3049 aptis.

2608 3066 2734 3118 CAP.
2770 3066 2947 3119 XXIV.
2972 3093 3039 3105 —
3090 3067 3371 3133 Utpraeter
3399 3068 3686 3120 scientiam
3736 3068 3959 3122 domini
3978 3073 4099 3136 sui,
4135 3086 4305 3124 serrus

3076 3152 3180 3189 non
3210 3140 3488 3203 efﬁciatur
3515 3139 3829 3192 monachus.

2674 3224 2782 3293 (Ex
2808 3225 3029 3277 concilio
3072 3224 3380 3290 Arelatun.,
3411 3229 3589 3293 capite
3635 3226 3713 3295 4.)
3762 3227 3995 3281 Placuit
4034 3229 4101 3282 in
4134 3245 4317 3282 mona-

2605 3313 2787 3363 steriis
2818 3327 2931 3363 non
2963 3326 3083 3363 esse
3114 3312 3539 3381 suscipiendum
3573 3329 3801 3365 servum
3844 3315 3917 3367 ad
3967 3318 4315 3369 monachum

2604 3399 2947 3462 faciendum,
2976 3403 3183 3467 preter
3222 3398 3437 3468 proprii
3486 3400 3715 3452 Domini
3766 3401 4175 3457 voluntatem.
4223 3406 4316 3467 Qui

2602 3503 2733 3540 vero
2790 3487 2897 3540 hoc
2961 3488 3338 3540 constitutum
3382 3494 3643 3541 nostrum
3700 3492 4042 3555 excesserit,
4108 3508 4242 3546 eum
4289 3510 4315 3543 a

2602 3576 3007 3628 communione
3061 3576 3333 3644 suspendi
3374 3575 3751 3643 decrevimus,
3806 3594 3880 3631 ne
3928 3595 4166 3635 nomen
4220 3582 4313 3634 Do-

2604 3664 2743 3715 mini
2772 3664 3219 3733 blasphemetur.

2603 3756 2731 3809 CAP.
2765 3753 2909 3807 XXV.
2939 3782 3007 3791 —
3052 3752 3131 3804 De
3158 3753 3249 3805 illo
3278 3754 3373 3819 qui
3394 3766 3606 3805 servum
3652 3755 3916 3817 alienum,
3963 3772 4149 3811 causa
4198 3759 4313 3810 reli-

2821 3826 3013 3889 gionis.
3049 3823 3195 3875 docet
3223 3829 3551 3876 contemnere
3580 3824 3860 3877 dominum
3888 3841 4087 3882 suum.

2671 3913 2784 3979 (Ex
2813 3912 3034 3965 concilio
3072 3913 3363 3981 Braggar.,
3403 3914 3581 3980 capite
3627 3912 3741 3981 In.)
3797 3913 3859 3967 Si
3905 3915 4051 3984 quis
4094 3932 4313 3970 servum

2602 4001 2875 4066 alienum,
2899 4016 3063 4051 causa
3083 3999 3399 4068 religionis,
3423 3998 3590 4052 docet
3607 4006 3989 4055 contemnam
4011 4004 4315 4058 dominum

2602 4104 2790 4151 suum,
2851 4093 2907 4141 et
2964 4087 3228 4141 recedere
3286 4088 3357 4141 ab
3396 4088 3522 4158 ejus
3572 4088 3825 4155 servitio,
3880 4090 4216 4147 durissima
4266 4097 4315 4145 in

2602 4179 2869 4232 omnibus
2910 4183 3205 4245 arguatur,
3244 4181 3299 4231 et
3334 4177 3403 4230 ad
3450 4178 3855 4249 paenitentiam
3899 4184 4315 4253 compellatur.

2894 4267 3023 4319 Cir.
3055 4266 3231 4321 XXVI.
3264 4297 3331 4305 —-
3366 4267 3445 4319 De
3471 4269 3727 4333 fugitivis
3758 4268 4000 4323 clericis.

2676 4354 2789 4422 (Ea:
2817 4354 2958 4407 decr.
2990 4356 3176 4408 Leonis
3207 4354 3409 4423 papa.)
3444 4354 3771 4424 Fugitivum
3822 4371 3965 4409 vero
4015 4360 4318 4421 clericum,

2606 4451 2704 4497 aut
2742 4443 3085 4496 monachum
3132 4443 3487 4496 deserentem
3534 4443 3928 4514 disciplinam,
3978 4448 4153 4502 velut
4193 4464 4321 4501 con-

2605 4537 2946 4603 temptorem
2979 4532 3194 4600 placuit
3225 4547 3511 4585 revocare.

2607 4638 2735 4691 CAP.
2769 4637 2971 4692 XXVII.
2996 4666 3065 4677 —
3099 4640 3169 4691 De
3198 4638 3568 4703 saecularibus,
3592 4640 3716 4691 sise
3736 4639 3898 4691 semel

2824 4723 2940 4760 nem
2974 4708 3319 4773 lotondPrinl,
3350 4714 3398 4761 et
3432 4715 3551 4777 post
3587 4710 3718 4761 laici
3743 4708 4108 4776 efﬁciuntur.

4112 4646 4247 4711 relig
4259 4647 4323 4695 ίϋυ

2676 4797 3015 4862 (Εωηοησίιίο
3046 4797 3312 4863 Toletum,
3346 4813 3400 4865 ν,
3423 4799 3601 4865 capite
3616 4799 3697 4867 5.)
3729 4798 4093 4870 Quicunque
4127 4820 4199 4857 ex
4224 4821 4325 4855 sa!-

2605 4884 2891 4937 cularibns
2921 4884 3263 4955 accipientes
3293 4885 3691 4954 paenitentiam
3726 4901 3785 4939 se
3817 4890 4246 4957 totonderunt,
4276 4898 4323 4943 et

2605 4989 2801 5026 rursus
2831 4973 3264 5042 prievaricantes
3305 4973 3432 5026 laici
3471 4974 3660 5027 effecti
3700 4980 3858 5039 sunt,
3900 4981 4326 5050 comprehensi

2604 5063 2674 5115 ab
2704 5061 2971 5132 episcopo
3005 5077 3127 5126 suo,
3163 5061 3231 5114 ad
3263 5061 3661 5130 paenitentiam
3697 5078 3762 5116 ex
3805 5079 3926 5135 qua
3952 5074 4329 5122 recesserunt

2606 5153 2959 5204 revocentur.
3000 5148 3160 5213 Quod
3200 5149 3247 5202 si
3288 5149 3466 5220 aliqui
3502 5150 3603 5220 qui
3637 5166 3745 5220 per
3791 5142 4139 5222 potentiam
4195 5158 4328 5210 irre-

2605 5239 2886 5293 vocabiles
2936 5243 3087 5303 sunt,
3138 5254 3241 5292 nec
3295 5238 3579 5292 admoniti
3629 5246 4026 5309 revertentur,
4080 5263 4227 5301 vene
4278 5252 4329 5297 ut

2604 5332 2878 5395 apostataa
2956 5343 3149 5380 coram
3215 5327 3458 5381 Ecclesia
3543 5330 3935 5384 anathemati:
4032 5338 4331 5390 sententia

2603 5415 3077 5469 condemnentur.
3113 5416 3235 5469 Non
3266 5416 3434 5469 aliter
3463 5419 3521 5470 et
3555 5416 3615 5471 hi
3640 5417 3741 5487 qui
3772 5420 3928 5473 tonsi
3982 5425 4328 5479 collaudan-

2605 5503 2756 5557 tibus
2808 5505 3142 5573 parentibus
3193 5503 3428 5566 fuerint,
3478 5506 3697 5575 seipsos
3742 5507 4027 5578 religioni
4084 5513 4327 5568 devove-

2605 5597 2762 5658 runt,
2802 5598 2859 5646 et
2893 5599 3093 5663 postea
3129 5592 3393 5648 habitum
3437 5596 3776 5652 saecularem
3815 5610 4241 5671 sumpserunt,
4282 5608 4327 5656 et
