4380 6364
307 340 398 386 797

1259 335 1722 393 DECRETORUM
1773 340 1956 394 LIBRI
1997 342 2102 394 XX.
2149 371 2214 377 —-
2255 338 2464 394 LIBER
2503 338 2832 394 OCTAVUS.

3689 347 3712 393 7
3725 349 3790 394 {l8

303 457 468 510 iidem
497 473 526 508 a
557 459 848 510 sacerdote
879 458 1297 528 comprehensi,
1330 458 1399 510 ad
1432 459 1648 512 cultum
1693 460 1989 529 religionis
2027 463 2072 515 A
2107 460 2194 512 nis
2257 475 2476 513 normte
2519 461 2936 514 contumaciter
3009 465 3402 529 transgressor
3475 462 3786 525 exstiterit,

302 551 414 598 acta
461 544 623 614 prius
666 544 1006 614 pcenitentia
1066 551 1421 599 revocentur.
1478 546 1636 610 Quod
1683 548 1729 600 si
1779 548 1984 601 reverti

302 633 516 698 nolunt,
545 649 676 686 vere
709 639 770 686 ut
800 637 1073 702 apostatue
1104 633 1482 688 anathematis
1513 635 1807 688 sententiae
1848 635 1988 688 sub-

296 721 580 790 jiciantur.
632 723 770 786 Quae
832 722 1014 774 forma
1074 721 1412 787 servabitur,
1464 723 1637 776 etiam
1691 723 1751 776 in
1809 724 1989 776 viduis

301 809 728 879 virginibusque
778 809 972 875 sacris,
1024 826 1089 862 ac
1133 810 1539 879 paenitentibus
1581 811 1828 877 feminis,
1861 828 1989 882 quae

299 897 787 950 sanctimonialem
846 897 1105 950 habitum
1156 897 1486 963 induerunt,
1546 903 1602 952 et
1667 904 1864 970 postea
1895 904 1992 952 aut

298 990 505 1038 vestem
549 991 935 1050 mutaverunt,
979 991 1072 1038 aut
1105 986 1175 1038 ad
1217 986 1442 1056 nuptias
1483 987 1848 1039 transierunt.

301 1074 422 1127 Car.
440 1074 663 1128 XXVIII.
687 1104 754 1113 —
776 1076 843 1126 Ut
865 1089 1048 1126 servus
1070 1077 1128 1126 in
1152 1077 1535 1128 monasterium
1550 1091 1653 1128 non
1669 1075 1987 1144 recipiatur,

793 1147 1060 1198 nesciente
1116 1145 1330 1198 domino
1385 1161 1498 1198 suo.

370 1232 476 1300 (Ea:
500 1232 722 1285 concilio
755 1232 1036 1297 Chalced.,
1079 1234 1256 1301 capite
1303 1233 1375 1299 4.)
1423 1233 1649 1286 Nullum
1687 1250 1817 1286 vero
1854 1233 1994 1286 reci-

299 1335 432 1391 pere
459 1319 516 1372 in
550 1320 910 1373 monasteriis
941 1336 1165 1374 servum
1198 1320 1432 1374 obtentu
1483 1323 1744 1376 monachi
1791 1328 1992 1392 praeter

305 1407 524 1461 domini
556 1407 645 1459 sui
666 1407 1075 1460 conscientiam
1111 1409 1257 1461 licet.

303 1498 429 1550 Car.
478 1497 650 1549 XXIX.
696 1526 764 1534 —
795 1498 868 1548 De
893 1498 1166 1550 monachis
1195 1501 1243 1550 et
1281 1497 1661 1562 monachabus,
1694 1501 1791 1566 qui
1809 1513 1863 1552 se
1913 1513 1996 1552 sa-

693 1567 897 1632 crilega
927 1570 1244 1634 contagione
1271 1572 1605 1621 miscuerint.

368 1657 480 1718 (Ea:
533 1659 695 1723 epist.
762 1657 974 1722 Syricii
1040 1671 1222 1724 papa,
1289 1656 1473 1724 capite
1539 1655 1612 1724 6.)
1678 1657 1996 1727 Impudicas

296 1741 776 1812 detestabilesqne
823 1758 1116 1812 personas,
1153 1744 1590 1796 ‘monachorum
1643 1744 1856 1798 scilicet
1908 1749 1994 1797 at-

298 1847 407 1900 que
441 1832 856 1884 monacharum
918 1847 1068 1901 quae,
1120 1831 1338 1901 abjecto
1385 1832 1680 1902 proposito
1731 1833 1997 1886 sanctita-

296 1919 390 1983 tis,
425 1919 627 1972 illicita
658 1935 722 1972 ac
749 1919 1025 1988 sacrilega
1058 1919 1398 1988 contagione
1427 1935 1485 1972 se
1545 1920 1917 1985 miscuerunt,
1941 1924 1998 1973 et

298 2007 357 2058 in
389 2007 710 2076 abruptum
741 2007 1104 2060 conscientiae
1153 2008 1547 2077 desperatione
1591 2008 1880 2077 perductze
1927 2009 1997 2060 de

295 2095 515 2147 illicitis
565 2095 955 2165 complexibus
1011 2096 1188 2148 libere
1261 2095 1410 2148 tilios
1469 2102 1930 2166 procreaverunt,
1965 2113 1998 2149 a

299 2183 781 2236 monasteriorum
855 2189 1004 2237 coetu
1071 2184 1552 2254 ecclesiarumque
1629 2185 2000 2237 conventibus

297 2271 686 2324 eliminandas
729 2287 849 2324 esse
891 2273 1250 2335 mandamus,
1319 2277 1600 2342 quatenus
1660 2278 1891 2324 retrusa:
1942 2274 2001 2325 in

298 2361 416 2411 suis
473 2360 798 2425 ergastulis,
856 2365 1080 2413 tantum
1129 2361 1346 2413 facinus
1407 2361 1677 2414 continua
1730 2362 2003 2415 lamenta-

297 2447 460 2500 tione
521 2448 818 2511 dellentes,
877 2447 1266 2516 puriﬁcatorio
1327 2449 1546 2517 possint
1630 2449 2004 2518 plenitudinis

298 2533 433 2600 igne
479 2533 743 2601 decoqui,
793 2535 851 2586 in
900 2533 982 2586 eis
1028 2536 1112 2587 vel
1158 2535 1230 2587 ad
1276 2542 1521 2589 mortem
1576 2537 1773 2589 saltem
1831 2536 2003 2588 solius

296 2621 716 2675 misericordiae
745 2622 953 2676 intuitu
988 2638 1092 2692 per
1106 2624 1531 2678 communionis
1553 2625 1791 2694 gratiam
1825 2624 2003 2693 possit

295 2708 625 2762 subveniri.

299 2797 428 2851 Car.
473 2798 622 2851 XXX.
672 2825 746 2838 -
781 2799 848 2852 Ut
884 2813 992 2853 non
1015 2799 1306 2923 liceathDeo
1333 2803 1564 2854 sacratis
1589 2802 1861 2869 nuptialia
1873 2801 2008 2868 jura

986 2885 1086 2923 con
1113 2885 1177 2922 ra
1219 2885 1320 2923 ere.

986 2885 1320 2924 contrahere.

366 2957 499 3025 (Em
539 2958 762 3010 concilio
803 2957 1050 3012 Chalced.
1097 2961 1277 3026 capite
1309 2957 1412 3026 16.)
1447 2959 1738 3027 Virginem
1776 2975 1905 3030 quas
1943 2976 2001 3013 se

301 3043 418 3097 Deo
459 3036 704 3098 Domino
731 3046 1104 3112 consecravit,
1135 3045 1402 3100 similiter
1426 3051 1482 3099 et
1511 3047 1855 3100 monachum
1887 3064 2002 3101 non

297 3131 476 3186 licere
510 3131 795 3203 nuptialia
824 3132 957 3202 jura
986 3133 1344 3188 contrahere.
1383 3134 1541 3197 Quod
1581 3134 1627 3187 si
1653 3135 1758 3188 hoc
1787 3135 2009 3188 inventi

293 3219 525 3272 fuerint
568 3223 986 3290 perpetrantes,
1036 3221 1622 3276 excommunicentur.
1675 3222 2007 3276 Contitenti-

297 3307 458 3360 tibus
510 3313 728 3372 autem,
794 3307 1150 3361 decrevimus
1207 3313 1268 3362 ut
1339 3310 1542 3362 habeat
1614 3312 2005 3364 auctoritatem

297 3396 574 3464 ejusdem
627 3395 735 3448 loci
786 3397 1108 3466 episcopus,
1177 3397 1626 3451 misericordiam
1675 3398 2008 3452 humanita—

297 3489 549 3554 temque
578 3483 796 3552 largiri.

300 3574 434 3624 Car.
483 3573 663 3627 XXXI.
703 3602 769 3610 —
809 3574 886 3624 De
910 3571 996 3626 his
1018 3574 1114 3640 qui
1136 3574 1566 3626 sanctimoniales
1616 3576 1672 3627 in
1727 3576 2007 3627 matrimo-

368 3645 550 3765 niumt
567 3644 889 3711 acceperint,
919 3648 980 3694 ut
1020 3648 1262 3711 separati
1309 3647 1423 3697 sine
1471 3659 1566 3714 spe
1622 3647 1863 3711 conjugii
1890 3660 2008 3697 ma-

368 3729 522 3765 nean
555 3752 568 3765 .

368 3729 568 3765 ηιξαηῑ.

368 3799 488 3869 (Ea:
519 3802 678 3869 epist.
713 3800 988 3854 Paschalis
1016 3815 1194 3869 papae,
1229 3803 1404 3869 capite
1445 3800 1554 3869 ll.)
1580 3799 1645 3854 Hi
1693 3800 1870 3870 igitur
1909 3801 2007 3871 qui

293 3889 553 3941 scientes
631 3887 1162 3941 sanctimonialibus
1234 3888 1461 3942 feminis
1520 3890 1578 3942 in
1640 3890 2006 3942 matrimonio

293 3982 435 4029 sunt
479 3976 556 4030 ad
597 3975 871 4046 injuriam
927 3976 1136 4030 Christi
1195 3977 1442 4046 copulati
1489 3977 1650 4046 juxta
1704 3994 2005 4032 censuram

293 4064 622 4119 Christiani
673 4064 781 4117 zeli
829 4069 1179 4134 separentur,
1230 4070 1287 4118 et
1326 4081 1622 4135 nunquam
1683 4065 1762 4119 eis
1806 4083 2004 4120 conce-

293 4155 480 4207 datur
505 4153 693 4223 jugali
739 4152 964 4206 vinculo
1009 4152 1262 4223 religari,
1307 4153 1404 4206 sed
1455 4154 1515 4206 in
1557 4153 1908 4223 paenitentiae
1948 4171 2005 4208 se

294 4242 583 4295 lamentis
607 4241 995 4305 vehementer,
1027 4242 1163 4294 dum
1190 4241 1407 4306 vivunt,
1453 4243 1719 4296 afliciant.

409 4284 995 4366 EXEI'XiEiiiI'I'Be’
1018 4284 1837 4381 ὄίῖοᾶἓηὶᾉᾶἴᾰῖιεέἧὲἓῦἷτίἑὲαίεε
1864 4317 2007 4367 sunt.
2052 4284 2094 4338 θ

368 4386 490 4450 (Ea:
537 4381 685 4436 decr.
735 4383 934 4439 Gelasii
980 4399 1158 4452 papae,
1200 4387 1378 4451 capite
1414 4386 1522 4449 l0.)
1556 4384 1882 4451 Virginibus
1920 4401 2012 4437 sa-

293 4470 410 4522 cris
441 4475 668 4522 temere
710 4484 770 4522 se
803 4469 1081 4538 quosdam
1111 4469 1327 4523 sociare
1373 4469 1763 4539 cognovimus,
1797 4475 1853 4523 et
1889 4474 2017 4540 post

293 4559 568 4611 dicatum
622 4558 734 4610 Deo
771 4557 1158 4626 propositum,
1209 4556 1422 4611 incesta
1460 4557 1671 4612 fcedera
1709 4558 2014 4628 sacrilega-

293 4662 410 4716 que
477 4647 742 4699 miscere.
800 4645 952 4708 Quos
1009 4646 1274 4716 protinus
1344 4661 1574 4716 (equum
1634 4651 1718 4699 est
1767 4661 1801 4697 a
1858 4662 2014 4700 sacra

293 4733 720 4792 communione
769 4734 1037 4787 detrudi:
1086 4739 1144 4787 et
1182 4734 1291 4787 nisi
1327 4750 1430 4803 per
1464 4734 1748 4804 publicam
1801 4735 2013 4804 proba-

293 4831 547 4894 tamque
581 4822 974 4891 paenitentiam
1005 4822 1239 4876 omnino
1270 4839 1384 4876 non
1432 4822 1626 4892 recipi,
1679 4823 1776 4877 sed
1821 4828 2012 4877 tamen

293 4915 382 4966 his
413 4910 698 4964 viaticum
731 4910 802 4963 de
851 4912 1064 4963 saeculo
1093 4911 1543 4974 transeuntibus,
1593 4910 1640 4962 si
1686 4910 1858 4980 digne
1889 4927 2008 4980 pne-

293 5000 618 5063 nituerint,
642 5014 760 5052 non
794 5004 1057 5068 negetur.

293 5093 426 5146 CAP.
465 5087 698 5142 XXXIII.
718 5116 785 5125 —
802 5086 1056 5140 Utviduz
1066 5088 1242 5140 velum
1260 5086 1368 5139 sibi
1383 5088 1650 5154 imponere
1663 5101 1768 5139 non
1784 5085 2010 5138 debeant

363 5159 691 5214 inconsulto
715 5159 958 5225 episcopo
998 5172 1113 5218 suo,
1150 5163 1199 5208 et
1251 5173 1316 5209 ne
1363 5157 1667 5225 presbyteri
1713 5160 1789 5210 eis
1837 5159 2008 5224 impo-

359 5247 508 5284 nere
526 5233 882 5296 praesumant,
913 5228 1056 5295 quod
1084 5231 1134 5280 et
1154 5229 1416 5296 episcopis
1448 5244 1548 5280 non
1582 5229 1721 5281 licet.

359 5321 500 5382 (Eas
575 5331 720 5371 conc.
789 5315 1134 5383 Rothomag.,
1209 5319 1385 5383 capite
1443 5316 1521 5382 9.)
1580 5315 1864 5368 Slalutum
1927 5317 2012 5366 est

293 5409 510 5460 viduas
553 5419 672 5458 non
721 5402 929 5456 debere
981 5404 1165 5456 velare
1212 5419 1292 5466 se,
1343 5403 1666 5456 inconsulto
1715 5418 1819 5454 suo
1877 5401 2005 5469 epi-

293 5511 503 5565 seopo.
579 5491 763 5546 Simul
821 5494 877 5543 et
932 5491 1039 5543 hoc
1095 5495 1368 5543 statutum
1414 5495 1518 5555 est,
1584 5496 1645 5543 ut
1721 5489 1771 5544 si
1836 5488 2007 5558 {quis-

294 5586 461 5636 iiam
531 5579 1004 5652 presbyterorum
1072 5577 1338 5647 deinceps
1407 5578 1580 5648 hujus
1646 5575 2008 5631 constitutio-

2095 548 2306 602 scilicet
2327 553 2390 601 ut
2422 548 2640 619 aliquas
2673 549 2870 601 viduas
2903 546 3087 601 velare
3122 552 3451 616 prmsumat,
3495 548 3632 618 quia
3679 549 3787 602 hoc

2095 642 2152 690 et
2191 636 2474 706 episcopis
2520 653 2632 689 non
2675 637 2819 700 licet,
2853 637 3064 705 gradus
3104 637 3188 688 sui
3235 637 3552 705 periculum
3595 636 3784 690 incur-

2094 729 2202 778 rat.
2251 723 2522 777 Similiter
2570 724 2725 776 etde
2764 725 2967 794 puellis
3000 723 3311 792 virginibus
3356 739 3389 776 a
3441 723 3788 793 presbyteris

2097 829 2213 867 non
2268 812 2517 866 velandis
2580 817 2851 866 statutum
2883 817 2984 877 est,
3054 817 3116 864 ut
3171 812 3216 864 si
3277 810 3404 881 quis
3441 813 3548 864 hoc
3607 811 3789 865 facere

2096 897 2418 964 tentaverit,
2442 903 2717 969 tanquam
2734 905 3120 970 transgressor
3148 916 3433 953 canonum
3461 901 3785 953 damnetur.

2100 986 2226 1040 CAP.
2260 987 2465 1040 XXXIV.
2497 1017 2564 1026 ——-
2596 988 2749 1052 Quod
2775 989 2951 1111 viduae
2972 989 3071 1110 ἔιιὸ
3100 990 3253 1042 nulla
3283 989 3641 1043 benedictione
3681 991 3793 1042 sint

2813 1075 2874 1111 ve
2897 1075 2967 1110 an
3009 1075 3072 1111 ar.

2813 1075 3072 1112 veranum.

2172 1147 2280 1210 (Em
2305 1144 2448 1198 decr.
2502 1145 2706 1200 Getas-ii
2760 1161 2940 1214 papae,
2985 1149 3160 1214 capite
3187 1146 3300 1215 2|.)
3341 1147 3480 1200 Nam
3507 1146 3575 1199 de
3608 1146 3792 1200 viduis

2103 1233 2207 1286 sub
2255 1234 2413 1286 nulla
2493 1233 2888 1287 benedictione
2981 1235 3252 1292 velandis.
3314 1235 3578 1303 superius
3623 1235 3792 1288 latins

2103 1319 2372 1374 duximus
2429 1321 2842 1375 disserendum.
2917 1321 3052 1385 Ome
3110 1323 3156 1374 si
3217 1324 3449 1393 propria
3503 1322 3792 1376 voluntate

2104 1405 2414 1474 professum
2446 1407 2942 1478 pristiniconjugii
2965 1409 3282 1462 castitatem
3315 1408 3576 1461 mutabili
3602 1415 3792 1462 mente

2103 1493 2482 1560 calcaverunt,
2540 1494 2780 1563 periculi
2829 1511 3024 1547 earum
3079 1494 3358 1559 intererit,
3410 1494 3566 1564 quali
3617 1496 3792 1548 Deum

2106 1581 2348 1634 debeant
2387 1581 2767 1635 satisfactione
2809 1584 3054 1652 placare.
3103 1583 3256 1636 Sicut
3285 1583 3436 1636 enim
3484 1582 3529 1635 si
3576 1599 3634 1635 se
3681 1583 3793 1636 for-

2107 1668 2254 1722 sitan
2282 1670 2570 1723 continere
2602 1686 2715 1723 non
2763 1675 3031 1740 poterant
3078 1671 3391 1724 secundum
3431 1670 3792 1740 Apostolum,

2040 1735 2078 1788 Β
2108 1757 2430 1811 nullatenus
2458 1758 2673 1811 nubere
2706 1735 3063 1824 vetabantur,
3095 1758 3173 1812 sic
3210 1759 3402 1812 habita
3443 1735 3632 1811 secum
3691 1758 3793 1811 de-

2107 1844 2462 1912 liberatione,
2494 1845 2833 1916 promissam
2884 1848 2996 1900 Deo
3036 1846 3323 1918 pudicitiae
3377 1846 3549 1900 ﬁdem
3579 1846 3793 1900 debue-

2107 1937 2242 1985 runt
2272 1933 2574 1986 custodire.
2608 1935 2719 1987 Nos
2761 1938 2954 1987 autem
2985 1934 3205 1987 nullum
3260 1933 3466 1986 talibus
3525 1933 3793 2003 laqueum

2107 2020 2380 2074 debemus
2427 2021 2681 2091 injicere,
2731 2022 2829 2075 sed
2893 2021 3043 2074 solas
3086 2021 3508 2074 adhortationes
3574 2021 3797 2091 praemii

2107 2108 2460 2178 sempiterni,
2511 2125 2819 2180 poenasque
2871 2124 3192 2179 proponere
3259 2108 3436 2162 divini
3467 2108 3688 2176 judicii,
3735 2114 3796 2160 ut

2111 2203 2304 2249 nostra
2352 2197 2422 2249 sit
2469 2196 2729 2249 absoluta
2776 2197 3141 2262 conscientia,
3204 2201 3260 2249 et
3305 2197 3533 2249 illarum
3586 2213 3689 2266 pro
3739 2211 3796 2249 se

2110 2285 2393 2338 rationem
2445 2285 2556 2338 Deo
2606 2285 2806 2337 reddat
2873 2284 3134 2338 intentio.
3209 2284 3531 2340 Cavendum
3582 2285 3796 2354 quippe

2112 2378 2196 2426 est
2259 2375 2408 2443 quod
2472 2373 2540 2426 dc
2606 2389 2802 2426 earum
2870 2373 3128 2426 moribus
3194 2372 3526 2442 actibusqne
3598 2371 3798 2424 beatus

2115 2463 2323 2515 Paulus
2364 2467 2600 2514 testatur
2656 2463 2966 2530 apostolus,
3025 2461 3175 2531 quod
3230 2461 3458 2530 planius
3517 2473 3799 2528 exponere

2111 2551 2492 2620 praeterimus,
2527 2567 2595 2603 ne
2636 2567 2798 2603 sexus
2840 2551 3122 2604 instabilis
3174 2566 3289 2603 non
3349 2555 3464 2602 tam
3528 2547 3798 2602 deterreri

2116 2656 2286 2710 quam
2317 2638 2613 2692 admoneri
2645 2639 2922 2692 videatur.

2184 2728 2308 2782 CAP.
2345 2727 2545 2782 XXXV.
2598 2756 2666 2766 —
2695 2729 2767 2780 De
2786 2727 2967 2778 viduis
2991 2741 3109 2794 qua:
3136 2727 3295 2779 semel
3318 2741 3484 2780 sacra
3514 2740 3798 2779 conversa-

2573 2799 2732 2850 tionis
2755 2798 2991 2850 velamen
3016 2800 3335 2865 suscipiunt.

2188 2888 2291 2953 (Em
2349 2886 2568 2938 concilio
2617 2885 2926 2949 Aurelian,
2987 2886 3163 2952 capite
3228 2883 3303 2952 3.)
3365 2883 3568 2938 Vidua:
3629 2897 3797 2951 spon-

2045 3005 2084 3060 C
2114 2977 2282 3026 tanea
2311 2973 2601 3026 voluntate
2629 2972 2697 3024 ab
2730 2971 2894 3024 altari
2942 2987 3113 3024 sacra?
3145 2969 3587 3023 conversationis
3643 2971 3799 3022 vela-

2119 3076 2249 3114 men
2275 3061 2610 3131 suscipiunt,
2643 3059 2890 3114 decrevit
2943 3066 3136 3112 sancta
3180 3059 3429 3129 synodus
3487 3057 3546 3111 in
3596 3059 3797 3110 eodem

2115 3149 2406 3219 proposito
2434 3164 2526 3201 eas
2569 3162 2928 3217 permanere.
2967 3147 3088 3199 Non
3120 3146 3276 3200 enim
3310 3147 3394 3199 fas
3444 3163 3563 3199 esse
3616 3147 3802 3200 decer-

2115 3237 2325 3301 nimus,
2380 3241 2443 3289 ut
2498 3242 2802 3305 postquam
2860 3251 2917 3288 se
2972 3235 3212 3288 Domino
3270 3236 3445 3288 semel
3525 3234 3628 3287 sub
3678 3236 3802 3288 velo

2115 3325 2588 3389 consecraverint,
2652 3329 2704 3377 et
2739 3325 2890 3376 inter
2942 3325 3153 3376 velatas
3184 3323 3503 3376 oblationes
3544 3323 3803 3385 fecerint,

2116 3413 2324 3466 iterum
2362 3413 2443 3466 eis
2478 3412 2711 3465 concedi
2742 3411 2979 3481 Spiritui
3009 3415 3202 3464 sancto
3235 3411 3486 3464 mentiri.

2117 3502 2241 3554 Car.
2276 3501 2506 3554 XXXVI.
2527 3505 2678 3553 —De
2705 3501 2906 3563 viduis,
2939 3505 2994 3551 ut
3024 3501 3203 3552 nullus
3232 3513 3322 3551 eas
3353 3500 3531 3552 velare
3559 3502 3802 3552 attentet.

2187 3571 2293 3639 (Ea:
2315 3573 2499 3624 concil.
2535 3573 2798 3634 Mor/unt,
2847 3586 2967 3637 cap.
3001 3569 3080 3637 6.)
3130 3570 3336 3621 Viduas
3375 3575 3566 3620 autem
3615 3571 3802 3620 velare

2115 3658 2450 3728 pontificum
2489 3659 2680 3711 nullus
2713 3662 2970 3718 attentet,
3003 3661 3176 3726 prout
3206 3655 3581 3708 constitutum
3612 3661 3696 3708 est
3745 3656 3803 3706 in

2117 3747 2354 3800 decretis
2412 3745 2634 3810 Gelasii,
2688 3745 2936 3815 capitulo
2993 3744 3127 3810 XIII,
3190 3743 3337 3812 quod
3371 3759 3472 3796 nec
3501 3742 3808 3794 auctoritas

2114 3835 2324 3901 divina,
2357 3849 2460 3887 nec
2506 3849 2788 3887 canonum
2823 3833 3005 3886 forma
3054 3831 3340 3901 prmstitit.
3391 3831 3527 3894 Quae
3575 3831 3621 3883 si
3682 3846 3810 3898 pro-

2116 3923 2241 3993 pria
2288 3923 2459 3976 fuerit
2506 3923 2797 3976 voluntate
2854 3920 3262 3974 continentiam
3310 3920 3585 3988 professa,
3637 3925 3697 3970 ut
3750 3918 3810 3970 in

2115 4011 2369 4080 ejusdem
2420 4010 2622 4064 Gelasii
2663 4010 2909 4078 capitulo
2957 4009 3070 4064 XXI
3115 4008 3344 4076 legitur,
3405 4007 3526 4076 ejus
3569 4006 3808 4059 intentio

2115 4115 2218 4168 pro
2257 4116 2313 4152 se
2369 4099 2569 4152 reddat
2599 4097 2882 4151 rationem
2916 4098 3029 4150 Deo
3064 4112 3077 4149 :
3123 4097 3258 4166 quia
3299 4095 3446 4148 sicut
3497 4094 3811 4148 secundum

2114 4188 2470 4257 Apostolum,
2516 4187 2562 4239 si
2610 4203 2668 4239 se
2699 4187 2986 4240 continere
3025 4201 3136 4236 non
3182 4188 3424 4252 poterat,
3489 4183 3813 4236 nullatenus

2121 4276 2337 4329 nubere
2386 4274 2704 4339 vetabatur,
2756 4273 2835 4326 sic
2887 4289 3079 4326 secum
3126 4271 3319 4325 habita
3381 4270 3810 4332 deliberatione,

2123 4363 2464 4432 promissam
2512 4362 2684 4416 ﬁdem
2727 4360 3014 4430 pudicitiae
3093 4360 3202 4413 Deo
3278 4358 3449 4412 debet
3509 4357 3810 4410 custodire.

2128 4453 2237 4503 Nos
2267 4455 2481 4514 autem,
2513 4448 2849 4502 auctoritate
2878 4449 3108 4501 Patrum
3139 4445 3378 4509 suﬂ‘ulti,
3411 4444 3470 4498 in
3497 4445 3602 4498 hoc
3651 4459 3811 4495 sacro

2124 4542 2406 4592 conventu
2449 4536 2760 4600 sancimus,
2808 4539 2861 4587 et
2900 4534 3074 4586 libere
3111 4532 3458 4602 judicamus,
3517 4530 3563 4583 si
3611 4535 3812 4599 sponte

2123 4627 2398 4691 velamen,
2451 4622 2711 4694 quamvis
2752 4638 2869 4674 non
2915 4625 3325 4682 consecratum,
3382 4618 3489 4672 sibi
3517 4618 3813 4686 jimposne-

2121 4715 2216 4771 rit.
2239 4718 2296 4766 et
2325 4713 2385 4765 in
2417 4710 2650 4764 ecclesia
2679 4709 2830 4762 inter
2878 4708 3089 4760 velatas
3146 4706 3494 4760 oblationem
3549 4707 3662 4758 Deo
3712 4706 3812 4758 ob-

2121 4802 2335 4866 tulerit,
2382 4798 2538 4866 velit,
2598 4797 2761 4862 uolit,
2821 4794 3210 4849 sanctimonia!
3263 4794 3520 4848 habitum
3569 4793 3814 4847 ulterius

2121 4888 2330 4942 habere
2363 4886 2545 4950 debet,
2609 4885 2738 4936 licet.
2768 4887 3124 4937 sacramento
3185 4883 3523 4936 continuare
3580 4883 3716 4935 velit
3747 4899 3813 4934 eo

2120 4981 2316 5030 tenore
2368 4980 2422 5028 et
2473 4973 2693 5026 ratione
2741 4973 2999 5025 velamen
3052 4971 3159 5025 sibi
3208 4971 3548 5040 imposuisse
3595 4976 3659 5024 ut
3704 4970 3809 5023 ite-

2122 5080 2249 5118 rum
2285 5063 2804 5132 possetdeponere.

2121 5155 2248 5208 Car.
2280 5152 2542 5204 XXXVII.
2561 5180 2627 5188 —
2643 5153 2713 5203 De
2741 5149 3007 5202 nobilibus
3033 5150 3251 5213 feminis
3270 5163 3405 5216 qua,
3425 5153 3711 5215 postquam
3733 5162 3816 5198 ve-

2191 5226 2313 5276 lata:
2357 5225 2583 5288 fuerint,
2637 5221 2782 5273 domi
2811 5223 2868 5272 in
2915 5219 3124 5272 deliciis
3180 5220 3410 5269 residere
3460 5218 3808 5269 delectantur.

2190 5313 2295 5382 (Ea:
2346 5312 2567 5365 concilio
2607 5309 2756 5378 apud
2800 5311 3123 5376 Aquisgran
3154 5347 3166 5367 ,
3215 5307 3476 5361 Ludovico
3524 5305 3621 5357 Pio
3666 5320 3807 5372 pra:-

2117 5405 2278 5466 smte,
2318 5402 2494 5468 capite
2541 5399 2611 5464 6.)
2655 5399 2728 5450 De
2778 5397 3068 5450 nobilibus
3115 5393 3344 5446 feminis
3393 5409 3521 5462 quae
3586 5393 3811 5445 amissis

2117 5490 2251 5542 viris
2273 5492 2504 5558 repente
2553 5487 2834 5547 velantur,
2877 5489 2934 5536 et
2995 5483 3053 5536 in
3107 5481 3356 5551 propriis
3401 5479 3666 5534 domibus
3734 5481 3816 5534 di-

2117 5591 2304 5630 versas
2353 5574 2716 5628 necessitates
2763 5576 3116 5644 opponentes
3189 5568 3437 5622 residere
3513 5569 3808 5624 delectan-
