3966 6420
245 375 346 424 799

1324 376 1734 432 BURCHARDI
1780 379 2314 435 WORMACIENSIS
2356 381 2689 438 EPISCOI’I.

3651 393 3784 443 800

240 503 356 563 tur,
390 497 460 552 de
482 497 693 569 quibus
726 499 787 552 in
835 498 961 553 aliis
991 499 1364 554 conventibus
1403 516 1594 554 coram
1638 501 1939 555 serenitate
1979 505 2024 556 A
2056 502 2189 569 rint,
2221 508 2390 576 atque
2421 505 2490 558 ad
2524 507 2802 560 secundas
2838 507 3066 579 nuptias
3105 509 3416 564 transitum
3478 509 3784 566 fecerint?

239 592 426 641 vestra
475 588 598 657 jam
668 587 888 642 dudum
957 589 1297 642 ventilatum
1368 594 1425 642 et
1468 589 1768 643 deﬁnitum
1835 597 1938 654 est,

239 675 447 744 majori
485 675 797 747 solertique
856 677 1048 731 studio
1107 677 1493 731 admonendas
1539 682 1594 730 et
1648 677 1944 732 instruen-

238 765 338 817 das
387 764 457 817 ab
529 763 812 834 episcOpis
864 765 1188 828 statuimus,
1243 770 1526 836 quatenus
1593 781 1711 819 sua:
1773 767 1942 820 saluti

236 853 554 918 consulant,
616 868 688 906 ne
736 853 816 906 sic
890 852 1197 907 indiscrete
1257 853 1518 920 vivendo,
1576 857 1632 906 et
1707 856 1944 924 propria

235 939 522 1011 noxiaque
553 939 814 994 libertate
869 941 1102 1007 utendo,
1145 946 1199 994 et
1242 958 1346 1010 per
1375 941 1594 995 diversa
1657 942 1939 1011 vagando,

239 1029 555 1098 periculum
590 1028 916 1083 animarum
962 1045 1194 1082 suarum
1235 1030 1552 1096 incurrant,
1598 1045 1826 1099 semper
1873 1029 1938 1082 il-

236 1117 332 1170 lud
366 1117 741 1186 apostolicum
788 1122 916 1170 ante
958 1118 1150 1171 oculos
1177 1116 1469 1183 habentes,
1519 1133 1635 1188 quo
1683 1118 1937 1172 dicitur:

239 1204 421 1258 Vidua
450 1221 577 1274 qua:
598 1203 658 1256 in
683 1204 743 1257 in
769 1204 987 1259 deliciis
1015 1210 1116 1272 est,
1150 1205 1343 1259 vivens
1372 1211 1599 1259 mortua
1622 1211 1724 1259 est.

238 1310 364 1364 CAP.
385 1310 647 1364 XXXVIII.
673 1340 742 1352 —
764 1313 837 1364 De
861 1311 945 1363 his
967 1314 1063 1378 qui
1090 1313 1295 1366 velatas
1316 1317 1366 1365 et
1393 1313 1500 1366 Deo
1522 1316 1857 1366 consecratas
1883 1315 1940 1366 in

767 1383 1078 1449 conjugium
1121 1383 1401 1437 duxerint.

306 1470 414 1534 (Ea:
459 1469 679 1522 concilio
747 1470 1058 1538 Aureliam,
1100 1473 1277 1539 capite
1338 1469 1446 1538 23.)
1478 1469 1533 1525 Si
1590 1470 1720 1541 quis
1776 1487 1935 1524 sacro

234 1557 511 1610 velamine
567 1563 953 1612 consecratam
1015 1559 1076 1611 in
1142 1559 1478 1630 conjugium
1560 1559 1807 1624 duxerit,
1883 1563 1939 1612 et

233 1649 363 1715 post
389 1646 638 1700 dicatum
671 1647 783 1700 Deo
813 1647 1173 1718 propositum
1233 1647 1447 1701 incesta
1503 1647 1719 1702 foedera
1771 1649 1938 1702 sacri-

2054 593 2191 656 Quaa
2223 599 2279 646 et
2315 593 2364 646 si
2386 593 2657 647 violentia
2683 594 2936 648 irruente
2965 595 3034 650 ab
3069 597 3263 668 aliquo
3316 605 3606 668 oppressae
3634 601 3774 654 fue-

2051 680 2190 745 rint,
2223 698 2287 735 ac
2315 686 2514 751 postea
2546 683 2920 738 delectatione
2960 685 3216 738 libidinis
3270 693 3646 754 permanente
3697 689 3779 742 in

2052 768 2318 840 conjugio
2352 770 2563 841 raptori
2591 772 2679 825 vel
2710 771 2958 826 violento
2992 775 3113 852 viro
3148 776 3560 844 consenserint,
3593 777 3777 830 dam-

2051 860 2285 914 natione
2334 863 2598 931 superius
2628 862 2779 915 dicta
2833 869 3139 917 teneantur
3168 865 3450 920 obnoxiae.
3495 870 3571 923 De
3626 867 3731 920 tali
3759 897 3772 905 -

2050 946 2156 1000 bus
2205 949 2287 1001 ait
2332 950 2683 1019 Apostolus:
2738 950 2878 1004 Cum
2945 951 3098 1004 enim
3169 953 3467 1008 luxuriatae
3515 956 3766 1020 fuerint,

2051 1037 2268 1090 nubere
2320 1037 2382 1090 in
2421 1038 2641 1093 Christo
2711 1040 2909 1092 volunt
2959 1040 3234 1094 habentes
3295 1043 3767 1112 damnationem,

2050 1125 2184 1195 quia
2215 1125 2462 1195 primam
2491 1127 2660 1180 ﬁdem
2695 1127 2912 1181 irritam
2943 1129 3216 1184 fecerunt.

2511 1216 2638 1270 CAP.
2667 1217 2769 1270 XL.
2808 1248 2875 1256 —
2906 1221 2976 1272 De
3002 1218 3185 1271 eadem
3207 1236 3284 1271 re.

2148 1303 2255 1373 (Ea:
2284 1303 2428 1358 decr.
2465 1305 2763 1375 Zephyrini
2779 1322 2960 1374 papae,
2991 1309 3166 1374 capite
3205 1307 3282 1378 4.)
3319 1309 3386 1362 Ut
3412 1309 3598 1364 viduae
3631 1325 3756 1364 non

2047 1391 2161 1445 sint
2189 1392 2248 1445 in
2280 1392 2517 1458 deliciis,
2552 1395 2671 1460 sed,
2707 1395 3022 1449 secundum
3048 1398 3400 1467 Apostolum,
3435 1399 3539 1452 sub
3587 1404 3760 1468 pote-

2049 1485 2191 1534 state
2225 1481 2478 1551 episcopi
2511 1482 2720 1535 vivant.

2509 1573 2637 1627 CAP.
2662 1572 2795 1626 XLI.
2818 1601 2889 1612 —
2911 1576 2980 1627 De
3008 1573 3192 1628 eadem
3208 1591 3284 1628 re.

2118 1659 2382 1728 (Apostol.
2419 1660 2597 1728 dicit.)
2633 1659 2907 1730 Przecipe,
2945 1661 3153 1733 inquit,
3195 1669 3260 1716 ut
3279 1664 3464 1718 vidua!
3512 1665 3766 1736 irrepre-

236 1735 477 1833 18381133
523 1733 836 1833 ξῒιὶἢςυθνίΐ,
887 1740 951 1833 Iit
1003 1736 1064 1789 in
1129 1735 1452 1790 constitutis
1499 1736 1705 1791 GelaSii
1749 1754 1932 1807 ρδρεε,
1979 1780 2016 1833 Β
2045 1747 2356 1802 hensibiles
2387 1749 2520 1802 sint.
2553 1749 2735 1803 Vidua
2775 1749 3021 1818 eligatur
3046 1767 3163 1804 non
3204 1751 3395 1805 minus
3451 1753 3538 1808 XL
3569 1733 3766 1808 anno-

233 1839 354 1893 cap.
396 1823 500 1889 XX,
525 1823 752 1892 legitur,
780 1823 1046 1894 protinus
1076 1841 1307 1895 aequum
1340 1829 1424 1878 est
1468 1841 1628 1878 sacra
1675 1842 1934 1880 commu-

233 1910 404 1964 nione
453 1911 701 1976 detrudi,
755 1917 810 1965 et
854 1911 964 1966 nisi
1012 1929 1116 1984 per
1172 1913 1465 1982 publicam
1514 1914 1933 1985 probatamque

232 1998 628 2068 paenitentiam
657 2000 893 2054 omnino
919 2017 1038 2054 non
1073 2001 1272 2071 recipi.
1323 2002 1381 2056 Si
1415 2010 1603 2056 tamen
1660 2002 1936 2071 paenitue-

227 2087 362 2155 rint,
408 2089 837 2142 transeuntibus
884 2089 954 2142 de
1006 2091 1212 2144 saeculo
1254 2090 1523 2144 viaticum
1579 2106 1696 2144 non
1755 2107 1932 2161 nege-

234 2182 341 2231 tur.
375 2177 441 2231 In
492 2177 943 2232 Chalcedonensi
991 2177 1255 2242 concilio,
1302 2196 1425 2248 cap.
1481 2179 1616 2245 XVI,
1657 2180 1764 2233 hoc
1810 2196 1934 2249 per-

232 2268 524 2334 petrantes
565 2266 1150 2320 excommunicanlur.
1218 2267 1635 2323 Conlitentibus
1681 2267 1932 2321 auctori-

234 2358 350 2407 tate
394 2353 645 2425 episcopi
701 2355 1093 2409 misericordia
1140 2356 1396 2426 largitur.
1437 2357 1502 2410 In
1545 2354 1785 2426 epistola
1831 2355 1932 2426 Sy-

233 2441 359 2495 ricii
390 2459 568 2514 papae,
612 2459 735 2515 cap.
787 2445 874 2509 VI,
910 2445 1110 2498 velatae
1165 2449 1221 2498 et
1275 2447 1390 2500 Deo
1461 2450 1830 2510 consecratae,
1888 2443 1937 2498 si

235 2530 454 2600 abjecto
509 2533 803 2602 proposito
879 2533 1191 2587 sanctitatis
1267 2534 1590 2588 clanculum
1661 2532 1936 2603 sacrilega

235 2617 574 2687 contagione
622 2637 680 2673 se
731 2619 1082 2688 miscuerint,
1147 2627 1204 2675 et
1266 2621 1477 2676 illicitis
1543 2621 1935 2691 complexibus

234 2706 460 2776 publice
507 2711 562 2760 et
628 2707 804 2762 libere
853 2709 1003 2764 ﬁlios
1043 2709 1489 2779 procreaveriut,
1548 2709 1652 2763 has
1705 2709 1934 2779 nuptias

236 2793 596 2848 detestabiles
627 2813 660 2850 a
705 2797 1186 2852 monasteriorum
1243 2805 1412 2861 coetu,
1449 2804 1506 2852 et
1560 2797 1932 2852 ecclesiarum

236 2884 608 2938 conventibus
645 2885 1026 2940 eliminandas
1057 2903 1176 2941 esse
1205 2887 1528 2957 judicatum
1553 2891 1636 2941 est
1671 2903 1684 2941 :
1725 2898 1934 2956 quate-

236 2986 344 3024 nus
391 2972 638 3027 detrusae
704 2975 1029 3044 ergastulis,
1101 2980 1325 3030 tantum
1381 2976 1601 3030 facinus
1661 2975 1932 3029 continua

238 3059 643 3114 lamentatione
675 3061 944 3116 deﬂeant.
981 3063 1138 3118 Unde
1209 3063 1381 3117 verbo
1424 3062 1651 3118 Domini
1684 3067 1738 3116 et
1765 3078 1940 3116 cano-
1980 3062 2021 3117 C

239 3147 367 3200 nica
395 3149 726 3204 auctoritate
757 3149 817 3203 in
848 3151 953 3204 hac
983 3157 1177 3204 sancta
1205 3152 1422 3221 synodo
1455 3151 1843 3222 praecipimus,
1877 3156 1943 3204 ut

240 3235 477 3289 omnino
505 3242 862 3306 separentur,
894 3245 952 3292 et
991 3239 1325 3308 juramento
1370 3241 1736 3311 colligantur,
1785 3240 1937 3294 ulte-

237 3323 357 3377 rius
416 3325 522 3378 sub
566 3340 681 3378 uno
734 3342 852 3380 non
910 3327 1236 3381 cohabitare
1290 3333 1459 3396 tecto,
1517 3345 1622 3382 nec
1669 3327 1942 3381 familiari

238 3411 352 3465 frui
403 3413 711 3484 colloquio,
759 3420 994 3485 excepto
1026 3415 1086 3468 in
1119 3416 1371 3479 ecclesia,
1424 3422 1526 3470 aut
1569 3416 1629 3469 in
1687 3416 1938 3487 publico,

241 3505 339 3554 aut
387 3516 510 3554 rem
568 3502 780 3558 habere
810 3505 986 3558 ullam
1014 3520 1403 3571 communem,
1462 3505 1613 3559 unde
1691 3505 1939 3574 suspicio

241 3588 561 3643 illecebrosi
593 3590 883 3653 desiderii,
948 3597 1048 3646 aut
1094 3593 1426 3647 scandalum
1475 3593 1768 3648 libidinosi
1808 3592 1942 3647 facti

230 3677 386 3746 justo
405 3679 585 3748 possit
632 3679 790 3735 oriri.
840 3681 899 3736 Si
949 3698 1064 3752 qua
1088 3681 1261 3736 etiam
1317 3683 1466 3736 inter
1521 3698 1582 3736 se
1635 3681 1942 3736 dividenda

241 3767 375 3832 sint,
407 3767 682 3832 dividant,
713 3776 767 3823 et
797 3776 1040 3840 uterque
1077 3787 1179 3823 sua
1209 3770 1522 3839 provideat,
1565 3775 1623 3824 et
1652 3769 1938 3824 incestuo-

241 3871 336 3908 sus
366 3855 488 3908 sine
518 3873 618 3926 spe
647 3857 904 3928 conjugii
932 3863 1184 3911 maneat.

253 3960 381 4014 CAP.
405 3963 615 4015 XXXIX.
637 3992 704 4001 —
727 3966 801 4016 De
818 3964 1001 4016 viduis
1031 3979 1150 4031 qua
1211 3965 1514 4031 professum
1559 3965 1939 4017 continentiam

803 4036 1180 4101 pravaricatae
1225 4040 1372 4088 sunt.

333 4139 442 4206 (E2:
473 4139 694 4192 concilio
725 4138 1019 4208 Carthag.,
1068 4140 1245 4206 capite
1295 4138 1435 4207 104.)
1469 4140 1546 4192 De
1592 4137 1780 4192 viduis
1810 4155 1941 4210 quae.

242 4227 558 4297 professam
622 4227 1034 4280 continentiam
1094 4227 1480 4296 praevaricatae
1555 4233 1743 4280 sunt:
1797 4227 1942 4280 sicut

246 4317 460 4368 bonum
489 4321 572 4368 est
605 4315 876 4368 castitatis
917 4315 1246 4385 prmmium,
1277 4314 1358 4368 ita
1401 4321 1457 4369 et
1504 4315 1710 4386 majori
1752 4315 1942 4370 obser-

243 4403 434 4456 vantia
461 4408 517 4456 et
550 4403 932 4474 praeceptione
971 4404 1407 4458 custodiendum
1457 4410 1559 4472 est,
1605 4410 1668 4458 ut
1717 4405 1766 4458 si
1813 4421 1944 4475 quae

246 4490 452 4557 viduas,
494 4490 810 4561 quamlibet
838 4491 1023 4544 adhuc
1070 4491 1130 4544 in
1167 4491 1486 4544 minoribus
1532 4491 1698 4544 annis
1743 4491 1945 4562 positae

244 4583 300 4632 et
341 4584 567 4633 matura
605 4584 774 4634 aetate
808 4596 840 4632 a
867 4579 990 4632 viro
1038 4579 1273 4646 relictas,
1319 4595 1378 4633 se
1425 4579 1760 4636 devoverint
1805 4582 1942 4642 Deo.

245 4672 300 4721 et
328 4673 483 4722 veste
541 4667 730 4722 laicali
785 4668 1022 4739 abjecta,
1069 4669 1176 4722 sub
1235 4667 1564 4723 testimonio
1590 4667 1843 4738 episcopi
1889 4675 1948 4723 et

245 4756 503 4810 Ecclesiae
543 4756 812 4827 religioso
858 4757 1061 4810 habitu
1116 4760 1529 4827 apparuerunt,
1584 4761 1782 4826 postea
1811 4772 1944 4810 vero

244 4845 311 4898 ad
343 4844 574 4915 nuptias
603 4847 901 4898 saeculares
938 4844 1312 4911 transierunt,
1356 4845 1670 4899 secundum
1699 4847 1946 4915 Aposto-

244 4937 364 4986 lum
421 4934 851 4988 damnationem
910 4934 1159 4989 habeant
1194 4951 1207 4988 :
1241 4933 1379 5004 quia
1434 4933 1610 4987 ﬁdem
1671 4933 1948 4988 castitatis

246 5039 416 5092 quam
451 5023 563 5076 Deo
603 5027 900 5088 voverunt,
949 5023 1169 5076 irritam
1212 5022 1396 5076 facere
1447 5020 1555 5074 visi
1592 5025 1744 5076 sunt.
1787 5022 1948 5076 Tales

243 5127 380 5182 ergo
407 5127 673 5182 persona:
713 5127 747 5164 a
785 5111 1239 5165 Christianorum
1283 5109 1695 5164 communione
1744 5126 1945 5181 seque-

246 5205 518 5267 strentur,
551 5217 740 5272 neque
785 5201 958 5254 etiam
1009 5200 1069 5254 in
1122 5199 1379 5254 convivio
1432 5215 1564 5252 cum
1609 5197 1949 5253 Christianis

247 5290 687 5345 communicent.
736 5291 876 5344 Nam
907 5289 952 5343 si
1001 5290 1279 5344 adultera:
1331 5289 1604 5359 conjuges
1637 5304 1748 5341 rea:
1796 5293 1946 5353 sunt,

249 5379 295 5432 si
334 5379 450 5433 suis
479 5380 614 5433 viris
673 5379 934 5433 obnoxiae
983 5379 1215 5441 fuerint,
1263 5384 1476 5448 quanto
1518 5376 1703 5446 magis
1763 5373 1950 5430 viduae

250 5484 378 5537 quae
420 5467 518 5521 Dei
565 5467 994 5538 religiositatem
1028 5471 1412 5529 mutaverunt,
1443 5465 1685 5518 crimine
1730 5465 1952 5518 adulte—

251 5554 323 5607 rii
350 5556 726 5621 notabuntur,
769 5555 817 5608 si
870 5555 1234 5609 devotionem
1280 5569 1454 5625 quam
1480 5556 1683 5623 sponte
1734 5567 1837 5604 nec
1860 5567 1950 5604 co-

256 5645 377 5694 acte
441 5642 556 5694 Deo
601 5641 932 5696 obtulerunt
989 5643 1292 5697 libidinosa
1343 5642 1634 5695 voluntate
1673 5655 1953 5709 corrupe-

2045 1851 2194 1901 rum,
2257 1836 2318 1890 in
2374 1836 2646 1906 operibus
2722 1836 2885 1890 bonis
2940 1838 3336 1893 testimonium
3404 1841 3642 1909 habens,
3708 1842 3765 1896 si

2044 1925 2194 1978 ﬁlios
2241 1925 2524 1989 educavit,
2577 1929 2678 1978 etc.
2731 1925 3231 1981 Adolescentiores
3286 1928 3487 1982 viduas
3535 1929 3752 1984 devita.

2046 2013 2186 2066 Cum
2219 2014 2373 2066 enim
2406 2013 2710 2066 luxuriatae
2738 2013 2973 2080 fuerint,
3008 2015 3069 2068 in
3113 2016 3337 2070 Christo
3385 2018 3602 2071 nubere
3649 2035 3758 2071 vo-

2043 2100 2508 2167 lunt,[habentes
2558 2100 3005 2167 damnationem,
3061 2103 3196 2172 quia
3253 2105 3498 2174 primam
3577 2106 3758 2160 ﬁdem

2043 2189 2267 2243 irritam
2321 2189 2622 2243 fecerunt:
2675 2189 2847 2243 simul
2885 2195 2940 2244 et
2995 2190 3192 2245 otiosas
3240 2194 3538 2262 loquentes
3592 2195 3757 2264 quod

2043 2292 2159 2329 non
2205 2281 2448 2345 oportet.
2486 2278 2620 2330 Volo
2674 2293 2811 2347 ergo
2853 2277 3118 2347 juniores
3160 2280 3394 2347 nubere,
3451 2297 3758 2350 procreare

2044 2365 2210 2429 ﬁlios,
2255 2365 2714 2419 matresfamilias
2745 2381 2886 2433 esse,
2931 2367 3147 2421 nullam
3196 2369 3552 2422 occasionem
3613 2370 3758 2424 dare

2045 2453 2390 2521 adversario,
2457 2453 2749 2508 maledicti
2822 2455 3026 2524 gratia.
3081 2457 3204 2510 Jam
3277 2457 3431 2510 enim
3485 2459 3756 2528 quaedam

2046 2557 2337 2596 conversae
2366 2547 2500 2596 sunt
2524 2549 2676 2597 retro
2707 2543 2994 2597 Satanam.

2046 2649 2172 2704 CAP.
2197 2649 2355 2702 XLII.
2389 2679 2457 2688 -—
2491 2653 2566 2704 De
2592 2651 2819 2716 feminis
2862 2665 3097 2718 quarum
3139 2653 3332 2705 mariti
3380 2653 3635 2718 obierint,
3692 2659 3756 2706 ut

2618 2737 2724 2774 non
2765 2725 2870 2775 cito
2903 2737 2958 2774 se
2990 2724 3180 2775 velent.

2115 2808 2223 2879 (Em
2265 2809 2487 2862 concilio
2528 2809 2834 2872 Aureliam,
2867 2811 3044 2879 capite
3088 2812 3164 2876 5.)
3200 2811 3278 2864 De
3336 2810 3564 2865 feminis
3605 2828 3756 2883 .quie

2044 2897 2196 2950 viros
2245 2897 2539 2962 amittunt,
2590 2900 2772 2966 placet
2821 2913 2891 2950 ne
2936 2914 2995 2950 se
3046 2898 3189 2950 sicut
3238 2898 3511 2952 hactenus
3569 2900 3753 2953 indis-

2045 2990 2196 3039 crete
2252 2984 2460 3052 velent,
2523 2985 2620 3039 sed
2684 2986 2924 3056 triginta
2951 2985 3072 3040 dies
3102 2989 3234 3054 post
3290 2986 3582 3058 decessum
3644 2988 3755 3041 viri

2052 3074 2140 3127 sui
2168 3079 2511 3144 exspectent.
2561 3075 2630 3127 Et
2657 3081 2784 3144 post
2812 3074 3172 3128 tricesimum
3224 3075 3376 3128 diem
3423 3091 3528 3144 per
3555 3077 3754 3130 consi-

2050 3163 2191 3216 lium
2239 3163 2492 3232 episcopi
2549 3163 2657 3228 sui,
2703 3163 2812 3227 vel,
2871 3162 2918 3214 si
2950 3164 3254 3233 episcopus
3307 3165 3514 3217 absens
3555 3165 3750 3232 fuerit,

2050 3250 2285 3305 consilio
2331 3252 2575 3305 aliorum
2621 3251 3030 3320 religiosorum
3075 3253 3435 3306 sacerdotum
3491 3270 3755 3308 suorum-

2050 3355 2162 3410 que
2194 3339 2512 3394 amicorum
2537 3340 2590 3393 id
2642 3339 2794 3411 quod
2831 3340 3044 3411 eligere
3075 3340 3284 3394 debent
3313 3341 3528 3411 eligant
3559 3357 3572 3394 :
3607 3346 3662 3394 et
3692 3346 3755 3394 ut

2049 3433 2288 3499 rogetur
2325 3428 2593 3499 princeps
2624 3447 2656 3482 a
2685 3445 2842 3482 sacro
2869 3433 3174 3495 conventu,
3225 3435 3289 3482 ut
3317 3429 3377 3482 hi
3427 3430 3526 3498 qui
3563 3429 3754 3499 publi-

2050 3531 2173 3569 cam
2240 3521 2485 3587 egerunt
2545 3516 2970 3586 paenitentiam,
3024 3521 3083 3570 et
3143 3515 3374 3570 feminae
3418 3533 3546 3586 quae
3604 3517 3755 3569 viros

2049 3603 2340 3670 amittunt,
2419 3621 2521 3657 sua
2591 3605 2929 3658 auctoritate
3004 3604 3186 3658 donec
3237 3604 3558 3658 deliberent
3613 3604 3756 3673 quid

2049 3697 2222 3762 agant
2250 3697 2542 3758 tueantur,
2573 3697 2626 3745 et
2647 3693 2970 3762 specialiter
3022 3709 3127 3762 pro
3156 3692 3245 3746 his
3298 3693 3544 3762 capitula
3604 3692 3754 3759 ﬁeri,

2050 3788 2106 3834 et
2139 3781 2282 3850 legis
2338 3781 2645 3835 mundana:
2694 3780 2957 3850 capitulis
3012 3781 3316 3834 inserenda
3378 3781 3752 3835 decrevimus.

2049 3870 2177 3924 CAP.
2193 3871 2371 3924 XLIII.
2389 3899 2455 3910 —
2473 3871 2539 3924 Ut
2562 3869 2850 3924 viduitatis
2872 3872 3137 3939 professio
3155 3885 3338 3926 coram
3365 3872 3610 3939 episcopo
3632 3873 3752 3937 ﬁat.

2122 3961 2229 4024 (Ea:
2259 3959 2444 4012 concit.
2478 3960 2763 4024 Arausic.,
2799 3960 2976 4026 capite
3009 3957 3088 4024 6.)
3123 3957 3422 4012 Viduitatis
3460 3959 3754 4012 servandae

2049 4047 2465 4118 professionem
2495 4061 2687 4100 coram
2729 4046 2994 4116 episcopo
3024 4046 3083 4098 in
3124 4045 3429 4100 secretario
3473 4046 3750 4111 habitam,

2049 4135 2321 4205 imposita
2377 4151 2571 4188 coram
2629 4135 2897 4204 episcopo
2949 4137 3106 4187 veste
3168 4135 3400 4201 viduali,
3460 4150 3580 4187 non
3630 4150 3753 4188 esse

2049 4221 2402 4288 violandam,
2480 4222 2665 4292 ipsam
2735 4221 2863 4273 talis
2933 4220 3304 4290 professionis
3386 4220 3750 4274 desertricem

1980 4337 2027 4392 D
2057 4311 2261 4366 merito
2293 4326 2412 4364 esse
2444 4309 2829 4364 damnandam
2860 4309 3239 4363 decernimus.

2126 4417 2253 4470 CAP.
2287 4415 2462 4469 XLIV.
2496 4443 2563 4453 ——
2598 4416 2665 4469 Ut
2693 4415 2875 4468 nullus
2896 4415 3031 4467 vetet
3054 4415 3137 4468 vel
3167 4414 3354 4482 iubeat
3376 4413 3573 4468 viduas
3603 4415 3686 4469 vel

2656 4487 2895 4551 virgines
2923 4484 3138 4538 nubere.

2126 4575 2234 4644 (Ea:
2261 4575 2484 4629 concilio
2535 4575 2799 4639 Toletum,
2845 4572 3022 4642 capite
3073 4573 3177 4640 10.)
3212 4574 3321 4626 Pro
3371 4574 3631 4627 consulto
3673 4589 3760 4627 ca-

2057 4663 2281 4730 stitatis,
2314 4663 2470 4734 quod
2501 4662 2748 4717 maxime
2795 4662 3162 4717 hortamento
3207 4662 3435 4716 concilii
3484 4661 3760 4732 proﬁcere

2057 4753 2283 4819 debeat,
2320 4755 2610 4806 annuente
2658 4751 2908 4822 glorioso
2956 4751 3189 4805 domino
3229 4755 3424 4804 nostro
3472 4750 3759 4804 Recaredo

2056 4857 2211 4911 rege,
2271 4842 2380 4895 hoc
2441 4844 2704 4894 sanctum
2755 4839 3005 4894 afﬁrmat
3076 4838 3405 4904 concilium,
3466 4843 3527 4891 ut
3575 4837 3760 4892 viduas

2057 4930 2267 5000 quibus
2296 4928 2579 4998 placuerit
2617 4933 2816 4982 tenere
2843 4927 3183 4992 castitatem,
3231 4927 3391 4980 nulla
3427 4924 3481 4979 vi
3535 4925 3602 4980 ad
3651 4942 3758 4980 nu-

2058 5019 2205 5088 ptias
2278 5017 2566 5071 iterandas
2641 5017 2836 5070 venire
2888 5019 3182 5084 cogantur.
3245 5013 3407 5077 Quod
3484 5013 3532 5067 si
3577 5014 3760 5084 prius-

2059 5122 2234 5177 quam
2270 5105 2655 5174 proﬁteantur
2716 5103 3152 5166 continentiam,
3196 5102 3414 5156 nubere
3458 5103 3756 5172 elegerint,

2059 5195 2172 5250 illis
2200 5195 2421 5248 nubant
2462 5209 2606 5264 quos
2633 5193 2871 5262 propria
2908 5191 3199 5245 voluntate
3229 5191 3516 5245 voluerint
3548 5192 3757 5245 habere

2061 5285 2314 5338 maritos.
2379 5282 2591 5337 Similis
2638 5280 2889 5335 conditio
2965 5284 3021 5334 et
3068 5279 3386 5349 virginibus
3459 5279 3753 5342 habeatur,

2061 5389 2164 5426 nec
2193 5376 2390 5425 contra
2419 5370 2774 5422 voluntatem
2795 5373 3101 5438 parentum
3147 5368 3236 5421 vel
3268 5382 3429 5420 suam
3479 5370 3758 5436 cogantur

2062 5458 2300 5513 maritos
2331 5458 2604 5528 accipere.
2646 5455 2705 5510 Si
2751 5455 2881 5526 quis
2913 5471 3042 5508 vero
3085 5453 3445 5526 propositum
3489 5452 3758 5507 castitatis

2060 5548 2251 5602 vidua;
2319 5547 2405 5599 vel
2469 5544 2711 5616 virginis
2757 5544 3105 5614 impedierit,
3157 5560 3190 5597 a
3249 5547 3442 5596 sancta
3493 5559 3754 5596 commu-

2064 5637 2236 5691 nione
2287 5640 2344 5689 et
2387 5651 2420 5688 a
2465 5634 2763 5706 liminibus
2818 5633 3072 5688 ecclesias
3125 5631 3404 5686 habeatur
3434 5639 3750 5685 extraneus.
