3966 6402
123 402 229 452 SOI

201 520 345 574 CAP.
381 521 534 574 XLV.
559 550 629 562 —
656 522 728 574 De
747 519 929 573 viduis
949 522 1290 589 propositum
1318 522 1768 590 relinquentibus.

203 610 337 676 (Ea:
367 612 526 678 epist.
562 610 722 677 Greg.
755 625 914 677 papae
942 613 1107 663 missa
1125 609 1199 662 ad
1218 611 1610 676 Bonifacium.)
1645 610 1854 664 Viduas

129 712 163 748 a
190 698 503 766 proposito
556 698 914 751 discedentes
952 698 1265 765 viduitatis,
1299 715 1473 768 super
1513 699 1723 769 quibus
1752 716 1858 753 nos

132 787 451 839 consulere
484 787 663 839 voluit
689 787 919 840 dilectio
946 791 1064 851 tua,
1099 787 1273 840 frater
1302 787 1658 854 cliarissime,
1691 789 1858 841 credo

133 881 190 927 te
224 891 395 927 nosse
429 892 462 928 a
489 882 685 929 sancto
717 876 914 941 Paulo,
947 880 998 928 et
1033 894 1063 929 a
1096 876 1291 929 multis
1324 878 1530 929 sanctis
1578 876 1858 945 Patribus,

135 964 254 1017 nisi
291 970 727 1025 convertantur,
772 963 909 1017 olim
951 981 1071 1017 esse
1115 965 1433 1017 damnatas.
1478 965 1629 1029 Quas
1670 971 1725 1018 et
1756 982 1861 1018 nos

137 1052 463 1121 apostolica
496 1052 833 1105 auctoritate
879 1053 1252 1117 damnandas,
1305 1060 1362 1105 et
1401 1054 1860 1106 acommunione

137 1140 404 1194 ﬁdelium
445 1146 617 1211 atque
668 1157 700 1194 a
756 1140 1053 1213 liminibus
1114 1142 1369 1196 ecclesias
1411 1142 1683 1195 arcendas
1735 1142 1858 1195 fore

139 1246 475 1293 censemus,
522 1246 827 1299 usquequo
883 1229 1157 1282 obediant
1196 1229 1480 1299 episcopis
1529 1230 1647 1283 suis
1690 1235 1746 1284 et
1788 1230 1861 1284 ad

137 1317 368 1370 bonum
400 1319 552 1389 quod
598 1323 894 1387 coeperunt
924 1318 1117 1371 invitas
1157 1326 1257 1372 aut
1296 1319 1640 1372 voluntaria),
1670 1335 1862 1372 rever-

140 1411 363 1460 tantur.
400 1407 477 1459 De
504 1406 823 1477 virginibus
853 1413 1046 1460 autem
1081 1424 1197 1461 non
1242 1408 1464 1473 velatis,
1517 1407 1561 1460 si
1603 1408 1863 1461 deviave-

140 1494 282 1560 rint,
336 1511 371 1547 a
420 1502 629 1547 sanctze
670 1494 966 1548 memoriae
1012 1496 1429 1566 praadecessore
1478 1500 1671 1549 nostro
1720 1512 1867 1566 papa

142 1584 490 1638 Innocentio
549 1585 738 1637 taliter
818 1583 1111 1638 decretum
1186 1584 1513 1639 habemus:
1574 1586 1671 1639 Hae
1736 1602 1866 1639 vero

141 1689 276 1743 quae
322 1674 568 1727 necdum
612 1689 770 1726 sacro
800 1673 1084 1726 velamine
1132 1678 1317 1738 tectae,
1369 1678 1564 1727 tamen
1618 1674 1677 1726 in
1736 1690 1863 1744 pro-

144 1762 341 1829 posito
374 1761 644 1830 virginali
686 1777 912 1830 semper
951 1778 1011 1815 se
1047 1762 1465 1816 simulaverunt
1503 1778 1862 1833 permanere,
1908 1806 1945 1858 Β

143 1850 279 1902 licet
320 1852 523 1903 velatae
586 1867 703 1903 non
761 1850 993 1915 fuerint,
1060 1851 1105 1903 si
1174 1851 1495 1921 nupserint,
1553 1851 1855 1921 aliquanto

146 1946 417 2008 tempore
479 1938 568 1991 his
618 1938 840 2008 agenda
870 1938 1210 2009 poenitentia
1258 1944 1392 1992 est:
1448 1938 1585 2009 quia
1637 1938 1867 2009 sponsio

146 2043 357 2080 earum
390 2043 421 2079 a
454 2026 699 2079 Domino
738 2029 1057 2080 tenebatur.
1108 2027 1164 2081 Si
1202 2027 1358 2080 enim
1403 2027 1554 2080 inter
1601 2027 1868 2080 homines

148 2118 296 2169 solet
354 2115 520 2169 bonze
572 2115 703 2169 ﬁdei
744 2120 1067 2170 contractus
1130 2117 1288 2169 nulla
1337 2116 1558 2169 ratione
1610 2116 1865 2181 dissolvi,

147 2210 373 2273 quanto
410 2204 595 2272 magis
631 2204 739 2257 ista
783 2204 1143 2274 pollicitatio.
1186 2221 1361 2271 quam
1393 2221 1523 2257 cum
1559 2205 1673 2258 Deo
1706 2204 1865 2275 pepi-

149 2292 251 2358 git,
289 2291 440 2344 solvi
470 2292 592 2345 sine
618 2291 865 2345 vindicta
904 2308 1019 2347 non
1046 2294 1295 2362 poterit?
1327 2299 1428 2347 etc.
1466 2294 1608 2346 Nam
1651 2294 1697 2345 si
1747 2293 1867 2346 vir-

150 2379 316 2448 gines
386 2379 649 2432 nondum
718 2380 915 2433 velatas
982 2380 1172 2433 taliter
1230 2380 1573 2451 paenitentia
1641 2380 1872 2449 publica

152 2468 486 2538 puniuntur
524 2472 580 2521 et
624 2486 655 2521 a
687 2474 831 2522 coetu
883 2469 1143 2522 ﬁdelium
1186 2486 1367 2538 usque
1409 2469 1479 2522 ad
1529 2468 1871 2521 satisfactio-

154 2574 286 2610 nem
337 2557 740 2623 exeluduntur,
786 2562 1003 2628 quanto
1052 2558 1242 2628 potius
1283 2558 1467 2611 vidua:
1507 2573 1635 2627 quas
1684 2557 1868 2627 perfe-

161 2646 359 2698 ctioris
392 2646 658 2710 tetatatis,
685 2651 740 2698 et
768 2646 1096 2698 maturioris
1116 2646 1620 2716 sapientias,atque
1647 2642 1869 2697 consilii

160 2736 433 2795 existunt,
486 2734 861 2804 virorumque
903 2734 1189 2787 consortio
1235 2735 1529 2788 multnties
1565 2750 1679 2786 usae
1714 2737 1868 2798 sunt,

158 2828 212 2874 et
238 2823 511 2876 habitum
542 2823 835 2891 religionis
868 2827 1323 2893 assumpserunt,
1371 2829 1425 2875 et
1454 2823 1687 2875 demum
1743 2836 1874 2890 apo-

162 2914 538 2971 stataverunt,
612 2917 784 2980 atque
843 2911 913 2963 ad
970 2911 1222 2979 priorem
1284 2909 1562 2962 vomitum
1628 2913 1759 2961 sunt
1788 2924 1873 2961 re-

161 3014 361 3063 versze,
399 3014 432 3050 a
471 2998 634 3052 nobis
666 3004 720 3051 et
767 2999 835 3052 ab
887 3000 1155 3052 omnibus
1186 2999 1450 3051 ﬁdelibus
1490 3015 1520 3050 a
1578 2996 1873 3050 liminibus

164 3087 421 3140 ecclesiae
472 3094 527 3140 et
572 3102 604 3139 a
645 3092 795 3140 cmtu
844 3087 1125 3153 ﬁdelium,

162 3189 318 3239 nem,
355 3179 493 3226 sunt
528 3173 905 3244 .eliminandaa
938 3179 993 3227 et
1031 3174 1354 3227 carceribus
1388 3174 1702 3238 tradendus,
1740 3189 1877 3243 qua-

166 3265 295 3317 liter
342 3263 514 3333 juxta
574 3262 806 3315 beatum
867 3262 1189 3331 apostolum
1258 3262 1525 3329 Paulum,
1588 3261 1876 3315 tradentes

164 3350 505 3421 hujusmodi
533 3351 828 3404 hominem
880 3351 1127 3415 Satanas,
1178 3355 1240 3404 ut
1287 3350 1522 3420 spiritus
1568 3350 1756 3403 salvus
1801 3349 1873 3403 sit

167 3442 221 3493 in
270 3441 367 3493 die
424 3438 699 3492 Domini?
741 3441 817 3492 De
866 3440 1074 3493 talibus
1124 3439 1276 3492 enim
1330 3445 1386 3491 et
1441 3439 1717 3492 Dominus
1777 3454 1879 3507 per

169 3529 398 3598 Moysen
436 3527 695 3597 loquitur
732 3528 927 3581 dicens
964 3544 976 3582 :
1022 3528 1259 3582 Auferte
1300 3528 1518 3581 malum
1568 3528 1638 3580 de
1690 3526 1878 3579 medio

168 3618 356 3672 vestri.
409 3618 489 3671 De
534 3617 743 3688 quibus
788 3622 843 3670 et
882 3633 985 3687 per
1032 3616 1372 3687 Prophetam
1414 3616 1536 3668 ait:
1572 3614 1881 3669 Laetabitur

165 3707 352 3771 justus
400 3721 535 3758 eum
579 3705 785 3758 viderit
831 3705 1159 3770 vindictam,
1215 3721 1418 3757 manus
1481 3720 1611 3756 suas
1669 3702 1883 3757 lavabit

171 3794 224 3845 in
256 3794 545 3863 sanguine
579 3794 910 3862 peccatoris.
947 3796 1021 3847 De
1054 3794 1261 3847 talibus
1294 3810 1546 3863 namque
1587 3796 1644 3845 et
1682 3808 1880 3846 eorum
1926 3799 1939 3813 ‘

174 3881 459 3935 similibus
525 3887 697 3951 atque
756 3881 973 3934 eisdem
1054 3881 1545 3935 consentientibus
1613 3880 1878 3934 dicitur:

176 3970 306 4038 quia
337 3986 459 4024 non
505 3971 692 4023 solum
734 3970 833 4040 qui
880 3969 1115 4037 faciunt,
1146 3968 1243 4022 sed
1282 3969 1453 4022 etiam
1496 3968 1595 4040 qui
1637 3984 1879 4023 consen-

178 4058 321 4111 tiunt
352 4058 717 4123 facientibus,
752 4059 836 4112 rei
869 4063 1021 4112 sunt.

183 4163 303 4218 CAP.
334 4165 519 4219 XLVI.
574 4194 643 4204 —
688 4166 754 4219 Ut
808 4164 1209 4288 vidgzbvelqtz
1246 4164 1321 4217 ad
1360 4166 1585 4232 nuptias
1653 4166 1734 4216 ire
1776 4179 1883 4218 non

947 4258 972 4288 εί
1010 4251 1108 4288 ean
1141 4278 1152 4288 .

947 4251 1152 4288 σοθαηι.

1121 397 1598 454 DECRETORUM
1644 400 1827 456 LIBRI
1866 402 1973 456 XX.
2016 432 2084 442 ——
2128 403 2333 457 LIBER
2371 401 2699 457 OCTAVUS.

3568 410 3671 461 802

1888 524 1935 576 Α
1962 524 2317 594 hypocrisim
2348 524 2792 579 ecclesiasticam
2814 524 3074 591 regulam
3104 526 3449 581 conturbare
3466 528 3667 595 voluit,

1967 618 2159 666 etnon
2190 614 2445 681 legitime
2469 613 2525 665 in
2548 618 2675 666 voto
2697 630 2798 666 suo
2821 614 3154 683 permansit,
3177 621 3239 667 ut
3266 616 3665 685 pceniteutiam

1968 707 2099 770 agat
2128 701 2197 754 de
2239 702 2507 755 illusione
2546 701 2810 769 nefanda,
2853 707 2911 755 et
2952 708 3266 756 revertatur
3306 704 3372 757 ad
3414 704 3468 758 id
3512 706 3667 775 quod

1967 790 2290 860 spopondit,
2336 796 2393 843 et
2433 791 2493 843 in
2531 806 2689 843 sacro
2740 791 3057 844 ministerio
3100 791 3406 845 inchoavit.
3451 794 3593 846 Nam
3624 792 3672 845 si

1968 879 2426 932 consenserimus
2470 879 2620 949 quod
2671 879 2867 932 omnia
2900 885 3256 933 sacramenta
3295 880 3691 934 ecclesiastica.

1969 967 2233 1038 quisque,
2268 972 2438 1037 prout
2468 967 2605 1032 vult,
2637 966 2818 1037 tingat
2846 972 2904 1019 et
2943 984 3062 1021 non
3092 984 3223 1021 vere
3253 969 3449 1035 faciat,
3484 968 3675 1022 omnis

1971 1055 2110 1107 ordo
2142 1053 2554 1107 ecclesiasticus
2608 1056 3006 1119 conturbatur,
3036 1072 3140 1109 nec
3181 1056 3473 1110 catholicas
3536 1057 3672 1111 ﬁdei

1964 1143 2096 1211 jura
2126 1142 2465 1207 consistunt,
2501 1158 2604 1195 nec
2642 1158 2889 1197 canones
2929 1143 3073 1197 sacri
3113 1144 3219 1197 rite
3272 1145 3669 1199 observantur.

1970 1228 2117 1293 Quid
2147 1230 2300 1283 enim
2330 1230 2547 1300 profuit
2579 1230 2803 1284 Simoni
2850 1231 3008 1301 Mago
3062 1232 3412 1302 baptismum
3444 1249 3669 1287 sacrum

1972 1320 2103 1372 ﬁcte
2144 1319 2455 1388 suscipere,
2489 1324 2546 1372 et
2575 1319 2633 1371 in
2676 1319 3105 1373 Christianitate
3137 1336 3583 1390 permansurum
3614 1338 3673 1374 se

1972 1405 2229 1471 ﬁnxisse,
2288 1422 2417 1460 cum
2473 1423 2575 1476 per
2644 1408 2967 1477 apostolum
3018 1408 3220 1461 fraude
3274 1410 3398 1478 ejus
3452 1410 3675 1463 detecta

1975 1495 2131 1566 quod
2198 1496 2308 1549 sibi
2373 1496 2632 1549 futurum
2700 1500 2848 1548 esset
2906 1497 3358 1566 praenuntiatum
3417 1502 3518 1551 est.
3582 1498 3677 1551 Ait

1975 1584 2175 1638 enim:
2228 1585 2468 1637 Pecunia
2541 1589 2638 1637 tua
2696 1589 2883 1637 tecum
2949 1584 3019 1637 sit
3075 1585 3137 1637 in
3191 1586 3542 1656 perditione:
3578 1602 3677 1639 cor

1978 1674 2133 1727 enim
2173 1678 2339 1726 tuum
2383 1689 2501 1725 non
2542 1677 2625 1725 est
2671 1676 2887 1726 rectum
2955 1690 3148 1727 coram
3186 1674 3340 1728 Deo:
3388 1675 3673 1744 poeniten-

1977 1762 2114 1815 tiam
2148 1762 2342 1831 itaque
2373 1778 2478 1830 age
2512 1761 2580 1814 ab
2620 1760 2724 1814 hac
2765 1761 3021 1831 nequitia
3060 1768 3176 1823 tua,
3219 1767 3275 1815 et
3317 1778 3455 1832 roga
3497 1764 3674 1817 Deum

1978 1855 2041 1903 ut
2072 1851 2214 1904 forte
2249 1851 2571 1903 remittatur
2600 1849 2704 1902 tibi
2750 1851 2868 1903 haec
2902 1850 3173 1919 cogitatio
3227 1850 3416 1904 cordis
3459 1851 3544 1904 tui
3617 1851 3678 1904 in

1977 1940 2108 1993 felle
2164 1939 2317 1992 enim
2368 1937 2789 2005 amaritudinis,
2841 1942 2900 1991 et
2947 1938 3296 2007 obligatione
3356 1938 3680 2010 iniquitatis

1977 2028 2143 2080 video
2172 2032 2226 2080 te
2262 2044 2403 2079 esse.
2446 2026 2582 2080 Ideo
2622 2029 2786 2089 tales,
2840 2025 2948 2078 nisi
2988 2027 3345 2095 resipiscant,
3398 2025 3679 2096 spirituali

1979 2116 2168 2185 gladio
2199 2122 2498 2185 percutere
2530 2130 2849 2168 censemus.
2884 2115 3005 2167 Non
3027 2114 3180 2167 enim
3214 2114 3297 2168 fas
3327 2120 3411 2167 est.
3441 2114 3680 2184 Spiritui

1980 2210 2176 2257 sancto
2221 2203 2472 2269 mentiri,
2527 2203 2692 2255 sicuti
2743 2202 2993 2255 Ananias
3034 2206 3087 2255 et
3141 2202 3423 2272 Sapphira
3451 2203 3679 2256 mentiti

1979 2297 2133 2358 sunt,
2166 2298 2222 2344 et
2254 2292 2440 2344 statim
2478 2291 2790 2361 perierunt.

1980 2380 2109 2435 CAP.
2140 2380 2371 2435 XLVIII.
2395 2408 2465 2419 —
2487 2382 2557 2432 De
2583 2379 2765 2432 viduis
2780 2384 2831 2432 et
2850 2380 3045 2447 puellis
3068 2394 3186 2446 qua:
3211 2381 3268 2431 in
3291 2378 3538 2433 domibus
3553 2393 3680 2444 pro-

2263 2450 2408 2519 priis
2439 2451 2684 2503 habitum
2715 2451 2994 2515 religionis
3026 2458 3394 2519 susceperunt.

2054 2530 2162 2599 (Em
2213 2531 2437 2583 concilio
2481 2530 2719 2583 Toletan.
2766 2545 2837 2593 IV,
2890 2531 3067 2597 capite
3123 2530 3235 2598 57.)
3275 2530 3351 2581 De
3401 2528 3590 2582 viduis
3630 2532 3685 2580 et

1980 2619 2189 2688 puellis
2234 2634 2363 2687 quas
2403 2617 2661 2670 habitum
2696 2617 2991 2686 religionis
3031 2617 3090 2670 in
3128 2617 3395 2671 domibus
3435 2617 3686 2687 propriis

1984 2713 2099 2761 tam
2133 2725 2166 2760 a
2194 2706 2529 2776 parentibus
2559 2721 2731 2775 quam
2763 2722 2867 2775 per
2896 2721 2953 2758 se
2986 2712 3375 2771 mutaverunt,
3409 2706 3456 2759 si
3488 2711 3685 2775 postea

1982 2800 2182 2849 contra
2241 2794 2505 2848 instituta
2561 2794 2817 2857 Patrum,
2884 2793 2971 2845 vel
3036 2798 3323 2862 praecepta
3371 2807 3683 2845 canonum.

1981 2883 2249 2952 conjugia
2316 2881 2666 2935 crediderint
2766 2880 3115 2950 copulanda,
3203 2880 3399 2933 tandin
3452 2879 3680 2948 utrique

1981 2974 2303 3027 habeantur
2333 2988 2363 3023 a
2406 2969 2810 3023 communione
2842 2969 3126 3039 suspensi,
3175 2983 3476 3038 quousque
3529 2967 3681 3037 quod

1178 3103 1361 3157 usque
1412 3086 1481 3139 ad
1540 3060 2181 3139 satisfactimcillicite
2258 3064 2738 3129 perpetraverunt
2805 3058 3114 3111 emendare
3191 3056 3565 3127 neglexerint,
3652 3072 3685 3107 a

1987 3148 2397 3204 communione
2453 3147 2539 3200 vel
2595 3145 2856 3199 omnium
2919 3146 3376 3198 Christianorum
3423 3142 3680 3197 convivio

1987 3238 2047 3292 in
2077 3243 2422 3308 perpetuum
2454 3235 2569 3288 sint
2598 3233 2958 3304 sequestrati.

1986 3328 2116 3381 Cap.
2152 3326 2331 3379 XLIX.
2358 3356 2425 3363 —
2458 3323 2610 3389 Quod
2641 3329 2860 3377 sanctus
2893 3323 3185 3388 Gregorius
3211 3320 3507 3388 quamdam
3526 3322 3685 3386 femi-

2057 3414 2185 3449 nam
2236 3398 2467 3449 velatam
2523 3410 2642 3464 qua:
2688 3409 2905 3447 sacrum
2954 3396 3292 3462 propositum
3348 3398 3689 3457 transgressa

2059 3473 2159 3530 est,
2192 3468 2571 3534 comprehendi
2592 3468 2842 3534 jusserit.

2060 3538 2179 3606 (Ea:
2232 3532 2344 3604 reg.
2393 3538 2550 3601 Greg.
2594 3532 2676 3587 ad
2722 3536 3034 3603 Sepontium
3084 3533 3343 3602 episcop.)
3392 3532 3451 3586 Si
3502 3536 3691 3584 custos

1990 3624 2241 3694 religiosi
2278 3624 2507 3677 habitus
2546 3622 2769 3689 fuisses,
2811 3628 2910 3675 aut
2955 3636 3077 3675 esse
3120 3636 3316 3673 nosses
3364 3619 3688 3688 episcopus,

1989 3715 2166 3768 ﬁliam
2215 3712 2482 3782 gloriosae
2522 3710 2821 3764 memorias
2860 3708 3108 3762 Tulliani
3142 3708 3399 3777 magistri
3443 3707 3689 3769 militize,

1991 3808 2045 3857 te
2076 3803 2191 3855 illic
2241 3801 2455 3870 posito,
2509 3816 2614 3853 nec
2659 3798 2929 3868 projectis
2985 3795 3267 3866 religiosis
3318 3795 3569 3848 vestibus
3619 3795 3688 3847 ad

1990 3891 2320 3945 saecularem
2376 3888 2583 3941 reverti
2645 3886 2928 3951 habitum,
2993 3894 3099 3939 n‘ec
3149 3884 3219 3937 ad
3276 3898 3377 3936 nos
3435 3882 3691 3935 licuisset

1992 3993 2318 4050 perversam
2350 3977 2649 4046 epistolam
2698 3974 3006 4029 destinare.
3047 3972 3157 4027 Sed
3198 3972 3334 4042 quia
3366 3970 3547 4024 nimia
3592 3970 3690 4023 de-

1991 4068 2137 4121 sidia
2167 4084 2230 4121 ac
2271 4072 2499 4135 torpore
2538 4063 2902 4134 deprimeris,
2952 4062 3012 4114 in
3043 4067 3144 4114 tuo
3183 4059 3459 4113 dedecore
3494 4074 3585 4111 res
3621 4058 3692 4111 ad

1994 4172 2247 4226 praesens
2299 4154 2500 4208 illicita
2532 4154 2771 4222 impune
2817 4150 3123 4205 commissa
3181 4153 3287 4202 est.
3350 4148 3492 4201 Nam
3548 4146 3693 4199 sicut

1994 4244 2218 4315 praefati
2247 4260 2464 4308 sumus,
2512 4242 2557 4295 si
2589 4242 2867 4295 sollicitus
2903 4255 3074 4303 esses,
3104 4237 3267 4308 prius
3304 4237 3375 4290 ad
3408 4252 3515 4289 nos
3547 4235 3691 4289 ultio

248 4338 354 4407 (Ea:
398 4340 543 4394 decr.
617 4340 826 4393 Gelasii
892 4356 1051 4409 papae
1103 4339 1176 4393 ad
1249 4340 1554 4394 Sicilienses
1609 4341 1880 4408 episcopos
1921 4357 1963 4411 Ι)
1998 4332 2253 4388 mulieris
2292 4330 2667 4402 pravissimm.
2700 4322 2874 4399 quam
2926 4328 3094 4396 culpa
3130 4325 3329 4379 debuit
3372 4324 3689 4394 pervenire.

184 4430 376 4495 missis,
425 4430 607 4496 capite
647 4430 725 4497 9.)
774 4429 969 4498 Neque
1010 4428 1210 4481 viduas
1247 4429 1316 4481 ad
1359 4428 1590 4497 nuptias
1633 4428 1878 4480 transire

185 4516 451 4582 patimur,
485 4532 615 4585 quas
647 4516 915 4585 religioso
944 4515 1240 4586 proposito
1289 4515 1562 4569 diuturna
1611 4516 1877 4568 observa-

184 4601 330 4656 tione
360 4609 824 4674 permanserunt.
852 4604 1121 4657 Similiter
1152 4604 1401 4675 virgines
1430 4604 1643 4658 nubere
1676 4602 1879 4673 probi-

184 4688 397 4758 bemus,
428 4710 571 4763 quas
610 4694 775 4745 annis
824 4692 1091 4763 plurimis
1136 4692 1199 4746 in
1240 4691 1602 4747 monasteriis
1651 4698 1877 4746 astatem

186 4782 467 4850 peregisse
500 4782 823 4851 contigerit.

186 4885 304 4939 CAP.
348 4888 551 4942 XLVII.
603 4917 670 4928 —
705 4889 787 4941 De
840 4888 1011 4942 vidua
1041 4904 1160 4956 quas
1205 4889 1303 4941 sub
1348 4888 1565 4941 obtentu
1590 4887 1879 4954 religionis

527 4961 703 5012 velum
728 4959 802 5012 ad
824 4966 1030 5028 tempus
1050 4960 1159 5012 sibi
1180 4962 1516 5027 imposuerit.

252 5043 351 5112 (Ex
379 5050 539 5116 epist.
579 5049 790 5102 Νίσοιαί
821 5064 999 5117 papa,
1032 5050 1208 5113 capite
1244 5048 1319 5114 5.)
1357 5047 1620 5101 Nicolaus
1651 5045 1877 5114 episco-

188 5144 285 5196 pus
330 5150 527 5189 servus
584 5152 882 5189 servorum
925 5137 1049 5202 Dei,
1109 5134 1584 5188 reverendissimo
1643 5138 1702 5187 et
1745 5147 1877 5186 san-

189 5220 426 5277 ctissimo
454 5224 726 5278 confratri
759 5230 956 5277 nostro
990 5223 1283 5277 Adalwino
1338 5228 1547 5276 sanctas
1595 5221 1874 5273 V'ivenen-

193 5310 258 5361 sis
288 5312 542 5366 Ecclesiae
584 5312 1031 5382 archiepiscopo.
1068 5312 1231 5375 Quod
1272 5316 1465 5365 autem
1510 5308 1876 5378 interrogasti

192 5395 253 5448 de
307 5399 515 5455 femina
575 5416 704 5471 qua:
767 5406 896 5471 post
954 5400 1176 5454 obitum
1236 5392 1425 5452 mariti
1487 5398 1575 5452 sui
1618 5396 1877 5449 velamen

196 5500 396 5543 sacrum
427 5505 606 5560 super
638 5495 809 5559 caput
838 5505 1006 5543 suum
1037 5489 1333 5560 imposuit,
1383 5493 1439 5541 et
1467 5485 1631 5540 ﬁnxit
1680 5501 1739 5539 se
1774 5485 1878 5539 sub

196 5575 376 5629 eodem
420 5578 711 5633 velamine
758 5578 1255 5633 sanctimonialem
1298 5592 1439 5642 esse,
1496 5582 1691 5647 postea
1744 5589 1877 5627 vero

198 5660 256 5714 ad
311 5667 543 5737 nuptias
610 5667 795 5732 rediit,
834 5667 1050 5721 bonum
1103 5666 1243 5721 mihi
1300 5665 1526 5719 videtur
1578 5663 1713 5734 quia
1777 5678 1881 5733 per

1990 4423 2134 4485 Quia
2163 4436 2300 4490 ergo
2331 4424 2559 4473 tantum
2592 4418 2786 4480 hebes,
2810 4422 3154 4483 tantumque
3186 4429 3246 4466 es
3276 4414 3595 4481 negligens,
3628 4416 3693 4464 nt

1992 4512 2099 4564 nisi
2132 4509 2469 4563 canonicam
2494 4507 2626 4559 vitae
2660 4504 2836 4559 fueris
2866 4503 3268 4556 coercitionem
3304 4504 3600 4569 expertus,
3633 4500 3692 4552 in

1989 4599 2117 4652 aliis
2160 4596 2575 4652 districtionem
2626 4600 2683 4646 et
2720 4592 3079 4661 disciplinam
3122 4589 3339 4642 nescias
3379 4588 3688 4649 custodire,

1991 4686 2239 4758 qualiter
2280 4685 2489 4738 debeas
2527 4679 2649 4735 esse
2692 4681 2989 4743 sollicitus,
3035 4693 3291 4747 congruo
3332 4676 3460 4741 tibi,
3504 4678 3550 4729 si
3582 4677 3692 4729 Do-

1991 4776 2150 4829 mino
2178 4772 2482 4845 placuerit,
2530 4774 2793 4839 tempore
2838 4768 3326 4821 demonstremus.
3381 4764 3694 4819 Praesentia

1990 4865 2170 4934 igitur
2215 4862 2427 4930 scripta
2470 4858 2789 4927 suscipiens
2833 4856 3059 4923 evigila,
3097 4860 3155 4909 et
3183 4855 3459 4909 excitatus
3490 4855 3691 4908 saltem

1990 4966 2302 5022 exsequere
2354 4948 2508 5019 quod
2551 4963 2781 5017 pressus
2822 4961 2976 5000 nunc
3019 4961 3203 5015 usque
3244 4943 3474 5014 ignavia
3512 4943 3692 4997 distu—

1990 5041 2123 5094 listi.
2164 5038 2455 5093 Instantius
2504 5051 2642 5106 ergo
2697 5041 2813 5089 tum
2864 5034 2958 5100 sit,
3014 5034 3344 5103 praedictam
3393 5032 3692 5085 mulierem

1990 5148 2104 5184 una
2152 5144 2282 5183 cum
2320 5126 2518 5195 Sergio
2568 5125 2868 5179 defensore
2930 5121 3437 5192 comprehendere,
3486 5126 3542 5174 et
3587 5124 3692 5172 sta-

1990 5220 2095 5273 tim
2138 5233 2253 5271 non
2291 5217 2476 5269 solum
2517 5214 2585 5268 ad
2636 5214 2785 5267 male
2837 5216 3231 5280 contemptum
3269 5209 3528 5262 habitum
3568 5207 3692 5260 sine

1991 5306 2351 5362 excusatione
2396 5305 2588 5374 aliqua
2617 5318 2902 5366 revocare,
2947 5300 3043 5354 sed
3090 5300 3262 5353 etiam
3308 5298 3366 5349 in
3402 5301 3691 5349 monaste-

1991 5396 2075 5450 rio
2117 5394 2215 5448 ubi
2270 5392 2506 5447 omnino
2537 5391 2788 5445 districte
2825 5390 3010 5443 valeat
3040 5384 3316 5440 custodiri
3360 5384 3689 5449 detrudere,

1990 5490 2048 5538 et
2069 5485 2150 5537 ita
2173 5498 2403 5538 omnem
2436 5481 2584 5534 circa
2615 5478 2772 5532 illam
2820 5474 3262 5529 sollicitudinem
3304 5473 3597 5537 exhibere,
3633 5480 3696 5525 ut

1992 5587 2163 5642 quam
2189 5570 2261 5624 sit
2290 5567 2577 5623 nefarium
2622 5565 2773 5636 quod
2806 5562 3114 5627 commisit,
3149 5578 3216 5615 ex
3258 5566 3354 5614 tua
3395 5560 3575 5631 possit
3607 5560 3691 5613 di-

1992 5659 2281 5713 strictione
2332 5670 2693 5726 cognoscere.
2750 5646 2872 5717 Qu'a
2912 5652 2971 5705 in
3012 5666 3073 5704 re
3112 5650 3157 5704 si
3199 5650 3347 5720 quis,
3385 5648 3533 5720 quod
3576 5663 3695 5702 non
