3966 6404
292 429 395 484 803

1378 425 1782 481 BURCHARDI
1827 421 2356 479 WOBMACIENSIS
2395 420 2726 478 EPISCOPI.

3699 425 3819 480 80-i-

292 550 578 604 credimus
630 549 904 603 laicorum
959 547 1150 620 aliquo
1221 547 1326 601 tibi
1385 547 1616 617 ingenio
1684 546 1989 600 tentaverit
2034 549 2080 600 A
2111 547 2237 600 CAP.
2296 546 2425 599 LIV.
2467 576 2533 620 —e
2583 546 2742 620 Quod
2791 546 3037 620 mulieres
3073 545 3301 620 velatae,
3332 548 3390 600 in
3436 551 3816 612 monasteriis,

296 640 710 705 obsistendum,
744 659 776 692 ει
806 637 1179 690 sanctissimae
1211 653 1340 690 eum
1387 635 1816 690 communionis
1860 651 1991 705 par-

293 728 632 797 ticipatione
692 726 997 797 suspende,
1048 725 1328 795 nobisque
1387 724 1718 777 renuntiare
1765 724 1991 788 festina,

291 822 356 869 ut
389 822 669 887 quantum
704 816 749 868 si
781 813 1128 868 exsecrabile
1157 813 1306 884 quod
1344 812 1663 882 praesumit,
1688 819 1993 883 postquam

297 904 754 959 consideratione
814 901 1050 973 propria
1106 918 1220 954 non
1267 901 1526 960 advertit.
1577 901 1994 956 emendationis

297 991 568 1061 qualitate
611 995 928 1059 cognoscat.
965 990 1027 1042 In
1077 987 1165 1042 liis
1194 993 1381 1042 autem
1417 988 1684 1042 omnibus
1709 989 1808 1059 ita
1860 1003 1994 1042 cau-

297 1085 419 1131 tum
479 1096 541 1132 ac
570 1079 734 1132 stude
786 1077 1116 1148 vigilantem
1167 1081 1224 1130 te
1283 1077 1604 1142 ostendere,
1662 1083 1726 1131 ut
1764 1077 1994 1148 culpam

296 1172 455 1220 tuam
511 1184 626 1221 non
681 1167 974 1237 geminare
1047 1167 1359 1235 neglectus,
1426 1166 1518 1219 sed
1581 1165 1996 1237 aliquantisper

300 1257 481 1309 valeat
501 1262 556 1310 et
576 1255 897 1309 sollicitudo
924 1254 1203 1308 minuere.

297 1378 434 1432 CAP.
475 1379 532 1432 L.
567 1407 634 1416 —
673 1380 746 1431 De
781 1377 965 1430 viduis
1017 1378 1232 1442 velatis,
1279 1379 1332 1430 si
1381 1378 1750 1446 voluptatibus
1804 1381 1997 1433 carnis

831 1449 1092 1501 inservire
1121 1453 1466 1502 accusantur.

365 1557 472 1619 (Ea:
501 1555 722 1608 concilio
765 1553 1047 1618 Meldensi,
1085 1556 1264 1623 capite
1305 1554 1382 1624 2.)
1419 1555 1484 1608 Ut
1523 1554 1635 1607 illae
1677 1570 1808 1624 quae
1833 1553 1997 1624 quasi

296 1643 756 1696 sanctimoniales
812 1644 916 1695 sub
981 1641 1268 1695 velamine
1321 1642 1614 1712 religionis
1673 1642 1881 1712 degere
1914 1643 1993 1696 vi-

296 1732 521 1796 dentur,
564 1731 660 1784 sed
712 1731 904 1800 potius
952 1729 1010 1783 in
1059 1731 1278 1784 deliciis
1329 1731 1602 1800 viventes,
1651 1737 1896 1784 mortuae
1936 1732 1997 1784 in

297 1818 504 1871 divinis
557 1818 734 1872 oculis
782 1824 1208 1888 computantur,
1262 1835 1364 1888 per
1415 1821 1736 1889 provincias
1788 1820 1998 1874 discur—
2038 1836 2076 1889 Β

297 1913 502 1974 rentes,
536 1908 776 1960 curiosae
807 1914 863 1960 et
897 1907 1164 1970 verbosae,
1199 1907 1246 1960 si
1277 1908 1612 1961 libidinibus
1663 1907 1997 1978 ueterisque

296 1995 480 2048 carnis
527 1996 910 2066 voluptatibus
962 1995 1236 2050 inservire
1287 2001 1647 2061 accusantur,
1708 1997 1754 2048 si
1807 1996 1997 2050 mani-

296 2087 436 2138 feste
465 2084 654 2154 detegi
683 2085 996 2154 potuerint,
1026 2084 1340 2152 episcopali
1371 2083 1712 2138 auctoritate
1744 2090 1800 2137 et
1839 2085 1997 2154 regia

297 2174 654 2242 potestatein
686 2173 894 2226 talibus
928 2172 1058 2225 locis
1090 2172 1338 2225 residere
1386 2173 1490 2226 sub
1538 2173 1864 2226 testimonio
1906 2191 1997 2227 re-

299 2259 498 2330 ligioso
545 2266 844 2328 cogantur,
895 2259 995 2312 ubi
1057 2260 1459 2328 paenitentiam
1514 2260 1560 2313 si
1615 2261 1853 2314 fecerint
1907 2263 1997 2315 di-

297 2363 492 2419 gnam,
534 2353 911 2417 assequentur
953 2347 1128 2400 etiam
1176 2347 1544 2401 fructuosam.
1580 2348 1636 2402 Si
1689 2349 1845 2402 enim
1886 2367 2002 2403 nia-

298 2436 502 2490 nil‘este
563 2436 752 2505 detegi
806 2451 922 2488 non
979 2435 1283 2503 valuerint,
1343 2451 1479 2505 erga
1537 2436 1839 2491 Ecelesiam
1885 2454 2002 2491 sua:

301 2524 586 2594 opinionis
611 2524 822 2576 malam
852 2523 1062 2576 famam
1084 2524 1357 2577 canonice
1386 2540 1633 2594 purgare
1680 2531 1959 2594 cogantur
1985 2541 1998 2578 :

301 2619 358 2666 et
386 2618 449 2668 ut
477 2611 799 2682 religiosius
829 2612 900 2666 de
931 2619 1136 2666 caetero
1183 2613 1394 2678 vivant,
1442 2622 1500 2667 el.
1543 2613 1603 2667 in
1643 2615 2002 2669 monasteriis

301 2704 732 2767 conversentur,
788 2700 1100 2771 episcopali
1138 2702 1364 2756 decreto
1423 2707 1480 2755 et
1520 2703 1679 2772 regia
1724 2709 2000 2772 potestate

303 2796 695 2844 coerceantur.
735 2791 810 2844 De
840 2790 929 2843 his
960 2790 1133 2843 etiam
1165 2789 1467 2859 Apostolus
1495 2789 1632 2843 dicit
1663 2804 1676 2842 :
1706 2789 1844 2852 Qum
1871 2803 2001 2841 cum

301 2877 597 2930 fornicata!
624 2877 855 2944 fuerint,
893 2877 948 2929 iu
981 2877 1204 2931 Christo
1236 2878 1451 2929 nubere
1486 2875 1702 2928 volunt.

305 2985 433 3037 Car.
467 2982 554 3036 LI.
596 3012 664 3020 —
708 2984 775 3036 Ut
811 2983 1068 3048 sacrilegi
1105 2981 1498 3048 dijudicentur,
1549 2983 1646 3048 qui
1683 2995 1738 3034 se
1771 2980 2002 3033 sacratis

863 3055 1085 3119 feminis
1111 3055 1443 3106 miscuerint.

381 3158 502 3226 (E1.-
557 3159 780 3212 concilio
831 3159 1147 3222 Arelatensi,
1195 3159 1370 3226 capite
1426 3158 1505 3224 '7.)
1557 3156 1862 3211 Sciendum
1922 3160 2004 3209 est

307 3246 576 3300 omnibus
615 3245 764 3316 quod
813 3247 928 3299 Deo
971 3249 1322 3298 sacratarum
1371 3245 1717 3298 feminarum
1763 3261 2003 3313 corpora

305 3350 408 3406 per
437 3338 630 3387 votum
680 3333 933 3403 propriae
995 3333 1321 3404 sponsionis
1371 3339 1428 3388 et
1476 3335 1647 3386 verba
1695 3332 2003 3386 sacerdotis

307 3425 424 3478 Deo
471 3427 801 3476 consecrata
850 3423 1065 3492 templa
1117 3439 1240 3476 esse
1271 3422 1692 3492 Scripturarum
1749 3421 2004 3475 testimo-

307 3510 417 3564 niis
470 3509 943 3579 comprobantur,
1001 3514 1058 3562 et
1106 3509 1234 3562 ideo
1290 3509 1596 3563 violatores
1652 3525 1850 3562 earum
1912 3526 2004 3562 sa-

306 3596 502 3667 crilegi
549 3613 611 3652 ac
629 3596 795 3667 juxta
838 3597 1174 3667 Apostolum
1207 3597 1312 3650 lilii
1341 3597 1680 3668 perditionis
1730 3612 1852 3650 esse
1899 3614 2003 3651 no-

306 3691 563 3739 scuntur.

307 3793 437 3847 Cap.
473 3791 583 3845 LII.
615 3821 687 3830 —
716 3793 791 3845 De
810 3791 896 3845 his
919 3793 1016 3858 qui
1043 3793 1482 3846 sanctimoniales
1509 3794 1766 3861 virgines,
1799 3792 2001 3846 viduas

909 3863 1118 3917 velatas
1149 3866 1397 3932 rapiunt.

377 3971 486 4034 (Ea:
510 3969 731 4022 concilio
779 3968 1058 4034 Meldensi,
1109 3971 1284 4037 capite
1314 3969 1390 4038 8.)
1439 3967 1547 4032 Qui
1591 3967 2001 4022 sanctimonia-

307 4056 387 4110 les
415 4055 664 4126 virgines
690 4057 779 4109 vel
819 4055 1018 4109 viduas
1067 4057 1317 4126 rapiunt,
1367 4061 1424 4110 et
1473 4072 1779 4126 progressu
1829 4057 2004 4110 etiam

305 4143 564 4198 criminis
591 4145 652 4197 in
690 4143 1028 4214 conjugium
1073 4149 1331 4210 sumunt,
1365 4145 1609 4215 publicae
1651 4145 2005 4214 paenitentiae

308 4231 664 4301 subigantur.
698 4233 839 4302 Ipsae
882 4249 1012 4286 vero
1057 4233 1288 4287 feminae
1343 4233 1480 4287 locis
1509 4233 1779 4304 congruis
1828 4233 2007 4303 paeni-

309 4320 500 4374 tentia:
537 4320 930 4387 retrudantur,
974 4327 1030 4374 et
1078 4321 1148 4375 ad
1187 4321 1449 4375 habitum
1490 4321 1786 4392 religionis
1818 4323 2005 4376 redire

308 4413 606 4478 cogantur.
649 4409 775 4478 Ipse
820 4413 1014 4462 autem
1063 4408 1425 4464 incestuosus
1473 4409 1596 4464 sine
1641 4426 1742 4480 spe
1788 4410 2003 4464 uxoriae

307 4497 690 4564 copulationis
716 4497 1050 4567 perenniter
1089 4503 1336 4564 maneat,
1379 4498 1491 4551 nisi
1530 4499 1778 4552 nescisse
1816 4515 1876 4555 se
1908 4515 2003 4553 ve-

308 4585 481 4638 latam
511 4601 832 4654 expurgare
862 4585 1133 4655 potuerit.
1169 4585 1228 4640 Si
1257 4603 1408 4650 vero,
1443 4587 1599 4657 quod
1649 4587 1823 4640 absit!
1879 4603 2007 4641 con-

301 4673 467 4744 jugio
504 4673 714 4728 iterare
750 4674 1247 4743 praesumpserint,
1293 4675 1502 4729 acriori
1531 4675 1850 4730 subdantur
1879 4675 2002 4729 vin—

307 4762 492 4825 dictae,
525 4766 581 4815 et
607 4762 855 4832 amplius
885 4763 1300 4832 propellantur.
1349 4763 1457 4827 Qui
1501 4779 1559 4816 se
1597 4764 1742 4818 forte
1773 4764 2006 4818 obedire

308 4849 545 4904 monitis
573 4850 921 4904 salutaribus
953 4850 1267 4916 noluerint,
1303 4852 1884 4906 anathematizentur.

309 4956 437 5010 CAP.
485 4957 620 5009 LIII.
665 4985 732 4994 —
768 4957 833 5010 Ut
863 4957 1044 5009 clerici
1070 4972 1162 5010 seu
1210 4959 1339 5011 laici
1363 4973 1482 5010 cum
1527 4957 1659 5012 bono
1703 4961 2007 5013 testimonio

657 5041 776 5080 cum
813 5031 986 5080 sacris
1013 5029 1211 5096 puellis
1241 5028 1391 5096 loqui
1420 5028 1664 5082 debeant.

378 5131 498 5192 (Ea:
546 5133 765 5185 concilio
798 5133 1068 5202 Spalensi,
1102 5136 1280 5202 capite
1310 5135 1422 5201 10.)
1449 5135 1576 5186 Ilaec
1601 5135 1820 5187 cautela
1861 5134 2010 5188 circa

309 5235 508 5274 omnes
545 5225 822 5286 servetur,
865 5227 928 5275 ut
979 5222 1109 5275 laici
1154 5222 1360 5275 remoti
1410 5238 1443 5274 a
1471 5222 1869 5291 peculiaritate
1901 5222 2010 5275 vir-

311 5307 532 5375 ginum,
578 5325 684 5363 nec
733 5325 916 5380 usque
943 5310 1016 5363 ad
1058 5310 1407 5363 vestibulum
1435 5309 1684 5363 habeant
1707 5311 2009 5364 accedendi

309 5397 589 5449 familiare
645 5399 1013 5466 permissum,
1087 5414 1192 5450 nec
1257 5397 1382 5466 ipse
1444 5397 1544 5467 qui
1609 5403 1815 5468 praeest
1878 5415 2008 5451 cum

311 5483 433 5535 sola
462 5485 716 5555 colloqui
743 5487 934 5550 debet,
969 5486 1064 5538 sed
1106 5485 1210 5538 sub
1246 5484 1578 5539 testimonio
1615 5487 1862 5540 duarum
1913 5491 2012 5540 aut

312 5571 488 5622 trium
562 5588 844 5640 sororum,
914 5575 996 5626 ita
1063 5587 1194 5627 rara
1257 5574 1330 5627 sit
1367 5572 1636 5641 accessio,
1706 5574 2010 5645 brevisque

315 5657 550 5710 locutio.

2356 622 2453 670 aut
2480 619 2538 670 in
2560 617 2805 670 domibus
2831 619 2945 670 suis
2977 618 3220 671 habitum
3251 618 3545 673 observent.

2175 721 2286 788 (Ea-
2306 721 2450 774 decr.
2475 721 2710 788 Eugenii
2730 737 2891 790 papa:
2921 723 3098 790 capite
3126 723 3242 792 28.)
3276 723 3536 776 Mulieres
3567 723 3821 777 obtentu

2102 809 2400 880 religionis
2467 811 2686 875 velatae,
2759 817 2857 863 aut
2922 811 2982 864 in
3038 811 3392 864 monasterio
3463 813 3824 882 regulariter

2103 897 2316 965 vivant,
2376 903 2475 952 aut
2540 899 2598 952 in
2665 899 2930 953 domibus
2983 900 3100 952 suis
3150 905 3478 971 susceptum
3547 901 3823 955 habitum

2106 991 2256 1039 caste
2287 986 2607 1040 ebservent.

2107 1093 2232 1146 CAP.
2268 1093 2371 1146 LV.
2418 1123 2486 1132 ——
2546 1094 2612 1146 Ut
2645 1093 3092 1148 adolescentiores
3147 1093 3342 1156 viduae,
3404 1095 3485 1148 vel
3519 1097 3820 1149 sanctimo—

2407 1164 2602 1231 niales,
2634 1164 2703 1218 ab
2725 1167 2969 1233 episcopo
3008 1181 3113 1217 non
3143 1166 3496 1233 negligantur

2180 1253 2283 1319 (Ea:
2309 1253 2533 1306 concilio
2572 1253 2856 1320 Carthag.,
2901 1256 3078 1321 capite
3119 1254 3263 1323 102.)
3304 1253 3387 1306 Ad
3420 1258 3640 1307 reatum
3682 1253 3818 1323 epi-

2105 1339 2265 1410 scopi
2307 1341 2575 1412 pertinet,
2621 1342 2707 1395 vel
2755 1341 3074 1412 presbyteri
3114 1341 3212 1412 qui
3253 1341 3540 1411 parochias
3581 1347 3816 1412 praeest,

2106 1428 2153 1481 si
2225 1431 2608 1484 sustentandae
2668 1431 2736 1484 ab
2802 1429 3047 1484 Ecclesia
3097 1431 3226 1483 vita:
3286 1430 3582 1501 praesentis
3638 1447 3822 1484 causa

2106 1516 2583 1572 adolescentiores
2648 1519 2835 1573 viduae
2912 1521 3001 1572 vel
3068 1519 3537 1574 sanctimoniales
3604 1535 3820 1573 eorum

2107 1605 2594 1661 familiaritatibus
2624 1608 3022 1677 subjiciantur.

2107 1712 2235 1766 Car.
2275 1711 2404 1765 LVI.
2441 1743 2504 1752 —
2540 1715 2603 1767 Ut
2636 1716 3008 1781 unusquisque
3050 1715 3330 1781 episcOpus
3381 1715 3597 1768 clericos
3625 1716 3682 1767 in
3714 1729 3820 1767 suo

2177 1785 2443 1918 erpiscopio
2529 1789 2806 1850 vagantes,
2875 1784 2950 1836 ad
3013 1799 3170 1837 suum
3228 1787 3535 1852 episcopum
3628 1785 3822 1838 redire

2208 1856 2375 1906 aciut.

2208 1856 2375 1906 'aciut.

2178 1944 2288 2009 (Ea:
2333 1943 2552 1995 concilio
2606 1945 2872 2010 Mogunt.,
2929 1945 3106 2011 capite
3154 1942 3259 2012 l9.)
3305 1945 3374 1997 Ut
3411 1944 3821 2015 unusquisque

2106 2030 2407 2100 episcopus
2439 2030 2495 2083 in
2519 2047 2620 2084 sua
2651 2031 2927 2100 parochia
2980 2031 3288 2101 diligenter
3328 2033 3687 2102 presbyteros
3727 2035 3818 2087 vel

2107 2119 2344 2171 clericos
2375 2119 2648 2188 inquirat,
2683 2119 2831 2172 unde
2864 2118 2979 2172 sint
3011 2134 3024 2172 :
3061 2124 3117 2171 et
3145 2118 3192 2171 si
3220 2119 3469 2189 aliquem
3506 2121 3819 2190 fugitivum

2111 2207 2416 2273 invenerit,
2449 2208 2517 2261 ad
2551 2225 2718 2260 suum
2753 2207 3086 2277 episcopum
3117 2207 3304 2260 redire
3335 2208 3522 2263 faciat.

2473 2315 2599 2367 CAP.
2637 2314 2790 2367 LVII.
2835 2342 2903 2354 —
2933 2317 3005 2367 De
3033 2315 3242 2368 clericis
3269 2317 3444 2380 vagis.

2179 2402 2290 2470 (Ea:
2328 2402 2505 2456 eodem
2550 2404 2725 2470 capite
2773 2402 2883 2470 I8.)
2939 2403 3016 2456 De
3070 2402 3288 2455 clericis
3339 2401 3519 2472 vagis,
3572 2419 3669 2456 seu
3713 2403 3817 2458 de-

2109 2489 2417 2560 acephalis,
2449 2489 2502 2542 id
2533 2495 2633 2557 est,
2670 2490 2737 2543 de
2771 2490 2859 2543 his
2902 2490 3002 2561 qui
3047 2495 3181 2543 sunt
3219 2494 3342 2544 sine
3382 2491 3586 2561 capite,
3626 2507 3822 2562 neque

2108 2575 2168 2630 in
2209 2578 2436 2631 servitio
2479 2577 2705 2632 Domini
2745 2579 2942 2643 nostri,
2989 2595 3175 2649 neque
3223 2579 3328 2632 sub
3382 2579 3671 2649 episcopo,
3711 2596 3821 2632 ne-

2111 2681 2221 2734 que
2254 2666 2357 2718 sub
2387 2666 2612 2734 abbate,
2644 2666 2743 2720 sed
2789 2666 2912 2719 sine
2952 2667 3231 2720 canonica
3269 2668 3356 2720 vel
3409 2667 3662 2737 regulari
3695 2668 3823 2720 vita

2111 2755 2402 2824 degentes,
2435 2761 2497 2808 ut
2527 2755 2581 2807 in
2627 2755 2768 2808 libro
2790 2755 3108 2808 ciliciorum
3147 2757 3419 2823 secundo,
3456 2773 3579 2827 cap.
3614 2757 3817 2822 tertio,

2110 2843 2180 2897 de
2232 2843 2322 2896 liis
2369 2842 2624 2896 dicitur:
2669 2843 2781 2897 Hos
2846 2859 3032 2914 neque
3094 2844 3242 2897 inter
3294 2844 3490 2908 laicos,
3549 2850 3606 2898 et
3656 2844 3820 2898 inter

2111 2933 2475 2985 saecularium
2515 2931 2840 2985 ofliciorum
2887 2931 3100 2998 studia,
3146 2948 3331 3002 neque
3377 2933 3528 2986 inter
3577 2933 3820 2986 clericos

2115 3020 2316 3090 religio
2359 3025 2544 3073 tentat
2576 3019 2788 3085 divina,
2841 3021 2936 3073 sed
2973 3021 3182 3073 solutos
3238 3026 3410 3091 atque
3460 3021 3818 3086 oberrantes,

2043 3117 2082 3170 C
2113 3109 2235 3162 sola
2275 3109 2456 3179 turpis
2495 3107 2611 3162 vita
2657 3108 3054 3178 complectitur
3091 3115 3149 3162 et
3186 3125 3371 3178 vaga:
3421 3109 3635 3180 quique
3676 3112 3823 3164 dum

2113 3197 2334 3250 nullum
2367 3201 2648 3261 metuunt,
2683 3197 2978 3268 explendae
3023 3197 3330 3268 voluptatis
3365 3214 3483 3251 suae
3515 3198 3816 3252 licentiam

2111 3289 2419 3349 sectantur,
2462 3289 2518 3338 et
2563 3285 2724 3356 quasi
2771 3285 3043 3338 animalia
3085 3285 3255 3339 bruta
3300 3285 3562 3340 libertate
3611 3302 3676 3340 ac
3717 3287 3819 3341 dc-

2113 3372 2320 3426 siderio
2375 3374 2656 3438 feruntur,
2699 3373 2974 3427 habentes
3031 3374 3260 3442 signum
3323 3374 3641 3444 religionis,
3699 3391 3821 3428 non

2113 3459 2408 3529 religionis
2429 3460 2704 3524 officium,
2728 3460 3172 3531 hypocentauris
3195 3460 3431 3527 similes,
3468 3478 3656 3532 neque
3681 3462 3822 3532 equi

2114 3565 2218 3602 nec
2248 3549 2528 3603 homines.
2555 3549 2715 3603 Tales
2729 3548 3365 3620 omninopraecipimus,
3399 3556 3461 3602 ut
3489 3550 3821 3620 ubicunque

2112 3637 2329 3692 inventi
2379 3638 2612 3711 fuerint,
2658 3637 2913 3709 episcopi
2971 3637 3094 3691 sine
3158 3638 3275 3692 ulla
3334 3655 3495 3692 mora
3551 3653 3646 3692 eos
3707 3640 3816 3692 sub

2111 3726 2373 3780 custodia
2417 3726 2817 3798 constringant
2873 3727 3170 3793 canonica,
3221 3730 3279 3780 et
3323 3728 3652 3781 nullatenus
3721 3745 3820 3780 eos

2113 3813 2361 3884 amplius
2399 3813 2477 3868 ita
2507 3815 2863 3870 errabundus
2911 3820 2968 3869 et
3016 3831 3188 3885 vagos
3236 3815 3554 3869 secundum
3599 3815 3822 3868 deside-

2115 3903 2197 3956 ria
2251 3901 2608 3974 voluptatum
2655 3919 2890 3958 suarum
2931 3901 3121 3957 vivere
3169 3903 3522 3973 permittant.
3565 3902 3664 3957 Sin
3722 3919 3823 3956 au-

2114 3995 2230 4043 tem
2295 3990 2577 4061 episcopis
2652 3990 2769 4044 suis
2857 3989 3128 4044 canonice
3206 3989 3438 4044 obedire
3504 3989 3820 4057 noluerint,

2113 4080 2681 4134 excommunicentur
2727 4095 2909 4150 usque
2973 4078 3044 4132 ad
3087 4077 3370 4148 judicium
3421 4077 3675 4148 episcopi
3730 4095 3824 4133 re-

2115 4165 2303 4237 gionis
2353 4166 2530 4220 illius.
2581 4165 2682 4221 Sin
2733 4172 2926 4220 autem
2979 4181 3083 4219 nec
3122 4165 3205 4218 illi
3254 4181 3350 4219 eos
3389 4165 3677 4236 corrigere
3725 4183 3824 4220 va-

2113 4254 2350 4320 luerint,
2396 4253 2635 4307 omnino
2687 4254 2792 4308 sub
2833 4253 3078 4306 vinculis
3129 4252 3604 4322 constringantur
3637 4270 3826 4324 usque

2116 4342 2184 4397 ad
2235 4341 2538 4412 synodum,
2591 4345 2656 4395 ut
2701 4341 2781 4394 ibi
2835 4340 2917 4394 eis
2971 4339 3256 4394 indicetur
3294 4345 3489 4394 utrum
3547 4341 3619 4395 ad
3665 4341 3824 4413 judi-

2115 4430 2268 4484 cium
2334 4429 2612 4500 principis
2678 4432 2776 4482 aut
2840 4427 2910 4482 ad
2971 4427 3354 4482 nniversalem
3385 4428 3667 4498 synodum
3715 4428 3824 4483 de-

2116 4519 2397 4586 ferantur,
2430 4516 2536 4571 sub
2573 4517 2830 4571 custodia
2859 4516 3106 4588 publica.

2117 4623 2245 4676 (1w.
2280 4623 2461 4676 LVIII.
2497 4653 2564 4661 -—
2593 4625 2660 4677 Ut
2693 4625 2965 4677 monachae
2996 4625 3288 4677 monastice
3314 4625 3526 4691 vivant,
3582 4629 3631 4676 et
3661 4639 3823 4678 cano-

2365 4697 2482 4748 nice
2509 4694 2802 4748 secundum
2818 4696 3133 4749 canonicam
3155 4696 3325 4748 vitam
3355 4697 3568 4747 vivant.

2198 4782 2314 4848 (Eae
2351 4782 2531 4836 eodem
2570 4784 2793 4837 concilio
2823 4785 2911 4836 cui
2945 4784 3200 4847 interfuit
3233 4783 3466 4835 Carolus
3505 4784 3722 4850 imper.,
3767 4787 3819 4834 et

2120 4871 2420 4940 Ricolphus
2457 4871 2724 4940 archiep.,
2801 4873 2859 4924 in
2897 4872 3120 4926 claustr.
3177 4871 3231 4925 S.
3287 4871 3439 4936 .4lb.,
3486 4872 3664 4938 capite
3708 4873 3818 4936 l3.)

2117 4959 2442 5013 Abbatissas
2507 4964 2700 5013 autem
2767 4975 2898 5012 cum
2973 4958 3506 5013 sanctimonialibus
3581 4958 3821 5013 omnino

2117 5053 2268 5100 recte
2299 5052 2354 5100 et
2396 5047 2551 5117 juste
2581 5048 2768 5101 vivere
2810 5063 3128 5101 censemus.
3170 5049 3308 5111 Quae
3338 5063 3473 5100 vero
3516 5047 3820 5117 professio-

2119 5151 2250 5188 nem
2306 5135 2619 5189 secundum
2677 5135 2934 5204 regulam
2985 5135 3165 5188 sancti
3208 5134 3498 5189 Benedicti
3540 5135 3820 5198 fecerunt,

2118 5223 2460 5293 regulariter
2487 5223 2699 5276 vivant.
2733 5223 2831 5276 Sin
2857 5229 3074 5291 autem,
3122 5223 3397 5277 canonice
3445 5223 3640 5276 vivant
3695 5224 3820 5292 ple-

2119 5310 2288 5376 niter,
2337 5316 2392 5363 et
2430 5309 2536 5364 sub
2578 5310 2844 5380 diligenti
2902 5327 3039 5363 cura
3089 5311 3410 5364 custodiam
3470 5310 3736 5376 habeant,
3771 5318 3830 5364 et

2118 5398 2178 5452 in
2208 5398 2469 5452 claustris
2520 5399 2636 5451 suis
2677 5405 3072 5469 permaneant,
3125 5415 3228 5453 nec
3273 5398 3425 5452 foras
3472 5398 3687 5452 exitum
3732 5399 3830 5452 ba-

2119 5487 2310 5540 beant.
2347 5487 2456 5540 Sed
2490 5493 2545 5540 et
2577 5488 2714 5556 ipsa).
2745 5487 3046 5541 abbatissae
3093 5488 3150 5540 in
3201 5487 3560 5540 monasteriis
3594 5487 3828 5540 sedeant

2121 5591 2224 5628 nec
2267 5577 2420 5629 foras
2461 5576 2692 5643 vadunt,
2740 5576 2861 5630 sine
2910 5577 3140 5630 licentia
3183 5581 3240 5630 et
3287 5575 3526 5630 consilio
3571 5576 3826 5647 episcopi

2121 5679 2228 5714 SlIl.
