3966 6406
183 426 295 479 805

1175 419 1650 478 DECRETORUSI
1695 420 1877 476 LIBRI
1917 419 2023 476 XX.
2061 449 2130 460 -—
2171 419 2378 478 LIBER
2418 421 2746 478 OCTAVUS.

3622 432 3724 486 806

182 546 322 601 Car.
368 544 510 600 LIX.
570 576 640 585 —
692 545 760 600 Ut
789 546 1230 620 sanctimoniales
1271 545 1563 600 abbatissa
1616 561 1726 599 suae
1781 546 1894 599 sint
1931 545 1977 598 Α
2010 542 2291 598 hensibile
2336 543 2641 608 invenerit,
2693 546 2982 616 corrigere
3035 553 3272 620 satagat.
3306 549 3722 607 Sanctimonia-

891 616 1214 669 obedientes.

258 708 376 774 (Ea:
406 705 611 772 eodem,
660 707 837 774 capite
889 703 998 775 14.)
1047 703 1541 770 Sanctimoniales,
1592 703 1714 757 nisi
1761 703 1908 757 forte

185 793 483 848 abbatissa
541 809 645 847 sua
697 809 803 864 pro
879 794 1075 863 aliqua
1135 793 1472 846 necessitate
1536 792 1908 846 incumbente

184 883 488 942 mittente,
541 897 912 953 nequaquam
969 882 1038 935 de
1097 881 1447 934 monasterio
1511 882 1904 951 egrediantur.

186 969 287 1023 Hae
342 986 482 1024 vero
512 987 644 1041 qua:
697 970 945 1024 famulos
977 974 1074 1023 aut
1103 970 1351 1023 famulas
1401 986 1517 1023 non
1551 969 1787 1037 habent,
1835 969 1905 1023 ad

184 1059 511 1112 exercenda
571 1059 804 1127 negotia
860 1059 929 1113 ad
989 1059 1239 1113 mediam
1291 1058 1628 1136 monasterii
1676 1064 1906 1128 portam

183 1147 560 1217 perveniant,
617 1151 674 1200 et
724 1146 806 1200 ibi
859 1161 1058 1202 coram
1106 1145 1347 1200 testibus
1392 1147 1689 1217 negotium
1736 1163 1904 1200 suum

184 1237 514 1284 exerceant.

182 1321 314 1374 Car.
354 1319 471 1374 LX.
527 1348 600 1360 —
654 1320 736 1372 De
782 1322 1004 1384 feminis
1071 1335 1190 1388 qua:
1235 1324 1465 1388 propter
1519 1321 1904 1373 continentiam

619 1391 934 1444 muliebrem
964 1395 1179 1444 mutant
1206 1391 1473 1443 habitum.

255 1481 370 1547 (Ea:
422 1481 646 1534 concilio
702 1480 973 1546 Grangen.
1027 1481 1204 1547 capite
1254 1478 1364 1546 13.)
1418 1478 1477 1532 Si
1525 1493 1638 1549 qua
1693 1478 1904 1532 mulier

180 1573 435 1638 prOpter
483 1567 898 1620 continentiam
933 1583 1061 1637 qua:
1110 1569 1365 1638 putatur,
1398 1567 1659 1620 habitum
1696 1573 1899 1637 mutat,

181 1661 238 1708 et
293 1672 407 1726 pro
462 1655 628 1710 solito
669 1655 942 1709 muliebri
995 1655 1207 1709 amictu
1255 1655 1480 1709 virilem
1513 1656 1706 1722 sumit,
1763 1673 1899 1710 ana-

183 1745 392 1797 thema.
426 1744 518 1797 sit.

181 1835 322 1889 CAP.
357 1833 499 1888 XLI.
566 1862 638 1874 —
674 1834 753 1886 De
807 1834 902 1886 illo
976 1834 1072 1901 qui
1123 1835 1500 1898 virginitatem
1562 1834 1897 1901 custodierit,
1943 1826 1982 1879 Β

625 1905 849 1972 nuptias
880 1911 1060 1957 autem
1093 1908 1474 1958 exsecrarerit.

259 1994 376 2061 (Ea:
403 1992 605 2060 eodem,
641 1995 820 2061 capite
841 1991 917 2061 9.)
948 1992 1287 2062 Quicunque
1312 1992 1698 2062 virginitatem
1723 1999 1904 2046 custo-

187 2081 386 2148 diens,
451 2087 551 2134 aut
609 2081 977 2134 continentiae
1045 2081 1300 2148 studens,
1364 2082 1518 2134 velut
1572 2083 1905 2135 horrescens

186 2171 433 2240 nuptias
484 2175 749 2234 temerat,
801 2185 906 2223 nec
955 2174 1192 2240 propter
1238 2170 1347 2222 hoc
1395 2169 1548 2238 quod
1600 2169 1815 2223 bonum
1849 2177 1906 2224 et

185 2264 462 2313 sanctum
513 2264 598 2311 est
652 2274 865 2312 nomen
895 2258 1244 2328 virginitatis
1291 2257 1550 2325 assumit,
1602 2257 1905 2312 anathema

187 2346 281 2400 sit.

186 2437 320 2492 CAP.
355 2436 533 2490 XLII.
577 2465 642 2474 —
676 2437 748 2489 De
775 2435 995 2500 feminis
1027 2450 1145 2502 qua:
1174 2439 1394 2502 propter
1439 2435 1752 2502 religionem
1794 2438 1904 2488 cri-

816 2521 908 2559 nes
942 2505 1288 2558 totonderint.

260 2600 380 2663 (Ea:
412 2595 614 2660 eodem,
645 2597 822 2663 capite
871 2596 973 2660 I7.)
1007 2593 1063 2646 Si
1095 2609 1208 2662 qua
1250 2592 1459 2646 mulier
1488 2598 1724 2662 propter
1753 2594 1900 2647 divi-

184 2702 326 2739 num
387 2684 632 2750 cultum,
687 2687 750 2736 ut
798 2681 1066 2746 aestimat,
1101 2683 1286 2735 crines
1337 2682 1606 2746 attondit,
1662 2699 1806 2753 quos
1851 2683 1902 2736 ei

185 2774 335 2826 Deus
399 2773 472 2825 ad
531 2769 903 2840 subjectionis
958 2771 1300 2823 memoriam
1353 2770 1569 2836 tribuit,
1627 2776 1904 2842 tanquam

180 2867 548 2931 praeceptum
583 2859 898 2913 dissolvens
929 2858 1293 2923 obedientize,
1327 2859 1635 2912 anathema
1666 2859 1758 2912 sit.

182 2970 312 3022 Car.
338 2967 535 3021 XLIII.
572 2997 639 3004 —
673 2969 747 3019 De
773 2968 886 3020 illis
919 2967 1264 3090 qutiprtopter
1292 2969 1678 3020 continentiam
1711 2968 1902 3036 palliis

887 3053 974 3089 τρε
1006 3053 1098 3089 zun
1131 3053 1211 3089 ur.

887 3053 1211 3089 tesnuntar.

2022 631 2164 686 lium
2209 634 2405 700 etiam,
2462 634 2798 704 pudicitiam
2849 636 3138 691 subtiliter
3185 639 3508 711 investiget.
3563 643 3629 696 Et
3680 643 3726 696 si

2021 721 2214 792 aliqua
2249 722 2543 775 invenitur
2589 738 2738 792 quae,
2776 724 3037 794 neglecto
3079 727 3378 796 proposito
3427 731 3724 798 castitatis,

2020 808 2228 863 clerico
2255 814 2355 863 aut
2386 810 2532 863 laico
2565 810 2937 880 impudenter
2969 813 3292 883 misceatur,
3329 821 3383 870 et
3411 816 3471 870 in
3501 818 3725 887 privata

2020 896 2280 950 custodia
2325 897 2676 962 retrudatur,
2710 898 2806 951 ubi
2839 901 2992 969 quod
3045 903 3198 956 male
3229 903 3520 958 commisit
3553 905 3726 975 digne

2019 985 2312 1053 paeniteat.
2355 986 2659 1040 Interdicat
2700 987 2874 1040 etiam
2907 1005 2975 1042 ex
3006 992 3348 1046 auctoritate
3394 1001 3721 1048 sanctorum

2017 1089 2328 1141 canonum,
2387 1079 2451 1128 ut
2501 1075 2695 1128 nullus
2743 1077 2919 1130 laicus
2974 1084 3074 1132 aut
3121 1080 3359 1134 clericus
3405 1081 3464 1135 in
3519 1099 3719 1137 earum

2016 1162 2276 1216 claustris
2341 1169 2399 1217 et
2463 1165 2693 1217 secretis
2751 1163 3204 1221 habitationibus
3266 1185 3553 1224 accessum
3616 1171 3717 1224 ha-

2015 1251 2167 1314 beat,
2198 1268 2386 1322 neque
2425 1253 2764 1323 presbyteri,
2801 1254 2909 1308 nisi
2959 1261 3178 1311 tantum
3213 1259 3282 1312 ad
3333 1260 3587 1327 missam,
3621 1278 3721 1314 ex-

2014 1339 2170 1409 pleta
2199 1341 2372 1394 missa
2399 1342 2469 1395 ad
2499 1342 2765 1396 ecclesias
2795 1359 2926 1396 suas
2957 1345 3211 1402 redeant.
3248 1347 3529 1402 Omnibus
3567 1365 3722 1419 pree-

2015 1433 2172 1483 terea
2197 1429 2424 1499 publice
2455 1435 2510 1483 et
2540 1431 2808 1500 privatim
2854 1432 3179 1500 denuntiet,
3212 1442 3492 1506 quantum
3523 1437 3722 1507 piacu-

2012 1517 2134 1571 lum
2187 1518 2277 1584 sit,
2332 1517 2432 1589 qui
2463 1534 2730 1590 sponsam
2780 1520 2988 1575 Christi
3034 1522 3238 1577 vitiare
3285 1526 3609 1594 prmstimit.
3662 1526 3722 1579 Si

2014 1607 2169 1660 enim
2199 1606 2298 1661 ille
2349 1622 2481 1660 reus
2527 1613 2758 1662 tenetur
2798 1609 2898 1679 qui
2928 1626 3194 1680 sponsam
3235 1612 3491 1667 hominis
3523 1615 3717 1680 violat,

2012 1698 2228 1762 quanto
2273 1694 2454 1764 magis
2499 1711 2631 1749 reus
2665 1697 2976 1766 majestatis
3025 1699 3274 1753 efticitur
3305 1701 3405 1772 qui
3447 1719 3717 1772 sponsam

2011 1782 2423 1853 omnipotentis
2456 1785 2554 1838 Dei
2584 1786 2951 1856 corrumpit?

2015 1889 2142 1944 CAP.
2179 1891 2374 1944 LXVII.
2437 1921 2505 1930 —-
2570 1894 2635 1946 Ut
2682 1892 2902 1968 abbates
2947 1895 3004 1946 in
3047 1900 3312 1963 potestate
3350 1899 3715 1968 episcoporum

2703 1967 3021 2018 consistant.

2081 2047 2198 2117 (Ea:
2226 2051 2450 2103 concilio
2499 2052 2822 2116 Aureliam,
2869 2055 3046 2120 capite
3071 2052 3152 2121 4.)
3197 2054 3443 2108 Abbates
3477 2073 3578 2127 pro
3608 2057 3716 2111 hu-

2016 2137 2258 2190 militate
2316 2137 2618 2207 religionis
2666 2138 2726 2192 in
2784 2139 3182 2210 episcoporum
3245 2149 3526 2211 potestate
3577 2162 3715 2199 con-

2012 2226 2234 2293 sistant,
2271 2232 2324 2278 et
2356 2227 2405 2279 si
2437 2226 2576 2296 quid
2609 2232 2764 2280 extra
2807 2229 3068 2298 regulam
3097 2230 3356 2297 fecerint,
3397 2233 3468 2286 ab
3499 2234 3715 2304 episco-

2013 2314 2102 2383 pis
2133 2313 2513 2384 corrigantur.
2549 2315 2674 2368 Non
2707 2317 2904 2380 semel,
2938 2316 3034 2370 sed
3068 2317 3278 2387 saepius
3308 2319 3366 2371 in
3399 2337 3574 2386 anno,
3603 2322 3718 2391 epi-

2012 2402 2167 2471 scopi
2211 2402 2443 2457 visiteut
2489 2404 2840 2457 monasteria
2889 2406 3322 2473 monachorum,
3377 2413 3434 2461 et
3481 2411 3528 2462 si
3579 2411 3717 2480 quid

2011 2490 2419 2560 corrigendum
2471 2491 2663 2557 fuerit,
2716 2493 3024 2562 corrigant.
3070 2495 3329 2548 Monaclii
3381 2503 3573 2551 autem
3620 2501 3718 2551 ab-

2011 2578 2239 2632 batibus
2285 2579 2445 2632 omni
2500 2580 2829 2634 obedientia
2887 2587 2944 2635 et
3003 2583 3306 2637 devotione
3367 2586 3714 2653 subjaceant.

2011 2667 2171 2732 Quod
2203 2668 2248 2720 si
2297 2668 2427 2737 quis
2457 2685 2561 2738 per
2609 2670 3026 2724 contumaciam
3086 2673 3366 2726 exstiterit
3397 2675 3714 2742 indevotus,

2012 2773 2076 2808 ac
2106 2771 2209 2826 per
2252 2756 2373 2809 loca
2403 2756 2597 2826 aliqua
2645 2758 2858 2827 vagari,
2894 2765 2994 2812 aut
3034 2761 3322 2828 peculiare
3354 2763 3589 2831 aliquod
3614 2763 3715 2816 ha-

2013 2844 2147 2897 bere
2201 2845 2652 2914 praesumpserit,
2700 2846 2894 2898 omnia
2942 2863 3072 2916 qua:
3128 2849 3463 2918 acquisierit
3509 2852 3580 2903 ab
3625 2851 3718 2904 ab-

2009 2932 2238 2986 batibus
2289 2933 2621 2986 auferantur
2671 2934 2988 2987 secundum
3048 2937 3311 3004 regulam
3365 2939 3716 2992 monasterio

2011 3023 2329 3091 profutura.
2408 3021 2518 3092 Ipsi
2570 3027 2761 3076 autem
2812 3023 2912 3092 qui
2966 3022 3182 3077 fuerint
3235 3027 3557 3095 pervagati,
3617 3029 3714 3080 ubi

253 3128 381 3194 (Ea:
412 3126 604 3180 concil.
659 3125 946 3192 Cabillon.,
999 3127 1177 3194 capite
1210 3125 1322 3192 1'2.)
1363 3125 1421 3179 Si
1466 3125 1596 3195 quis
1642 3125 1895 3180 virorum
1939 3113 1978 3166 (ἶ
2009 3110 2226 3164 inventi
2271 3110 2504 3179 fuerim:
2535 3125 2666 3164 Cum
2698 3110 2914 3164 animo
2954 3111 3210 3182 episcopi
3239 3119 3515 3183 ιεηίιυδιη
3549 3115 3712 3185 fu83‘

180 3223 423 3286 propter
475 3213 918 3281 continentiam,
977 3231 1106 3283 quas
1154 3218 1409 3283 putatur,
1463 3215 1676 3268 amictu
1737 3216 1897 3284 pallii

181 3306 390 3372 utitur,
445 3302 612 3374 quasi
641 3319 745 3374 per
775 3303 881 3356 hoc
911 3302 1120 3356 habere
1149 3317 1207 3354 se
1233 3302 1516 3370 justitiam
1553 3303 1812 3371 credens,
1843 3310 1899 3357 et

180 3393 434 3464 despicit
512 3409 612 3446 eos
677 3391 777 3462 qui
843 3407 975 3445 cum
1036 3391 1356 3444 reverentia
1415 3391 1598 3461 byrris
1653 3396 1708 3444 et
1773 3393 1898 3445 aliis

180 3482 596 3537 communibus
646 3485 702 3534 et
748 3479 931 3534 solitis
980 3480 1232 3534 vestibus
1283 3485 1542 3548 utuntur,
1589 3481 1899 3535 anathema

184 3571 276 3626 sit.

180 3679 307 3731 Car.
349 3677 533 3732 LXIV.
563 3705 633 3716 —
658 3677 738 3729 De
762 3677 874 3729 illis
893 3678 989 3744 qui
1019 3677 1394 3742 uirginitatem
1426 3675 1730 3742 observant,
1750 3681 1800 3728 et
1821 3677 1897 3730 sic

869 3747 1224 3799 attolluntur.

249 3839 358 3902 (Ea:
387 3836 595 3905 eodem,
629 3838 809 3904 capite
841 3833 948 3905 l0._‘
993 3834 1049 3888 Si
1081 3835 1210 3904 quis
1250 3850 1317 3887 ex
1350 3833 1442 3887 his
1467 3834 1566 3905 qui
1597 3833 1896 3904 virginita-

179 3929 292 3976 tem
380 3929 622 3994 propter
691 3923 871 3975 Deum
955 3925 1184 3975 servant
1243 3922 1538 3975 extollitur
1594 3923 1895 3976 adversum

178 4012 544 4082 conjugatos,
581 4012 889 4064 anathema
922 4009 1010 4062 sit.

178 4099 304 4152 Car.
380 4099 533 4153 LXV.
582 4127 656 4139 —
702 4098 857 4163 Quod
894 4113 1001 4151 non
1025 4099 1099 4151 sit
1135 4097 1560 4167 permittendum
1605 4099 1894 4153 monachos

309 4177 360 4223 et
392 4172 687 4223 monachus
716 4172 774 4222 in
805 4184 908 4222 uno
940 4171 1265 4222 monasterio
1296 4170 1460 4222 simul
1489 4169 1757 4223 habitare.

248 4259 366 4326 (Ea:
397 4275 514 4324 reg.
551 4259 716 4322 Greg.
769 4257 975 4327 papae.)
1017 4258 1078 4309 In
1111 4257 1270 4310 nullo
1319 4257 1443 4311 loco
1491 4257 1806 4311 monachos
1838 4263 1895 4312 et

179 4349 496 4400 monachas
543 4346 938 4415 permittimus
969 4361 1150 4399 unum
1201 4345 1614 4399 monasterium
1655 4346 1886 4414 habere,
1933 4392 1974 4444 υ

179 4435 274 4488 sed
308 4450 416 4489 nec
462 4450 529 4487 ea
563 4450 694 4505 qua:
743 4433 999 4504 duplicia
1046 4439 1268 4499 vocant,
1302 4439 1360 4487 et
1391 4433 1440 4487 si
1470 4435 1607 4504 quid
1641 4435 1751 4488 tale
1785 4441 1885 4490 est.

180 4521 508 4594 Religiosus
557 4522 859 4592 episcopus
909 4523 1180 4576 mulieres
1231 4521 1468 4593 quidem
1513 4523 1574 4576 in
1613 4540 1715 4576 suo
1764 4523 1888 4577 loco

179 4614 404 4664 studeat
436 4626 694 4675 manere,
729 4610 1040 4663 monachos
1061 4615 1253 4663 autem
1286 4611 1441 4664 aliud
1476 4611 1888 4665 monasterium

180 4698 466 4751 tediticare
513 4703 697 4768 cogat.
747 4697 848 4752 Sin
898 4702 1090 4750 autem
1141 4697 1392 4767 plurima
1442 4698 1557 4751 sint
1585 4698 1719 4752 talia
1767 4715 1888 4752 mo-

179 4786 447 4853 nasteria,
497 4792 841 4857 separentur
883 4785 943 4839 in
983 4787 1109 4839 aliis
1152 4786 1517 4840 monasteriis
1569 4788 1887 4853 monachae,

181 4875 318 4928 etin
365 4875 496 4929 aliis
543 4874 853 4929 monachi.-
890 4876 999 4929 Res
1031 4880 1226 4929 autem
1278 4891 1420 4945 quas
1473 4875 1687 4928 habent
1730 4892 1886 4929 com-

179 4977 398 5032 manes,
451 4965 771 5018 secundum
797 4965 932 5034 jura
975 4963 1057 5017 eis
1095 4963 1485 5034 competentia
1533 4964 1888 5017 distribuan-

178 5057 286 5104 tur.

180 5157 300 5212 CAP.
365 5159 544 5213 LXVI.
591 5188 653 5198 —
712 5160 780 5213 Ut
829 5161 1112 5226 episcopus
1142 5161 1474 5212 monasteria
1506 5159 1886 5213 monachorum

447 5237 497 5283 et
531 5231 1034 5284 sanctimonialium
1064 5231 1378 5298 frequenter
1408 5233 1610 5284 visitet.

247 5318 358 5382 (Em
388 5319 568 5372 concil
620 5319 964 5384 Rothomag.,
1015 5320 1192 5386 capite
1218 5319 1296 5384 3.)
1330 5319 1397 5371 Ut
1425 5318 1726 5388 episcopus
1759 5333 1884 5371 mo-

181 5406 420 5458 nasteria
455 5407 877 5460 monachorum
908 5412 967 5458 et
998 5406 1524 5460 sanctimonialium
1553 5407 1886 5477 frequenter

181 5491 439 5558 introeat,
479 5499 539 5548 et
567 5510 696 5546 cum
732 5493 1002 5564 gravibus
1034 5499 1090 5548 et
1121 5494 1404 5563 religiosis
1433 5494 1715 5565 personis,
1750 5493 1883 5547 etin

180 5596 391 5647 eorum,
425 5583 510 5635 vel
548 5582 605 5635 in
637 5598 832 5635 earum
858 5592 1144 5636 conventu
1173 5582 1448 5647 residens,
1481 5599 1683 5637 eorum
1707 5581 1880 5635 vitam

181 5675 228 5720 et
249 5680 537 5723 cuum-r-at
553 5672 739 5722 iuueni
755 5671 1066 5738 diligenter
1079 5669 1366 5734 discutiat,
1383 5677 1458 5734 et,
1481 5673 1522 5723 si
1538 5671 1676 5741 quid
1697 5686 1881 5740 repre-

2009 3216 2099 3252 ces
2131 3199 2235 3253 sub
2260 3200 2518 3253 custodia
2551 3205 2891 3253 revocentur
2920 3204 2976 3254 et
3006 3201 3497 3272 constringantur.

2045 3290 2174 3342 CAP.
2212 3288 2624 3342 LXVIII.—De
2651 3290 2926 3343 monachis
2957 3291 3055 3357 qui
3081 3291 3222 3358 ﬁlios
3250 3294 3675 3359 procreaverint.

2083 3379 2194 3444 (Ea:
2236 3377 2401 3430 dictis
2449 3377 2504 3432 S.
2567 3377 2792 3446 Isidor.)
2843 3377 3100 3431 Monachi
3150 3379 3303 3432 tilios
3344 3387 3714 3450 procreantes

2008 3463 2066 3516 in
2099 3481 2323 3518 carcere
2355 3465 2745 3532 recludantur,
2796 3471 3020 3520 tantum
3069 3467 3292 3520 facinus
3323 3469 3599 3522 continua
3640 3470 3716 3523 la-

2007 3554 2359 3607 mentatione
2391 3553 2689 3618 detlentes,
2741 3558 2802 3607 ut
2827 3554 2909 3607 eis
2938 3556 3023 3608 vel
3058 3555 3130 3608 ad
3169 3562 3416 3610 mortem
3450 3558 3572 3611 sola
3604 3559 3712 3611 mi-

2007 3640 2315 3694 sericordia
2340 3641 2401 3694 in
2428 3640 2851 3694 communionis
2880 3641 3066 3711 gratia
3089 3644 3273 3712 possit
3306 3644 3617 3715 indulgeri.

2008 3748 2137 3801 CAP.
2173 3747 2343 3800 LXIX.
2370 3776 2441 3786 —-
2475 3748 2544 3800 De
2573 3747 3084 3800 sanctimonialibus
3108 3763 3226 3815 qua:
3247 3750 3354 3802 vim
3369 3749 3712 3806 barbaricam

2680 3820 3040 3886 pertulerunt.

2078 3905 2211 3974 (Εω-
2243 3904 2389 3960 decr.
2445 3907 2635 3960 Leonis
2660 3921 2842 3974 papae,
2892 3909 3070 3976 capite
3110 3905 3229 3977 49.)
3267 3908 3346 3962 De
3376 3908 3464 3962 his
3513 3915 3708 3965 autem

2005 4010 2154 4064 quae,
2188 3992 2247 4047 in
2298 4009 2460 4047 sacro
2491 3993 2840 4065 virginitatis
2873 3994 3170 4066 proposito
3202 3996 3548 4063 constitutae,
3579 3998 3710 4052 bar-

2004 4082 2256 4136 baricam
2300 4083 2590 4153 pertulere
2619 4083 2970 4151 violentiam,
3009 4089 3066 4138 et
3096 4083 3484 4155 integritatem
3517 4088 3712 4157 pudo-

2005 4171 2084 4224 ris
2113 4187 2232 4225 non
2262 4171 2323 4224 in
2353 4171 2550 4225 animo
2599 4172 2698 4226 sed
2727 4188 2964 4241 corpore
2999 4172 3396 4242 perdiderunt,
3447 4191 3516 4228 ea
3547 4175 3711 4230 nobis

2004 4255 2230 4309 videtur
2273 4255 2552 4310 servanda
2598 4255 2938 4323 moderatio,
2988 4262 3054 4310 ut
3085 4273 3275 4327 neque
3315 4257 3375 4311 in
3407 4258 3709 4313 viduarum

2006 4343 2351 4414 dejiciantur
2398 4344 2663 4414 gradum,
2697 4361 2883 4416 neque
2915 4345 2975 4398 in
3020 4360 3308 4399 sacrarum
3365 4351 3422 4401 et
3451 4363 3712 4417 perseve-

2005 4426 2256 4486 rantium
2315 4431 2605 4503 virginum
2661 4448 2905 4486 numero
2965 4439 3324 4486 censeantur.
3385 4435 3603 4497 Quibus
3662 4438 3710 4490 si

2003 4521 2063 4574 in
2095 4521 2364 4576 omnibus
2393 4521 2768 4591 virginalibus
2797 4521 3295 4575 observationibus
3320 4531 3709 4594 perseverant,

2004 4616 2062 4664 et
2123 4609 2476 4663 castimoniae
2531 4609 2877 4663 soliditatem
2947 4614 3140 4662 mente
3198 4609 3550 4678 custodiunt,
3613 4631 3709 4666 sa-

2001 4701 2428 4751 cramentorum
2487 4712 2606 4750 non
2666 4701 2753 4749 est
2806 4696 3070 4765 neganda
3123 4697 3455 4752 communio
3507 4715 3519 4753 :
3573 4702 3710 4772 quia

2003 4786 2279 4857 injustam
2311 4790 2395 4838 est
2441 4784 2568 4838 illas
2599 4784 2656 4837 in
2703 4800 2771 4838 eo
2805 4785 2891 4837 vel
2939 4785 3126 4855 argui,
3169 4787 3256 4839 vel
3307 4787 3515 4855 notari,
3551 4790 3705 4860 quod

2001 4892 2117 4929 non
2148 4875 2409 4927 voluntas
2439 4871 2693 4937 admisit,
2725 4872 2822 4926 sed
2857 4871 2938 4925 vis
2970 4873 3194 4927 hostilis
3221 4874 3454 4944 eripuit.

1999 4980 2136 5033 CAP.
2176 4980 2316 5033 LXX.
2351 5010 2420 5018 —
2470 4983 2548 5035 De
2577 4979 2816 5052 quadam
2859 4980 3142 5033 abbatissa
3173 4998 3292 5050 qua:
3322 4999 3377 5036 se
3405 4986 3707 5052 proclama-

2060 5056 2218 5103 verat
2244 5066 2407 5119 super
2436 5051 2700 5104 militibus
2734 5055 2790 5103 in
2821 5054 3057 5105 claustro
3088 5069 3184 5106 suo
3217 5051 3638 5121 libSpitantibus.

2069 5140 2188 5208 (Ea:
2208 5141 2372 5206 regis.
2404 5141 2568 5205 Greg.
2594 5139 2668 5192 ad
2690 5139 3052 5194 Fortunatam
3078 5144 3384 5210 episcOpum
3409 5145 3700 5212 Neapolit.,

1997 5229 2176 5295 capite
2199 5230 2216 5281 I
2236 5229 2347 5297 I2.)
2368 5226 2685 5280 Insinuavit
2701 5227 2868 5280 nobis
2891 5229 3054 5282 latrix
3074 5233 3442 5298 praesentium
3463 5233 3704 5300 Agnella

1999 5315 2304 5382 abbatissa,
2363 5315 2518 5386 quod
2573 5315 2724 5370 intra.
2777 5316 3193 5370 monasterium
3251 5317 3432 5385 ipsius
3489 5319 3702 5373 milites

1997 5403 2380 5474 hospitentur.
2433 5405 2499 5458 Et
2529 5405 2768 5458 omnino
2799 5406 2868 5458 de
2900 5404 3272 5458 fraternitatis
3302 5411 3504 5459 vestrae
3550 5409 3702 5461 solli-

1996 5493 2246 5546 citudine
2303 5491 2496 5546 mirati
2547 5507 2768 5560 sumus,
2823 5508 2925 5544 cur
2975 5491 3084 5544 hoc
3133 5493 3423 5562 patienter
3481 5495 3698 5560 tulerit,

1997 5585 2053 5634 et
2084 5597 2197 5634 non
2248 5580 2387 5634 illud
2420 5596 2550 5634 cum
2599 5579 2758 5634 omni
2792 5578 3083 5632 celeritate
3133 5579 3330 5634 fecerit
3379 5586 3696 5640 emendari.

2003 5670 2158 5721 [lude
2207 5670 2532 5732 hortamur,
2591 5675 2656 5722 ut
2696 5669 2781 5722 vel
2835 5683 2988 5720 nunc
3041 5669 3216 5720 studii
3273 5670 3443 5722 vestri
3492 5671 3566 5724 sit
3611 5673 3700 5725 in-
