3966 6390
339 371 440 423 807

1419 365 1828 421 BURCHARDI
1865 365 2404 424 WORMACIENSIS
2442 366 2780 423 EPISCOPI.

3757 369 3897 420 808

341 496 562 546 stanter
617 489 698 544 eis
771 505 1021 560 quorum
1077 488 1313 543 interest
1369 489 1692 557 imminere,
1751 495 2036 561 quatenus
2075 491 2124 547 A
2156 492 2286 548 CAP.
2325 492 2534 546 LXXIX.
2567 520 2636 532 —
2664 491 2926 544 Janilria:
2947 491 3182 545 claustri
3206 505 3310 543 non
3353 491 3610 558 eligatur,
3643 493 3766 544 nisi
3800 497 3899 545 te-

341 582 463 634 sine
511 579 708 649 aliqua
755 579 963 633 exinde
1010 579 1369 632 excusatione
1415 579 1707 645 tollantur,
1758 585 1814 632 et
1851 581 2044 633 nullus

342 669 461 724 illic
511 668 752 722 ulterius
804 673 1058 721 meatum
1111 668 1370 737 accipiat,
1424 684 1529 722 nec
1576 669 1814 722 callidus
1866 669 2046 723 hostis

344 757 699 811 occasionem
757 755 1074 821 inveniens,
1134 756 1204 810 de
1263 757 1598 826 deceptione
1645 757 1898 827 religiosi
1950 757 2047 811 ha-

342 846 516 911 bitus,
551 843 702 914 quod
732 842 907 896 absit!
942 843 1128 897 valeat
1156 845 1460 898 exsultare.

341 952 472 1007 CAP.
519 951 689 1006 LXXI.
722 982 792 992 —
824 949 980 1016 Quod
1009 965 1094 1004 res
1121 951 1494 1005 ecclesiasticae
1526 952 1600 1006 ad
1649 953 1814 1006 Iaicos
1858 951 2042 1021 dispo-

859 1021 1047 1074 nendae
1069 1037 1174 1074 non
1200 1025 1512 1090 respiciant.

413 1112 524 1180 (Ea:
554 1113 777 1167 concilio
802 1111 954 1180 apud
981 1111 1395 1180 Compendium.
1427 1115 1606 1180 capite
1642 1113 1740 1179 10.)
1772 1111 2045 1182 Synodali

340 1200 568 1254 decreto
615 1200 898 1253 sancitum
930 1203 1035 1263 est,
1072 1214 1143 1252 ne
1174 1199 1304 1252 laici
1341 1201 1426 1252 vel
1472 1200 1774 1253 saeculares
1811 1200 1880 1254 de
1908 1199 2044 1254 viris

341 1289 458 1342 Deo
511 1288 711 1342 dicatis
763 1288 1137 1357 Ecclesiazque
1189 1287 1555 1341 facultatibus
1603 1288 1820 1358 aliquid
1870 1288 1940 1342 ad
1986 1305 2044 1342 se

339 1381 546 1446 putent
574 1377 660 1430 vel
691 1379 1046 1445 prmsumant
1075 1381 1288 1444 praeter
1316 1375 1696 1428 reverentiam
1732 1377 2044 1444 pertinere,

341 1479 585 1534 quorum
639 1479 1000 1534 quarumque
1044 1463 1431 1516 sacerdotibus
1471 1463 1814 1533 disponendi
1862 1464 2044 1518 indis-

341 1569 502 1607 cusse
534 1570 566 1606 a
599 1553 714 1607 Deo
745 1568 884 1605 cura
929 1551 1232 1606 commissa
1268 1551 1522 1608 docetur.
1572 1552 1632 1607 Si
1666 1553 1795 1622 quis
1845 1557 2046 1608 contra

340 1638 464 1692 lure
494 1639 688 1692 venire
721 1638 1174 1708 praesumpserit,
1212 1640 1577 1694 anathemate
1608 1640 1862 1694 feriatur.

730 1746 858 1799 CAP.
906 1745 1108 1799 LXXII.
1142 1774 1210 1786 —
1243 1748 1312 1799 De
1341 1747 1531 1800 eadem
1559 1762 1636 1800 re.

411 1834 526 1902 (Ea:
581 1833 781 1898 eodem,
837 1835 1015 1901 capite
1072 1834 1145 1902 3.)
1192 1835 1270 1888 De
1327 1835 1462 1888 viris
1517 1836 1632 1890 Deo
1691 1833 1892 1888 dicatis
1951 1835 2040 1888 vel

339 1921 734 1974 ecclesiasticis
786 1920 1153 1974 facultatibus
1209 1921 1426 1991 aliquid
1479 1921 1840 1991 disponendi,
1884 1923 2039 1975 nulla

339 2010 550 2077 legitur
595 2009 771 2075 laicis,
806 2009 1067 2080 quamvis
1115 2009 1418 2078 religiosis,
1472 2026 1726 2081 unquam
1768 2010 2041 2063 attributa

336 2097 594 2152 facultas.

339 2204 468 2258 CAP.
495 2203 715 2258 LXXIII.
735 2233 797 2244 —
820 2205 886 2256 Ut
901 2202 1120 2256 abbates
1138 2203 1212 2256 ad
1232 2203 1499 2273 synodum
1525 2205 1606 2256 ire
1626 2219 1731 2256 non
1757 2207 2038 2270 cogantur,

831 2277 944 2326 nisi
969 2290 1070 2342 pro
1098 2275 1421 2328 rationabili
1459 2289 1537 2326 re.

410 2363 525 2429 (Ea:
554 2363 776 2416 concilio
835 2364 1148 2425 Turonensi,
1195 2364 1370 2430 capite
1423 2365 1532 2427 ll.)
1565 2361 1874 2432 Episcopus
1922 2377 2038 2416 non

341 2449 511 2504 debet
560 2451 823 2504 abbatem
873 2466 1075 2519 cogere
1106 2451 1174 2504 ad
1212 2451 1498 2519 synodum
1549 2449 1654 2515 ire,
1703 2450 1812 2504 nisi
1846 2451 2040 2522 aliqua

332 2539 698 2592 rationabilis
728 2555 896 2593 causa
925 2539 1218 2594 consistat.

335 2645 464 2699 CAP.
497 2643 719 2700 LXXIV.
751 2676 819 2684 —
842 2647 908 2698 Ut
929 2647 1366 2710 congregationes
1388 2645 1770 2698 monachorum
1799 2647 1915 2697 sine
1936 2646 2038 2698 col-

667 2717 978 2770 laudatione
1003 2719 1242 2784 episcopi
1265 2719 1385 2785 ﬁeri
1410 2731 1517 2769 non
1549 2717 1706 2769 liceat

407 2805 516 2869 (Em
573 2804 795 2857 concilio
850 2805 1181 2871 Epaonensi,
1230 2807 1408 2871 capite
1467 2804 1575 2872 l0.)
1634 2803 1880 2857 Cellulas
1936 2819 2034 2856 no-

331 2907 428 2945 vas
460 2896 557 2946 aut
603 2893 1175 2961 cougrcgatiunculas
1223 2891 1636 2946 monachorum
1669 2892 1884 2962 absque
1928 2909 2031 2946 no-

332 2981 461 3036 titia
487 2981 740 3052 episcopi
767 2981 1137 3050 prohibemus
1168 2981 1410 3034 institui.

333 3089 462 3141 CAP.
491 3089 679 3143 LXXV.
702 3118 770 3126 —
788 3087 868 3139 De
887 3088 1194 3154 virginibus
1220 3089 1414 3152 sacris,
1439 3102 1558 3155 quae
1575 3087 1896 3156 parentibus
1912 3089 2033 3157 pri-

1069 3164 1290 3212 vantur.
2081 3178 2085 3181 ·

403 3247 512 3316 (Ea:
542 3248 764 3301 concilio
820 3249 1102 3313 Africano,
1146 3249 1325 3313 capite
1377 3245 1492 3314 Η.)
1524 3247 1594 3300 Ut
1645 3245 1893 3314 virgines
1944 3262 2032 3297 sa-

330 3349 460 3396 crm,
506 3334 552 3387 si
596 3334 930 3404 parentibus
961 3350 994 3386 a
1023 3335 1232 3404 quibus
1278 3334 1747 3387 custodiebantur
1795 3334 2032 3405 privatae

329 3422 567 3489 fuerint,
615 3423 684 3476 ab
735 3423 1002 3492 episcopo
1048 3421 1463 3476 custodiantur.
1514 3423 1618 3476 Ubi
1668 3427 1857 3476 autem
1911 3424 2032 3493 epi-

327 3524 534 3581 scOpus
578 3511 786 3565 absens
833 3515 936 3576 est,
996 3510 1360 3580 providentia
1404 3511 1764 3580 gravioribus
1803 3511 2033 3564 feminis

329 3599 790 3666 commendetur,
835 3603 901 3652 ut
929 3599 1100 3652 simul
1132 3598 1456 3652 habitantes
1486 3598 1731 3651 invicem
1762 3615 1822 3652 se
1851 3605 2032 3652 custo-

328 3687 508 3752 diant,
558 3704 646 3750 ne,
681 3687 894 3758 passim
945 3688 1229 3757 vagando,
1283 3687 1541 3741 Ecclesiae
1588 3687 1800 3740 laedant
1843 3687 2032 3740 existi-

331 3775 666 3830 mationem.

328 3881 458 3935 CAP.
506 3881 723 3935 LXXVI.
751 3912 820 3920 —
844 3883 949 3948 Qui
975 3883 1246 3946 religiosis
1265 3882 1485 3946 feminis
1510 3880 1906 3950 praeponendus
1936 3883 2026 3934 sit.

398 3988 510 4054 (Ea:
555 3989 778 4041 concilio
840 3987 1278 4054 Carthaginensi,
1336 3986 1517 4055 capite
1567 3987 1681 4055 97.)
1739 3985 1846 4049 Qui
1903 3985 2033 4038 reli-

328 4075 500 4144 giosis
559 4075 790 4130 feminis
837 4075 1261 4146 praeponendus
1311 4075 1401 4141 sit,
1455 4074 1525 4128 ab
1573 4074 1838 4145 episcopo
1892 4090 2032 4144 pro-

329 4163 514 4218 betur.

331 4270 456 4324 CAP.
503 4269 752 4324 LXXVII.
781 4300 839 4310 —
877 4273 951 4324 De
980 4269 1506 4334 sanetimoniatibus,
1539 4268 1675 4338 quid
1704 4270 1761 4321 in
1794 4269 2030 4323 claustro

945 4343 1130 4406 facere
1159 4341 1403 4393 debeant.
1545 4333 1566 4338 ’
2073 4333 2114 4385 D

399 4447 510 4514 (Ea:
553 4448 776 4501 concilio
825 4449 1160 4514 Moguntina,
1213 4449 1391 4514 capite
1437 4447 1509 4516 6.)
1559 4445 2032 4500 Sanctimoniales

328 4533 386 4587 in
445 4535 796 4588 monasterio
846 4535 1170 4589 constituta:
1220 4534 1469 4588 habeant
1527 4534 1781 4588 studium
1836 4534 1893 4587 in
1942 4534 2032 4588 le-

327 4624 514 4692 gendo
557 4629 612 4677 et
643 4624 699 4677 in
733 4623 1043 4692 cantando,
1076 4629 1132 4676 et
1173 4623 1341 4677 horas
1367 4623 1670 4676 canonicas
1700 4624 2033 4676 solemniter

327 4713 544 4782 pariter
589 4713 895 4779 celebrent,
931 4717 986 4766 et
1009 4729 1238 4774 omnes,
1277 4711 1523 4781 exceptis
1556 4727 1698 4780 quas
1726 4711 2032 4765 inﬁrmitas

327 4803 506 4861 tenet,
556 4798 618 4851 in
666 4797 1006 4851 dormitorio
1051 4796 1359 4863 dormiant,
1406 4801 1462 4849 et
1509 4796 1775 4849 omnibus
1830 4795 2031 4848 diebus

326 4886 396 4938 ad
427 4885 742 4955 capitulum
776 4891 833 4938 et
866 4885 932 4938 ad
967 4885 1301 4937 collationes
1331 4885 1584 4943 veniant,
1625 4888 1680 4936 et
1711 4885 1968 4954 regulam
2001 4899 2033 4936 a

323 4975 534 5028 sanctis
587 4971 847 5028 Patribus
899 4973 1014 5026 illis
1064 4973 1434 5026 constitutam
1484 4972 1790 5042 diligenter
1838 4971 2030 5026 obser-

325 5066 478 5116 vent.

325 5171 454 5224 CAP.
488 5169 754 5224 LXXVIII.
776 5199 842 5206 -—
863 5169 1055 5223 Nullus
1083 5170 1252 5222 laicus
1274 5169 1514 5221 claustra
1535 5167 2033 5221 sanctimonialium

592 5240 959 5307 ingrediatur,
1000 5242 1112 5293 nisi
1146 5240 1219 5292 ad
1249 5255 1414 5307 opera
1443 5237 1761 5291 exercenda.

393 5350 503 5412 (Ea:
533 5345 732 5410 eodem,
755 5350 933 5414 capite
972 5347 1031 5398 l6
1064 5346 1080 5414 )
1112 5344 1310 5398 Nullus
1341 5359 1536 5396 vassus
1567 5342 1889 5408 abbatissae,
1924 5357 2029 5396 nec

323 5435 586 5488 minister
642 5434 872 5504 aliquis,
933 5449 1036 5487 nec
1088 5432 1347 5499 clericus,
1403 5447 1506 5485 nec
1555 5432 1732 5484 laicus
1785 5431 2033 5484 claustra

323 5524 666 5578 ancillarum
697 5523 796 5577 Dei
826 5521 1205 5591 ingrediatur,
1239 5519 1351 5574 nisi
1381 5519 1528 5573 forte
1559 5518 1791 5589 quando
1826 5533 2032 5574 neces-

325 5611 463 5664 sitas
494 5609 772 5680 operandi
799 5609 1101 5664 incumbit.

2545 631 2548 636 ι
2605 563 2915 616 stimonium
2955 562 3148 614 habeat
3181 561 3394 614 bonum.

2227 651 2348 718 (Ea:
2379 650 2583 717 eodem,
2625 666 2745 718 cap.
2804 651 2915 718 lii.)
2967 651 3224 705 Portaria
3257 665 3374 703 non
3425 650 3694 720 eligatur,
3750 650 3898 704 nisi

2155 755 2280 809 quae
2329 745 2496 793 aetate
2547 748 2776 793 matura
2821 739 2911 805 sit,
2964 743 3020 793 et
3048 739 3440 794 testimonium
3494 740 3708 794 habeat
3759 741 3893 795 bo—

2153 845 2316 896 num,
2349 834 2406 882 et
2431 829 2560 882 vita:
2587 829 2898 900 probabilis
2926 828 3014 883 sit.

2156 919 2282 972 CAP.
2309 917 2492 972 LXXX.
2525 947 2593 956 -—
2621 919 2686 971 Ut
2712 918 3013 977 abbatissa,
3053 919 3165 970 nisi
3187 933 3286 986 per
3318 917 3593 971 licentiam
3623 920 3720 972 sui
3751 921 3886 987 epi-

2471 991 2619 1057 scopi
2648 1005 2682 1041 a
2709 990 3032 1041 monasterio
3057 1004 3162 1040 non
3193 989 3525 1055 egrediatur.

2225 1079 2343 1145 (Ea:
2374 1079 2597 1132 concilio
2644 1075 2947 1142 Gangren.,
2983 1077 3160 1145 capite
3191 1076 3267 1146 9.)
3299 1076 3601 1130 Abbatissa
3631 1093 3887 1148 nequa-

2154 1183 2326 1236 quam
2359 1167 2428 1221 de
2479 1165 2824 1220 monasterio
2858 1165 3211 1231 egrediatur,
3261 1164 3371 1218 nisi
3401 1181 3506 1234 per
3556 1165 3885 1219 licentiam

2153 1255 2407 1326 episcopi
2439 1256 2548 1308 sui.
2585 1255 2650 1309 Et
2683 1254 2730 1306 si
2761 1253 2991 1322 quando
3021 1254 3170 1306 foras
3201 1253 3412 1324 pergit,
3443 1254 3512 1308 de
3542 1254 3887 1308 sanctimo-

2153 1343 2401 1397 nialibus
2435 1359 2576 1412 quas
2605 1357 2796 1396 secum
2848 1342 3006 1396 ducit
3034 1359 3232 1395 curam
3283 1342 3591 1397 maximam
3621 1343 3882 1411 habeat,

2153 1435 2219 1484 ut
2248 1431 2405 1484 nulla
2437 1431 2517 1483 eis
2542 1430 2710 1484 detur
2733 1430 2954 1484 occasio
2984 1431 3281 1500 peccandi.

2154 1520 2284 1574 CAP.
2317 1520 2528 1574 LXXXI.
2565 1549 2634 1558 —
2668 1521 2735 1574 Ut
2763 1533 2902 1572 unus
2923 1519 3090 1572 abbas
3111 1519 3319 1573 duobus
3341 1521 3690 1574 monasteriis
3707 1535 3882 1589 prae—

2758 1605 2868 1643 esse
2903 1606 3007 1644 non
3035 1590 3243 1644 debeat.

2227 1679 2339 1744 (Ea:
2367 1679 2586 1732 concilio
2635 1680 2920 1743 Arausic.,
2965 1683 3141 1746 capite
3184 1679 3298 1746 54.)
3351 1679 3536 1732 Unum
3583 1678 3881 1732 abbatem

2081 1773 2121 1825 Β
2151 1765 2374 1820 duobus
2402 1765 2762 1819 monasteriis
2789 1765 3190 1820 interdicimus
3222 1767 3549 1835 praesidere.

2189 1855 2316 1908 CAP.
2363 1855 2599 1908 LXXXII.
2632 1884 2700 1892 ——
2735 1856 2799 1907 Ut
2819 1855 3070 1908 monachi
3097 1859 3394 1922 compatres
3422 1870 3528 1908 non
3559 1853 3830 1908 habeant.

2223 1944 2310 1997 Em
2334 1944 2557 1996 concilio
2604 1941 3101 2008 Augustodunensi,
3134 1945 3312 2010 capite
3342 1943 3416 2010 5.)
3465 1943 3534 1997 Ut
3584 1943 3880 1996 monachi

2150 2031 2237 2083 vel
2273 2029 2564 2083 monachae
2597 2033 2918 2099 compatres
2951 2030 3161 2082 habere
3192 2045 3308 2082 non
3338 2035 3717 2098 prmsumant.

2151 2118 2280 2172 CAP.
2324 2118 2590 2172 LXXXIII.
2623 2149 2688 2156 —
2720 2118 3118 2240 Quoddfebminaf
3157 2120 3213 2171 in
3245 2123 3505 2171 conventu
3534 2117 3724 2172 docere
3749 2135 3877 2173 non

2915 2206 2940 2240 e
2978 2203 3076 2240 ean
3111 2233 3120 2240 .

2915 2203 3120 2242 θοθαηι.

2221 2275 2340 2344 (Ea:
2365 2274 2591 2329 concilio
2634 2274 3099 2342 Carthaginensi.)
3144 2273 3345 2327 Mulier
3389 2272 3650 2344 quamvis
3685 2274 3875 2329 docta.

2149 2361 2209 2416 in
2237 2367 2518 2415 conventu
2554 2363 2754 2417 docere
2780 2379 2898 2416 non
2929 2362 3156 2416 audeat.

2150 2452 2277 2505 CAP.
2304 2451 2566 2506 LXXXIV.
2584 2483 2644 2490 -—
2667 2453 2732 2505 Ut
2751 2453 2959 2517 femina
2979 2453 3349 2519 pmnitcntiam
3368 2451 3500 2503 dare
3516 2467 3620 2505 non
3636 2451 3865 2521 debeat,

2406 2538 2499 2576 nec
2532 2523 2715 2576 sedere
2745 2527 2886 2575 inter
2909 2524 3208 2576 sacerdotes
3233 2525 3292 2575 in
3320 2525 3585 2576 convivio.

2217 2611 2328 2679 (Ea:
2387 2613 2610 2665 concilio
2667 2613 2931 2677 Remensi,
2974 2618 3245 2681 praesente
3295 2611 3564 2664 Ludovico
3610 2614 3862 2680 impera-

2147 2705 2277 2766 tore,
2329 2703 2504 2769 capite
2549 2699 2625 2769 5.)
2677 2699 2911 2754 Femina
2958 2717 3067 2753 non
3112 2701 3209 2754 det
3258 2699 3679 2770 pcnnitentiam,
3746 2717 3864 2754 nec

2145 2788 2440 2857 corporale
2483 2803 2612 2840 cum
2668 2787 2976 2850 oblatione,
3027 2802 3131 2840 uec
3170 2787 3404 2840 calicem
3454 2803 3627 2856 super
3669 2789 3860 2843 altare

2146 2879 2341 2944 ponat,
2393 2891 2494 2928 nec
2539 2875 2690 2928 inter
2739 2875 3031 2928 ordinatos
3064 2879 3172 2928 stet
3216 2875 3275 2928 in
3325 2875 3580 2941 ecclesia,
3610 2891 3715 2929 nec
3756 2893 3855 2930 se-

2145 2965 2277 3017 deat
2305 2963 2458 3016 inter
2487 2963 2808 3017 sacerdotes
2839 2963 2898 3016 in
2924 2963 3199 3017 convivio.

2075 3048 2114 3100 C
2145 3069 2275 3122 CAP.
2299 3069 2534 3123 LXXXV.
2554 3099 2620 3106 —-
2639 3071 2718 3123 De
2737 3069 3052 3122 mulieribus
3074 3072 3313 3124 virorum
3331 3085 3527 3124 causas
3551 3070 3856 3125 discutien-

2910 3141 3075 3194 tibus.

2216 3227 2324 3298 (Ea:
2370 3230 2556 3282 concil.
2625 3231 2944 3297 Nanneten.,
3006 3244 3126 3298 cap.
3191 3231 3264 3292 8.)
3330 3229 3470 3284 Cum
3536 3230 3854 3299 Apostolus

2143 3316 2291 3370 dicat
2324 3337 2334 3370 :
2373 3317 2636 3372 Mulieres
2684 3318 2745 3371 in
2777 3318 3014 3372 ecclesia
3060 3321 3284 3371 taceant
3315 3335 3328 3372 :
3364 3334 3479 3371 non
3512 3317 3667 3372 enim
3711 3335 3852 3389 per-

2145 3403 2393 3458 mittitur
2423 3406 2504 3459 eis
2555 3405 2734 3477 loqui,
2768 3411 2935 3478 turpe
2968 3409 3053 3460 est
3085 3406 3240 3460 enim
3285 3406 3514 3460 mulieri
3557 3407 3615 3459 in
3666 3407 3850 3460 eccle-

2143 3492 2226 3545 sia
2256 3492 2414 3562 loqui
2449 3510 2461 3548 :
2492 3494 2705 3547 mirum
2751 3494 2997 3559 videtur,
3043 3494 3194 3564 quod
3226 3493 3489 3564 quaedam
3541 3493 3852 3548 muliercu-

2143 3581 2212 3634 la:
2245 3586 2446 3634 contra
2487 3582 2708 3636 divinas
2765 3583 3162 3652 humanasque
3209 3582 3384 3651 leges,
3437 3581 3634 3636 attrita
3659 3581 3884 3636 fronte—

2143 3668 2510 3738 impudenter
2554 3675 2808 3740 agentes,
2869 3670 3078 3741 placita
3129 3671 3422 3740 generalia
3474 3675 3531 3723 et
3584 3670 3848 3740 publicos

2143 3763 2458 3812 conventus
2529 3759 2920 3814 indesinenter
2979 3759 3212 3826 adeunt,
3281 3764 3336 3812 et
3393 3759 3618 3830 negotia
3681 3759 3848 3828 regni

2143 3845 2533 3917 utilitatesque
2618 3847 2951 3918 reipublicae
3016 3848 3201 3917 magis
3277 3848 3615 3919 perturbant
3670 3864 3844 3918 quam

2143 3934 2468 4003 disponant,
2502 3951 2632 3988 cum
2688 3935 2960 3989 indecens
2990 3935 3084 4001 sit,
3111 3940 3167 3988 et
3196 3935 3368 3989 etiam
3402 3935 3552 3988 inter
3575 3935 3846 3990 barbaras

2142 4028 2341 4092 gentes
2392 4023 2862 4090 reprehensibile,
2897 4025 3167 4077 mulieres
3212 4023 3466 4077 virorum
3499 4040 3696 4077 causas
3729 4024 3842 4078 dis-

2141 4116 2356 4177 cutere,
2390 4116 2447 4164 et
2495 4128 2624 4181 quae
2655 4111 2724 4165 de
2775 4095 3037 4166 lanificiis
3068 4111 3205 4173 suis,
3251 4117 3308 4166 et
3338 4111 3609 4182 operibus
3639 4114 3843 4167 textri-

2144 4198 2310 4266 libus,
2344 4204 2400 4252 et
2430 4199 2769 4253 mulieribus
2811 4201 2963 4254 inter
2992 4200 3324 4270 genitiarias
3357 4217 3487 4253 suas
3525 4200 3840 4255 residentes

2145 4287 2462 4341 debuerant
2518 4288 2828 4358 disputare,
2885 4288 2942 4341 in
2991 4295 3276 4342 conventu
3334 4289 3563 4358 publico
3596 4305 3661 4343 ac
3704 4290 3749 4342 si
3779 4290 3838 4342 in

2142 4376 2300 4428 curia
2347 4375 2682 4442 residentes,
2726 4376 3073 4431 senatoriam
3125 4377 3233 4430 sibi
3262 4383 3544 4447 usurpant
3587 4377 3837 4431 auctori-

2143 4468 2338 4517 tatem.
2373 4463 2509 4527 Quaa
2541 4464 2930 4534 ignominiosa
2962 4465 3338 4535 praesumptio
3372 4465 3693 4518 fautoribus
3720 4480 3839 4517 ma-

2141 4552 2227 4622 gis
2285 4551 2627 4622 imputanda
2673 4553 2918 4622 videtur,
2969 4570 3146 4624 quam
3193 4553 3445 4607 feminis.
3505 4552 3662 4606 Unde
3708 4552 3840 4622 quia

2143 4638 2350 4692 divinae
2401 4640 2574 4708 leges,
2605 4645 2666 4692 ut
2712 4656 2883 4710 supra
2931 4646 3311 4693 monstratum
3347 4645 3452 4703 est,
3478 4639 3586 4692 hoc
3612 4647 3840 4692 contra-

2141 4726 2361 4794 dicunt,
2393 4731 2450 4780 et
2494 4727 2763 4781 humanas
2810 4725 3191 4782 nihilominus
3220 4727 3468 4797 idipsum
3511 4726 3838 4795 prohibent,

2142 4819 2201 4868 ut
2235 4815 2464 4869 feminae
2499 4816 2641 4869 nihil
2671 4815 2823 4869 aliud
2854 4821 3278 4886 prosequantur
3300 4815 3358 4870 in
3390 4814 3640 4885 publico,
3671 4831 3838 4886 quam

2142 4919 2304 4956 suam
2339 4919 2588 4957 causam.
2637 4903 2730 4957 Ait
2765 4903 2919 4957 enim
2955 4904 3040 4956 lex
3085 4902 3479 4957 Theodosiana
3511 4919 3523 4957 :
3559 4903 3724 4956 Nulla
3752 4919 3838 4956 ra-

2142 4992 2298 5046 tione
2329 4993 2559 5046 feminae
2599 4993 2846 5062 amplius
2875 5008 3048 5062 quam
3080 5007 3212 5044 suas
3255 5008 3452 5045 causas
3501 4991 3706 5062 agendi
3747 4992 3834 5045 ha-

2141 5079 2317 5134 beant
2364 5085 2727 5151 potestatem,
2762 5095 2864 5133 nec
2895 5080 3139 5150 alicujus
3168 5096 3396 5134 causam
3426 5096 3460 5132 a
3491 5095 3550 5133 se
3581 5079 3837 5134 noverint

2142 5169 2605 5239 prosequendam
2639 5185 2651 5221 :
2682 5167 2896 5222 idcirco
2939 5185 3002 5221 ex
3051 5168 3392 5222 auctoritate
3443 5167 3715 5222 canonica
3760 5168 3837 5222 in-

2143 5257 2497 5320 terdicimus,
2533 5261 2598 5310 ut
2626 5257 2784 5310 nulla
2826 5257 3275 5311 sanctimonialis
3308 5257 3490 5328 virgo,
3521 5257 3608 5310 vel
3653 5256 3832 5321 vidua,

2143 5349 2454 5399 conventus
2504 5345 2803 5414 generales
2861 5345 3047 5405 adeat,
3106 5345 3216 5399 nisi
3271 5362 3304 5398 a
3359 5345 3616 5416 principe
3672 5345 3838 5399 fuerit

2143 5439 2372 5489 evocata
2421 5438 2520 5488 aut
2569 5434 2639 5487 ab
2687 5435 2955 5504 episcopo
3025 5450 3128 5488 suo
3172 5450 3186 5488 :
3223 5434 3331 5488 nisi
3383 5435 3526 5488 forte
3591 5435 3835 5504 propriae

2143 5521 2498 5577 necessitatis
2529 5521 2673 5575 ratio
2703 5521 3017 5592 impulerit,
3051 5527 3108 5576 et
3157 5522 3266 5576 hoc
3295 5522 3483 5592 ipsum
3517 5537 3647 5576 cum
3678 5522 3836 5578 licen-

2144 5611 2224 5665 tia
2250 5615 2304 5664 et
2333 5610 2540 5666 nuntio
2568 5609 2821 5682 episcopi
2847 5609 2956 5665 sui.
