3966 6410
56 358 88 403 8
94 356 125 403 0
132 360 164 402 ‘J

1056 354 1533 410 DECRETORUM
1576 355 1765 410 LIBRI
1803 355 1908 410 XX.
1953 385 2019 394 —
2061 356 2265 413 LIBER
2307 358 2636 414 OCTAVUS.

3508 368 3614 422 8IO

48 480 185 531 Cui.
228 476 530 532 LXXXVI.
566 506 635 517 —-
669 478 821 543 Quod
842 478 1019 561 abbas
1059 495 1161 548 pro
1200 479 1585 561 humiliatione
1634 482 1803 534 locum
1834 484 1875 536 A
1916 486 2323 536 ornamentum
2370 483 2779 538 inconveniens
2829 486 3129 557 proposito
3178 505 3279 542 suo
3329 506 3607 561 quaerere,

586 564 744 602 suum
773 552 1078 618 relinquere
1107 555 1297 617 possit.

132 638 263 705 (Er
324 638 520 690 concil.
578 639 859 709 Mongunt.
905 654 1024 707 cap.
1086 640 1194 709 18.)
1240 640 1430 693 Abbas
1474 644 1662 709 potest
1692 656 1797 710 pro

59 725 511 789 humiliatione,
564 731 621 779 et
662 742 793 779 cum
848 728 1226 795 permissione
1280 728 1552 797 episcopi,
1606 729 1795 781 locum

64 831 240 867 suum
292 815 669 884 relinquere:
714 821 907 869 tamen
965 816 1170 869 fratres
1212 817 1431 887 eligant
1474 817 1581 870 sibi
1618 817 1795 869 abba-

64 906 178 954 tem
217 902 298 955 de
332 902 475 972 ipsis
500 904 547 956 si
580 904 848 969 habeant,
881 903 967 956 sin
1003 910 1195 957 autem
1237 905 1305 958 de
1337 905 1637 959 extraneis.
1686 907 1798 959 Nec

66 992 390 1060 episcopus
422 991 592 1045 debet
641 992 905 1045 abbatem
935 992 1217 1047 violenter
1263 994 1509 1047 retinere
1558 994 1617 1048 in
1678 994 1797 1047 loco

66 1096 193 1133 suo.
251 1080 641 1150 Congregatio
694 1081 863 1134 debet
918 1082 1132 1151 eligere
1182 1082 1291 1135 sibi
1337 1082 1600 1136 abbatem
1667 1087 1799 1151 post

66 1172 327 1221 mortem
363 1168 585 1221 abbatis
614 1168 717 1228 sui,
760 1169 847 1222 vel
896 1184 963 1223 eo
996 1171 1240 1236 vivente,
1273 1171 1320 1224 si
1364 1171 1486 1240 ipse
1527 1172 1796 1225 discesse-

68 1258 165 1317 rit,
200 1259 294 1310 vel
331 1257 666 1327 peccaverit.
702 1259 828 1327 Ipse
865 1259 1019 1312 enim
1048 1276 1162 1312 non
1198 1266 1383 1329 potest
1413 1260 1664 1330 aliquem
1702 1277 1795 1313 or-

69 1344 280 1398 dinare
314 1345 386 1398 de
422 1346 540 1399 suis
562 1345 903 1417 propinquis
940 1348 1028 1401 vel
1070 1347 1288 1414 amicis,
1325 1347 1446 1401 sine
1504 1349 1794 1402 voluntate

69 1434 348 1487 fratrum.

70 1523 205 1576 CAP.
230 1524 529 1578 LXXXVII.
546 1554 613 1562 —
626 1524 779 1589 Quod
792 1525 961 1649 ιαίοιέἰε
976 1528 1029 1649 in
1047 1526 1267 1649 egclesia
1282 1527 1551 1580 lectionem
1567 1528 1796 1579 recitare

767 1611 871 1649 non
947 1614 972 1649 c
1010 1613 1073 1649 ea
1104 1637 1117 1649 .

767 1611 871 1649 71071
908 1611 1117 1649 acoeat.

147 1682 268 1746 (Ea:
306 1681 507 1747 eodem,
552 1698 674 1750 cap.
720 1683 828 1751 I9.)
878 1684 1072 1737 Laicus
1119 1700 1234 1737 non
1286 1685 1456 1738 debet
1501 1685 1561 1738 in
1608 1685 1790 1737 eccle-

69 1770 161 1821 sia
193 1771 505 1823 lectionem
536 1773 800 1837 recitare,
836 1788 940 1825 nec
976 1773 1210 1826 alleluia
1250 1773 1458 1841 dicere,
1490 1772 1603 1825 nisi
1640 1773 1792 1841 psal-

70 1876 205 1912 mos
232 1866 461 1913 tantum
496 1866 551 1913 et
581 1862 943 1930 responsoria
973 1862 1094 1915 siue
1128 1863 1380 1915 alleluia.

72 1950 209 2001 (ΖΑρ.
240 1949 560 2003 LXXXVIII.
587 1979 654 1988 —
694 1950 851 2014 Quod
870 1965 974 2003 non
998 1951 1154 2003 liceat
1194 1953 1444 2018 episcopo
1478 1950 1794 2003 abstrahere

259 2036 376 2141 Γεἕὲ
412 2024 749 2089 monasterii,
782 2023 1030 2089 quamvis
1061 2037 1191 2087 erga
1232 2037 1286 2074 se
1311 2023 1616 2090 peccaverit

263 2108 297 2142 ιι
376 2105 458 2143 as.

152 2179 274 2244 (Ea:
312 2179 513 2244 eodem,
567 2195 685 2247 cap.
738 2180 853 2249 20.)
918 2179 1196 2250 Episcopo
1255 2196 1367 2233 non
1401 2179 1538 2232 libet
1594 2180 1794 2232 tollere

74 2266 502 2337 possessionem
539 2268 897 2334 monasterii,
933 2269 1197 2338 quamvis
1229 2268 1547 2338 peccaverit
1600 2268 1790 2331 abbas,

78 2356 177 2409 sed
215 2356 409 2409 mittat
440 2373 573 2410 eum
606 2356 664 2409 in
697 2357 853 2411 aliud
886 2357 1328 2422 monasterium,
1360 2356 1418 2409 in
1452 2361 1827 2426 potestatem.

78 2444 321 2497 alterius
354 2444 596 2497 abbatis.

228 2533 360 2585 CAP.
388 2531 651 2587 LXXXIX.
681 2562 742 2571 —
768 2535 844 2586 Ne
870 2533 1120 2657 :lnonatchi
1139 2533 1346 2601 placita
1368 2533 1654 2586 smeularia

834 2620 867 2656 a
910 2620 1009 2656 ean
1042 2647 1052 2657 .

834 2620 1035 2657 aaeant
1042 2647 1052 2657 .

156 2692 266 2759 (Ea:
308 2690 489 2743 eodem
521 2731 534 2755 ,
562 2705 683 2759 cap.
733 2692 849 2760 21.)
895 2695 972 2744 Ac
1000 2690 1206 2744 deinde
1240 2689 1615 2753 decrevimus,
1653 2689 1798 2743 sicut

86 2784 286 2833 sancta
312 2779 516 2848 regula
549 2779 707 2843 dicit,
750 2786 811 2833 ut
855 2779 1271 2833 monasterium
1315 2778 1412 2831 ubi
1443 2778 1567 2831 fieri
1598 2778 1795 2847 possit,

82 2884 187 2936 per
212 2868 462 2920 decanos
495 2866 842 2919 ordinetur:
893 2867 1029 2937 quia
1077 2868 1162 2919 illi
1203 2866 1496 2936 przepositi
1547 2882 1695 2935 saepe
1736 2865 1793 2917 in

84 2956 395 3008 elationem
418 2954 703 3020 incidunt,
730 2958 786 3007 et
818 2955 873 3007 in
900 2955 1169 3025 laqueum
1205 2954 1434 3007 diaboli.
1470 2954 1581 3006 Hoc
1606 2959 1796 3007 tamen

1910 568 1967 622 in
1999 569 2217 623 deliciis
2244 570 2431 623 vivere
2477 572 2642 639 velle,
2695 574 2891 640 gulam
2937 580 2989 627 et
3036 575 3369 631 ebrietatem
3424 580 3606 649 sequi,

1908 658 2165 728 pondera
2197 659 2410 729 injusta
2432 659 2519 713 vel
2570 677 2867 714 mensuras
2915 662 3125 717 habere
3148 705 3161 731 ,
3197 667 3490 735 negotium
3518 668 3607 721 in-

1904 748 2126 816 justum
2156 763 2440 801 exercere.
2490 748 2601 801 Nec
2650 755 2841 803 tamen
2883 751 3106 820 justum
3174 755 3470 824 negotium
3529 762 3613 809 est

1909 843 1991 889 est
2045 836 2548 890 contradicendum
2610 842 2846 908 propter
2886 842 3248 896 necessitates
3311 844 3609 897 diversas:

1909 921 2044 990 quia
2077 923 2317 993 legimus
2349 929 2570 978 sanctos
2602 928 2892 995 apostolos
2923 931 3270 1001 negotiassc,
3312 937 3367 987 et
3402 933 3462 988 in
3520 950 3610 988 re-

1908 1008 2041 1079 gula
2070 1010 2123 1065 S.
2161 1013 2446 1067 Benedicti
2476 1015 2809 1085 prmcipitur
2837 1019 3178 1089 praevidere,
3210 1038 3314 1092 per
3365 1038 3613 1093 quorum

1910 1114 2115 1153 manus
2153 1103 2449 1171 negotium
2502 1105 2833 1158 monasterii
2878 1111 3149 1163 transeat.
3193 1110 3371 1165 Canes
3400 1116 3455 1165 et
3484 1127 3615 1165 aves

1906 1189 2069 1258 sequi
2103 1189 2172 1242 ad
2202 1192 2549 1257 venandum,
2584 1198 2638 1247 et
2687 1194 2745 1246 in
2776 1196 3043 1249 omnibus
3094 1198 3443 1268 quibuslibet
3480 1216 3612 1253 cau-

1908 1278 1983 1330 sis
2033 1279 2390 1348 supertluum
2435 1297 2572 1335 esse.
2630 1284 2763 1336 Ecce
2794 1284 2931 1337 talia
2972 1290 3028 1338 et
3058 1286 3145 1339 his
3181 1287 3391 1341 similia
3440 1286 3613 1341 mini-

1906 1367 2035 1420 stris
2094 1368 2289 1421 altaris
2345 1369 2573 1423 Domini
2631 1387 2855 1425 necnon
2899 1377 2955 1426 et.
3010 1375 3305 1428 monachis
3376 1376 3615 1429 omnino

1905 1456 2371 1511 contradicimus.
2409 1459 2485 1511 De
2521 1458 2728 1529 quibus
2758 1460 2895 1513 dicit
2925 1463 3225 1531 Apostolus
3256 1480 3268 1517 :
3306 1465 3483 1518 Nemo
3512 1465 3617 1519 mi-

1906 1544 2075 1599 litans
2103 1545 2217 1598 Deo
2249 1546 2505 1616 implicat
2535 1563 2593 1600 se
2632 1548 2880 1618 negotiis
2903 1550 3289 1606 saecularibus.

2121 1651 2248 1705 CAP.
2268 1652 2405 1707 XCI.
2436 1683 2505 1691 —
2527 1656 2600 1707 De
2628 1654 2832 1708 clericis
2861 1655 3063 1723 injuste
3082 1660 3398 1711 tonsuratis.

1978 1738 2085 1808 (Ea:
2105 1740 2304 1807 eodem,
2337 1757 2455 1809 cap.
2508 1742 2624 1809 23.)
2683 1742 2759 1795 De
2806 1742 3027 1797 clericis
3064 1760 3199 1797 vero
3248 1744 3358 1798 hoc
3399 1745 3609 1799 statui-

1906 1844 2051 1891 mus,
2088 1832 2150 1880 ut
2190 1829 2248 1881 hi
2277 1829 2375 1899 qui
2424 1830 2699 1882 hactenus
2746 1830 2963 1884 inventi
3003 1836 3135 1885 sunt
3174 1833 3292 1887 sive
3341 1834 3615 1888 canonico

1904 1916 2020 1970 sive
2051 1916 2109 1970 in
2138 1916 2471 1971 monachico
2493 1918 2693 1972 ordine
2716 1919 2997 1973 tonsurati
3030 1920 3152 1975 sine
3174 1937 3371 1975 eorum
3413 1922 3612 1975 volun-

1905 2010 2041 2073 tate,
2075 2004 2120 2058 si
2146 2004 2312 2058 liberi
2355 2010 2504 2069 sunt,
2560 2010 2622 2058 ut
2664 2006 2742 2059 ita
2788 2013 3182 2076 permaneant,
3223 2009 3292 2060 'et
3346 2009 3616 2079 deinceps

1906 2093 2222 2146 cavendum
2257 2097 2318 2146 ut
2366 2093 2561 2146 nullus
2588 2094 2915 2160 tondeatur,
2964 2096 3074 2149 nisi
3126 2097 3374 2167 legitima
3424 2101 3609 2161 aetate,

1907 2188 1963 2235 et
1994 2185 2315 2251 spontanea
2354 2182 2665 2243 voluntate,
2698 2184 2783 2236 vel
2817 2200 2947 2237 cum
2981 2184 3206 2238 licentia
3240 2186 3461 2239 domini
3504 2186 3612 2249 sui,

1905 2270 1993 2323 vel
2014 2286 2289 2323 consensu
2321 2275 2648 2339 parentum.

1908 2375 2035 2428 CAP.
2070 2375 2221 2428 XCII.
2277 2406 2346 2413 —
2406 2377 2474 2429 Ut
2530 2379 2767 2445 episcopi
2790 2380 2904 2430 sive
2963 2378 3203 2445 abbates,
3236 2386 3360 2434 ante
3397 2397 3451 2433 se
3473 2380 3601 2448 joca

2334 2450 2523 2515 turpia
2557 2450 2681 2514 ﬂeri
2707 2464 2809 2501 non
2836 2451 3177 2517 permittant.

1978 2536 2089 2602 (Em
2108 2534 2306 2601 eodem,
2335 2550 2456 2603 cap.
2508 2536 2618 2601 24.)
2670 2537 2735 2589 Ut
2781 2537 3032 2607 episcopi
3095 2542 3148 2590 et
3196 2538 3429 2592 abbates
3482 2544 3616 2594 ante

1908 2640 1967 2675 se
1993 2625 2123 2692 joca
2161 2623 2352 2692 turpia
2384 2624 2569 2677 facere
2613 2641 2726 2678 non
2776 2627 3134 2694 permittant,
3189 2628 3286 2680 sed
3336 2644 3617 2698 pauperes

1909 2716 1964 2764 (et
2006 2711 2334 2780 indigentes
2380 2728 2571 2765 secum
2595 2712 2662 2766 ad
2712 2728 2967 2766 mensam
3018 2714 3284 2779 habeant,
3346 2722 3399 2768 et
3450 2717 3614 2769 lectio

1909 2800 2103 2853 divina
2142 2800 2219 2852 ibi
2252 2804 2540 2869 personet,
2576 2805 2631 2853 et
2690 2806 2920 2854 sumant
2959 2802 3149 2855 cibum
3200 2819 3329 2856 cum
3376 2804 3613 2857 benedi-

1908 2889 2114 2953 ctione,
2148 2894 2204 2942 et
2234 2888 2400 2941 laude
2444 2888 2669 2941 Domini
2711 2890 3023 2943 secundum
3073 2892 3404 2960 Apostolum
3440 2909 3453 2945 :
3486 2893 3613 2947 Sive

1912 2976 2268 3029 manducetis
2294 2976 2411 3029 sive
2439 2976 2655 3040 bibitis,
2691 2976 2885 3029 omnia
2916 2977 2971 3030 in
3006 2977 3173 3031 laude
3228 2978 3325 3030 Dei
3371 2978 3607 3033 faciatis.

86 3043 752 3134 omni99V01‘lmlls!_ut
784 3059 897 3095 non
946 3042 1215 3134 monj'mhi
1241 3042 1656 3134 #5890913“?
1682 3043 1797 3111 pla'
1829 3046 1869 3102 (ἶ
1910 3066 2037 3119 CAP.
2070 3065 2255 3119 XCIII.
2292 3095 2355 3103 —-
2402 3064 2480 3118 De
2540 3066 2650 3117 illis
2717 3067 2813 3133 qui
2841 3066 2908 3117 ab
2960 3069 3205 3134 cpiscoro
3226 3082 3317 3119 seu
3372 3066 3440 3119 ab
3485 3068 3611 3121 aliis

86 3132 199 3184 cita
228 3131 522 3183 ullatenus
548 3130 803 3196 veniant,
844 3145 1032 3200 neque
1083 3129 1205 3198 ipse
1255 3128 1426 3182 abbas
1458 3130 1581 3182 sine
1622 3129 1794 3182 licen-

89 3225 165 3272 tia
198 3218 456 3289 episcopi
503 3218 611 3279 sui,
666 3224 879 3271 etcum
923 3218 1226 3271 necessitas
1257 3218 1450 3287 exigit,
1500 3223 1636 3271 tunc
1695 3234 1798 3287 per

80 3308 410 3379 jussionem
443 3312 499 3359 et
527 3306 829 3359 consilium
871 3306 1125 3377 episcopi
1156 3308 1244 3360 sui
1282 3307 1417 3360 illuc
1446 3308 1629 3361 vadat.
1686 3309 1796 3361 Ne-

87 3412 384 3467 quaquam
438 3399 633 3447 tamen
680 3394 1073 3448 contentiones
1131 3400 1225 3448 aut
1276 3394 1400 3448 lites
1449 3394 1669 3465 aliquas
1717 3394 1797 3448 ibi

88 3498 323 3536 movere
374 3487 706 3553 praesumat,
758 3483 854 3536 sed
914 3483 1193 3553 quidquid
1257 3483 1655 3554 quzerendum,
1710 3483 1795 3536 vel

88 3572 264 3625 etiam
297 3569 759 3639 respondendum
783 3570 874 3638 sit,
904 3586 1008 3640 per
1035 3566 1334 3624 advocatos
1385 3587 1518 3624 suos
1558 3571 1667 3624 hoc
1707 3570 1796 3624 fa-

87 3661 218 3714 ciat.
257 3659 505 3713 Abbates
535 3665 592 3711 et
624 3658 888 3712 monachi
929 3675 1109 3729 usque
1167 3659 1237 3713 ad
1287 3659 1796 3728 interrogationem

90 3748 383 3803 silentium
439 3747 710 3812 habeant,
745 3752 799 3799 et
829 3763 958 3801 cum
991 3747 1444 3817 interrogantur,
1495 3763 1624 3800 cum
1683 3748 1796 3800 hu-

93 3838 334 3891 militate
366 3840 424 3889 et
482 3836 799 3888 reverentia
849 3836 1276 3905 respondeant:
1332 3836 1485 3889 Alias
1536 3837 1798 3905 querelas

90 3926 288 3978 omino
345 3924 620 3977 devitent.
686 3924 744 3976 In
822 3939 1022 3977 eorum
1077 3924 1360 3986 claustro
1399 3927 1794 3992 permaneant,

94 4016 399 4083 nullusque
448 4029 513 4065 ex
547 4012 628 4064 eis
664 4011 812 4065 foras
842 4012 1030 4080 vadat,
1066 4012 1176 4064 nisi
1241 4028 1344 4081 per
1402 4010 1797 4064 necessitatem

92 4104 159 4156 ab
191 4102 398 4156 abbate
431 4100 690 4154 mittatur
720 4099 780 4153 in
814 4099 1199 4153 obedientiam
1230 4116 1241 4153 :
1281 4114 1381 4152 nec
1428 4099 1566 4152 foris
1630 4116 1799 4153 man-

94 4192 263 4244 ducet
309 4204 496 4259 neque
545 4188 705 4242 bibat
739 4188 865 4241 sine
902 4188 1278 4258 permissione
1317 4188 1556 4253 abbatis,
1599 4204 1704 4242 nec
1728 4188 1797 4242 ad

96 4278 351 4333 convivia
379 4276 677 4330 sacularia
705 4276 896 4330 vadat.

451 4366 582 4419 CAP.
612 4366 715 4419 XC.
744 4396 812 4404 —
845 4366 924 4418 De
945 4367 1155 4432 negotio
1180 4365 1448 4419 saeculari.

166 4457 287 4526 (Ea:
311 4454 511 4521 eodem,
545 4470 665 4523 cap.
695 4455 808 4523 22.)
861 4453 1100 4508 Ministri
1131 4460 1323 4507 autem
1364 4454 1556 4508 altaris
1604 4452 1798 4507 Domi-

99 4546 176 4612 ni,
213 4544 297 4598 vel
323 4542 611 4607 monachi,
645 4542 813 4596 nobis
844 4542 1077 4612 placuit,
1114 4546 1179 4596 ut
1207 4558 1237 4595 a
1288 4542 1533 4612 negotiis
1563 4543 1798 4594 saacula-

100 4634 253 4687 ribus
285 4631 526 4685 omnino
578 4630 921 4685 abstineant.
966 4631 1138 4685 Multa
1189 4635 1324 4683 sunt
1374 4645 1510 4700 ergo
1570 4631 1798 4700 negotia

99 4722 407 4786 surcularis,
446 4720 516 4773 de
575 4719 663 4773 bis
715 4724 908 4772 tamen
959 4734 1138 4789 pauca
1186 4718 1666 4788 perstringamus,
1727 4719 1797 4771 ad

102 4827 221 4881 qua:
251 4810 505 4881 pertinet
536 4808 723 4861 omnis
759 4808 959 4870 libido,
1021 4824 1133 4861 non
1192 4810 1379 4861 solum
1430 4807 1801 4861 immunditia

104 4899 276 4952 carnis
344 4897 441 4951 sed
517 4897 691 4949 etiam
763 4895 951 4949 omnis
1007 4895 1252 4949 carnalis
1319 4894 1795 4964 concupiscentia.

103 4985 376 5057 Quidquid
414 4984 555 5054 plus
574 4984 727 5054 justo
750 4983 970 5053 appetit
997 4983 1193 5049 homo,
1217 4987 1384 5053 turpe
1416 4982 1639 5036 lucrum
1667 4986 1749 5035 est
1781 4997 1796 5034 :

102 5090 330 5129 munera
374 5073 591 5143 injusta
644 5073 901 5141 accipere
958 5072 1047 5124 vel
1105 5071 1278 5124 etiam
1329 5071 1465 5124 dare
1542 5086 1644 5141 pro
1689 5071 1799 5123 ali—

103 5180 204 5233 quo
235 5160 494 5216 saeculari
521 5165 878 5230 conquaestu,
931 5158 1117 5227 pretio
1147 5159 1398 5228 aliquem
1450 5158 1798 5227 conducere,

102 5250 509 5316 contentiones,
536 5253 593 5302 et
619 5248 769 5315 lites,
802 5251 857 5300 et
888 5247 1038 5301 rixas
1076 5263 1293 5313 amare,
1327 5247 1385 5299 in
1420 5246 1644 5318 placitis
1692 5263 1795 5299 sse-

103 5340 371 5394 cularibus
415 5338 734 5407 disputare,
771 5340 1002 5404 excepta
1029 5335 1363 5390 defensione
1404 5336 1799 5405 orphanorum

107 5434 151 5482 et
198 5429 527 5490 viduarum,
588 5424 967 5477 conductores
1023 5429 1124 5477 aut
1206 5430 1606 5494 procuratores
1678 5438 1799 5476 esse

112 5517 451 5572 sacularium
490 5528 704 5578 rerum,
741 5513 927 5581 turpis
976 5512 1136 5566 verbi
1176 5513 1261 5566 vel
1308 5512 1437 5565 facti
1486 5512 1802 5581 jocularem

111 5622 227 5675 esse,
279 5606 367 5661 vel
416 5603 621 5674 jocum
681 5602 1013 5654 saecularem
1065 5600 1329 5669 diligere,
1400 5601 1552 5653 aleas
1606 5614 1801 5654 amare

455 5708 741 5773 PATROL.
795 5707 966 5771 CXL.

2184 3155 2433 3205 avaritia;
2462 3169 2625 3206 causa
2646 3154 2854 3205 seducti
2880 3169 2934 3206 se
2961 3155 3323 3208 totonderunt.

1982 3225 2096 3293 (Ea:
2138 3225 2337 3289 eodem,
2406 3240 2526 3292 cap.
2581 3225 2690 3292 2ὅ.)
2754 3225 3061 3279 Constituit
3110 3242 3245 3278 sane
3302 3242 3460 3279 sacer
3505 3226 3609 3280 iste

1908 3317 2235 3378 conventus,
2271 3318 2334 3366 ut
2371 3312 2626 3383 episc0pi
2656 3313 2769 3365 sive
2804 3312 3058 3379 abbates,
3091 3314 3187 3384 qui
3236 3331 3352 3367 non
3384 3315 3443 3367 in
3491 3315 3609 3368 fru-

1908 3408 2062 3456 ctum
2094 3402 2443 3467 animarum,
2495 3402 2592 3455 sed
2625 3401 2685 3455 in
2715 3402 3016 3456 avaritiam
3066 3408 3122 3456 et
3172 3408 3339 3473 turpe
3382 3405 3610 3458 lucrum

1907 3490 2216 3551 inhiantes,
2252 3488 2536 3559 quoslibet
2564 3489 2828 3543 homines
2860 3489 3075 3544 illectos
3106 3490 3610 3545 circumveniendo

1907 3579 2278 3633 totonderunt
2309 3583 2366 3631 et
2399 3594 2487 3630 res
2534 3593 2730 3631 eorum
2772 3577 2869 3630 tali
2928 3578 3303 3647 persuasione
3363 3595 3477 3631 non
3527 3596 3613 3633 so-

1907 3670 2027 3723 lum
2074 3672 2435 3737 acceperunt,
2488 3667 2581 3719 sed
2624 3665 2817 3736 potius
2846 3665 3273 3736 surripuerunt,
3320 3667 3609 3735 poeniten-

1907 3759 2001 3811 tiae
2029 3756 2314 3811 canonicae
2370 3755 2485 3808 sive
2517 3754 2792 3823 regulari,
2860 3759 3057 3824 utpote
3114 3755 3295 3824 turpis
3330 3755 3469 3807 lucri
3521 3771 3608 3807 se-

1908 3850 2171 3911 ctatores,
2226 3842 2603 3911 subjaceant:
2690 3843 2749 3895 hi
2808 3858 2940 3895 vero
3020 3842 3117 3912 qui
3172 3843 3330 3894 vanis
3364 3843 3608 3911 promis-

1909 3928 2162 3982 sionibus
2240 3926 2435 3988 illecti,
2514 3926 2602 3979 vel
2684 3925 3036 3996 quibuslibet
3084 3926 3610 3979 machinationibus

1910 4013 2187 4087 persuasi,
2220 4012 2430 4067 mentis
2478 4012 2681 4085 inopes
2728 4015 2933 4081 etfecti,
2990 4031 3182 4068 rerum
3231 4030 3463 4069 suarum
3512 4014 3608 4068 do-

1912 4102 2053 4156 mini
2100 4118 2223 4156 esse
2278 4100 2609 4162 nescientes,
2661 4118 2885 4157 comam
2943 4103 3347 4174 deposuerunt,
3416 4102 3476 4157 in
3545 4119 3613 4157 eo

1912 4191 2063 4262 quod
2105 4194 2404 4260 cmperunt
2451 4207 2814 4261 perseverare
2860 4196 3156 4262 cogantur.
3199 4193 3310 4246 Res
3358 4208 3609 4263 namque

1913 4295 2040 4349 quae
2069 4278 2139 4332 ab
2196 4278 2400 4332 illectis
2427 4284 2483 4331 et
2532 4279 2960 4349 negligentibus
3011 4282 3179 4348 datae,
3213 4281 3283 4335 ab
3336 4280 3520 4334 avaris
3557 4284 3616 4334 et

1915 4366 2339 4437 negligentibus
2367 4383 2481 4420 non
2512 4368 2700 4421 solum
2734 4373 2978 4438 acceptae
3011 4369 3109 4422 sed
3158 4374 3337 4438 rapta:
3372 4383 3616 4422 noscun-

1909 4461 2025 4524 tur,
2054 4455 2379 4509 haeredibus
2426 4455 2757 4521 reddantur,
2811 4456 2911 4526 qui
2944 4457 3237 4510 dementia
3282 4463 3609 4526 parentum,

1911 4542 2145 4597 avaritia
2189 4542 2551 4595 incentorum
2599 4543 2944 4595 exheeredati
3002 4559 3123 4596 esse
3165 4548 3499 4596 noscuntur.
3555 4543 3615 4598 Si

1910 4646 2041 4683 vero
2100 4629 2488 4683 nescientibus
2538 4629 2819 4700 episcopis
2845 4636 2942 4683 aut
2990 4630 3310 4693 abbatibus,
3361 4630 3613 4685 ministri

1910 4734 2133 4784 eorum,
2159 4718 2404 4787 quilibet
2449 4716 2715 4771 videlicet
2756 4717 2814 4770 in
2849 4717 3021 4783 clero,
3070 4718 3178 4771 hoc
3227 4718 3425 4773 fecisse
3470 4735 3611 4773 con-

1908 4807 2234 4872 vincuntur,
2289 4805 2541 4875 episcopi
2590 4810 2645 4859 et
2693 4805 2947 4872 abbates,
2996 4807 3265 4861 desidia:
3330 4808 3416 4862 illi
3480 4824 3613 4862 vero

1907 4895 2217 4965 rapacitate
2275 4899 2331 4947 et
2386 4893 2642 4962 avaritia,
2698 4895 3051 4965 judicentur.
3112 4897 3228 4950 Hoc
3263 4913 3395 4951 vero
3459 4898 3610 4968 quod

1909 4983 2036 5054 quis
2064 4985 2180 5037 Deo
2212 4982 2366 5051 juste
2392 4986 2449 5036 et
2480 4982 2899 5037 rationabiliter
2946 4985 3015 5039 de
3049 4986 3220 5040 rebus
3271 4984 3388 5040 suis
3426 4985 3613 5052 offert,

1910 5071 2150 5125 ﬁrmiter
2185 5071 2429 5124 Ecclesia
2455 5076 2651 5125 tenere
2683 5071 2870 5126 debet.

1910 5177 2038 5233 Car.
2074 5176 2252 5231 XCIV.
2286 5207 2355 5216 —
2389 5179 2455 5231 Ut
2485 5177 2763 5231 abbatissa
2793 5194 3049 5247 magnam
3090 5194 3284 5234 curam
3328 5180 3522 5234 habeat
3552 5179 3617 5233 de

2478 5253 2887 5316 congregatione
2925 5265 3045 5303 sua.

1983 5336 2096 5405 (Ea:
2128 5337 2331 5404 eodem,
2369 5354 2485 5405 cap.
2514 5337 2627 5407 26.)
2677 5338 2974 5391 Abbatissa
3023 5337 3359 5406 diligentem
3407 5337 3617 5391 habeat

1913 5440 2110 5478 curam
2144 5425 2213 5478 de
2244 5426 2718 5495 congregratione
2741 5425 2848 5478 sibi
2879 5424 3204 5489 commissa,
3239 5430 3294 5478 et
3320 5425 3617 5495 provideat

1910 5518 1976 5565 ut
2008 5513 2067 5565 in
2103 5513 2345 5565 lectione
2376 5518 2432 5566 et
2477 5513 2537 5565 in
2569 5512 2780 5575 officio,
2841 5515 2896 5564 et
2927 5510 2984 5563 in
3025 5510 3415 5565 modulatione
3463 5515 3618 5583 psal-

1911 5614 2141 5652 morum
2165 5600 2304 5670 ipsae
2356 5598 2824 5654 sanctimoniales
2856 5603 3105 5652 strenua;
3154 5599 3286 5667 sint,
3315 5604 3372 5654 et
3412 5600 3471 5655 in
3500 5617 3619 5655 om-

3224 5714 3306 5770 26
