3966 6398
345 321 441 374 811
1415 308 1819 365 BURCHARDI
1856 309 2393 366 WORMACIENSIS
2434 309 2768 366 EPISCOPI.

3749 313 3857 366 812

343 438 515 492 nibus
535 435 805 506 operibus
823 431 990 487 bonis
1017 431 1113 484 illa
1131 429 1210 484 eis
1238 430 1507 484 ducatum
1535 429 1811 499 praebeat,
1846 431 2040 498 utpote
2074 432 2120 484 Α
2159 445 2345 483 serere
2371 429 2604 499 poterit,
2649 428 2743 482 sed
2793 427 2840 481 si
2891 427 3231 492 discesserit,
3277 427 3605 484 reducatur.
3639 430 3699 486 Si
3725 435 3866 485 ton-

344 543 450 597 pro
498 523 798 578 animabus
820 537 1016 575 earum
1051 519 1332 573 rationem
1373 518 1669 572 redditura
1711 518 1770 570 in
1813 532 2048 586 conspe-

345 621 436 668 ctu
471 612 700 668 Domini
735 627 747 664 :
795 615 850 663 et
889 609 1173 680 stipendia
1221 606 1749 660 sanctimonialibus
1793 605 2048 676 praebeat

346 701 683 766 necessaria,
735 715 804 752 ne
844 699 990 752 forte
1034 713 1138 767 per
1177 695 1558 767 indigentiam
1607 695 1719 748 cibi
1751 699 1849 748 aut
1879 700 2046 764 potus

344 806 579 862 peccare
606 787 1044 858 compellantur.

346 897 472 951 Car.
505 894 656 950 XCV.
699 923 768 931 ——
814 894 880 946 Ut
909 890 1346 946 sanctimoniales
1373 889 1432 941 in
1463 887 1710 942 domibus
1773 888 1886 941 suis
1927 902 2045 940 cum

415 965 694 1034 aliquibus
732 965 986 1017 masculis
1036 960 1367 1014 manducare
1406 960 1487 1014 vel
1531 959 1708 1012 bibere
1750 973 1856 1012 non
1911 973 2048 1026 prae-

573 1053 648 1088 ηε.

573 1053 588 1086 1
637 1076 648 1088 .

413 1040 761 1194 :iligaebtdcm,
814 1136 934 1190 cap.
980 1121 1098 1188 27.)
1148 1119 1270 1172 Non
1327 1117 1535 1172 debere
1585 1115 2046 1170 sanctimoniales

341 1212 404 1267 in
458 1209 708 1283 propriis
761 1208 1157 1263 mansionibus
1209 1222 1337 1260 cum
1404 1205 1693 1277 aliquibus
1755 1203 2042 1269 masculis,

339 1299 559 1354 clericis
637 1297 754 1351 sive
825 1297 984 1350 laicis
1053 1294 1496 1365 consanguineis
1569 1295 1684 1348 sive
1763 1292 2045 1346 extraneis

341 1388 540 1444 bibere
589 1386 707 1440 sive
750 1385 1051 1439 comedere
1086 1400 1098 1438 :
1133 1383 1230 1438 sed
1281 1383 1328 1437 si
1377 1383 1606 1453 quando
1651 1382 1710 1437 id
1757 1383 2042 1452 agendum

341 1483 447 1538 est,
472 1476 531 1530 in
590 1473 876 1528 auditorio
907 1479 1132 1543 agatur,
1186 1475 1242 1525 et
1288 1487 1419 1525 cum
1469 1472 1626 1526 nullo
1668 1471 1921 1524 masculo
1963 1469 2043 1523 eis

339 1563 692 1635 colloquium
723 1563 933 1617 habere
964 1561 1150 1627 liceat,
1184 1559 1294 1614 nisi
1327 1559 1386 1613 in
1426 1559 1735 1626 auditorio,
1759 1564 1815 1613 et
1843 1558 1924 1613 ibi
1954 1575 2044 1612 co-

339 1670 462 1708 ram
489 1653 731 1706 testibus
761 1651 1005 1706 idoneis.

339 1743 467 1797 CAP.
507 1741 682 1796 XCVI.
713 1771 781 1780 --
814 1741 1064 1863 Qualitetr
1109 1738 1373 1878 ἱηιῧίῃηιιε
1416 1737 1584 1791 abbas
1625 1752 1658 1790 a
1682 1751 1777 1791 suo
1819 1751 2036 1806 separe-

1049 1825 1115 1863 ur
1145 1825 1174 1863 Ο
1251 1825 1349 1862 σεο.

1049 1825 1115 1863 ur
1145 1825 1349 1863 omcto.

410 1902 531 1972 (Em
576 1901 764 1954 concil.
821 1898 1036 1952 Tribur.
1102 1899 1190 1951 cui
1239 1897 1495 1962 interfuit
1551 1911 1649 1949 rem
1701 1895 2036 1964 Arnolphus,

337 2007 457 2060 cap.
498 1993 606 2056 15.)
649 1989 705 2043 Si
763 1987 889 2058 quis
939 1991 1130 2040 autem
1190 1985 1364 2038 abbas
1406 1989 1605 2038 cautus
1644 1984 1703 2037 in
1757 1983 2038 2053 regimine

343 2084 399 2132 et
426 2077 681 2143 humilis,
735 2081 918 2129 castus
970 2074 1329 2143 sobriusque,
1362 2073 1705 2135 misericors,
1761 2072 2038 2126 discretus

342 2183 460 2222 non
514 2165 706 2231 fuerit,
761 2179 824 2217 ac
875 2163 1068 2217 divina
1098 2168 1383 2232 praecepta
1433 2161 1619 2214 verbis
1655 2166 1712 2215 et
1768 2160 2041 2230 exemplis

343 2271 459 2308 non
491 2251 825 2318 ostenderit,
862 2251 932 2304 ab
980 2250 1245 2320 episcopo
1294 2249 1553 2319 in'cujus
1584 2249 1873 2303 territorio
1904 2264 2039 2302 con-

343 2343 509 2409 sistit,
544 2346 601 2395 et
630 2357 660 2394 a
707 2339 906 2393 vicinis
939 2339 1237 2392 abbatibus
1277 2343 1333 2391 et
1361 2338 1580 2391 caateris
1614 2339 1790 2391 Deum
1831 2337 2040 2391 timen-

340 2432 496 2484 tibus
525 2446 658 2483 suos
689 2433 949 2482 arceatur
980 2429 1221 2492 honore,
1261 2426 1434 2480 etiam
1484 2425 1531 2478 si
1565 2425 1753 2479 omnis
1799 2441 2038 2495 congre-

341 2519 526 2588 gratio
568 2517 722 2572 vitiis
771 2515 888 2570 suis
931 2515 1293 2570 consentiens
1340 2515 1601 2569 abbatem
1650 2530 1782 2568 eum
1831 2513 2040 2568 habere

340 2607 602 2662 voluerit.

340 2696 468 2752 CAP.
501 2695 704 2751 XCVII.
765 2723 834 2734 —
865 2696 939 2748 De
959 2693 1168 2747 clericis
1218 2693 1315 2760 qui
1343 2696 1590 2746 tonsuras
1637 2691 1964 2758 dimiserint,
1991 2695 2042 2745 et

906 2779 1102 2818 umores
1149 2766 1471 2832 acceperint.

415 2855 528 2924 (Em
549 2854 731 2910 eodem
755 2853 965 2918 concil.,
993 2856 1258 2920 prasente
1291 2850 1575 2920 Arnolpho
1605 2865 1748 2918 rege,
1773 2865 1893 2919 cap.
1932 2851 2037 2918 l6.)

2159 534 2352 572 suram
2389 517 2690 583 dimiserit,
2724 533 2953 570 rursum
2988 517 3313 583 tondeatur,
3345 533 3583 572 uxorem
3615 519 3663 573 si
3696 537 3862 574 usur-

2157 607 2394 677 paverit,
2429 605 2718 659 dimittere
2749 607 3148 675 compellatur.

2158 713 2284 766 CAP.
2310 713 2542 767 XCVIII.
2579 742 2646 752 —
2679 715 2755 766 De
2780 713 2974 780 puellis
3007 727 3124 779 qua?
3154 727 3208 766 se
3231 717 3356 766 ante
3385 713 3653 779 legitimos
3689 731 3863 770 annos

2402 799 2504 837 sua
2532 787 2721 851 sponte
2757 799 2923 836 sacra:
2967 785 3218 850 religioni
3254 784 3605 839 tradiderint.

2227 869 2364 936 (Ere.
2407 869 2607 936 eodem,
2647 884 2768 937 cap.
2807 872 2916 935 17.)
2958 869 3153 922 Puella
3185 868 3231 921 si
3266 875 3397 922 ante
3428 871 3731 926 duodecim
3761 889 3866 928 an-

2154 973 2260 1012 nos
2289 958 2474 1010 aetatis
2499 963 2702 1027 sponte
2751 974 2855 1010 sua
2881 973 3102 1011 sacrum
3154 957 3260 1011 sibi
3293 960 3555 1014 velamen
3595 962 3862 1028 assumit,

2154 1050 2394 1116 possunt
2441 1045 2633 1100 statim
2664 1051 2930 1116 parentes
2961 1047 3047 1100 vel
3102 1051 3321 1099 tutores
3367 1049 3490 1116 ejus
3536 1048 3590 1101 id
3643 1047 3866 1102 factum

2154 1135 2384 1188 irritum
2416 1133 2622 1199 facere,
2657 1135 2702 1188 si
2729 1134 2948 1188 volunt.
2979 1136 3050 1188 At
3087 1134 3133 1187 si
3164 1150 3381 1188 annum
3405 1143 3460 1188 et
3485 1135 3637 1189 diem
3663 1136 3721 1189 id
3755 1136 3867 1189 dis-

2154 1221 2479 1278 simulando
2524 1222 2937 1289 consenserint,
2989 1222 3228 1276 ulterius
3279 1239 3384 1276 nec
3439 1223 3580 1294 ipsa,
3642 1241 3746 1278 nec
3777 1224 3866 1277 illi

2155 1313 2378 1364 mutare
2409 1310 2516 1364 hoc
2537 1316 2828 1380 poterunt.
2862 1313 3038 1364 Porro
3061 1310 3107 1364 si
3133 1311 3191 1364 in
3218 1311 3444 1365 fortiori
3473 1317 3638 1366 aetate
3673 1329 3707 1366 a
3750 1313 3864 1366 do-

2153 1399 2480 1467 lescentula,
2543 1402 2628 1454 vel
2699 1400 3028 1454 adolescens
3093 1401 3303 1454 servire
3371 1401 3486 1454 Deo
3554 1401 3862 1472 elegerint,

2153 1504 2270 1541 non
2301 1493 2384 1542 est
2417 1492 2665 1559 potestas
2693 1488 3032 1559 parentibus
3062 1488 3168 1543 hoc
3189 1489 3551 1559 prohibendi.

2153 1596 2280 1650 CAP.
2309 1596 2482 1649 XCIX.
2511 1625 2580 1635 —
2607 1599 2678 1649 De
2704 1597 2798 1650 illo
2825 1599 2922 1665 qui
2949 1595 3148 1665 ﬁlium,
3173 1601 3267 1649 aut
3295 1603 3526 1666 neptem,
3548 1598 3631 1650 vel
3655 1613 3862 1666 paren-

2352 1671 2453 1719 tem
2482 1682 2638 1720 suam
2668 1671 2771 1720 Deo
2803 1671 3154 1735 omnipotenti
3193 1668 3380 1735 offerri
3406 1671 3654 1722 voluerit.

2221 1753 2339 1822 (Ea:
2385 1755 2584 1822 eodem,
2645 1770 2765 1824 cap.
2822 1755 2900 1821 6.)
2930 1755 3268 1826 Quicunque
3316 1756 3493 1810 tiliam
3525 1772 3709 1822 suam,
3759 1760 3867 1810 aut

2147 1847 2404 1911 neptem,
2430 1843 2514 1896 vel
2549 1849 2844 1913 parentem
2881 1846 2992 1898 Deo
3024 1845 3408 1914 omnipotenti
3438 1845 3629 1899 offerri
3658 1846 3862 1899 volue-

2151 1930 2243 1996 rit,
2304 1930 2591 1984 licentiam
2649 1931 2904 1986 habeat:
2954 1933 3042 1985 sin
3097 1938 3312 1998 autem,
3359 1933 3546 1988 virum
3594 1935 3860 2004 accipiat,

2151 2018 2305 2072 domi
2339 2018 2582 2072 infantes
2614 2035 2744 2073 suos
2798 2021 3035 2089 nutriat,
3077 2025 3133 2074 et
3177 2037 3295 2074 non
3330 2021 3499 2074 aliam
3555 2021 3706 2076 infra
3741 2037 3867 2075 mo-

2150 2107 2464 2160 nasterium
2515 2109 2740 2162 mittere
2789 2108 3084 2163 nutriendi
3139 2109 3325 2179 gratia
3363 2115 3692 2179 praesumat,
3747 2110 3863 2163 nisi

2151 2209 2278 2248 eam
2327 2211 2498 2266 quam
2529 2196 2772 2250 tirmiter
2798 2197 2854 2249 in
2886 2196 3011 2266 ipso
3054 2197 3197 2262 loco,
3231 2197 3290 2250 in
3323 2196 3422 2250 Dei
3457 2197 3686 2251 servitio
3723 2214 3864 2268 per-

2151 2299 2410 2338 severare
2443 2285 2702 2351 voluerit,
2739 2287 3053 2340 secundum
3086 2285 3346 2340 instituta
3390 2292 3718 2340 sanctorum
3751 2288 3865 2341 Pa-

2151 2377 2326 2440 trum,
2358 2389 2458 2427 seu
2489 2373 2805 2428 secundum
2836 2375 3169 2428 canonicam
3221 2375 3637 2428 auctoritatem.

2625 2480 2754 2535 CAP.
2789 2481 2847 2536 C.
2882 2513 2950 2520 —
2980 2483 3053 2535 De
3076 2482 3262 2535 eadem
3287 2497 3364 2534 re.

2225 2586 2330 2654 (Ea:
2357 2585 2556 2652 eodem,
2599 2602 2717 2656 cap.
2752 2587 2826 2656 7.)
2877 2587 3125 2642 Omnino
3177 2588 3571 2658 prohibemus,
3618 2592 3678 2642 ut
3725 2588 3863 2642 nul-

2151 2674 2242 2728 lus
2271 2674 2454 2728 tilium
2477 2681 2575 2728 aut
2603 2681 2894 2745 nepotem,
2925 2677 3012 2729 vel
3045 2682 3343 2747 parentem
3381 2693 3550 2732 suum
3579 2676 3638 2730 in
3661 2692 3863 2730 mona-

2162 2762 2337 2816 sterio
2369 2765 2688 2834 puellarum
2727 2764 2798 2818 ad
2827 2765 3203 2818 nutriendum
3255 2765 3662 2819 commendare
3708 2781 3864 2836 pra!-

2160 2856 2371 2918 sumat,
2400 2868 2504 2906 nec
2533 2853 2840 2924 quisquam
2862 2853 3024 2907 illum
3055 2852 3137 2907 ibi
3165 2854 3452 2924 suscipere
3481 2853 3708 2908 audeat.

341 2943 590 2999 Clericus
649 2941 696 2995 εί
746 2946 986 2994 tonsura
1042 2939 1276 3051 dimi”?
1326 2954 1562 2992 "xorem
1607 2937 1905 3051 θεοθῐδξπίίν
1941 2937 2039 3051 Eni
2074 2995 2113 3051 ρ
2153 2957 2280 3012 CAP.
2316 2957 2401 3011 CI.
2436 2987 2504 3000 -—
2534 2961 2605 3012 De
2635 2958 2828 3012 abbate
2859 2961 2957 3028 qui
2984 2960 3235 3051 .feminas
3279 2962 3336 3012 in
3381 2961 3710 3013 monasterio
3757 2973 3859 3014 suo

350 3033 434 3051 __,,!
463 3033 568 3051 l-_-
604 3031 667 3051 ,ΖΔ
704 3029 816 3051 -ἷ..-
858 3028 1030 3051 ....,-.Ῑ.-
1067 3043 1167 3051 ...Α-
1200 3043 1224 3051 λ
1300 3027 1708 3051 ...ιι-..ιιιιιΑ-ζ..-ιη
1748 3043 1772 3051 Α
1805 3026 1934 3051 2--.Α
2009 3043 2034 3051 .-
2520 3032 2659 3051 ο--ι;-
2682 3033 2838 3051 .⁹Δ-Α--
2879 3032 2973 3051 -.1.
3015 3046 3134 3051 _-___._
3162 3033 3464 3051 ._-..--A_'---..'A

342 3033 576 3104 quidem
601 3031 672 3084 sit
701 3029 822 3083 sine
853 3028 1033 3099 gradu
1067 3043 1169 3081 nec
1198 3027 1264 3080 ad
1299 3027 1711 3080 monasterium
1746 3026 1979 3097 aliquod
2007 3043 2041 3080 a

337 3120 674 3190 parentibus
730 3117 996 3181 traditus,
1037 3117 1084 3168 si
1136 3131 1368 3169 uxorem
1408 3115 1618 3168 habere
1666 3114 2043 3186 permittitur,

338 3209 549 3263 iterum
598 3205 823 3260 tonderi
858 3209 1114 3275 cogatur,
1173 3219 1275 3256 nec
1321 3203 1382 3257 in
1423 3203 1538 3256 vita
1591 3219 1692 3256 sua
1748 3207 2043 3258 tonsuram

339 3297 632 3367 negligere
655 3295 881 3348 audeat.
924 3294 1102 3356 Quem
1136 3295 1326 3345 autem
1367 3291 1767 3360 progenitores
1800 3292 1869 3345 ad
1921 3308 2040 3347 mo-

339 3385 657 3440 nasterium
698 3381 1079 3446 tradiderunt,
1112 3384 1170 3434 et
1191 3380 1269 3432 "in
1310 3379 1558 3432 Ecclesia
1587 3379 1760 3449 coepit
1791 3386 2041 3448 cantare,

339 3480 396 3529 et
423 3475 635 3545 legere,
669 3487 774 3526 nec
811 3485 1049 3524 uxorem
1081 3469 1309 3534 ducere,
1360 3484 1464 3522 nec
1489 3467 1905 3523 monasterium
1951 3469 2044 3524 de-

2514 3032 2838 3096 festit-itates
2872 3030 3135 3083 celebrare
3157 3033 3483 3098 permiserit.

2229 3117 2340 3186 (Ea:
2381 3119 2601 3172 concilio
2637 3118 2880 3188 Urbico.)
2909 3118 2965 3172 Si
3018 3119 3192 3171 abbas
3223 3120 3521 3172 mulierem
3571 3119 3627 3172 in
3661 3135 3862 3174 mona-

2154 3205 2393 3258 sterium
2454 3221 2620 3258 suum
2675 3205 2900 3275 ingredi
2957 3205 3302 3275 permiserit,
3365 3211 3461 3258 aut
3517 3205 3861 3261 festivitates

2155 3294 2373 3365 aliquas
2419 3294 2634 3348 ibidem
2693 3298 2968 3365 spectare,
3031 3294 3215 3349 tribus
3283 3295 3574 3348 mensibus
3631 3295 3691 3348 in
3741 3297 3859 3351 alio

2153 3383 2501 3438 monasterio
2530 3383 2876 3450 retrudatur,
2910 3399 3055 3454 pane
3087 3388 3142 3437 et
3180 3399 3328 3454 aqua
3356 3387 3580 3437 tantum
3615 3389 3861 3439 conten—

2153 3476 2264 3526 tus.

1751 3572 1926 3614 FINIS
1972 3574 2148 3614 LIBRI
2189 3575 2444 3615 OCTAVI.

1230 3747 1527 3820 INDEX
1601 3747 2292 3822 CAPITULORUM
2370 3749 2625 3822 LIBRI
2705 3750 2966 3824 NONI.

340 3891 466 3946 CAP.
497 3891 540 3944 Ι.
573 3888 738 3953 Quod
784 3886 939 3941 aliud
965 3885 1038 3939 sit
1092 3900 1253 3950 uxor,
1303 3884 1458 3938 aliud
1514 3883 1851 3951 concubina,
1930 3899 2029 3938 nec

412 3981 566 4033 erret
595 3975 856 4049 quisquis
900 3974 1078 4029 filiam
1125 3988 1287 4028 suam
1317 3973 1378 4026 in
1418 3971 1854 4026 matrimonium
1897 3987 2030 4027 con-

411 4066 679 4121 cubinam
709 4062 946 4119 habenti
966 4061 1288 4116 tradiderit.

340 4158 392 4209 2.
418 4155 610 4218 Qualis
635 4168 780 4207 uxor
804 4149 1060 4220 legitima
1095 4165 1215 4203 esse
1243 4148 1466 4203 debeat.

343 4249 390 4299 3.
422 4244 492 4297 Ut
512 4243 702 4295 nullus
731 4240 947 4294 occulte
976 4237 1205 4308 nuptias
1234 4235 1500 4290 celebret.

338 4333 390 4386 4.
427 4332 547 4396 Quo
572 4336 829 4400 tempore
861 4326 1078 4396 nuptiae
1109 4324 1461 4380 celebrandae
1493 4323 1626 4379 sint.

341 4424 392 4476 5.
449 4419 702 4484 Qualiter
755 4415 1170 4472 benedicantur
1249 4431 1283 4468 a
1337 4413 1626 4468 sacerdote
1684 4427 1928 4483 sponsus
1980 4415 2036 4466 ct

410 4525 639 4580 sponsa.

339 4603 391 4654 6.
425 4600 496 4652 Ut
520 4597 744 4650 nullum
779 4591 1116 4664 conjugium
1146 4591 1268 4644 sine
1291 4590 1422 4644 dote
1453 4589 1572 4643 ﬁat.

336 4693 389 4742 7.
421 4688 490 4741 Ut
540 4700 782 4756 sponsus
813 4687 870 4737 et
924 4697 1134 4752 sponsa
1193 4685 1327 4734 ante
1385 4679 1617 4749 nuptias
1665 4693 1699 4732 a
1741 4677 2035 4732 sacerdote

407 4775 834 4829 benedicentur.

337 4869 390 4920 8.
429 4867 503 4918 De
528 4864 714 4935 primo
747 4859 1038 4931 conjugio.

336 4956 388 5009 9.
425 4952 586 5016 Quod
642 4951 734 5006 vir
763 4949 944 5003 fidelis
1001 4965 1034 5001 a
1068 4945 1308 5000 muliere
1353 4943 1572 5000 infideli
1630 4943 1882 5015 separari
1918 4959 2034 4998 non

405 5042 628 5096 debeaL

339 5133 421 5186 10.
457 5131 526 5184 Ut
555 5128 614 5181 in
646 5124 1097 5182 Christianorum
1125 5121 1342 5192 nuptiis
1383 5137 1495 5174 non
1529 5120 1784 5176 saltetur.

335 5221 416 5272 11.
451 5217 519 5271 Ut
550 5215 777 5269 viduam
811 5230 980 5267 nemo
1011 5212 1233 5265 furatur
1262 5210 1322 5264 in
1351 5225 1606 5262 uxorem.

331 5309 414 5361 l2.
455 5303 828 5373 Utvirgiuem
865 5316 1036 5354 nemo
1067 5299 1290 5352 furatur
1328 5297 1388 5351 in
1422 5311 1678 5350 uxorem.

332 5398 417 5450 13.
458 5397 532 5448 De
559 5394 782 5464 virgine
818 5393 898 5445 vel
933 5391 1105 5442 Vidua
1137 5388 1341 5442 furata.

335 5482 417 5538 14.
454 5483 531 5536 De
557 5480 874 5553 virginibus
904 5493 1034 5549 qua:
1061 5475 1450 5548 virginitatem
1491 5477 1624 5528 ante
1653 5471 1884 5544 nuptias
1916 5489 2034 5530 non

401 5570 794 5626 custodierint.

2150 3890 2230 3940 l5.
2266 3887 2423 3951 Quod
2460 3887 2602 3940 nulli
2633 3886 2798 3941 liceat
2817 3888 3168 3943 concubinas
3198 3889 3428 3944 habere.

2145 3977 2229 4028 16.
2268 3976 2344 4029 De
2375 3975 2487 4028 illis
2514 3975 2610 4046 qui
2646 3981 2776 4030 ante
2805 3976 3033 4047 nuptias
3065 3979 3412 4034 concubinas
3438 3977 3765 4034 habuerint.

2146 4066 2230 4117 l7.
2263 4063 2404 4117 Item
2439 4063 2507 4118 de
2547 4064 2898 4118 concubinis.

2143 4155 2228 4206 18.
2265 4153 2343 4206 De
2369 4151 2591 4220 ancilla,
2627 4151 2674 4205 si
2732 4153 2969 4224 proprio
2997 4154 3235 4208 domino
3281 4171 3385 4209 suo
3434 4154 3693 4226 legitime
3723 4155 3853 4211 fieri

2215 4241 2414 4310 possit.

2070 4346 2111 4399 ι)
2149 4331 2231 4383 19.
2268 4331 2345 4383 De
2373 4328 2470 4382 illo
2502 4327 2600 4400 qui
2649 4344 2872 4384 servum
2917 4347 3084 4386 suum
3131 4335 3187 4386 et
3235 4331 3502 4387 ancillam
3523 4333 3592 4388 in
3649 4334 3849 4389 matri-

2219 4417 2476 4471 monium
2499 4416 2880 4485 conjunxerit.

2149 4507 2237 4560 20.
2274 4506 2352 4560 De
2382 4504 2742 4560 multinubis.

2147 4597 2235 4648 2t.
2270 4593 2432 4657 Quod
2461 4593 2710 4646 secunda
2745 4593 3013 4664 conjugia
3056 4595 3425 4649 saecularibus
3474 4612 3594 4650 non
3640 4611 3852 4667 negen-

2217 4682 2332 4744 tur,
2362 4678 2571 4748 quibus
2602 4683 2796 4732 tamen
2823 4679 2892 4733 ad
2938 4681 3154 4733 clerum
3188 4679 3429 4733 minime
3480 4679 3672 4732 venire
3720 4697 3854 4738 con-

2218 4765 2459 4819 ceditur.

2145 4854 2233 4906 22.
2273 4854 2347 4907 De
2373 4853 2485 4906 illis
2518 4853 2616 4924 qui
2641 4854 2700 4908 in
2726 4853 3006 4924 plurimas
3041 4854 3268 4925 nuptias
3302 4853 3651 4910 inciderunt.

2146 4943 2232 4994 23.
2269 4941 2346 4994 De
2377 4942 2486 4995 illis
2520 4942 2620 5012 qui
2651 4943 2818 4996 tertio
2848 4943 3079 5013 nuptias
3109 4941 3543 4997 celebraverint.

2145 5030 2234 5083 24.
2272 5031 2347 5084 De
2379 5031 2644 5101 bigamis.

2145 5121 2231 5173 25.
2271 5120 2346 5172 De
2374 5136 2615 5174 numero
2648 5121 3007 5175 maritorum.

2145 5209 2231 5262 26.
2265 5209 2340 5262 De
2363 5209 2614 5279 ingenuo
2647 5210 2906 5277 homine,
2941 5209 2986 5262 si
3042 5209 3278 5262 alterius
3311 5208 3578 5262 ancillam
3617 5225 3723 5279 pro
3763 5210 3847 5264 in-

2216 5313 2423 5365 genua,
2454 5299 2755 5368 acceperit,
2799 5304 2855 5352 et
2885 5303 3013 5368 post
3042 5299 3307 5352 ancillam
3358 5314 3484 5352 eam
3515 5314 3634 5352 esse
3681 5299 3846 5353 intel-

2214 5384 2440 5440 lexerit.

2146 5475 2232 5526 27.
2269 5474 2347 5528 De
2377 5473 2591 5530 femina
2621 5474 2895 5547 ingenua,
2924 5474 2972 5529 si
3025 5490 3251 5529 servum
3301 5474 3576 5528 maritum
3619 5489 3843 5544 accepe-

2215 5561 2308 5616 rit.
