3966 6410
83 352 193 403 813

1124 346 1598 403 ΒΕΟΒΕΤΟΒΗΜ
1642 349 1827 405 LIBRI
1864 348 1972 405 XX.
2014 378 2086 389 —
2124 348 2334 404 LIBER
2373 347 2621 405 NONUS.

3523 355 3627 408 814

84 476 173 526 28.
215 473 305 526 De
339 470 602 541 legitime
634 469 979 541 conjunctis,
1022 469 1067 523 si
1100 470 1245 523 alter
1273 470 1508 525 illorum
1539 471 1597 526 in
1629 488 1822 526 amen-
1851 473 1894 526 Α
1937 470 2074 537 rint,
2128 471 2284 525 velut
2330 470 2546 541 impiae,
2607 469 2986 526 ecclesiastica
3038 472 3443 529 communione
3500 475 3628 546 pri-

159 560 320 615 tiam
355 560 673 615 devenerit.

84 652 177 702 29.
223 651 310 702 De
347 648 626 718 legitimis
654 647 1040 701 matrimoniis
1070 663 1387 703 servorum.

87 739 178 791 30.
217 737 284 792 Si
319 736 529 790 furiosi
560 735 930 789 matrimonia
960 736 1370 790 contraxerint.

93 830 185 879 31.
224 828 309 879 De
359 825 698 895 desponsata
726 825 940 894 puella,
965 824 1012 878 si
1059 826 1205 880 alter
1251 841 1375 879 eam
1408 824 1468 879 in
1519 824 1815 881 matrimo-

164 914 345 967 nium
380 914 560 983 possit
589 913 867 982 accipere.

95 1006 184 1057 3‘2.
228 1003 313 1055 De
350 1002 441 1055 his
474 1002 575 1073 qui
601 1018 840 1072 sponsas
870 1000 1087 1055 alienas
1130 1001 1381 1072 rapiunt.

93 1093 185 1145 33.
224 1092 310 1144 De
346 1090 437 1144 his
477 1090 578 1161 qui
610 1090 852 1145 feminas
882 1089 1135 1160 rapiunt.

100 1180 191 1234 34.
230 1180 316 1233 De
347 1179 548 1232 eadem
580 1195 660 1233 re.

100 1271 190 1323 35.
230 1269 316 1322 De
348 1268 437 1321 his
468 1268 568 1339 qui
597 1268 829 1339 rapiunt
860 1267 1081 1339 puellas
1110 1265 1216 1321 sub
1246 1265 1483 1321 nomine
1507 1263 1679 1319 simul
1717 1263 1816 1319 ha-

176 1356 432 1411 bitandi.

106 1449 194 1500 36.
236 1447 315 1499 De
353 1445 561 1516 puellis
589 1445 770 1516 raptis
795 1445 1054 1499 nondum
1084 1443 1463 1516 desponsatis.

109 1538 197 1589 37.
234 1535 318 1589 De
347 1535 530 1604 raptis
555 1533 926 1606 desponsatis.

110 1625 197 1677 38.
231 1624 313 1677 De
334 1622 540 1677 eadem
566 1639 646 1677 re.

109 1714 196 1765 39.
234 1712 316 1765 De
361 1712 560 1765 eadem
593 1727 674 1765 re.

103 1802 194 1855 40.
236 1802 318 1854 De
356 1799 473 1853 illis
507 1800 605 1870 qui
638 1799 695 1853 in
752 1798 1121 1853 matrimonio
1167 1802 1301 1851 sunt
1355 1801 1410 1851 et
1437 1795 1817 1851 concumbere

179 1903 303 1941 non
341 1892 605 1958 possunt.

106 1976 196 2029 41.
238 1977 321 2030 De
356 1977 554 2030 eadem
590 1992 669 2031 re.

103 2068 193 2119 4?.
236 2066 314 2119 De
349 2065 551 2119 eadem
583 2081 661 2120 re.

109 2157 198 2208 43.
233 2154 317 2207 De
348 2154 552 2207 eadem
586 2170 663 2208 re.

109 2242 199 2294 44.
234 2243 317 2295 De
352 2242 558 2295 eadem
591 2258 670 2296 re.

38 2356 39 2361 η
113 2330 200 2382 45.
238 2331 320 2383 De
353 2329 701 2400 conjugatis,
745 2327 845 2399 qui
885 2326 1181 2382 saecularia
1218 2325 1547 2397 relinquere
1600 2325 1822 2381 deside-

182 2422 339 2471 rant.

112 2505 199 2559 46.
235 2506 316 2559 De
349 2504 477 2557 viro
508 2503 608 2575 qui
635 2520 871 2558 uxorem
904 2519 1065 2558 suam
1099 2502 1285 2556 velare
1316 2500 1667 2571 permiserit.

115 2595 200 2645 47.
234 2594 330 2662 ξῡθ
390 2592 654 2658 muliere,
698 2592 743 2645 si
786 2593 909 2647 sine
952 2591 1179 2646 licentia
1209 2589 1315 2644 viri
1355 2590 1441 2643 sui
1485 2590 1675 2642 velum
1717 2588 1825 2642 sibi

187 2680 559 2751 imposuerit.

120 2769 203 2822 48.
243 2771 321 2823 De
375 2771 501 2825 viro
552 2769 653 2841 qui
697 2768 821 2824 sine
875 2769 1064 2824 uxoris
1113 2766 1393 2838 permissu
1447 2768 1825 2819 monasticam

186 2858 365 2913 vitam
400 2859 740 2929 susceperit.

40 2958 45 2963 '
122 2948 203 2997 40.
240 2948 317 3000 De
350 2947 559 3017 regina
586 2946 939 3017 Thietbirga,
973 2962 1102 3017 qua:
1135 2960 1304 2998 causa
1333 2942 1635 3015 religionis
1673 2958 1706 2997 a
1736 2957 1824 2997 re-

191 3034 282 3105 gia
315 3036 603 3106 dignitate
631 3036 919 3091 discedere
950 3035 1227 3088 voluerat.

122 3124 205 3176 50.
241 3124 319 3176 De
366 3124 635 3179 Lothario
682 3141 817 3195 rege
857 3123 959 3195 qui
999 3138 1235 3177 uxorem
1274 3135 1436 3175 suam
1474 3120 1532 3175 in
1572 3118 1829 3174 custodia

188 3212 509 3267 detinebat.

123 3303 205 3355 51.
247 3302 323 3356 De
356 3301 642 3372 singulari
682 3301 992 3356 certamine
1051 3300 1204 3371 quod
1250 3298 1547 3353 Lotbarius
1596 3297 1829 3351 molitus

189 3395 274 3442 est
300 3396 507 3444 contra
535 3391 925 3462 Thietbirgam
949 3405 1187 3444 uxorem
1219 3403 1402 3441 suam.

124 3479 204 3531 52.
239 3479 316 3533 De
348 3480 573 3533 femina
606 3480 676 3535 de
706 3480 986 3535 adulterio
1018 3478 1327 3547 inculpata,
1374 3475 1421 3529 si
1460 3492 1588 3529 cum
1625 3474 1828 3528 marito

190 3566 361 3621 debet
407 3567 555 3622 inire
603 3573 891 3623 certamen
934 3568 1135 3638 legale,
1184 3581 1300 3619 suae
1355 3563 1619 3635 potestati
1668 3562 1830 3634 prius

195 3655 392 3723 debet,
426 3662 536 3711 etc.

132 3744 215 3797 53.
251 3745 329 3799 De
362 3746 566 3800 eadem
599 3762 678 3801 re.

133 3832 211 3885 54.
241 3833 319 3886 De
352 3834 469 3889 illis
502 3835 601 3906 qui
631 3835 690 3889 in
725 3834 865 3889 alias
895 3830 1220 3905 provincias
1259 3828 1513 3900 fugerint
1560 3832 1658 3882 aut
1695 3842 1829 3881 suos

196 3922 453 3976 seniores
486 3923 665 3977 secuti
691 3923 927 3989 fuerint,
965 3926 1021 3976 et
1050 3935 1258 3975 uxores
1298 3934 1430 3973 suas
1481 3916 1638 3971 domi
1694 3916 1827 3970 reli-

200 4011 457 4079 querint.

137 4095 216 4148 55.
262 4098 338 4152 De
377 4100 610 4155 feminis
663 4116 792 4172 quae
851 4097 1032 4170 captis
1088 4096 1244 4163 viris,
1292 4094 1379 4150 vel
1429 4093 1491 4149 in
1534 4091 1827 4165 captivita-

200 4196 332 4261 tem,
365 4202 478 4253 etc.

44 4289 51 4309 '
137 4281 217 4333 56.
250 4282 410 4345 Quod
448 4302 564 4341 non
593 4286 869 4357 probetur
918 4298 1041 4338 esse
1097 4279 1398 4352 culpabilis
1457 4277 1559 4350 qui
1590 4294 1827 4334 uxorem

205 4374 352 4440 capti
378 4374 441 4429 in
470 4373 844 4430 matrimonio
876 4373 1102 4427 videtur
1131 4387 1253 4425 esse
1280 4368 1534 4424 sortitus.

255 4465 324 4518 Ut
356 4465 402 4518 si
445 4463 720 4519 mulieres
763 4463 833 4517 ad
880 4462 1099 4534 priores
1131 4458 1368 4513 maritos
1409 4456 1594 4513 redire
1627 4456 1831 4511 nolue-

2000 559 2201 613 vandae
2234 564 2385 613 sunt.

1930 650 2014 702 58.
2053 649 2121 702 Ut
2145 647 2191 700 si
2221 648 2329 701 viri
2384 648 2454 702 de
2498 648 2824 719 captivitate
2866 648 3131 720 regressi,
3183 649 3630 721 intemperantia

1996 752 2242 791 uxorum
2276 736 2481 791 offensi
2534 753 2650 791 non
2704 737 2938 805 fuerint,
2990 741 3046 792 et
3102 739 3389 793 voluerint
3437 755 3533 793 eas
3567 740 3629 795 in

1998 825 2267 895 conjugio
2298 825 2555 896 recipere
2586 826 2826 880 liberam
2850 826 3098 880 habeant
3132 826 3483 883 facultatem.

1928 917 2015 968 59.
2050 915 2127 968 De
2161 914 2261 968 illo
2283 915 2383 985 qui
2415 915 2474 969 in
2504 914 2844 985 paganismo
2865 931 3099 969 uxorem
3130 932 3293 970 suam
3323 916 3628 974 dimiserit.

1927 1003 2017 1056 60.
2047 1003 2123 1056 De
2156 1002 2466 1073 baptizato,
2504 1003 2551 1057 si
2592 1018 2740 1057 uxor
2778 1004 2901 1074 ejus
2930 1003 3178 1058 inﬁdelis
3204 1005 3463 1060 converti
3514 1022 3627 1061 no-

1999 1091 2194 1145 luerit.

1928 1181 2016 1233 61.
2052 1180 2130 1233 De
2157 1178 2257 1232 illo
2289 1179 2390 1250 qui
2435 1184 2566 1235 ante
2606 1180 2957 1251 baptismum
3002 1178 3305 1236 mulierem
3344 1181 3628 1253 virginem

1999 1270 2316 1337 acceperat.

1927 1356 2016 1411 62.
2052 1356 2131 1410 De
2178 1354 2291 1408 illis
2338 1353 2569 1407 feminis
2619 1370 2749 1425 qua:
2798 1354 2952 1409 nulla
2996 1371 3166 1411 causa
3212 1356 3629 1413 interveniente

2002 1444 2361 1515 reliquerunt
2392 1442 2541 1496 viros
2571 1458 2722 1497 suos.

1930 1535 2020 1590 63.
2056 1534 2132 1587 De
2159 1532 2373 1587 femina
2401 1547 2530 1602 quae
2579 1531 2905 1586 adulterum
2947 1531 3265 1603 reliquerit,
3312 1537 3369 1587 et
3415 1533 3629 1589 adulte-

2001 1637 2130 1675 rum
2157 1620 2459 1691 acceperit.

1931 1710 2018 1764 64.
2046 1710 2208 1774 Quod
2261 1725 2447 1779 neque
2505 1708 2773 1762 dimissus
2813 1709 2883 1763 ab
2920 1725 3117 1776 uxore,
3162 1725 3352 1781 neque
3394 1709 3631 1764 dimissa

2005 1815 2036 1851 a
2065 1797 2273 1851 marito
2297 1798 2700 1868 conjungatur.

1932 1890 2018 1942 65.
2048 1888 2124 1940 De
2158 1887 2255 1940 illo
2285 1886 2385 1957 qui
2423 1886 2647 1939 vivente
2693 1886 2898 1940 marito
2939 1886 3241 1956 conjugem
3268 1886 3421 1941 illius
3463 1886 3632 1942 adul-

2001 1982 2212 2029 terasse
2242 1979 2558 2040 accusatur,
2593 1978 2650 2029 et
2689 1991 2815 2029 eam
2855 1980 2983 2046 post
3020 1976 3143 2046 ejus
3189 1980 3433 2031 mortem
3473 1992 3629 2030 sum-

2001 2063 2187 2136 psisse
2216 2063 2595 2133 dignoscitur.

1933 2156 2017 2208 66.
2058 2154 2133 2207 De
2172 2154 2373 2207 eadem
2406 2168 2486 2206 re.

1933 2246 2018 2297 67.
2064 2243 2141 2295 De
2182 2241 2280 2294 illo
2323 2241 2423 2312 qui
2464 2256 2698 2295 uxorem
2744 2240 2938 2309 habet,
2970 2246 3029 2297 et
3068 2241 3276 2313 saepius
3316 2242 3633 2297 moechatus

2004 2331 2199 2385 fuerit.

1933 2422 2019 2474 68.
2061 2420 2119 2474 Si
2174 2418 2351 2473 laicus
2400 2418 2696 2473 absolutus
2748 2436 2877 2474 cum
2928 2419 3068 2474 laica
3123 2419 3386 2475 absoluta
3429 2436 3634 2491 pecca-

2004 2508 2167 2562 verit.

1936 2600 2022 2651 69.
2062 2597 2136 2650 De
2168 2612 2341 2649 uxore
2375 2611 2500 2665 quae
2527 2594 2753 2649 conscio
2784 2596 2993 2650 marito
3022 2597 3305 2651 mmcliata
3334 2596 3525 2651 fuerit.

1934 2688 2019 2740 70.
2058 2687 2135 2738 De
2168 2684 2287 2737 viro
2314 2699 2551 2737 uxorem
2581 2700 2695 2737 non
2747 2684 3017 2751 habente,
3050 2685 3097 2739 si
3140 2700 3271 2739 cum
3322 2701 3498 2739 uxore
3550 2685 3628 2739 al-

2004 2771 2182 2825 terius
2214 2770 2557 2823 adulterium
2583 2770 3019 2840 perpetraverit.

1936 2864 2023 2916 71.
2069 2862 2144 2915 De
2176 2859 2497 2929 conjugatis
2528 2859 2626 2929 qui
2657 2858 2855 2929 aliqua
2882 2864 3037 2914 certa
3068 2875 3130 2914 re
3160 2859 3465 2914 discidium
3494 2859 3637 2914 fece-

2006 2950 2138 3012 rint,
2178 2954 2241 3003 ut
2269 2947 2457 3017 inupti
2491 2951 2786 3001 maneant.

1857 3046 1898 3101 C
1935 3043 2022 3095 72.
2059 3040 2135 3093 De
2166 3038 2276 3091 illis
2308 3037 2405 3107 qui
2436 3036 2851 3090 interveniente
2885 3036 3125 3105 repudio
3157 3034 3284 3090 aliis
3326 3052 3385 3090 se
3414 3035 3473 3089 in
3509 3052 3632 3090 ma-

2005 3127 2276 3182 trimonio
2308 3125 2722 3196 copulaverint.

1936 3219 2021 3272 73.
2055 3216 2112 3270 Si
2158 3215 2319 3285 cujus
2377 3230 2520 3268 uxor
2571 3217 2943 3283 constuprata
2990 3212 3184 3283 fuerit,
3234 3217 3290 3268 et
3333 3216 3637 3284 propterea

2007 3305 2246 3360 maritus
2279 3304 2517 3373 perdere
2549 3303 2707 3356 illam
2740 3302 3177 3357 macliinaverit.

1938 3395 2025 3449 74.
2062 3395 2137 3448 De
2165 3410 2252 3459 eo,
2278 3392 2325 3447 si
2355 3392 2484 3463 quis
2505 3408 2635 3447 cum
2660 3408 2832 3446 uxore
2856 3392 3114 3459 alterius,
3145 3392 3373 3446 vivente
3399 3408 3488 3458 eo,
3521 3392 3633 3447 for-

2006 3483 2230 3537 nicatus
2262 3481 2454 3535 fuerit.

1937 3574 2024 3627 75.
2063 3573 2137 3625 De
2167 3570 2419 3640 ingenuo
2453 3568 2552 3639 qui
2600 3568 2913 3639 ingenuam
2952 3570 3235 3639 acceperit
3274 3584 3541 3635 uxorem,
3583 3572 3641 3622 et

2007 3664 2206 3730 postea
2236 3674 2295 3711 se
2318 3672 2542 3711 servum
2565 3656 2780 3710 fecerit.

1937 3751 2025 3801 76.
2056 3748 2134 3801 De
2165 3745 2280 3799 illis
2320 3743 2661 3815 conjugatis,
2700 3759 2949 3814 quorum
2981 3743 3137 3814 leges
3194 3742 3435 3798 diversae
3479 3746 3632 3798 sunt.

1937 3841 2025 3890 77.
2061 3836 2171 3890 Cur
2200 3833 2689 3889 communicantes
2726 3832 2836 3886 viri
2868 3848 2999 3887 cum
3049 3830 3322 3886 adulteris
3361 3830 3638 3886 uxoribus

2012 3941 2125 3977 non
2155 3922 2516 3977 conveniant.

1938 4016 2026 4069 78.
2060 4012 2222 4077 Quod
2254 4028 2373 4066 non
2422 4008 2723 4065 conveniat
2770 4008 3127 4065 Christianos
3178 4023 3307 4063 cum
3358 4006 3642 4063 haereticis

2011 4100 2291 4172 nuptialia
2308 4099 2441 4170 jura
2464 4097 2823 4153 contrahere.

1939 4194 2027 4246 79.
2061 4188 2268 4245 Judicii
2296 4186 2666 4243 examinatio.

1943 4281 2031 4334 80.
2065 4277 2357 4349 Separatio
2379 4276 2610 4331 inceste
2636 4274 3040 4345 copulationis.

1944 4370 2033 4422 81.
2067 4364 2476 4423 Reconciliatio
2505 4364 2969 4436 conjugatorum.

1942 4459 2032 4511 82.
2062 4456 2141 4510 De
2172 4455 2375 4510 eadem
2406 4468 2492 4507 re.

1520 4607 1723 4663 Indicis
1744 4608 2104 4676 capitulorum
2144 4609 2289 4675 ﬁnis.
