3966 6406
391 328 494 381 813

1471 325 1878 383 BURCHARDI
1917 324 2450 384 WORMACIENSIS
2486 328 2818 387 EPISCOPI.

3810 338 3931 391 8|6

1644 626 2646 751 BURCHABDI

1386 847 1796 903 ECCLESIAE
1851 845 2482 902 WOBMACIENSIS
2542 845 2916 902 EPISCOPI

713 1046 2068 1195 DECRETORUM
2178 1046 2768 1193 LIBER
2868 1047 3582 1198 NONUS.

1483 1312 1585 1378 DE
1632 1312 1964 1379 FEMINIS
2011 1284 2178 1379 NON
2226 1311 2796 1380 CONSECRATIS.

855 1656 1338 1713 ARGUMENTUM
1384 1655 1584 1709 LIBRI.

466 1746 633 1802 Libro
664 1745 775 1800 hoc
805 1745 874 1800 de
897 1743 1215 1814 virginibus
1245 1748 1303 1797 et
1330 1742 1514 1797 viduis
1538 1743 1650 1797 Deo
1683 1757 1798 1795 non
1830 1741 2113 1809 sacratis,’

394 1836 464 1891 de
491 1851 689 1890 earum
720 1834 1065 1905 raptoribus,
1094 1848 1377 1903 pcenaque
1402 1831 1472 1884 iis
1502 1829 1873 1901 imponenda,
1897 1830 1968 1885 de
2006 1830 2088 1884 le-

395 1924 597 1995 gitimo
632 1921 1022 1988 matrimonio,
1059 1922 1130 1975 de
1160 1919 1463 1990 illegitimo
1494 1918 1805 1974 concubitu
1849 1918 2088 1990 ejusque

393 2012 730 2084 poenitentia
757 2015 1053 2065 tractatur.

396 2102 521 2156 CAP.
546 2101 590 2154 Ι.
622 2130 692 2139 --
728 2098 885 2164 Quod
914 2097 1071 2152 aliud
1119 2098 1191 2151 sit
1228 2111 1387 2161 umor,
1439 2095 1593 2151 aliud
1640 2096 1957 2161 concubina,
1995 2111 2089 2152 nec

466 2175 608 2226 erret
636 2172 887 2240 quisquis
921 2169 1108 2240 filiam
1137 2183 1292 2222 suam
1335 2170 1393 2221 in
1437 2169 1845 2221 matrimonium
1897 2182 2088 2222 concu-

468 2238 661 2296 binam
674 2241 898 2294 habenti
921 2238 1235 2294 tradiderit.

468 2332 577 2396 (Ea:
601 2329 743 2382 deer.
781 2329 972 2382 Leonis
995 2343 1177 2396 papae,
1211 2328 1390 2394 capite
1437 2325 1544 2395 t8.)
1577 2325 1702 2379 Non
1734 2324 1922 2379 omnis
1955 2340 2089 2379 mu-

393 2417 501 2471 lier
529 2417 649 2470 viro
673 2416 872 2485 juncta
902 2430 1046 2469 uxor
1089 2419 1177 2469 est
1222 2413 1348 2481 viri,
1403 2413 1539 2483 quia
1585 2428 1687 2467 nec
1718 2412 1905 2466 omnis
1936 2412 2088 2465 ﬁlius

393 2505 577 2560 haeres
642 2508 727 2557 est
782 2502 980 2574 patris.
1041 2502 1384 2572 Nuptiarum
1445 2506 1640 2555 autem
1678 2501 1894 2555 {cedere
1940 2501 2090 2554 inter

394 2593 680 2663 ingenuos
712 2590 1139 2660 suntlegitima,
1168 2595 1225 2645 et
1256 2589 1406 2643 inter
1434 2590 1684 2659 aequales
1716 2589 1900 2643 multo
1931 2588 2090 2659 prius

394 2682 502 2735 hoc
529 2680 719 2751 ipsum
752 2679 994 2734 Domino
1044 2679 1444 2743 constituente,
1492 2693 1665 2748 quam
1702 2677 1933 2731 initium
1976 2677 2088 2731 Ro-

394 2770 551 2823 mani
598 2768 741 2840 juris
792 2768 1081 2821 existeret.
1133 2768 1333 2838 Itaque
1386 2766 1538 2820 aliud
1589 2769 1673 2819 est
1725 2781 1888 2831 uxor,
1931 2764 2086 2819 aliud

392 2857 730 2923 concubina,
763 2856 911 2910 sicut
940 2857 1093 2910 aliud
1132 2860 1218 2910 est
1255 2855 1483 2921 ancilla,
1525 2853 1679 2908 aliud
1710 2853 1909 2909 libera.
1940 2854 2088 2907 Pro--

389 2949 518 3017 pter
546 2946 699 3017 quod
733 2945 907 2998 etiam
934 2946 1236 3015 Apostolus
1266 2943 1335 2997 ad
1375 2942 1851 2997 manifestandam
1882 2941 2086 2995 harum
2119 2936 2159 2990 Β

388 3048 764 3105 personarum
841 3033 1244 3087 discretionem
1330 3031 1726 3085 testimonium
1792 3029 1957 3099 ponit
2020 3045 2088 3084 ex

389 3122 615 3187 Genesi,
686 3121 784 3175 ubi
849 3120 1056 3174 dicitur
1110 3118 1397 3173 Abrahae:
1472 3119 1621 3188 Ejice
1709 3117 1974 3171 ancillam
2032 3122 2087 3171 et

383 3211 573 3265 ﬁlium
600 3210 723 3279 ejus
758 3225 770 3262 :
801 3224 919 3262 non
951 3208 1103 3261 enim
1146 3208 1329 3260 haeres
1369 3206 1480 3260 erit
1520 3207 1673 3260 iilius
1701 3206 1922 3259 ancillae
1952 3222 2081 3259 cum

385 3297 506 3353 tilio
543 3313 670 3351 meo
721 3296 893 3349 Isaac.
949 3295 1105 3349 Unde
1159 3308 1289 3347 cum
1336 3294 1571 3347 societas
1617 3293 1947 3362 nuptiarum
2006 3293 2086 3347 ita

384 3385 455 3439 ab
488 3384 652 3438 initio
700 3384 1009 3437 constituta
1051 3382 1145 3449 sit,
1197 3386 1262 3435 ut
1307 3386 1519 3451 praeter
1566 3396 1803 3434 sexuum
1849 3381 2086 3451 conjun-

384 3473 633 3527 ctionem
665 3472 901 3526 haberet
925 3471 982 3524 in
1024 3487 1081 3523 se
1111 3470 1317 3525 Christi
1367 3475 1423 3523 et
1464 3468 1729 3523 Ecclesiae
1757 3485 2080 3523 sacramen-

380 3567 527 3627 tum,
558 3560 797 3615 dubium
827 3574 942 3613 non
976 3563 1062 3613 est
1093 3573 1220 3611 eam
1279 3557 1583 3611 mulierem
1625 3572 1739 3610 non
1788 3558 2080 3627 pertinere

380 3649 451 3704 ad
486 3649 939 3713 matrimonium,
971 3647 1032 3700 in
1062 3662 1177 3717 qua
1205 3645 1442 3699 docetur
1470 3644 1730 3714 nuptiale
1762 3661 1880 3699 non
1903 3645 2078 3699 fuisse

383 3739 740 3809 mysterium.
809 3737 993 3807 Igitur
1049 3734 1354 3804 cujuslibet
1400 3734 1510 3787 loci
1558 3733 1753 3800 laicus,
1810 3734 1855 3786 si
1896 3733 2076 3787 tiliam

381 3843 540 3881 suam
566 3827 686 3880 viro
708 3825 942 3879 habenti
963 3823 1343 3877 concubinam
1367 3822 1424 3875 in
1445 3822 1881 3876 matrimonium
1906 3823 2076 3875 dede-

380 3917 476 3982 rit,
504 3932 618 3969 non
650 3915 730 3968 ita
780 3913 1173 3982 accipiendum
1228 3916 1311 3964 est
1375 3910 1538 3981 quasi
1586 3926 1712 3964 eam
1769 3910 2074 3981 conjugato

379 4004 621 4067 dederit,
662 4002 772 4055 nisi
819 4001 966 4055 forte
1013 4001 1112 4054 illa
1150 4000 1359 4053 mulier
1395 4004 1449 4053 et
1496 3999 1751 4068 ingenua
1804 3998 1974 4061 facta,
2019 4002 2076 4052 et

377 4091 570 4145 dotata
606 4090 883 4161 legitime,
918 4094 1005 4143 est
1034 4088 1279 4159 publicis
1299 4087 1515 4157 nuptiis
1552 4086 1849 4140 honestate
1876 4085 2070 4140 videa-

2123 1658 2166 1709 A

2352 1657 2478 1711 Car.
2512 1657 2606 1711 Ill.
2636 1686 2706 1697 —
2739 1659 2805 1713 Ut
2833 1657 3020 1713 nullus
3040 1659 3239 1714 occulte
3261 1664 3486 1730 nuptias
3514 1662 3762 1717 celebret.

2274 1741 2385 1810 (Ea:
2432 1743 2578 1797 decr.
2633 1746 2937 1800 Hormisdas
2987 1763 3170 1818 papae,
3230 1752 3407 1818 capite
3460 1749 3537 1821 6.)
3588 1751 3659 1805 Ut
3711 1751 3930 1805 nullus

2200 1828 2385 1884 fidelis
2436 1832 2829 1904 cujuscunque
2896 1835 3240 1890 conditionis
3299 1837 3372 1891 sit
3423 1840 3608 1894 oculte
3669 1840 3929 1910 nuptias

2199 1918 2388 1986 faciat,
2421 1920 2542 1989 sed,
2572 1920 2968 1978 benedictione
2997 1940 3031 1978 a
3061 1924 3352 1980 sacerdote
3383 1930 3635 1998 accepta,
3671 1928 3929 1999 publice

2200 2007 2380 2062 nubat
2406 2007 2463 2062 in
2496 2009 2757 2065 Domino.

2273 2096 2399 2150 CAP.
2431 2096 2518 2151 ιν.
2551 2128 2619 2137 -
2650 2102 2763 2169 Quo
2789 2103 3021 2167 tempore
3048 2100 3255 2169 nuptiae
3283 2101 3613 2157 celebrandae
3642 2106 3781 2158 sint.

2273 2184 2391 2253 (Ea:
2420 2187 2638 2241 concilio
2685 2188 3011 2253 Ililerdensi,
3065 2204 3187 2258 cap.
3223 2190 3295 2257 3.)
3325 2189 3481 2253 Quod
3550 2207 3666 2245 non
3722 2210 3919 2264 opor-

2200 2276 2317 2327 teat
2376 2290 2408 2326 a
2461 2274 2896 2344 Septuagesima
2933 2292 3115 2347 usque
3154 2277 3215 2331 in
3255 2282 3478 2332 octavas
3537 2280 3793 2348 Paschte,
3859 2288 3959 2355 et,

2200 2360 2380 2415 tribus
2410 2362 2862 2417 hebdomadibus
2893 2369 3023 2418 ante
3056 2365 3417 2419 festivitatem
3452 2368 3631 2421 sancti
3661 2370 3919 2425 Joannis

2206 2449 2485 2519 Baptistae,
2521 2452 2675 2505 etab
2704 2452 2967 2507 Adventu
3001 2454 3227 2507 Domini
3260 2471 3441 2526 usque
3470 2464 3603 2526 post
3645 2459 3916 2529 Epipha-

2200 2541 2357 2593 niam
2387 2539 2615 2610 nuptias
2646 2540 2945 2596 celebrare.
2980 2542 3140 2606 Quod
3171 2543 3217 2596 si
3249 2542 3464 2598 factum
3495 2546 3690 2615 fuerit,
3725 2563 3916 2617 sepa-

2202 2632 2422 2682 rentur.

2158 2770 2161 2773 .
2201 2715 2331 2770 Car.
2365 2715 2428 2770 V.
2464 2746 2530 2756 —
2562 2717 2811 2782 Qualiter
2866 2717 3248 2773 benedicuntur
3286 2736 3321 2774 a
3359 2722 3633 2778 sacerdote
3670 2738 3917 2793 sponsus

2905 2794 2955 2842 et
2984 2805 3201 2844 Sponsa.

2905 2806 2955 2842 et
2984 2806 3009 2841 s
3051 2806 3201 2843 on‘a.

2273 2873 2381 2945 (Ea:
2429 2875 2650 2930 concilio
2696 2876 2848 2944 apud
2903 2806 3200 2943 Valfntifzs,
3233 2881 3410 2947 capite
3444 2880 3584 2950 lOl.)
3641 2880 3911 2952 Sponsus

2200 2967 2255 3017 et
2284 2978 2497 3032 sponsa
2521 2979 2652 3017 cum
2684 2963 3060 3018 benedicendi
3090 2972 3243 3034 sunt,
3274 2983 3307 3020 a
3359 2969 3672 3035 sacerdote,
3716 2987 3748 3023 a
3804 2988 3911 3041 pa-

2198 3051 2478 3117 rentibus,
2526 3053 2613 3105 vel
2665 3067 2699 3105 a
2744 3054 3155 3123 paranymphis
3212 3054 3270 3107 in
3320 3056 3554 3109 ecclesia
3610 3059 3907 3113 sacerdoti

2197 3134 2524 3197 oﬂerantur,
2560 3138 2616 3187 et
2646 3150 2775 3187 cum
2807 3136 3265 3191 benedictionem
3295 3140 3636 3208 acceperint,
3689 3142 3901 3196 eadem

2197 3227 2359 3276 nocte
2391 3238 2494 3292 pro
2524 3223 2842 3277 reverentia
2872 3224 3050 3293 ipsius
3092 3225 3511 3281 benedictionis
3557 3228 3618 3282 in
3648 3228 3899 3301 virgini-

2196 3314 2309 3364 tate
2349 3316 2747 3381 permaneant.

2265 3399 2393 3453 CAP.
2428 3400 2516 3453 Vl.
2547 3429 2615 3439 —
2641 3401 2709 3454 Ut
2734 3401 2940 3454 nullum
2971 3402 3284 3471 conjugium
3304 3405 3420 3457 sine
3441 3404 3561 3459 dote
3578 3407 3697 3473 ﬁat.

2262 3486 2370 3558 (Ea:
2400 3489 2620 3542 concilio
2655 3489 2982 3549 Arelatensi,
3015 3494 3192 3559 capite
3212 3490 3290 3560 6.)
3335 3492 3565 3546 Nullum
3598 3494 3721 3548 sine
3756 3494 3893 3550 dote

2190 3575 2289 3629 fiat
2344 3575 2702 3645 conjugium,
2746 3577 2914 3646 juxta
2968 3578 3407 3648 possibilitatem
3461 3580 3560 3633 tiat
3605 3581 3729 3646 dos,
3781 3598 3894 3637 nec

2190 3664 2311 3717 sine
2357 3665 2600 3735 publicis
2642 3665 2861 3735 nuptiis
2900 3666 3207 3737 quisquam
3246 3669 3466 3722 nubere
3504 3670 3590 3722 vel
3648 3686 3889 3726 uxorem

2189 3752 2397 3806 ducere
2427 3759 2758 3821 praesumat.

2188 3841 2315 3895 CAP.
2343 3841 2458 3896 νιῐ.
2493 3869 2567 3882 -
2597 3843 2665 3895 Ut
2693 3856 2919 3914 sponsus
2948 3848 2998 3896 et
3017 3858 3216 3911 sponsa
3240 3849 3370 3899 ante
3388 3847 3611 3914 nuptias
3640 3861 3676 3900 a
3702 3860 3885 3901 sacer-

2753 3913 2876 3968 dote
2905 3914 3308 3969 benedicuntur.

2252 3999 2365 4068 (Ea:
2394 4000 2538 4054 decr.
2584 4000 2823 4055 Sotheris
2860 4017 3037 4071 papae,
3088 4005 3266 4071 capite
3314 4003 3390 4073 5.)
3429 4004 3499 4058 Ut
3525 4020 3768 4075 sponsus
3815 4023 3881 4061 ac

2182 4103 2391 4157 sponsa
2455 4104 2583 4142 cum
2623 4089 2888 4159 precibus
2952 4094 3011 4143 et
3055 4090 3444 4145 oblationibus
3503 4108 3536 4146 a
3582 4094 3878 4148 sacerdote

375 4184 504 4247 tur;
555 4179 690 4269 quia
738 4184 975 4269 paterno
1041 4176 1303 4269 arbitrio
1333 4173 1475 4269 viris
1516 4175 1834 4269 conjunctae
1876 4180 2072 4269 carent
2101 4212 2142 4269 Ο
2182 4175 2615 4241 benedicentur,
2647 4180 2705 4229 et
2732 4175 2952 4246 legibus
3004 4183 3305 4248 sponsetur
3345 4195 3412 4233 ac
3453 4181 3719 4246 donetur,
3759 4188 3813 4236 et
3841 4199 3879 4237 a

374 4268 562 4337 culpa,
597 4267 643 4319 si
674 4266 944 4319 mulieres
984 4279 1112 4335 qua:
1145 4280 1178 4317 a
1203 4263 1337 4316 viris
1384 4262 1745 4317 habebantur
1772 4262 1834 4316 in
1865 4262 2069 4317 matri-
2109 4262 2141 4269 “
2178 4264 2591 4335 paranympbis
2628 4265 2999 4331 custodiatur,
3056 4270 3113 4321 et
3149 4266 3374 4338 publica
3428 4269 3874 4341 solemniterque
3946 4282 3958 4311 ι

374 4354 573 4409 monio
608 4370 723 4408 non
750 4355 1001 4420 fuerunt,
1034 4352 1170 4423 quia
1209 4351 1364 4405 aliud
1396 4355 1482 4404 est
1514 4355 1714 4420 nupta,
1750 4349 1905 4406 aliud
1937 4367 2069 4405 con-

486 4460 503 4496 ι
587 4485 599 4497 .

373 4443 482 4497 cub
510 4459 657 4586 “gap.
692 4531 762 4585 II.
796 4559 865 4568 —
894 4529 1085 4594 Qualis
1107 4543 1246 4581 umor
1268 4528 1513 4592 legitima
1549 4541 1661 4580 esse
1683 4525 1892 4580 debeat.

2178 4351 2505 4421 accipiatur.
2568 4351 2749 4407 Biduo
2814 4353 2985 4407 etiam
3044 4369 3107 4407 ac
3147 4355 3339 4410 triduo
3405 4356 3733 4411 abstineant
3787 4375 3869 4428 se,

2181 4444 2238 4493 et
2266 4440 2600 4508 doceantur,
2634 4444 2695 4494 ut
2723 4441 3039 4495 castitatem
3086 4442 3237 4497 inter
3272 4459 3331 4497 se
3380 4444 3721 4511 custodiant,
3753 4462 3872 4499 cer-

2175 4528 2364 4599 tisque
2397 4529 2752 4599 temporibus
2786 4530 3028 4600 nubant,
3073 4535 3135 4585 ut
3174 4532 3320 4585 filios
3358 4548 3474 4586 non
3506 4532 3732 4602 spurios
3770 4536 3867 4589 sed

437 4619 559 4685 (Ea:
596 4620 824 4688 epistola
871 4618 1061 4671 Leonis
1093 4620 1295 4684 papa.)
1316 4614 1508 4677 Qualis
1538 4630 1660 4667 esse
1690 4614 1891 4667 debeat
1921 4628 2066 4666 uxor
2174 4617 2570 4671 hereditarios
2599 4618 2712 4671 Deo
2743 4623 2799 4670 et
2827 4618 3035 4672 saeculo
3070 4626 3368 4688 generant.

368 4722 498 4777 quas
529 4706 795 4760 habenda
836 4710 923 4758 est
969 4703 1283 4757 secundum
1335 4702 1566 4772 legem:
1614 4701 1773 4771 virgo
1823 4705 1974 4753 casta
2007 4704 2063 4753 et

363 4793 703 4863 desponsata
747 4792 807 4847 in
852 4792 1199 4861 virginitate,
1249 4793 1306 4844 et
1351 4791 1540 4844 dotata
1595 4790 1869 4859 legitime,
1922 4792 1978 4841 et
2028 4805 2058 4841 a

2502 4724 2629 4776 CAP.
2667 4724 2807 4777 Vill.
2838 4754 2906 4763 -—
2941 4725 3025 4778 De
3047 4726 3226 4792 primo
3256 4724 3525 4791 conjugio.

2241 4810 2358 4881 (Ea-
2387 4812 2571 4865 concil.
2606 4811 2920 4876 Mediolan.,
2951 4828 3069 4880 cap.
3107 4814 3139 4864 2
3170 4814 3188 4876 )
3250 4812 3313 4864 In
3345 4811 3535 4879 primo
3594 4812 3860 4885 conjugio

360 4883 697 4951 parentibus
744 4882 970 4947 tradita,
1024 4886 1080 4934 et
1129 4898 1160 4934 a
1212 4896 1423 4950 sponso
1470 4884 1527 4933 et
1564 4894 1593 4932 a
1644 4877 2057 4949 paranymphis
2165 4898 2246 4951 de]

2254 4903 2334 4951 iet
2382 4899 2681 4967 presbyter
2740 4897 2967 4950 missam
3016 4913 3185 4967 agere
3239 4902 3296 4950 et
3356 4897 3694 4953 benedicere
3734 4877 3856 4955 ain-

361 4971 707 5039 accipienda,
750 4975 807 5023 et
836 4970 917 5023 ita
972 4968 1288 5022 secundum
1344 4969 1528 5038 legem
1580 4970 1637 5019 et
1678 4966 2052 5035 Evangelium

354 5060 597 5129 publicis
652 5057 866 5128 nuptiis
924 5058 1161 5112 honeste
1209 5056 1268 5109 in
1313 5055 1646 5125 conjugium
1692 5053 1907 5124 liquide
1956 5070 2051 5105 su-

2164 4986 2285 5050 bos,
2355 4992 2411 5039 et
2474 4992 2676 5056 postea
2741 5002 2799 5038 se
2872 4985 3200 5039 abstineant
3274 4985 3344 5040 ab
3409 4986 3679 5041 eccclesia
3738 5004 3847 5043 xxx

2161 5073 2382 5127 diebus.

354 5149 564 5202 menda
598 5164 611 5201 :
647 5154 703 5201 et
728 5148 997 5200 omnibus
1026 5145 1228 5199 diebus
1268 5144 1399 5197 vitae
1441 5144 1549 5196 nisi
1584 5159 1648 5196 ex
1682 5158 1960 5196 consensu
1993 5145 2051 5195 et
2161 5162 2285 5216 CAP.
2322 5162 2409 5215 ιχ,
2442 5192 2510 5200 _
2551 5161 2703 5227 Quod
2731 5163 2819 5215 υίν
2840 5160 3016 5229 ﬁdelis
3042 5177 3075 5214 α
3112 5164 3336 5217 muliere
3374 5164 3585 5233 inﬁde),-
3601 5169 3848 5233 separan-

347 5252 517 5291 causa
547 5236 783 5290 vacandi
818 5236 931 5289 Deo
988 5248 1286 5304 nunquam
1335 5237 1569 5303 propter
1599 5230 1891 5284 hominem
1951 5246 2046 5282 se-

346 5326 619 5396 paranda,
674 5330 730 5378 et
768 5325 815 5378 si
854 5323 1135 5378 fornicata
1177 5321 1350 5375 fuerit
1394 5320 1764 5385 dimittenda;
1799 5319 1895 5372 sed
1946 5318 2044 5372 illa

342 5415 567 5468 vivente
608 5415 785 5467 altero
816 5428 929 5466 non
972 5409 1322 5468 deducenda.
1354 5408 1489 5478 quia
1517 5407 1763 5461 adulteri
1794 5421 2039 5476 regnum

341 5501 444 5555 Dei
473 5520 588 5556 non
611 5502 1006 5573 possidebunt,
1039 5502 1097 5554 et
1134 5496 1475 5570 pcenitentia
1522 5496 1675 5553 illius
1719 5511 1824 5566 per
1862 5494 2039 5565 scrip-

341 5593 540 5657 pturas
569 5590 920 5662 recipienda.

2837 5248 2942 5285 non
2968 5233 3175 5286 debeat.

2224 5320 2539 5388 (Apostolus
2569 5318 2751 5397 dicit.)
2789 5319 2847 5373 Si
2895 5320 3021 5389 quis
3068 5321 3244 5374 frater
3288 5338 3521 5376 uxorem
3563 5321 3734 5376 habet
3760 5322 3840 5377 in-

2152 5408 2402 5474 ﬁdelem,
2438 5415 2492 5461 et
2524 5411 2644 5462 hinc
2668 5410 2949 5463 consentit
2999 5410 3258 5464 habitare
3287 5428 3418 5465 cum
3450 5412 3570 5477 illo,
3603 5427 3719 5465 non
3749 5411 3835 5466 di-

2151 5496 2344 5550 mittat
2372 5497 2549 5550 illam.
2588 5498 2651 5551 Et
2679 5497 2724 5549 si
2754 5514 2867 5566 qua
2896 5498 3103 5552 mulier
3120 5499 3292 5553 habet
3314 5500 3498 5553 virum
3528 5499 3829 5568 inﬁdelem,

2147 5590 2205 5639 et
2223 5585 2315 5638 hic
2340 5586 2625 5638 consentit
2659 5585 2923 5641 habitare
2966 5603 3097 5640 cum
3153 5585 3270 5651 illa,
3317 5603 3433 5642 non
3474 5587 3717 5642 dimittat
3748 5588 3824 5643 vi-

3934 5428 3956 5519 λ
