3966 6402
51 425 158 475 817
1075 425 1553 483 DECRETORUM
1598 428 1779 482 LIBRI
1823 430 1930 483 XX.
1968 458 2036 468 —
2082 429 2283 483 LIBER
2334 428 2580 483 NONUS.
3496 433 3603 485 8l8

8 540 217 597 ’rum.
268 545 670 599 Sanctiﬁcatus
701 546 853 600 enim
888 547 997 599 erit
1042 547 1129 601 vir
1162 548 1411 603 inﬁdelis
1442 550 1501 604 in
1535 551 1775 604 muliere
1806 555 1850 606 Α
1890 556 2073 618 scunt,
2136 568 2279 622 quas
2328 556 2460 621 post
2516 552 2739 621 aliquot
2792 566 2976 604 annos
3027 551 3350 621 dimittunt,
3408 560 3463 607 et
3523 556 3603 608 sic

48 633 246 695 ﬁdeli,
280 639 338 686 et
382 633 741 687 sanctiﬁcata
787 634 894 687 erit
929 635 1139 689 mulier
1170 636 1419 691 inﬁdelis
1460 654 1565 709 per
1594 638 1779 692 virum
1895 645 2093 710 postea
2160 640 2445 711 legitimas
2506 655 2713 693 uxores
2784 638 3089 709 accipiunt.
3180 642 3336 695 Unde
3403 658 3597 695 coram

51 722 319 776 ﬁdelem.
1895 731 2010 783 Deo
2043 734 2099 782 et
2124 744 2315 782 coram
2342 729 2564 797 angelis
2590 728 2716 798 ejus
2746 733 3053 793 contestor,
3088 734 3261 799 atque
3290 730 3589 798 denuntio,

52 814 192 865 CAP.
226 813 285 865 X.
318 840 391 851 —
435 812 511 865 Ut
558 812 617 864 in
649 810 1089 866 Christianorum
1124 816 1336 882 nuptiis
1379 830 1485 868 non
1528 817 1775 869 saltetur.
1894 819 2072 871 Deum
2107 822 2163 871 et
2218 818 2328 870 ista
2376 832 2601 887 semper
2646 816 3029 886 prohibuisse,
3074 822 3132 871 et
3185 834 3484 888 nunquam
3539 821 3593 873 ei

125 902 248 965 (Ea:
290 900 481 953 concil.
521 899 829 964 Laodicen.,
860 916 980 970 cap.
1018 903 1132 969 35.)
1160 902 1321 966 Quod
1371 920 1485 955 non
1518 909 1781 972 oporteat
1892 906 2188 975 placuisse.
2224 906 2293 958 Et
2332 905 2623 975 praecipue
2671 906 3025 975 temporibus
3073 906 3410 960 Christianis
3456 924 3595 961 con-

53 988 419 1041 Christianos
465 994 669 1041 euntes
716 988 787 1041 ad
823 988 1055 1058 nuptias
1104 990 1380 1058 plaudere
1430 992 1517 1043 vel
1547 992 1777 1055 saltare,
1891 995 2127 1047 cubinas
2194 994 2404 1048 habere
2480 1009 2779 1063 nunquam
2842 992 2994 1058 licet,
3064 998 3120 1047 et
3184 1011 3482 1065 nunquam
3526 997 3593 1050 li-

51 1078 156 1130 sed
214 1076 623 1130 venerabiliter
652 1092 898 1143 caenare,
931 1079 1016 1131 vel
1060 1079 1366 1148 prandere,
1412 1080 1558 1133 sicut
1588 1079 1777 1133 Chris-

51 1166 286 1219 stianos
316 1167 500 1220 decet.
1036 1156 1043 1163 ’

169 1254 304 1308 CAP.
342 1254 431 1309 XI.
459 1284 528 1292 —
560 1256 627 1307 Ut
654 1253 882 1307 viduam
910 1270 1061 1309 nemo
1091 1241 1310 1320 Γωρίων
1342 1259 1400 1309 in
1423 1272 1663 1311 uacorem.

132 1343 386 1409 (Gregor.
441 1342 626 1411 dicit.)
658 1342 715 1397 Si
763 1342 891 1413 quis
952 1343 1181 1396 viduam
1232 1345 1454 1397 furatus
1502 1346 1677 1399 fuerit
1716 1345 1774 1399 in

58 1447 324 1495 uxorem,
358 1433 443 1483 vel
475 1430 841 1484 consentiens
871 1432 944 1497 ei,
974 1434 1284 1485 anathema
1316 1433 1407 1487 sit.
1445 1434 1509 1487 Et
1535 1450 1771 1504 respon-

58 1520 277 1572 derunt
306 1535 511 1572 omnes
542 1519 712 1573 tertio
746 1536 758 1572 :
790 1521 1113 1574 Anathema
1145 1521 1236 1575 sit.

131 1608 263 1661 CAP.
313 1608 422 1660 XII.
452 1638 523 1646 —
558 1609 623 1661 Ut
652 1612 918 1675 virginem
946 1624 1098 1661 nemo
1126 1610 1344 1674 furctur
1369 1611 1426 1662 in
1456 1626 1695 1664 umorem.

8 1747 25 1761 ,
127 1697 288 1766 (Item
320 1697 607 1765 ejusdem.)
659 1698 715 1751 Si
744 1698 872 1767 quis
902 1699 1211 1767 virginem,
1246 1700 1354 1751 nisi
1388 1700 1772 1769 desponsave-

53 1786 144 1848 rit,
210 1786 436 1838 iuratus
494 1785 671 1839 fuerit
720 1785 782 1838 in
838 1802 1077 1840 uxorem
1136 1787 1223 1841 vel
1282 1789 1645 1842 consentiens
1696 1788 1768 1855 ei,

49 1873 370 1925 anathema
415 1872 506 1926 sit.
546 1873 610 1926 Et
656 1874 1081 1943 responderunt
1121 1889 1321 1927 omnes
1368 1876 1539 1929 tertio
1572 1892 1586 1929 :
1620 1880 1770 1929 Ana-

51 1963 254 2015 thema
287 1960 362 2014 sit
384 1959 396 2014 ε
826 1958 827 1963 “

8 1138 24 1177 >

254 2050 389 2103 CAP.
423 2049 566 2103 XIII.
600 2078 669 2088 —
691 2051 766 2103 De
797 2052 1012 2116 virgine
1034 2050 1119 2103 vel
1159 2049 1329 2102 vidua
1359 2052 1571 2116 furata.

124 2140 245 2208 (Ea:
279 2138 427 2191 decr.
462 2138 683 2191 Eusebii
725 2154 885 2207 pap.,
936 2154 1056 2207 cap.
1095 2140 1205 2205 tO.)
1238 2139 1294 2193 Si
1326 2139 1455 2208 quis
1488 2137 1767 2207 virginem

56 2232 154 2280 aut
185 2228 432 2280 viduam
483 2226 706 2279 furatus
755 2227 816 2279 in
846 2242 1108 2293 uxorem,
1159 2227 1271 2280 nisi
1300 2228 1474 2281 fuerit
1502 2243 1535 2279 a
1576 2242 1635 2280 se
1666 2226 1767 2279 de-

8 2346 33 2375 .
57 2320 415 2387 sponsatam,
449 2315 756 2367 anathema
787 2316 877 2368 sit.

12 2418 13 2423 “
56 2423 185 2477 CAP.
222 2421 359 2475 XIV.
407 2449 482 2461 —
518 2421 601 2474 De
622 2422 927 2487 virginibus
962 2437 1079 2489 qua:
1108 2424 1483 2487 virginitatem
1515 2426 1637 2475 ante
1668 2436 1769 2473 nu-

573 2495 724 2559 ptias
754 2508 858 2545 non
889 2494 1260 2546 custodierinl.

127 2583 247 2651 (Ea:
276 2581 471 2635 concil.
510 2581 839 2641 Elibertan.,
874 2596 992 2649 cap.
1032 2584 1111 2649 5.)
1143 2580 1402 2649 Virgines
1427 2596 1557 2650 quae
1587 2578 1769 2648 virgi-

64 2668 298 2722 nitatem
357 2683 522 2720 suam
573 2684 688 2720 non
719 2668 1117 2733 custodierint,
1152 2668 1197 2720 si
1245 2668 1478 2721 eosdem
1527 2667 1626 2737 qui
1673 2683 1767 2719 eas

66 2757 407 2810 violaverint
438 2756 674 2809 maritos
705 2757 1046 2825 acceperint,
1081 2773 1147 2809 eo
1177 2757 1331 2827 quod
1366 2760 1511 2808 solas
1540 2756 1769 2824 nuptias

62 2846 425 2911 violaverint,
454 2851 587 2915 post
612 2845 1007 2915 paenitentiam
1037 2846 1211 2898 unius
1242 2846 1379 2897 anni
1403 2844 1771 2897 reconcilien-

22 2961 33 2965 -
62 2942 166 2989 tur.
200 2936 258 2990 Si
314 2935 460 2988 alios
516 2934 889 3003 cognoverint
942 2934 1112 2999 viros,
1146 2951 1214 2987 eo
1268 2934 1421 3003 quod
1468 2934 1766 2985 muachatae

64 3029 209 3089 sunt,
261 3022 672 3094 quinquennio
724 3022 1059 3092 pueniteant,
1102 3027 1158 3076 et
1185 3023 1263 3075 sic
1292 3022 1361 3075 ad
1404 3020 1765 3075 communio-

8 3098 25 3123 :
62 3129 186 3166 nem
212 3113 515 3166 accedant.

126 3202 252 3255 CAP.
290 3202 403 3255 XV.
440 3229 512 3240 —
545 3200 702 3264 Quod
730 3200 871 3253 nulli
899 3201 1057 3253 liceat
1106 3199 1454 3253 concubinam
1480 3198 1692 3252 habere.

126 3290 231 3359 (Eae
282 3290 453 3343 dictis
508 3288 771 3356 August.)
820 3288 1048 3351 Audite,
1102 3288 1445 3353 charissimi,
1509 3287 1767 3340 membra

65 3376 283 3441 Christi,
320 3382 384 3429 et
412 3376 609 3429 matris
638 3376 933 3429 catholicaa
984 3376 1244 3430 Ecclesia:
1287 3376 1412 3430 ﬁlii.
1445 3375 1608 3439 Quod
1640 3375 1765 3429 dico

64 3464 545 3534 competentibus,
589 3464 824 3517 audiant
851 3464 1087 3529 ﬁdeles;
1120 3464 1271 3534 quod
1307 3463 1431 3517 dico
1478 3462 1763 3529 ﬁdelibus,

66 3554 292 3607 audiant
329 3557 759 3622 competentes;
795 3553 947 3622 quod
990 3553 1116 3605 dico
1148 3551 1411 3606 ﬁdelibus
1446 3557 1503 3604 et
1533 3566 1763 3621 compe-

18 3702 43 3713 γ’
67 3642 329 3707 tantibus,
386 3642 627 3695 audiant
656 3642 1041 3710 pmnitentes;
1074 3641 1229 3711 quod
1260 3640 1384 3694 dico
1415 3638 1680 3693 ﬁdelibus
1712 3644 1767 3693 et

66 3729 544 3799 competentibus,
583 3733 639 3781 et
666 3728 1099 3798 paenitentibus,
1132 3728 1369 3781 audiant
1413 3732 1469 3780 et
1503 3727 1763 3781 catechu-

18 3851 29 3885 ι
70 3819 230 3882 meni,
249 3818 501 3871 audiant
517 3833 715 3870 omnes
733 3833 745 3870 :
761 3833 960 3870 omnes
979 3817 1241 3884 timeant,
1260 3822 1317 3870 et
1334 3832 1501 3869 nemo
1515 3821 1765 3868 contem-

70 3912 172 3960 nat.
199 3908 283 3961 Sit
305 3907 455 3960 mihi
482 3907 537 3959 in
562 3907 1015 3959 consolationem
1035 3911 1216 3959 vester
1237 3906 1484 3968 auditus,
1512 3922 1580 3958 ne
1607 3905 1764 3958 vobis

70 3994 133 4047 sit
159 3996 217 4048 in
246 3995 648 4051 testimonium
696 3994 859 4048 dolor
890 4010 1071 4047 meus.
1117 3993 1586 4063 Competentibus
1614 3992 1760 4058 dico,

72 4082 347 4137 Fornicari
370 4084 531 4137 vobis
548 4099 666 4136 non
695 4083 878 4144 liceat,
905 4081 1191 4135 sufﬁciant
1207 4081 1366 4134 vobis
1388 4096 1616 4147 uxores,
1637 4096 1767 4133 con-

69 4171 293 4226 cubinas
341 4172 505 4225 vobis
542 4188 659 4224 non
710 4171 842 4224 licet
871 4170 1102 4224 habere.
1148 4170 1358 4223 Audiat
1390 4171 1558 4234 Deus,
1591 4168 1637 4220 si
1667 4185 1764 4222 vos

26 4292 45 4317 .
72 4261 214 4313 surdi
243 4262 415 4327 estis;
466 4260 704 4313 audiant
734 4259 922 4329 angeli
961 4260 1109 4329 ejus,
1144 4258 1191 4311 si
1224 4275 1322 4311 vos
1350 4257 1715 4311 contemnitis
1748 4273 1760 4311 :

73 4346 423 4402 Concubinas
472 4363 590 4401 non
621 4347 751 4401 licet
794 4347 953 4400 vobis
985 4346 1208 4399 habere.
1242 4346 1308 4399 Et
1345 4345 1391 4398 si
1425 4361 1543 4398 non
1590 4344 1763 4398 habe-

14 4462 23 4476 ο
74 4434 140 4486 tis
169 4452 393 4502 uxores,
427 4442 624 4489 tamen
651 4452 768 4489 non
798 4436 932 4489 licet
964 4436 1123 4489 vobis
1158 4436 1370 4488 habere
1399 4434 1761 4501 concubinas,

78 4538 207 4591 quas
247 4532 453 4593 postea
485 4525 810 4589 dimittatis,
854 4528 914 4577 ut
940 4524 1139 4577 dicatis
1171 4538 1399 4577 uxores.
1433 4524 1612 4577 Tanto
1645 4538 1766 4575 ma-

75 4610 157 4677 jor
195 4612 493 4666 damnatio
538 4612 699 4664 vobis
723 4611 853 4677 erit,
884 4612 930 4663 si
960 4610 1251 4665 volueritis
1302 4610 1512 4664 habere
1543 4615 1599 4663 et
1627 4625 1769 4663 cou-

79 4700 302 4755 cubinas
354 4708 412 4755 et
461 4717 685 4754 uxores.
747 4702 872 4754 Non
922 4701 1052 4753 licet
1098 4700 1307 4754 habere
1351 4716 1569 4764 uxores,
1626 4715 1763 4769 qua-

82 4802 195 4841 rum
216 4791 442 4859 priores
472 4789 661 4843 mariti
688 4789 903 4842 vivunt.
937 4790 1049 4842 Nec
1075 4788 1253 4855 vobis,
1278 4788 1528 4852 feminae,
1557 4787 1767 4840 habere

36 4902 51 4913 ν
82 4872 217 4927 viros
264 4876 418 4943 licet,
471 4894 721 4947 quorum
770 4877 994 4946 priores
1037 4892 1242 4930 uxores
1271 4876 1490 4929 vivunt.
1539 4875 1769 4928 Adulte-

80 4961 195 5014 rina
252 4972 386 5018 sunt
442 4966 551 5018 ista
610 4964 898 5034 coujugia,
947 4980 1063 5018 non
1111 4965 1242 5034 jure
1289 4964 1435 5029 cceli,
1494 4962 1590 5017 sed
1636 4962 1768 5032 jure

14 5058 24 5083 ο
78 5052 256 5104 szeculi
290 5069 302 5105 ε
333 5069 439 5107 nec
487 5054 647 5107 illam
696 5053 972 5107 feminam
1030 5052 1163 5106 licet
1205 5052 1435 5114 habere,
1492 5067 1617 5121 quae
1669 5065 1771 5118 per

80 5140 373 5205 repudium
414 5141 673 5195 discessit
702 5159 737 5195 a
766 5142 994 5209 marito,
1028 5158 1095 5195 eo
1141 5140 1386 5194 vivente.
1437 5140 1622 5195 Solius
1653 5140 1770 5192 for-

86 5225 372 5282 nicationis
415 5246 585 5283 causa
641 5230 775 5283 licet
816 5247 1053 5284 uxorem
1103 5230 1423 5283 adulteram
1456 5229 1767 5295 dimittere,

86 5314 176 5365 sed
206 5315 299 5369 illa
329 5319 556 5371 vivente
586 5334 701 5371 non
733 5318 863 5372 licet
894 5320 1130 5372 alteram
1159 5319 1385 5372 ducere.

16 5446 53 5503 ιχ
91 5419 203 5474 CAP.
240 5424 368 5479 XVI.
419 5455 485 5465 —
522 5424 601 5477 De
634 5425 749 5479 illis
780 5428 877 5503 qui
905 5431 1029 5503 ante
1066 5428 1291 5495 nuptias
1330 5425 1651 5479 concubinas
1683 5423 1776 5476 ha-

813 5497 1044 5550 (iuerint.

20 5648 39 5663 ο
156 5578 308 5647 (Item
351 5584 524 5653 Aug.)
557 5583 734 5647 Quale
764 5590 927 5638 estet
954 5584 1099 5638 illud
1133 5582 1289 5654 quod
1320 5582 1487 5637 multi
1516 5581 1773 5636 virorum

93 5670 210 5719 ante
253 5672 483 5741 nuptias
531 5671 881 5726 concubinas
922 5672 1031 5726 sibi
1066 5671 1357 5726 adhaerere
1400 5686 1518 5725 non
1570 5669 1774 5725 erube-

1889 1082 2058 1136 cebit.

2208 1172 2335 1224 CAP.
2370 1171 2524 1224 XVII.
2568 1201 2634 1210 —
2674 1171 2810 1222 Item
2840 1170 2905 1222 de
2924 1148 3266 1225 concubinis.

1957 1260 2074 1328 (Ea:
2107 1260 2329 1313 concilio
2377 1260 2689 1325 Arelatem,
2739 1260 2916 1326 capite
2960 1258 3037 1323 4.)
3072 1259 3221 1311 Nulli
3272 1258 3441 1313 liceat
3470 1276 3585 1313 uno

1886 1354 2148 1418 tempore
2198 1348 2339 1401 duas
2384 1362 2602 1400 'uxores
2651 1347 2862 1400 habere
2896 1363 2909 1400 :
2943 1348 3040 1401 sed
3084 1363 3273 1418 neque
3324 1364 3583 1420 unquam

1885 1438 2288 1491 concubinam.

1886 1541 2011 1597 CAP.
2043 1542 2227 1595 XVIII.
2250 1572 2316 1579 —
2345 1543 2412 1594 De
2437 1541 2658 1600 ancilla,
2685 1542 2971 1607 siproprio
2987 1540 3200 1594 domino
3221 1556 3314 1594 suo
3338 1542 3585 1611 legitima

2553 1613 2673 1677 fieri
2701 1614 2897 1678 possit.

1955 1700 2063 1771 (Ea:
2093 1701 2232 1754 decr.
2286 1700 2437 1753 Julii
2488 1714 2668 1768 papz,
2724 1702 2900 1768 capite
2950 1700 3021 1765 4.)
3054 1699 3111 1753 Si
3142 1699 3269 1769 quis
3316 1700 3583 1755 ancillam

1882 1805 2045 1843 suam
2103 1790 2365 1843 libertate
2423 1786 2734 1853 donaverit,
2808 1792 2866 1840 et
2921 1789 2981 1840 in
3040 1787 3407 1841 matrimonio
3474 1788 3582 1841 sibi

1884 1877 2203 1944 sociaverit,
2252 1875 2624 1929 dubitabatur
2653 1875 2806 1945 apud
2839 1876 3115 1945 quosdam
3148 1881 3343 1928 utrum
3375 1876 3582 1947 hujus-

1883 1966 2037 2019 modi
2070 1964 2286 2034 nuptiae
2334 1964 2605 2034 legitimae
2638 1980 2758 2016 esse
2808 1963 3130 2029 videantur,
3179 1980 3251 2017 an
3296 1980 3433 2017 non.
3472 1965 3583 2018 Nos

1882 2056 2074 2125 itaque
2121 2061 2404 2107 vetustam
2444 2053 2882 2121 ambiguitatem
2915 2052 3236 2105 decidentes
3277 2053 3410 2105 talia
3442 2070 3575 2106 con-

1882 2144 2063 2197 nubia
2109 2142 2368 2212 legitima
2420 2158 2539 2195 esse
2569 2141 2913 2194 censuimus.
2956 2141 3013 2195 Si
3069 2140 3224 2194 enim
3256 2157 3325 2194 ex
3375 2142 3575 2195 affectu

1880 2231 2027 2285 ﬁunt
2080 2246 2279 2284 omnes
2331 2230 2571 2299 nuptiae,
2630 2233 2686 2282 et
2743 2228 2884 2281 nihil
2932 2228 3196 2299 impium,
3251 2234 3308 2282 et
3358 2229 3581 2298 legibus

1880 2320 2229 2374 contrarium
2277 2318 2337 2372 in
2388 2318 2489 2371 tali
2539 2316 2907 2385 copulatione
2964 2315 3087 2370 ﬁeri
3142 2321 3351 2387 potest,
3402 2333 3581 2388 quare

1879 2409 2181 2479 praedictas
2224 2405 2455 2476 nuptias
2496 2405 2840 2459 inhibendae
2872 2405 3410 2458 existimaverimus.
3445 2406 3577 2459 Om-

1879 2497 2051 2550 nibus
2098 2495 2258 2549 vobis
2302 2510 2451 2547 unus
2481 2498 2565 2546 est
2598 2500 2758 2564 pater
2788 2494 2846 2547 in
2889 2494 3063 2558 cwlis,
3099 2499 3150 2546 et
3185 2494 3579 2564 unusquisque

1879 2585 2033 2638 dives
2081 2588 2137 2637 et
2179 2599 2416 2653 pauper,
2467 2581 2611 2635 liber
2640 2586 2695 2635 et
2743 2598 2956 2648 servus,
3011 2582 3311 2652 aequaliter
3351 2598 3456 2652 pro
3497 2598 3576 2649 se,

1879 2678 1937 2728 et
1998 2688 2105 2743 pro
2170 2671 2468 2725 animabus
2534 2686 2736 2723 eorum
2806 2672 3091 2723 rationem
3158 2670 3347 2723 daturi
3413 2675 3575 2723 sunt.

1879 2762 2238 2832 Quapropter
2284 2759 2551 2813 omnibus
2606 2760 2997 2829 cujuscunque
3046 2758 3395 2811 conditionis
3443 2758 3577 2827 sint,

1881 2865 2053 2903 uuam
2103 2850 2310 2918 legem,
2345 2852 2628 2917 quantum
2660 2847 2726 2899 ad
2761 2848 2965 2915 Deum,
3008 2846 3219 2899 habere
3261 2862 3375 2899 non
3409 2845 3574 2899 dubi-

1876 2943 2086 2992 tamus.

1877 3028 2004 3082 CAP.
2040 3027 2171 3081 XIX.
2218 3054 2285 3065 —
2316 3028 2389 3077 De
2436 3024 2528 3077 illo
2551 3026 2645 3091 qui
2685 3038 2895 3077 seruum
2926 3038 3103 3085 suum,
3136 3026 3187 3076 et
3227 3023 3485 3076 ancillam
3512 3024 3573 3075 in

2322 3097 2727 3148 matrimonium
2758 3094 3123 3161 conjunmerit.

1949 3188 2058 3253 (Ea:
2083 3185 2304 3239 concilio
2336 3186 2639 3246 Matiscen.,
2673 3185 2850 3250 capite
2904 3182 3007 3251 l0.)
3039 3181 3096 3235 Si
3126 3196 3352 3235 servum
3387 3185 3443 3233 et
3473 3197 3574 3235 an-

1876 3274 2064 3327 cillam
2094 3273 2362 3327 dominus
2383 3271 2686 3325 amborum
2716 3270 2777 3323 in
2808 3268 3241 3323 matrimonium
3265 3268 3574 3337 conjunxe-

1878 3363 1970 3427 rit,
2002 3366 2057 3415 et
2102 3366 2298 3431 postea
2350 3360 2588 3413 liberato
2623 3374 2784 3411 servo
2820 3358 2899 3409 vel
2931 3358 3162 3423 ancilla,
3216 3372 3335 3409 non
3386 3361 3575 3426 potest

1876 3449 2082 3511 redimi
2143 3448 2243 3519 qui
2289 3448 2348 3501 in
2404 3447 2634 3501 servitio
2684 3451 2787 3509 est,
2852 3446 2977 3499 ideo
3038 3444 3404 3498 matrimonia
3456 3460 3572 3498 non

1874 3538 2185 3590 solvantur.

2301 3624 2427 3677 CAP.
2454 3623 2556 3675 XX.
2593 3650 2661 3659 —
2690 3621 2771 3673 De
2802 3620 3142 3673 multinubis.

1947 3714 2051 3779 (Ea:
2079 3713 2300 3767 concilio
2328 3710 2715 3776 Braggarensi,
2768 3710 2943 3775 capite
2974 3707 3087 3775 8i.)
3121 3706 3176 3759 Si
3216 3706 3344 3776 quis
3376 3706 3572 3759 multis

1874 3800 2091 3870 nuptiis
2142 3798 2318 3852 fuerit
2374 3798 2696 3867 copulatus,
2751 3794 3150 3863 paenitentiam
3206 3797 3392 3863 agat:
3437 3808 3570 3846 con-

1872 3888 2118 3943 versatio
2203 3892 2394 3939 antem
2483 3890 2537 3937 et
2627 3883 2770 3936 ﬁdes
2845 3883 3176 3951 paenitentis
3241 3881 3573 3950 compendit

1873 3983 2121 4047 tempus.

1874 4067 2000 4121 CAP.
2034 4065 2164 4118 XXI.
2210 4092 2278 4103 —
2310 4061 2466 4127 Quod
2512 4060 2748 4115 secunda
2775 4060 3032 4127 conjugia
3066 4058 3430 4121 saecularibus
3468 4072 3573 4111 non

1945 4140 2224 4202 negentur,
2275 4134 2470 4203 quibus
2523 4138 2699 4185 tamen
2761 4130 2835 4183 ad
2883 4133 3082 4183 clerum
3128 4131 3347 4183 minime
3392 4131 3574 4182 venire

1945 4207 2271 4261 conceditur.

1943 4294 2059 4364 (Ea:
2089 4294 2231 4347 decr.
2258 4294 2459 4348 Gclasii
2480 4306 2656 4360 papae,
2680 4292 2854 4359 capite
2875 4289 2989 4357 22.)
3013 4288 3301 4341 Secundus
3322 4286 3571 4357 nuptias,

1876 4382 2023 4437 sicut
2051 4380 2419 4436 saecularibus
2464 4379 2611 4431 inire
2645 4377 2994 4440 conceditur,
3026 4376 3106 4427 ita
3147 4380 3276 4444 post
3319 4391 3412 4428 eas
3442 4375 3572 4427 nul-

1876 4473 1963 4526 lus
2001 4471 2071 4525 ad
2122 4470 2381 4523 clericale
2431 4464 2881 4525 sinitur.venire
2933 4462 3259 4531 collegium.
3316 4462 3442 4516 Alia
3490 4466 3575 4514 est

1876 4560 2030 4613 enim
2062 4560 2333 4612 humanae
2380 4553 2679 4623 fragilitati
2712 4550 3062 4622 generaliter
3091 4566 3356 4603 concessa
3391 4550 3573 4601 licen-

1876 4647 1976 4713 tia,
2008 4646 2118 4699 alia
2171 4645 2340 4698 debet
2398 4658 2517 4695 esse
2564 4640 2677 4693 vita
2726 4638 3049 4693 divinarum
3104 4652 3299 4690 rerum
3343 4635 3573 4689 servitio

1878 4735 2154 4789 dedicata.

1948 4821 2074 4875 CAP.
2096 4818 2252 4875 XXII.
2285 4848 2352 4857 -
2378 4819 2449 4870 De
2476 4815 2588 4868 illis
2617 4812 3093 4937 ιῗγγῖτριιινίηιιιε
3115 4811 3336 4877 nuptias
3368 4811 3505 4864 inci-

1951 4980 2061 5047 (Ea:
2108 4976 2331 5032 concilio
2385 4975 2710 5039 Neocaesar.,
2761 4972 2939 5039 capite
2987 4969 3060 5039 1.)
3118 4969 3193 5023 De
3223 4968 3313 5023 his
3370 4968 3471 5040 qui
3516 4967 3577 5024 in

1878 5067 2155 5138 plurimas
2182 5064 2410 5133 nuptias
2439 5060 2784 5123 inciderunt,
2819 5064 2874 5112 et
2907 5066 3133 5129 tempus
3163 5058 3395 5129 quidem
3431 5074 3578 5128 prae—

1880 5156 2105 5210 ﬁnitum
2163 5152 2533 5206 manifestum
2584 5154 2688 5215 est,
2737 5149 2834 5202 sed
2882 5148 3237 5202 conversatio
3269 5162 3493 5215 eorum,
3524 5150 3580 5199 et

1881 5246 2043 5309 ﬁdes,
2076 5248 2303 5312 tempus
2337 5239 2650 5294 abbreviat.

1882 5335 2010 5387 CAP.
2078 5332 2256 5385 XXIII.
2316 5360 2384 5369 —
2445 5331 2523 5384 De
2583 5329 2696 5382 illis
2743 5329 2858 5451 'q‘ui
2898 5327 3054 5379 tertio
3094 5325 3319 5392 nuptias
3351 5322 3582 5376 celebra-

2636 5414 2785 5451 verm
2819 5436 2831 5448 .

2636 5414 2831 5452 vernn.

1956 5492 2075 5560 (Em
2103 5491 2246 5545 decr.
2293 5488 2599 5543 Hormisdae
2626 5502 2802 5556 papa,
2835 5485 3011 5553 capite
3039 5483 3118 5549 ‘2.)
3170 5482 3247 5535 Ne
3275 5480 3579 5551 quisquam

1886 5580 2154 5649 amplius,
2203 5593 2378 5647 quam
2409 5577 2551 5631 duas
2596 5573 2836 5645 accipiat
2882 5586 3082 5626 uxores
3114 5586 3127 5624 :
3158 5569 3293 5641 quia
3309 5567 3429 5639 jam
3462 5574 3581 5623 ter-

1888 5669 1968 5723 tia
1996 5666 2289 5739 superﬂua
2317 5670 2421 5719 est.
