3966 6402
349 421 454 475 8l9

794 537 923 593 CAP.
955 536 1124 592 XXIV.
1157 564 1230 578 -
1253 537 1326 591 De
1351 534 1608 605 bigamis.

423 629 533 698 (Ex
580 627 805 682 concilio
855 625 1196 692 Laodicensi,
1239 627 1418 694 capite
1460 624 1536 692 t.)
1590 627 1667 681 De
1708 625 1799 681 his
1828 624 1927 698 qui
1967 641 2055 679 se-

352 717 610 772 cundum
663 713 1101 770 ecclesiasticam
1157 715 1416 784 regulam
1468 713 1644 768 libere
1688 730 1752 768 ac
1799 714 2057 785 legitime

353 805 618 860 secundis
649 803 868 874 nuptiis
904 803 1093 873 juncti
1137 807 1287 866 sunt,
1324 818 1428 856 nec
1467 802 1684 857 occulte
1723 803 2056 874 nuptiarum

354 894 622 964 copulam
669 893 950 958 fecerunt,
1001 897 1230 961 oportet
1271 895 1334 944 ut
1378 907 1553 962 parvo
1585 897 1844 962 tempore
1874 897 2058 945 trans—

356 987 479 1034 acto
537 983 738 1034 vacent
791 979 1146 1033 orationibus
1203 983 1259 1032 et
1302 977 1558 1048 jejuniis.
1621 979 1836 1045 Quibus
1885 979 2060 1033 etiam

349 1069 514 1138 juxta
592 1067 1016 1137 indulgentiam
1088 1066 1558 1121 communionem
1633 1067 1796 1122 reddi
1866 1067 2058 1122 decre-

359 1157 564 1210 vimus.

628 1244 754 1299 CAP.
798 1243 946 1298 XXV.
977 1271 1051 1284 —
1085 1244 1163 1297 De
1201 1258 1422 1297 numero
1448 1245 1793 1297 maritorum.

433 1333 544 1403 (Ex
571 1331 738 1387 dictis
777 1332 1134 1402 Hieronymi.)
1166 1332 1269 1386 Ubi
1317 1331 1490 1386 fuerit
1520 1348 1797 1386 numerus
1828 1333 2062 1387 marito-

362 1437 514 1488 rum,
548 1421 629 1474 ibi
651 1420 737 1473 vir
763 1420 1030 1491 proprius
1065 1436 1214 1473 unus
1246 1436 1367 1473 esse
1398 1419 1641 1475 desistit.

365 1509 496 1564 CAP.
521 1509 697 1562 XXVI.
751 1537 814 1548 —
847 1511 922 1562 De
945 1510 1175 1576 ingenuo
1198 1509 1428 1572 homine,
1461 1509 1513 1562 si
1555 1509 1780 1562 alterius
1809 1509 2066 1563 ancillam

432 1580 818 1702 prpuingeuua
873 1581 1157 1648 acceperit,
1214 1583 1263 1632 et
1313 1587 1435 1647 post
1485 1580 1744 1632 ancillam
1789 1596 1906 1634 eam
1957 1596 2068 1634 esse

439 1652 497 1702 in
525 1666 550 1702 e
595 1651 788 1702 exerit.

439 1651 788 1703 intellexerit.

439 1739 545 1804 (Ex
584 1735 773 1790 concil.
826 1735 978 1805 apud
1036 1737 1389 1801 Vermeriam,
1429 1738 1520 1790 cui
1561 1738 1816 1803 interfuit
1839 1739 2068 1806 Pipinus

365 1841 486 1892 rex,
533 1827 711 1893 capite
741 1823 816 1893 7.)
847 1823 904 1878 Si
932 1823 1059 1894 quis
1089 1823 1376 1894 ingenuus
1423 1824 1596 1878 homo
1626 1825 1891 1879 ancillam
1930 1827 2074 1880 alte-
2105 1824 2144 1880 Β

369 1913 491 1968 rius
536 1928 778 1966 uxorem
824 1911 1125 1982 acceperit,
1179 1916 1238 1965 et
1283 1912 1570 1966 existimat
1617 1914 1769 1984 quod
1821 1914 2075 1984 ingenua

371 2001 462 2064 sit,
521 2001 567 2054 si
600 1999 720 2071 ipsa
767 2000 984 2054 femina
1033 2003 1233 2071 postea
1278 2000 1450 2054 fuerit
1480 2001 1771 2069 inservita,
1809 2002 1856 2055 si
1885 2020 2010 2057 eam
2043 2022 2076 2058 a

372 2089 644 2144 servitute
690 2089 973 2142 redimere
1022 2093 1231 2158 potest,
1281 2087 1493 2144 faciat:
1527 2089 1576 2142 si
1623 2106 1738 2143 non
1768 2096 1979 2160 potest,
2030 2093 2076 2146 si

374 2177 639 2243 voluerit,
682 2176 854 2230 aliam
886 2176 1146 2246 accipiat.
1179 2175 1237 2231 Si
1285 2181 1474 2231 autem
1513 2192 1732 2230 servam
1764 2193 1890 2232 eam
1937 2179 2076 2232 scie-

375 2273 482 2328 rat,
538 2270 594 2320 et
643 2265 1287 2335 collaudaverat:post,
1344 2269 1409 2320 ut
1463 2264 1782 2336 legitimam
1846 2266 2074 2322 habeat.

377 2354 653 2412 Similiter
684 2359 742 2409 et
773 2353 981 2408 mulier
1009 2353 1266 2424 ingenua
1303 2353 1373 2408 de
1420 2368 1581 2408 servo
1614 2354 1848 2409 alterius
1894 2355 2080 2410 facere

379 2442 569 2499 debet.

381 2531 508 2588 CAP.
554 2529 755 2586 XXVII.
801 2559 869 2570 -
899 2532 973 2584 De
989 2531 1199 2596 femina
1224 2531 1483 2596 ingenua,
1517 2531 1572 2585 si
1589 2544 1802 2584 servum
1822 2532 2082 2594 maritum

1090 2602 1372 2669 acceperit.

458 2690 580 2758 (Ex
608 2688 789 2744 eodem
843 2689 1086 2757 concilio,
1135 2690 1314 2756 capite
1359 2690 1433 2755 8.)
1465 2687 1522 2743 Si
1569 2687 1783 2743 femina
1831 2688 2083 2760 ingenua

385 2777 591 2847 accipit
617 2791 866 2842 servum,
897 2775 1080 2830 sciens
1110 2775 1246 2846 quia
1275 2790 1469 2828 servus
1490 2779 1656 2841 esset,
1681 2774 1889 2830 habeat
1909 2791 2042 2829 eum
2067 2791 2081 2828 :

387 2864 524 2937 quia
548 2879 748 2918 omnes
778 2879 960 2918 unum
990 2867 1214 2934 patrem
1243 2862 1521 2917 habemus
1546 2861 1608 2916 in
1635 2861 1810 2917 caelis.
1846 2863 1968 2917 Una
1991 2862 2086 2916 lex

386 2954 513 3021 erit,
547 2957 603 3006 et
629 2953 752 3006 viro
783 2958 838 3006 et
879 2951 1123 3006 feminae.

389 3043 519 3098 CAP.
553 3042 781 3097 XXVIII.
799 3069 873 3082 -
901 3043 974 3095 De
995 3041 1227 3106 legitime
1248 3039 1572 3107 conjunctis,
1602 3040 1652 3093 si
1672 3039 1810 3093 alter
1829 3053 2010 3093 eorum
2027 3040 2086 3093 in

931 3113 1222 3165 amentiam
1253 3110 1541 3163 devenerit.

469 3203 578 3268 (Ex
601 3200 828 3270 epistola
864 3201 1079 3255 Nicolai
1105 3199 1178 3252 ad
1215 3199 1465 3254 Carolum
1503 3196 1743 3264 Mogunt.
1786 3199 2090 3267 episcOpum

396 3290 612 3358 missa.)
661 3289 717 3343 Si
765 3287 865 3359 qui
912 3286 1346 3342 matrimonium
1395 3285 1520 3339 sani
1571 3287 1978 3354 contraxerint,
2037 3291 2094 3340 et

396 3379 502 3433 nni
533 3395 599 3433 ex
647 3377 872 3432 duobus
901 3376 1176 3443 amentia,
1228 3380 1325 3429 aut
1354 3375 1534 3441 furor,
1566 3380 1665 3429 aut
1711 3375 1902 3446 aliqua
1932 3377 2095 3430 inﬁr-

399 3468 570 3522 mitas
617 3463 932 3532 accesserit,
965 3463 1037 3518 ob
1083 3463 1230 3518 hanc
1271 3463 1664 3517 inﬁrmitatem
1714 3464 1982 3535 conjugia
2011 3470 2094 3519 ta-

402 3557 544 3611 lium
580 3554 722 3608 solvi
752 3569 872 3608 non
917 3555 1174 3623 possunt.
1207 3551 1480 3605 Similiter
1518 3551 1878 3606 sentiendum
1907 3552 1976 3606 de
2007 3552 2096 3606 his

403 3644 504 3717 qui
529 3645 600 3698 ab
626 3641 964 3697 adversariis
1008 3643 1380 3706 excaecantur,
1413 3643 1512 3692 aut
1557 3638 1832 3693 membris
1863 3638 2097 3693 detrun-

402 3737 625 3788 cantur.

477 3823 606 3876 CAP.
639 3819 810 3874 XXIX.
838 3846 908 3857 --
937 3819 1012 3871 De
1040 3817 1296 3885 legitimis
1335 3817 1701 3870 matrimoniis
1731 3831 2024 3870 servorum.

479 3909 586 3980 (Ex
616 3908 837 3962 concilio
864 3906 1150 3972 Cabillon.,
1183 3907 1360 3974 capite
1394 3905 1505 3972 30.)
1542 3905 1766 3958 Dictum
1797 3909 1881 3958 est
1910 3904 2097 3972 nobis,

407 3995 557 4066 quod
591 3994 825 4064 quidam
854 3991 1114 4062 legitima
1146 4005 1436 4044 servorum
1464 3990 1832 4045 matrimonia
1860 3996 2104 4060 potesta-

405 4083 520 4137 tiva
549 4081 799 4152 quadam
832 4078 1280 4151 praesumptione
1318 4078 1613 4145 dirimant,
1648 4095 1764 4132 non
1795 4079 2100 4133 attenden-

407 4175 492 4225 tes
523 4169 667 4224 illud
715 4168 1107 4238 evangelicum
1141 4183 1153 4220 :
1191 4166 1348 4230 Quod
1385 4167 1529 4220 Deus
1573 4167 1890 4236 conjunxit,
1928 4167 2100 4221 homo

410 4275 524 4312 non
581 4262 818 4327 separet.
878 4256 1036 4310 Unde
1107 4253 1274 4309 nobis
1328 4253 1511 4308 visum
1569 4259 1658 4308 est
1708 4259 1772 4309 ut
1835 4256 2104 4326 conjugia

410 4361 703 4400 servorum
735 4361 849 4398 non
890 4343 1251 4411 dirimentur,
1289 4342 1514 4396 etiamsi
1545 4343 1794 4398 diversos
1837 4343 2103 4398 dominos
2137 4378 2177 4430 ι)

409 4435 659 4490 habeant
689 4449 703 4486 :
739 4433 832 4486 sed
864 4431 924 4486 in
954 4448 1071 4486 uno
1099 4431 1370 4502 conjugio
1400 4436 1824 4502 permanentes,
1859 4432 2107 4487 dominis

410 4524 663 4579 serviant
694 4522 831 4576 suis.
886 4522 954 4576 Et
987 4521 1093 4576 hoc
1136 4520 1197 4575 in
1233 4512 1348 4575 illis
1400 4521 1818 4575 observandum
1848 4525 1952 4587 est,
2007 4521 2106 4575 ubi

407 4612 606 4682 legalis
662 4609 989 4680 conjunctio
1051 4609 1182 4676 fuit,
1245 4613 1304 4662 et
1361 4624 1464 4680 per
1513 4609 1866 4662 voluntatem
1920 4609 2104 4663 domi-

409 4716 639 4756 norum.

482 4789 613 4844 CAP.
641 4789 783 4843 XXX.
817 4817 886 4828 —
912 4787 979 4841 Si
1012 4787 1216 4854 furiosi
1257 4786 1607 4840 matrimonia
1644 4787 2031 4840 contraxerint.

481 4877 593 4945 (Ex
621 4877 827 4930 decreto
855 4875 1090 4930 Fabiani
1104 4889 1281 4945 papae.
1309 4876 1486 4943 capite
1516 4873 1591 4942 5.)
1622 4873 1818 4943 Neque
1839 4873 2107 4940 furiosus,

409 4981 599 5036 neque
629 4965 843 5019 furiosa
874 4963 1305 5018 matrimonium
1337 4962 1675 5017 contrahere
1708 4969 1976 5032 possunt;
2009 4963 2108 5016 sed

410 5051 459 5106 si
489 5056 847 5105 contractum
877 5049 1072 5116 fuerit,
1105 5065 1222 5103 non
1251 5054 1608 5119 separentur.

407 5141 536 5196 CAP.
571 5139 742 5194 XXXI.
774 5166 846 5178 —
868 5141 945 5192 De
966 5137 1293 5206 desponsata
1305 5139 1511 5206 puella.
1531 5139 1582 5192 si
1600 5138 1740 5190 alter
1759 5153 1877 5192 eam
1896 5139 1957 5191 in
1988 5153 2110 5192 ma-

862 5211 1175 5262 trimonium
1199 5210 1373 5277 possit
1403 5210 1660 5276 accipere.

481 5298 590 5370 (Ex
615 5299 777 5367 epist.
807 5297 1018 5365 Syricii
1043 5311 1220 5366 papa.
1257 5298 1433 5364 capite
1459 5296 1538 5364 4.)
1573 5296 1648 5349 De
1681 5294 1970 5365 conjugali
2000 5312 2109 5350 au-

407 5393 524 5443 tem
556 5385 866 5441 violatione
908 5383 1217 5454 requisisti,
1260 5382 1307 5436 si
1351 5383 1753 5451 desponsatam
1799 5383 1894 5436 alii
1944 5383 2107 5452 puel-

408 5477 542 5540 lam,
596 5475 743 5529 alter
784 5473 844 5526 in
874 5471 1309 5526 matrimonium
1355 5469 1532 5542 possit
1560 5470 1836 5539 accipere.
1874 5471 1989 5523 Hoc
2035 5486 2107 5524 ne

408 5565 509 5617 ﬁat
538 5562 724 5617 modis
771 5561 1040 5615 omnibus
1084 5559 1414 5614 inhibemus
1446 5575 1460 5613 :
1491 5559 1628 5628 quia
1657 5559 1754 5612 illa
1784 5557 2106 5612 benedictio

411 5663 584 5720 quam
618 5651 886 5719 nupturae
913 5646 1175 5701 sacerdos
1204 5645 1468 5717 imponit,
1498 5645 1647 5714 apud
1683 5645 1873 5697 ﬁdeles
1903 5644 2102 5714 cujus-

1423 412 1834 472 BURCIIARDI
1880 412 2409 470 WORMACIENSIS
2450 409 2779 467 EPISCOPI.

3764 410 3883 463 8‘20

2085 539 2131 592 Α
2169 535 2300 590 dam
2347 531 2631 604 sacrilegii
2662 532 2843 586 instar
2889 533 2991 598 est,
3025 529 3071 584 si
3102 530 3218 584 ulla
3255 529 3714 602 transgressione
3747 529 3886 583 vio-

2163 625 2331 679 letur.

2236 713 2364 765 CAP.
2396 711 2594 766 XXXII.
2623 738 2691 750 —
2728 711 2796 763 De
2824 707 2910 762 his
2939 709 3036 776 qui
3061 722 3287 776 sponsas
3317 709 3524 762 alienas
3546 710 3800 776 rapiunt.

2239 803 2349 870 (Ex
2379 802 2599 855 concilio
2632 799 2909 864 Milete-nsi,
2944 800 3122 867 capite
3152 796 3228 866 ὅ.)
3264 798 3338 850 De
3387 797 3476 849 his
3503 796 3603 867 qui
3629 810 3888 865 sponsas

2165 887 2382 941 alienas
2412 888 2663 958 rapiunt,
2713 887 2946 955 antiqua
2974 891 3030 938 et
3059 885 3348 954 synodalis
3373 885 3659 938 sententia
3681 884 3889 937 obser-

2166 981 2349 1031 vetur.
2394 976 2556 1040 Quod
2586 981 2642 1030 et
2669 975 2718 1029 si
2764 977 2908 1028 forte
2942 973 2998 1027 in
3045 973 3294 1027 Ecclesia
3325 979 3562 1045 eventus
3595 973 3725 1026 talis
3776 987 3890 1024 re-

2165 1065 2343 1136 periri
2391 1065 2764 1136 dignoscitur,
2809 1069 2866 1117 ut
2903 1079 3008 1132 pro
3040 1061 3239 1115 salutis
3270 1066 3326 1114 et
3377 1061 3676 1130 religionis
3707 1075 3886 1113 com-

2169 1154 2421 1226 petentia
2452 1153 2759 1208 humanius
2787 1151 3062 1222 quiddam
3093 1151 3338 1204 debeant
3369 1155 3608 1203 tractare
3639 1147 3900 1220 pontiﬁ-

2169 1257 2280 1307 ces,
2321 1243 2468 1296 sicut
2513 1241 2805 1306 canonica,
2841 1245 2905 1293 ut.
2933 1239 3148 1293 eisdem
3183 1237 3371 1292 verbis
3400 1243 3652 1302 utamur,
3711 1236 3900 1290 docet.

2170 1331 2500 1397 auctoritas,
2553 1329 2688 1400 quia
2741 1329 2918 1399 prior,
2970 1327 3261 1397 inquiens,
3322 1325 3582 1379 deﬁnitio
3625 1324 3836 1379 durius
3876 1337 3898 1375 :

2171 1416 2456 1488 posterior
2495 1423 2686 1470 autem
2723 1415 2997 1486 quiddam
3048 1415 3309 1468 tractavit
3350 1412 3676 1478 humanius,
3715 1411 3902 1464 nullo

2175 1506 2341 1560 modo
2394 1511 2455 1560 ut
2483 1505 2551 1559 ad
2602 1504 2910 1558 maximam
2969 1502 3388 1573 indulgentiam
3442 1501 3900 1563 descendemus,

2174 1594 2410 1649 alterius
2454 1609 2676 1664 sponsae
2719 1597 3006 1662 acceptor,
3051 1591 3174 1645 sine
3205 1591 3431 1662 publica
3478 1595 3730 1644 transeat
3760 1605 3910 1658 poe-

2177 1682 2441 1738 nitentia.
2498 1682 2662 1747 Quod
2711 1682 2758 1735 si
2805 1682 2928 1735 htec
2976 1680 3209 1734 obedire
3266 1679 3541 1745 renuerit,
3587 1678 3713 1732 sine
3766 1678 3908 1730 ulla

2183 1771 2565 1841 refragatione
2615 1768 3148 1823 anathematizetur.
3208 1769 3478 1821 Fautores
3517 1782 3652 1820 vero
3700 1764 3902 1825 illius,

2175 1859 2339 1930 juxta
2371 1859 2604 1914 modum
2635 1857 2843 1927 culpae,
2874 1856 3130 1926 episcopi
3177 1856 3404 1910 decreto
3450 1855 3792 1925 pmniteant.
3833 1853 3909 1908 Si

2181 1963 2337 2013 vero,
2386 1947 2540 2018 quod
2571 1963 2683 2000 non
2714 1951 3001 2016 optamus,
3035 1945 3105 1998 de
3135 1944 3320 2014 gradu
3369 1943 3751 1998 ecclesiastico
3801 1947 3906 1996 ta-

2182 2033 2332 2087 libus
2361 2032 2580 2103 nuptiis
2611 2049 2670 2086 se
2701 2047 3124 2097 consensorem,
3157 2032 3243 2100 vel
3275 2030 3722 2084 interventorem
3758 2046 3910 2083 ma-

2183 2121 2389 2176 nifeste
2415 2120 2753 2192 prodiderit,
2782 2138 2814 2175 a
2843 2120 3024 2191 gradu
3056 2119 3290 2189 proprio
3322 2119 3694 2187 repellantur.
3741 2119 3809 2172 Et
3847 2118 3909 2170 si

2187 2209 2590 2264 verisimilibus
2644 2208 2848 2263 exinde
2891 2207 3315 2278 suspicionibus
3361 2206 3536 2261 fuerit
3577 2206 3909 2277 propulsa-

2186 2302 2297 2366 tus,
2327 2298 2596 2352 canonice
2623 2313 2680 2350 se
2721 2302 2947 2368 purget.

2347 2383 2476 2437 CAP.
2507 2383 2730 2438 XXXIII.
2762 2411 2835 2423 —
2867 2386 2936 2437 De
2968 2383 3052 2437 his
3082 2384 3179 2452 qui
3213 2383 3448 2448 feminas
3474 2384 3722 2452 rapiunt.

2260 2470 2365 2540 (Ex
2394 2473 2616 2526 concilio
2655 2471 2806 2540 apud
2837 2472 3179 2540 Aquisgran.
3227 2473 3405 2539 capite
3451 2471 3533 2540 3.)
3566 2469 3784 2526 Placuit
3834 2477 3917 2524 ut

2189 2559 2250 2614 hi
2280 2561 2380 2632 qui
2427 2559 2657 2631 rapiunt
2697 2559 2962 2623 feminas,
2995 2559 3082 2613 vel
3113 2559 3395 2622 furantur,
3442 2564 3542 2612 aut
3582 2559 3909 2627 seducunt,

2191 2665 2285 2702 eas
2316 2649 2644 2702 nullatenus
2674 2648 2924 2701 habeant
2955 2664 3180 2706 uxores.
3228 2646 3488 2717 quamvis
3516 2647 3597 2700 eis
3635 2651 3920 2717 postmo-

2192 2737 2332 2792 dum
2379 2736 2704 2804 conveniat,
2749 2740 2848 2789 aut
2891 2752 2986 2790 eas
3031 2735 3374 2803 dotaverint,
3407 2735 3496 2789 vel
3554 2736 3916 2805 nuptialiter

2193 2841 2323 2880 cum
2365 2841 2644 2880 consensu
2673 2829 2978 2896 parentum
3010 2840 3246 2878 suorum
3292 2824 3634 2894 acceperint.
3672 2825 3733 2878 Si
3765 2825 3916 2894 quis

2194 2919 2386 2968 autem
2421 2929 2653 2968 uxorem
2698 2914 2910 2967 habere
2940 2913 3208 2975 voluerit.
3244 2912 3517 2966 canonice
3548 2917 3604 2966 et
3630 2913 3916 2983 legaliter

2195 3019 2321 3057 eam
2365 3002 2622 3072 accipiat,
2656 3006 2712 3056 et
2743 3018 2861 3056 non
2891 3001 3092 3072 rapiat.
3129 3000 3238 3064 Qui
3277 3017 3409 3054 vero
3440 3017 3565 3054 eam
3613 3002 3908 3071 rapuerit,

2119 3103 2160 3159 ρ
2197 3093 2283 3146 vel
2313 3092 2534 3146 furatus
2563 3091 2757 3159 fuerit,
2792 3095 2890 3145 aut
2931 3089 3237 3156 seduxerit,
3273 3105 3572 3162 nunquam
3603 3105 3730 3143 eam
3763 3107 3915 3144 uxo-

2199 3197 2323 3236 rem
2352 3180 2575 3235 habeat.

2585 3263 2712 3318 CAP.
2745 3263 2959 3318 XXXIV.
2992 3291 3060 3303 —
3094 3263 3174 3316 De
3216 3261 3400 3316 eadem
3429 3277 3506 3316 re.

2273 3355 2382 3423 (Ex
2432 3353 2655 3408 concilio
2698 3350 2980 3417 Meldensi,
3033 3351 3214 3421 capite
3248 3348 3358 3418 tO.)
3411 3349 3518 3414 Qui
3563 3365 3694 3403 vero
3743 3349 3916 3405 dein-

2203 3458 2334 3511 ceps
2401 3456 2601 3511 rapere
2667 3439 2916 3508 virgines
2957 3437 3448 3508 praesumpserint,
3516 3438 3604 3491 vel
3669 3438 3910 3504 viduas,

2205 3529 2520 3586 secundum
2580 3527 2912 3598 synodalem
2968 3526 3119 3580 beati
3171 3525 3429 3595 Gregorii
3480 3525 3913 3593 deﬁnitionem,

2203 3617 2332 3688 ipsi,
2364 3621 2421 3670 et
2449 3615 2754 3686 complices
2786 3630 2984 3668 eorum
3015 3612 3596 3678 anathematizentur,
3631 3617 3688 3667 et
3706 3619 3916 3683 rapto-

2205 3722 2294 3760 res
2326 3705 2449 3760 sine
2477 3721 2576 3776 spe
2603 3703 2858 3774 conjugii
2887 3706 3168 3773 perpetuo
3201 3706 3493 3755 maneant.

2207 3812 2334 3870 CAP.
2355 3812 2549 3866 XXXV.
2578 3840 2650 3852 —-
2670 3811 2749 3864 De
2772 3811 2857 3864 his
2879 3811 2976 3878 qui
3004 3810 3232 3877 rapiunt
3251 3808 3462 3876 puellas
3473 3807 3571 3862 sub
3602 3809 3814 3861 nomine
3829 3810 3919 3862 si-

2828 3881 2942 3934 mul
2972 3878 3281 3933 habitandi.

2279 3968 2388 4040 (Ex
2417 3969 2640 4023 concilio
2689 3967 2938 4025 Chalced.
2987 3968 3168 4035 capite
3213 3963 3326 4034 27.)
3358 3965 3467 4018 Eos
3521 3963 3623 4034 qui
3669 3964 3921 4033 rapiunt

2211 4056 2480 4110 mulieres
2527 4056 2633 4110 sub
2678 4056 2916 4110 nomine
2947 4054 3120 4109 simul
3167 4052 3484 4119 habitandi,
3532 4057 3917 4124 cooperantes

2211 4149 2402 4198 autem
2453 4148 2510 4198 et
2560 4143 2927 4198 conniventes
2995 4141 3343 4211 raptoribus,
3409 4141 3658 4194 decrevit
3711 4147 3916 4195 sancta

2212 4233 2464 4303 synodus
2494 4237 2558 4287 ut
2586 4233 2632 4286 si
2658 4232 2894 4302 quidem
2923 4231 3113 4284 clerici
3144 4234 3297 4295 sunt,
3330 4229 3598 4283 decidant
3626 4229 3695 4284 de
3725 4231 3918 4300 gradu

2217 4320 2447 4392 proprio
2472 4337 2486 4386 ;
2516 4320 2562 4374 si
2592 4337 2722 4374 vero
2753 4319 2901 4386 laici,
2931 4318 3509 4373 anathematizentur.

2218 4411 2346 4466 CAP.
2375 4410 2592 4465 XXXVI.
2631 4439 2700 4448 —
2726 4412 2800 4464 De
2831 4409 3028 4476 puellis
3058 4410 3236 4476 raptis
3281 4407 3520 4460 nondum
3551 4405 3916 4474 desponsalis.

2285 4499 2396 4564 (Ex
2426 4495 2647 4552 concilio
2676 4497 2975 4562 Cabillon.,
3023 4498 3200 4563 capite
3225 4497 3339 4559 27.)
3373 4495 3450 4548 De
3498 4493 3704 4563 puellis
3732 4495 3922 4564 raptis

2216 4588 2461 4640 necdum
2510 4585 2863 4656 desponsatis
2893 4585 2952 4638 in
2995 4583 3446 4638 Chalcedonensi
3493 4581 3735 4636 concilio
3783 4582 3921 4636 scri-

2217 4679 2380 4745 ptum
2410 4679 2493 4727 est
2525 4690 2538 4728 :
2569 4675 2676 4728 Eos
2703 4672 2802 4744 qui
2830 4671 3064 4743 rapiunt
3094 4672 3313 4741 puellas
3344 4671 3450 4724 sub
3481 4670 3712 4724 nomine
3739 4669 3920 4723 simul

2215 4761 2534 4830 habitandi,
2600 4767 2972 4832 cooperantes
3038 4765 3094 4814 et
3158 4759 3524 4814 conniventes
3590 4759 3919 4828 raptoribus

2217 4851 2468 4906 decrevit
2526 4837 2721 4904 sancta
2773 4849 3022 4919 synodus
3067 4852 3131 4902 ut
3176 4847 3462 4918 siquidem
3522 4847 3712 4901 clerici
3757 4852 3917 4912 sunt,

2217 4939 2482 4994 decidant
2522 4938 2591 4992 de
2621 4937 2801 5007 gradu
2832 4936 3068 5007 proprio
3104 4951 3118 4990 :
3152 4935 3198 4988 si
3229 4952 3362 4989 vero
3394 4934 3542 5000 laici,
3575 4935 3918 4989 anathema—

2215 5028 2482 5082 tizentur.
2512 5025 2728 5089 Quibus
2759 5025 2944 5078 verbis
2972 5024 3140 5078 datur
3167 5023 3430 5094 intelligi,
3467 5023 3713 5093 qualiter
3741 5023 3917 5093 hujus

2219 5115 2357 5171 mali
2413 5119 2674 5168 auctores
2729 5112 3044 5168 damnandi
3101 5116 3233 5166 sunt
3272 5128 3285 5165 :
3322 5111 3552 5182 quando
3609 5111 3915 5182 participes

2215 5203 2523 5259 consilium
2566 5201 2944 5256 conniventes
2987 5205 3148 5254 tanto
3195 5199 3558 5254 anathemate
3606 5198 3910 5264 feriuntur,

2218 5296 2274 5346 et
2297 5292 2459 5361 juxta
2506 5288 2844 5343 canonicam
2891 5287 3290 5342 auctoritatem
3341 5287 3412 5341 ad
3459 5287 3728 5357 conjugia
3773 5287 3911 5357 legi-

2216 5380 2356 5434 tima
2387 5384 2576 5450 raptas
2605 5377 2714 5431 sibi
2738 5379 2870 5447 jure
2901 5376 3194 5432 vindicare
3226 5375 3557 5430 nullatenus
3582 5381 3839 5446 possunt.

2466 5467 2596 5522 CAP.
2628 5466 2866 5520 XXXVII.
2898 5494 2970 5507 —
2996 5469 3074 5522 De
3097 5469 3274 5534 raptis
3303 5466 3664 5533 desponsatis.

2287 5556 2407 5625 (Ex
2441 5556 2665 5610 concilio
2700 5553 3002 5625 Toletano.)
3029 5555 3275 5608 Proinde
3307 5553 3540 5624 placuit,
3589 5557 3758 5621 atque
3802 5557 3910 5605 sta-

2218 5647 2401 5696 tutum
2451 5648 2537 5697 est
2563 5660 2596 5696 a
2629 5660 2790 5696 sacro
2832 5647 3138 5706 conventu,
3196 5646 3260 5694 ut
3303 5641 3349 5694 si
3378 5639 3591 5710 aliquis
3639 5653 3906 5709 sponsam
