3966 6402
10 1126 23 1167 >

47 413 142 467 8'21

57 981 333 1035 tizentur.

439 1069 573 1123 CAP.
605 1069 878 1123 XXXVIII.
914 1100 983 1108 —-
1013 1072 1085 1124 De
1112 1070 1295 1124 eadem
1324 1086 1402 1124 re.

129 1160 244 1223 (Ex
266 1158 495 1211 concilio
528 1158 829 1222 Ancirano,
851 1159 1029 1226 capite
1060 1159 1175 1225 10.)
1209 1160 1585 1229 Desponsatas
1617 1160 1776 1229 puel-

58 1248 164 1312 las,
198 1252 257 1301 et
289 1250 425 1316 post
450 1245 521 1299 ab
553 1246 680 1299 aliis
712 1250 921 1315 raptas,
956 1246 1172 1317 placuit
1200 1248 1347 1313 erui,
1377 1253 1433 1301 et
1462 1248 1543 1301 eis
1592 1249 1773 1313 reddi,

61 1336 275 1404 quibus
309 1340 445 1388 ante
476 1335 710 1389 fuerant
735 1336 1111 1405 desponsatas,
1145 1336 1368 1391 etiamsi
1401 1337 1480 1391 eis
1514 1354 1545 1390 a
1582 1343 1773 1409 rapto-

61 1426 218 1478 ribus
250 1424 339 1478 vis
369 1423 533 1477 illata
562 1423 904 1476 constiterit.

462 1512 573 1565 CAP
630 1512 847 1566 XXXIX.
883 1542 952 1551 —
978 1515 1052 1567 De
1084 1513 1266 1567 eadem
1290 1528 1367 1567 re.

133 1601 253 1671 (Ea:
283 1602 512 1655 concilio
546 1601 829 1664 Meldensi,
861 1603 1039 1670 capite
1076 1604 1188 1672 65.)
1221 1601 1276 1656 Si
1304 1606 1498 1655 autem
1530 1602 1774 1656 necdum

10 1707 155 1757 ,eas
213 1707 362 1761 quas
430 1696 745 1759 rapuerant
790 1706 921 1744 cum
982 1691 1275 1745 voluntate
1333 1695 1638 1761 parentum
1670 1693 1774 1747 sub

10 2334 26 2375 φ

59 1778 301 1848 praefato
335 1778 765 1848 desponsionis,
796 1778 882 1833 vel
914 1778 1157 1834 dotalitii
1203 1779 1433 1834 nomine
1466 1780 1525 1833 in
1575 1782 1772 1851 conju-

58 1868 220 1937 gium
248 1872 518 1937 sumptas
544 1867 777 1933 habent,
810 1868 1042 1938 quando
1074 1868 1134 1922 in
1164 1869 1425 1923 omnium
1457 1886 1621 1923 aures
1653 1870 1774 1923 haec

60 1957 233 2010 fuerit
263 1955 607 2010 constitutio
636 1957 1023 2026 promulgata,
1060 1957 1128 2011 ab
1151 1973 1348 2011 earum
1371 1958 1775 2028 conjunctione

61 2050 430 2115 separentur,
466 2049 520 2098 et
552 2045 797 2115 publica:
820 2045 1172 2114 pmnitentias
1195 2046 1554 2117 subigantur.
1576 2048 1774 2117 Rapta;

64 2140 252 2188 autem
286 2134 638 2203 parentibus
661 2133 925 2203 legaliter
966 2136 1371 2191 restituantur.
1426 2137 1558 2190 Post
1588 2142 1774 2191 actam

60 2240 190 2276 vero
218 2222 520 2293 publicam
549 2222 969 2292 paenitentiam,
1011 2222 1058 2275 si
1099 2229 1235 2276 aetas
1268 2228 1323 2277 et
1360 2223 1776 2279 incontinentia

62 2311 347 2380 exegerit,
407 2310 666 2379 legitimo
715 2315 771 2363 et
827 2326 893 2363 ex
947 2309 1207 2380 utrisque
1256 2311 1517 2380 partibus
1563 2311 1773 2381 placito

60 2399 333 2469 conjugio
368 2399 682 2452 socientur.
721 2398 861 2450 Nam
891 2397 949 2451 in
998 2398 1087 2451 his
1118 2415 1233 2451 non
1268 2401 1526 2469 regulam
1564 2399 1774 2453 consti-

63 2489 295 2555 tuimus,
343 2487 466 2553 sed,
504 2491 569 2540 ut
616 2486 806 2540 verbis
850 2486 1036 2557 Magni
1082 2486 1288 2541 Leonis
1336 2492 1586 2548 utamur.
1634 2488 1774 2557 quid

66 2577 130 2629 sit
174 2574 546 2630 tolerabilius
595 2574 969 2628 aestimamus.
1019 2575 1177 2640 Quod
1212 2576 1258 2628 si
1294 2592 1440 2628 unus
1471 2592 1536 2628 ex
1576 2576 1772 2645 conju-

70 2665 202 2735 gatis
247 2663 485 2727 obierit,
513 2664 563 2716 is
602 2663 702 2733 qui
745 2664 1033 2734 publicam
1063 2664 1459 2734 paenitentiam
1485 2664 1688 2734 egerit,
1720 2668 1777 2719 et

70 2759 353 2821 superstes
379 2751 688 2816 exstiterit,
712 2752 917 2805 iterare
940 2752 1275 2823 conjugium
1298 2768 1416 2806 non
1440 2758 1771 2822 praesumat,

71 2842 169 2895 nisi
213 2843 363 2895 forte
421 2841 733 2910 episcopus
776 2840 1107 2911 prmviderit
1154 2841 1409 2912 aliquam
1464 2842 1774 2895 concedere

18 2954 35 2959 -
71 2930 515 3002 indulgentiam,
568 2932 635 2983 ut
684 2929 1007 3000 graviorem
1046 2929 1227 3000 possit
1275 2946 1535 2985 amovere
1589 2931 1774 2985 otl'en-

70 3034 199 3073 sam.

10 3106 21 3127 ﬁ
71 3128 188 3179 Car.
223 3125 327 3179 XL.
373 3153 449 3165 —
478 3127 552 3178 De
593 3124 678 3177 his
713 3126 811 3191 qui
848 3126 906 3178 in
937 3127 1279 3179 matrimonio
1310 3126 1494 3193 juncti
1529 3129 1675 3190 sunt,
1724 3132 1773 3179 et

12 3698 15 3705 ι
25 3694 33 3711 1

14 3842 23 3875 I

535 3195 877 3249 concumbere
903 3212 1008 3249 non
1035 3201 1282 3265 possunt.

136 3286 243 3352 (Ea:
283 3288 453 3354 epist.
504 3284 663 3351 Greg.
726 3284 800 3337 ad
852 3287 1109 3338 Joannem
1153 3287 1513 3339 Ravennatem
1571 3287 1774 3354 episco-

71 3376 234 3441 pum.)
265 3373 435 3438 Quod
462 3378 659 3425 autem
682 3372 1051 3442 interrogasti
1074 3373 1143 3426 de
1166 3372 1253 3426 his
1275 3373 1374 3443 qui
1403 3373 1773 3427 matrimonio

67 3461 239 3528 juncti
290 3467 455 3526 sunt,
509 3466 567 3513 et
610 3461 827 3514 nubere
870 3478 987 3514 non
1032 3466 1292 3531 possunt,
1346 3460 1391 3513 si
1434 3461 1529 3515 ille
1577 3462 1770 3526 aliam,

71 3550 145 3601 vel
176 3550 272 3603 illa
305 3550 493 3603 alium
536 3548 746 3602 ducere
800 3549 999 3618 possit,
1053 3550 1262 3619 quibus
1306 3549 1584 3619 scriptum
1639 3554 1769 3603 est:

73 3638 157 3690 Vir
193 3643 248 3692 et
287 3637 511 3692 mulier
550 3636 599 3690 si
651 3653 711 3690 se
762 3636 1189 3706 conjunxerint,
1239 3641 1295 3689 et
1343 3642 1539 3706 postea
1566 3637 1775 3691 dixerit

77 3726 271 3781 mulier
312 3728 386 3781 de
422 3727 569 3792 viro,
603 3725 758 3796 quod
787 3742 901 3779 non
925 3725 1105 3795 possit
1126 3726 1278 3779 coire
1309 3742 1439 3779 cum
1473 3742 1562 3790 eo,
1597 3726 1641 3779 si
1672 3743 1772 3797 po-

75 3820 172 3869 test
214 3816 469 3886 probare
506 3830 610 3885 per
651 3815 870 3882 justum
909 3814 1195 3884 judicium
1244 3814 1395 3884 quod
1442 3830 1640 3867 verum
1681 3815 1771 3881 sit,

80 3904 302 3974 accipiat
336 3904 521 3959 alium
558 3919 573 3957 :
605 3902 653 3956 si
684 3908 877 3956 autem
917 3902 1015 3955 ille
1046 3902 1218 3956 aliam
1263 3903 1564 3972 acceperit,
1605 3920 1775 3974 sepa-

83 4000 285 4049 rentur.

512 4080 641 4135 CAP.
674 4079 817 4133 XLI.
850 4108 919 4118 —
954 4082 1025 4133 De
1049 4078 1235 4135 eadem
1265 4095 1342 4133 re.

146 4171 253 4233 (Ea:
283 4172 514 4225 concilio
540 4168 693 4238 apud
730 4169 1061 4223 Vermeriam
1110 4168 1436 4236 temporibus
1478 4170 1661 4237 Pipini
1697 4184 1778 4222 re-

86 4261 373 4331 gis,capite
412 4258 523 4327 I7.)
577 4258 637 4312 Si
697 4273 811 4328 qua
858 4257 1067 4311 mulier
1114 4257 1575 4327 proclamaverit,
1621 4258 1775 4327 quod

84 4347 157 4399 vir
200 4365 333 4401 suus
383 4362 693 4418 nunquam
735 4361 865 4399 cum
914 4361 978 4399 ea
1011 4344 1237 4410 coisset,
1289 4350 1491 4399 exeant
1523 4344 1654 4398 inde
1704 4345 1772 4399 ad

12 4456 17 4468 -
85 4450 289 4490 crucem
324 4454 336 4490 :
382 4442 442 4491 et
464 4436 511 4489 si
542 4451 742 4489 verum
781 4434 973 4497 fuerit,
1008 4439 1367 4505 separentur,
1401 4439 1457 4489 et
1480 4434 1577 4489 illa
1606 4434 1777 4489 faciat

87 4524 220 4591 quod
246 4526 385 4579 vult.

513 4609 645 4663 CAP.
674 4609 829 4663 XLII.
861 4638 931 4649 —
957 4612 1030 4663 De
1057 4610 1241 4663 eadem
1261 4624 1337 4663 re.

152 4697 248 4765 (Ea:
277 4700 509 4754 concilio
554 4698 707 4767 apud
745 4697 1156 4767 Compendium,
1197 4700 1374 4767 capite
1412 4697 1526 4765 20.)
1562 4697 1615 4752 Si
1649 4697 1777 4768 quis

92 4788 285 4857 accepit
316 4802 580 4852 uxorem,
616 4792 673 4839 et
704 4786 906 4842 habuit
931 4786 1113 4856 ipsam
1159 4786 1354 4856 aliquo
1398 4790 1678 4857 tempore,
1721 4792 1780 4841 et

26 4896 35 4905 ο
91 4872 198 4941 ipsa
226 4878 441 4930 femina
470 4876 613 4929 dicit
660 4876 818 4945 quod
869 4891 985 4928 non
1038 4875 1245 4929 coisset
1300 4890 1430 4928 cum
1465 4892 1552 4940 ea,
1583 4880 1640 4929 et
1682 4872 1777 4929 ille

16 5466 45 5493 λ

95 4962 165 5013 vir
194 4964 321 5018 dicit
359 4964 521 5035 quod
575 4963 655 5016 sic
702 4963 852 5029 fecit,
899 4962 961 5015 in
1011 4962 1247 5019 veritate
1297 4962 1404 5016 viri
1459 4961 1774 5018 consistat.

92 5049 214 5118 quia
243 5052 324 5106 vir
353 5056 633 5123 caputest
668 5050 943 5104 mulieris.

478 5142 609 5194 CAP.
642 5140 826 5195 XLIII.
868 5169 940 5180 —
967 5142 1039 5193 De
1077 5139 1261 5193 eadem
1291 5155 1366 5193 re.

157 5226 252 5293 (Ea:
280 5232 502 5284 concilio
539 5229 781 5291 Tribur.,
821 5232 997 5297 capite
1034 5230 1112 5295 3.)
1157 5228 1252 5281 Vir
1293 5228 1339 5280 si
1386 5226 1612 5281 duxerit
1643 5244 1779 5281 uxo-

100 5327 202 5368 rem
229 5319 611 5371 concumbere
657 5332 787 5369 cum
832 5332 899 5368 ea
936 5332 1052 5369 non
1098 5316 1315 5377 valens,
1355 5320 1409 5368 et
1442 5315 1617 5368 frater
1659 5314 1780 5384 ejus

100 5400 329 5459 clanculo
366 5422 495 5459 eam
538 5404 845 5469 vitiaverit,
889 5408 946 5457 et
987 5403 1283 5473 gravidam
1327 5402 1659 5468 reddiderit,
1688 5418 1779 5455 se-

105 5498 369 5554 parentur.
412 5493 806 5549 Considerata
828 5497 1023 5545 autem
1083 5490 1497 5555 imbecillitate,
1556 5490 1779 5545 miseri-

104 5579 273 5633 cordia
298 5582 378 5636 eis
406 5580 782 5653 impartiatur
807 5581 879 5635 ad
909 5579 1268 5650 conjugium,
1310 5583 1533 5632 tantum
1579 5578 1641 5631 in
1672 5580 1780 5632 Do-

108 5673 260 5719 mmo.

1070 414 1547 494 DECRETOBUM
1600 418 1783 475 LIBRI
1826 421 1932 476 XX.
1978 448 2043 460 --
2088 419 2306 476 LIBER
2345 420 2585 477 NONUS.

10 532 292 590 ’alterius
332 534 624 606 rapuerit,
682 533 912 605 publica
952 535 1294 605 pwnitentia
1341 538 1669 602 mulctetur,
1720 545 1775 595 et
1801 547 1847 598 Α

48 626 173 679 sine
208 640 313 694 spe
353 624 621 694 conjugii
670 628 920 678 maneat.
969 626 1033 677 Et
1073 625 1119 678 si
1154 625 1278 696 ipsa
1316 628 1505 681 eidem
1548 629 1777 683 crimini

52 713 430 767 consentiens
466 728 586 767 non
617 712 743 779 fuit,
778 713 1007 767 licentia
1038 714 1295 768 nubendi
1324 716 1420 769 alii
1453 732 1567 770 non
1602 733 1776 787 nege-

55 808 166 854 tur.
202 801 372 864 Quod
404 800 452 853 si
484 806 543 854 et
574 800 686 871 ipsi
718 806 848 871 post
877 801 998 854 haec
1028 818 1086 855 se
1114 804 1464 872 conjungere
1495 820 1777 874 praesum-

54 891 301 959 pserint,
349 890 586 961 utrique
620 906 805 960 usque
852 890 925 945 ad
956 890 1403 946 satisfactionem
1441 894 1774 948 anathema-

3478 428 3583 481 822

2305 544 2431 598 CAP.
2467 546 2637 600 XLIV.
2672 575 2740 587 —
2770 549 2842 601 De
2871 547 3053 601 eadem
3082 564 3164 601 re.

1958 631 2073 696 (Ex
2108 633 2266 701 epist.
2311 633 2558 705 Grcgor.)
2596 636 2669 688 De
2704 635 2789 688 his
2845 635 3162 705 acquisitis,
3202 634 3301 706 qui
3340 636 3413 689 ob
3444 622 3579 689 can-

1886 735 2005 772 sam
2039 720 2262 789 frigidae
2297 727 2516 775 natura:
2556 739 2615 776 se
2656 724 2858 777 dicunt
2897 741 3013 778 non
3052 741 3215 794 posse
3245 726 3305 778 in
3336 724 3583 778 invicem

1884 823 2117 877 operam
2150 810 2335 863 carnis
2375 811 2576 865 dantes
2617 812 2975 866 commisceri
3009 830 3020 867 :
3055 814 3166 868 Iste
3196 829 3329 867 vero
3383 814 3428 865 si
3460 829 3580 867 non

1882 900 2068 965 potest
2098 912 2159 949 ea
2193 898 2277 950 uti
2304 914 2407 968 pro
2442 916 2641 963 uxore,
2674 900 2883 953 habeat
2914 902 3077 970 quasi
3110 918 3384 956 sororem.
3421 901 3583 965 Quod

1884 984 2264 1039 retinaculum
2334 986 2533 1057 jugale
2614 989 2814 1042 volunt
2884 990 3230 1053 rescindere,
3305 998 3580 1044 maneant

1882 1072 2112 1143 utrique
2147 1074 2377 1145 innupti
2412 1091 2424 1127 :
2460 1091 2593 1128 nam
2633 1076 2678 1128 si
2708 1076 2841 1129 huic
2870 1092 2986 1129 non
3019 1078 3205 1146 potuit
3245 1080 3584 1132 naturaliter

1883 1162 2247 1227 concordare,
2281 1163 2571 1233 quomodo
2603 1164 2767 1217 alteri
2798 1166 3137 1219 conveniet?
3170 1166 3347 1236 igitur
3396 1167 3444 1220 si
3492 1166 3581 1220 vir

1881 1249 2053 1302 aliam
2088 1251 2207 1303 vult
2255 1250 2510 1319 accipere
2543 1267 2801 1314 uxorem,
2855 1252 3157 1305 manifesta
3204 1253 3351 1307 ratio
3396 1258 3573 1323 patet,

1884 1336 2019 1407 quia
2052 1338 2432 1391 succendente
2463 1338 2693 1392 diabolo
2726 1339 2840 1393 odii
2872 1339 3149 1402 fomitem,
3185 1357 3415 1394 exosam
3454 1358 3581 1397 eam

1881 1425 2101 1494 habuit,
2135 1433 2190 1481 et
2220 1426 2430 1480 idcirco
2474 1426 2634 1480 illam
2660 1427 2949 1481 dimittere
2996 1428 3276 1482 mendacii
3327 1428 3578 1483 falsitate

1887 1514 2135 1567 molitur.
2190 1514 2353 1578 Quod
2388 1515 2433 1567 si
2493 1516 2698 1568 mulier
2753 1522 3040 1585 causatur,
3108 1520 3165 1569 et
3228 1517 3383 1582 dicit,
3436 1517 3573 1570 Volo

1884 1606 2068 1656 mater
2135 1619 2256 1657 esse
2340 1606 2397 1656 et
2452 1604 2597 1657 tilios
2668 1620 2992 1674 procreare,
3073 1612 3311 1675 uterque
3377 1621 3580 1659 eorum

1881 1690 2124 1761 septima
2188 1707 2361 1745 manu
2445 1693 2902 1763 propinquorum
2963 1695 3126 1747 tactis
3203 1695 3581 1747 sacrosanctis

1882 1780 2161 1850 reliquiis,
2205 1780 2583 1851 jurejurando
2624 1780 2774 1835 dicat
2821 1787 2884 1835 ut
2929 1798 3229 1853 nunquam
3278 1799 3380 1851 per
3420 1798 3578 1836 com-

1886 1868 2213 1923 mistionem
2271 1870 2455 1922 carnis
2515 1870 2804 1939 conjuncti
2874 1886 2987 1923 una
3022 1886 3154 1923 caro
3197 1869 3383 1923 etfecti
3436 1870 3577 1923 fuis-

1885 1962 2030 2023 sent,
2080 1962 2216 2011 tunc
2264 1957 2491 2011 videtur
2551 1959 2853 2012 mulierem
2903 1959 3177 2013 secundas
3221 1974 3386 2028 posse
3435 1974 3579 2011 con-

1886 2046 2111 2099 trahere
2149 2045 2395 2115 nuptias.
2439 2048 2767 2101 Humanum
2816 2046 2941 2101 dico
2991 2052 3225 2116 propter
3272 2046 3580 2099 inﬁrmita-

1886 2140 2001 2188 tem
2035 2135 2223 2187 carnis
2264 2150 2483 2187 eorum.
2537 2135 2635 2187 Vir
2682 2140 2875 2188 autem
2924 2136 3025 2205 qui
3084 2135 3307 2205 frigidae
3359 2143 3578 2189 natura:

1884 2226 1986 2288 est,
2020 2228 2250 2276 maneat
2280 2222 2401 2276 sine
2430 2224 2694 2294 conjuge.
2741 2224 2903 2288 Quod
2943 2224 2990 2277 si
3024 2228 3080 2277 et
3132 2224 3228 2277 ille
3278 2223 3449 2277 aliam
3479 2239 3578 2277 co-

1885 2312 2081 2381 pulam
2137 2312 2440 2382 acceperit,
2492 2316 2628 2366 tunc
2682 2312 2739 2365 hi
2797 2312 2897 2383 qui
2950 2312 3270 2383 juraverint
3340 2311 3581 2381 perjurii

1884 2400 2123 2454 crimine
2153 2400 2237 2454 rei
2268 2404 2590 2466 teneantur,
2643 2405 2699 2454 et
2729 2401 3071 2471 poenitentia
3102 2405 3349 2470 peracta,
3383 2400 3581 2471 priora

1885 2494 2164 2559 cogantur
2185 2489 2439 2559 recipere
2470 2489 2780 2543 connubia.

1885 2596 2010 2650 CAP.
2070 2595 2219 2649 XLV.
2276 2596 2359 2649 De
2445 2596 2749 2663 conjugatis
2816 2598 2911 2663 qui
2960 2597 3246 2650 saecularia
3276 2596 3581 2663 relinquere

2557 2667 2889 2721 desiderant.

1990 2752 2101 2821 (Ea:
2127 2753 2287 2807 dictis
2320 2754 2518 2807 Basilii
2537 2756 2821 2823 episcopi.)
2842 2754 2899 2807 Si
2931 2753 3059 2824 quis
3076 2753 3199 2807 vult
3236 2754 3577 2823 conjugatus

1885 2841 2139 2896 converti
2178 2841 2249 2895 ad
2280 2842 2714 2906 monasterium,
2768 2858 2882 2895 non
2915 2847 2999 2895 est
3044 2841 3429 2912 recipiendus,
3469 2842 3578 2895 nisi

1886 2930 2047 3001 prius
2091 2930 2333 3000 conjuge
2383 2930 2778 2983 castimoniam
2833 2931 3137 2999 proﬁtente
3182 2930 3353 2984 fuerit
3409 2931 3575 2983 abso-

1886 3020 2061 3073 lutus.
2098 3019 2239 3073 Nam
2281 3019 2327 3072 si
2362 3018 2479 3085 illa,
2526 3019 2750 3072 vivente
2799 3018 2912 3082 illo,
2953 3034 3055 3088 per
3095 3018 3574 3071 incontinentiam

1809 3097 1848 3153 Ο
1887 3108 2046 3163 alteri
2077 3107 2358 3177 nupserit,
2390 3106 2585 3178 procul
2618 3107 2794 3161 dubio
2837 3108 3093 3160 adultera
3124 3106 3251 3171 erit,
3294 3123 3397 3160 nec
3435 3106 3575 3160 reci-

1882 3197 2037 3269 pitur
2084 3197 2239 3268 upud
2287 3198 2467 3251 Deum
2529 3196 2813 3265 ejusmodi
2884 3196 2991 3249 viri
3042 3196 3358 3259 conversio,
3415 3197 3578 3265 cujus

1883 3286 2145 3356 sequitur
2185 3285 2505 3355 conjugalis
2556 3285 2783 3339 foederis
2834 3285 3180 3354 prostitutio.
3230 3285 3391 3337 Tales
3440 3300 3576 3354 ergo

1882 3381 2021 3429 tunc
2052 3374 2173 3427 sine
2203 3375 2372 3442 culpa
2423 3380 2739 3443 sequantur
2781 3372 3066 3426 Christum
3112 3371 3306 3425 relicto
3347 3374 3576 3441 saeculo,

1881 3463 1927 3517 si
1954 3463 2203 3516 habeant
2258 3478 2323 3516 ex
2384 3462 2509 3531 pari
2562 3462 2855 3514 voluntate
2890 3461 3165 3514 castitatis
3210 3477 3574 3514 consensum.

1882 3570 2009 3623 CAP.
2033 3568 2221 3622 XLVI.
2253 3597 2321 3606 -—
2351 3571 2424 3621 De
2452 3569 2570 3619 viro
2618 3568 2715 3635 qui
2762 3582 2983 3619 umorem
3031 3581 3187 3619 suam
3236 3567 3414 3619 velare
3452 3581 3578 3636 per-

2620 3639 2849 3690 miserit.

1955 3730 2062 3792 (EJ:
2095 3726 2314 3779 concilio
2358 3726 2632 3789 Remensi,
2670 3726 2846 3792 capite
2874 3724 2951 3789 3.)
2986 3723 3092 3787 Qui
3137 3739 3372 3777 uxorem
3414 3739 3578 3777 suam

1882 3813 2212 3885 permiserit
2272 3813 2481 3879 velare,
2516 3812 2684 3865 aliam
2736 3828 2851 3865 non
2900 3811 3159 3882 accipiat,
3209 3827 3266 3864 se
3312 3812 3579 3867 similiter

1883 3905 2265 3956 convertatur.

1885 4009 2012 4064 CAP.
2044 4006 2425 4063 XLVII.——De
2440 4008 2682 4069 muliere,
2712 4009 2761 4061 si
2780 4009 2896 4060 sine
2927 4008 3146 4061 licentia
3165 4008 3277 4061 viri
3297 4008 3385 4061 sui
3405 4007 3579 4061 velum

2501 4080 2607 4132 sibi
2630 4080 2966 4147 imposuerit.

1956 4170 2061 4237 (Ea:
2101 4166 2243 4221 decr.
2274 4166 2427 4236 apud
2472 4168 2876 4237 Compendium,
2937 4170 3113 4236 capite
3149 4168 3221 4233 6.)
3272 4166 3489 4235 Mulier,
3532 4166 3581 4220 si

1887 4257 2009 4310 sine
2040 4254 2268 4309 licentia
2300 4254 2491 4308 mariti
2525 4255 2614 4308 sui
2648 4257 2836 4308 velum
2884 4256 2945 4308 in
3005 4262 3174 4325 caput
3232 4256 3473 4321 miserit,
3533 4256 3581 4309 si

1887 4346 2009 4398 viro
2038 4342 2339 4414 placuerit,
2387 4344 2625 4413 recipiet
2671 4360 2798 4397 eam
2849 4344 3057 4397 iterum
3100 4345 3169 4398 ad
3222 4345 3577 4415 conjugium.

1890 4454 2015 4505 CAP.
2048 4449 2279 4505 XLVIII.
2306 4478 2373 4488 —-
2399 4452 2468 4503 De
2488 4452 2603 4502 viro
2631 4451 2727 4515 qui
2747 4452 2862 4503 sine
2893 4452 3085 4502 umoris
3109 4452 3378 4518 permissu
3398 4465 3577 4504 mona-

2364 4522 2557 4573 sticam
2586 4523 2757 4573 vitam
2785 4523 3098 4587 susceperit.

1959 4611 2067 4671 (Ea:
2102 4622 2214 4673 rcg.
2269 4607 2427 4672 Greg.
2488 4606 2562 4659 ad
2618 4606 2860 4659 Adi-ium
2901 4610 3198 4673 notarium,
3263 4610 3438 4675 capite
3467 4607 3580 4676 80.)

1956 4696 2265 4765 Agathosa,
2308 4694 2475 4747 latrix
2505 4693 2902 4762 praesentium,
2943 4698 3145 4764 questa
3178 4698 3262 4748 est
3308 4695 3580 4750 maritum

1887 4801 2055 4839 suum
2085 4787 2283 4837 contra
2315 4782 2667 4835 voluntatem
2694 4798 2853 4835 suam
2890 4782 2951 4835 in
3002 4783 3349 4838 monasterio
3402 4785 3582 4838 urbici

1887 4872 2106 4927 abbatis
2146 4888 2267 4927 esse
2296 4887 2653 4926 conversum.
2698 4872 2860 4935 Quod
2906 4872 3041 4943 quia
3072 4873 3143 4927 ad
3191 4873 3448 4944 ejusdem
3483 4875 3581 4929 ah-

1889 4961 2034 5016 batis
2062 4962 2290 5031 culpam
2320 4965 2375 5013 et
2406 4959 2680 5013 invidiam
2716 4977 2831 5013 non
2867 4966 2952 5013 est
2982 4961 3222 5016 dubium
3269 4963 3582 5032 pertinere,

1888 5049 2254 5119 experientiae
2306 5054 2420 5101 tuae
2475 5048 2838 5118 praecipimus
2904 5054 2966 5101 ut
3017 5050 3279 5121 diligenti
3334 5051 3582 5121 inquisi-

1888 5137 2045 5190 tione
2069 5135 2377 5199 discretiat,
2415 5152 2482 5189 ne
2522 5137 2666 5189 forte
2703 5154 2831 5190 cum
2864 5137 2988 5205 ejus
3015 5140 3306 5192 voluntate
3344 5155 3584 5193 conver-

1890 5242 1983 5277 sus
2028 5224 2119 5290 sit,
2173 5224 2260 5277 vel
2316 5224 2439 5294 ipsa
2488 5241 2545 5277 se
2594 5231 2818 5278 mutare
2867 5226 3216 5294 promiserit.
3272 5226 3340 5279 Et
3386 5226 3434 5278 si
3480 5226 3587 5279 hoc

1891 5312 2191 5383 repererit,
2242 5317 2299 5365 et
2329 5312 2489 5365 illum
2533 5312 2593 5366 in
2638 5315 2983 5367 monasterio
3021 5328 3357 5383 permanere
3398 5314 3583 5383 provi-

1891 5402 2043 5469 deat,
2076 5406 2133 5455 et
2178 5401 2323 5455 hanc
2374 5402 2520 5455 sicut
2567 5402 2835 5471 promisit
2880 5407 3103 5455 mutare
3157 5401 3479 5470 compellat.
3530 5401 3587 5456 Si

1892 5508 2025 5544 vero
2076 5490 2218 5543 nihil
2267 5490 2472 5543 horum
2527 5495 2631 5556 est,
2690 5507 2793 5544 nec
2850 5490 3138 5558 quoddam
3196 5489 3588 5543 fornicationis

1893 5578 2113 5632 crimen
2144 5583 2383 5647 propter
2431 5577 2583 5647 quod
2623 5578 2741 5630 viro
2774 5578 2901 5631 licet
2955 5592 3188 5629 uxorem
3236 5578 3584 5648 relinquere,

1895 5666 2227 5739 pradictam
2258 5666 2559 5719 mulierem
2596 5664 2947 5718 commisisse.
2996 5664 3355 5735 cognoveris,
3410 5682 3482 5720 ne
3519 5666 3586 5719 il-
