3966 6410
340 383 443 436 8’23

1421 388 1822 444 BURCHARDI
1861 389 2394 446 WORMACIENSIS
2430 391 2762 447 EPISCOPI.

3742 401 3852 454 824»

341 504 785 605 ιίιιεξίξηνςιδείο
845 506 1008 560 uxori
1065 506 1276 562 relictae
1331 508 1390 563 in
1447 511 1658 564 saeculo
1706 511 2115 582 ﬁeripossitA
2152 529 2420 597 diximus,
2476 535 2537 584 αι
2588 532 2955 587 ostendamus
3014 548 3188 605 quem
3253 535 3451 605 legum
3513 538 3852 593 conﬂictum

344 593 688 664 perditionis
723 594 964 662 occasio,
1021 596 1284 650 volumus
1330 602 1396 651 ut
1447 600 1690 652 maritus
1736 615 1902 653 suum
1955 599 2040 652 illi

343 670 433 734 vel
464 680 509 733 si
533 681 654 750 jam
707 685 1038 736 tonsuratus
1077 690 1183 748 est,
1226 684 1453 753 reddas,
1486 687 1646 738 omni
1677 688 2040 756 excusatione

346 775 620 822 cessante.
657 770 796 823 Nam
827 770 873 822 si
922 777 1157 840 excepta
1204 772 1596 826 fornicationis
1643 791 1810 827 causa
1858 776 2040 827 virum

347 873 586 911 uxorem
638 858 964 928 relinquere
1015 861 1170 912 nulla
1222 859 1445 913 ratione
1494 864 1847 927 conceditur,
1908 863 2046 932 quia

351 952 655 1017 postquam
702 948 1063 1018 copulatione
1113 949 1364 1018 conjugii
1414 949 1519 1002 viri
1560 956 1729 1020 atque
1788 950 2046 1004 mulieris

351 1052 532 1090 unum
561 1052 770 1105 corpus
795 1037 1062 1099 etlicitur,
1110 1053 1224 1090 non
1258 1042 1446 1107 potest
1478 1054 1544 1091 ex
1577 1046 1737 1108 parte
1767 1038 2044 1104 converti,

351 1130 407 1178 et
437 1141 501 1178 ex
534 1131 696 1194 parte
727 1125 788 1178 in
817 1126 1025 1178 szeculo
1060 1142 1313 1178 manere.

353 1215 482 1270 CAP.
517 1215 697 1269 XLIX.
731 1243 798 1252 —-
823 1215 909 1267 De
938 1218 1128 1280 regina
1174 1215 1508 1280 Thietbirga,
1536 1231 1654 1283 quae
1705 1231 1871 1269 causa
1917 1215 2049 1270 reli-

561 1287 742 1354 gionis
765 1301 799 1337 α
827 1284 986 1350 reg-iu
1025 1285 1295 1351 dignitate
1335 1285 1610 1338 discedere
1635 1287 1900 1339 voluerat.

427 1371 535 1440 (Ea:
566 1374 723 1441 epist.
775 1373 989 1428 Nicolai
1021 1387 1184 1441 papae
1234 1371 1307 1424 ad
1349 1372 1600 1426 Carolum
1647 1375 1870 1443 regem.)
1903 1372 2050 1427 Scri-

353 1456 469 1526 psit
491 1457 656 1509 nobis
685 1456 1016 1527 Thietbirga
1048 1458 1268 1528 regina,
1303 1460 1462 1528 regia
1488 1477 1544 1513 se
1576 1461 1718 1514 velle
1771 1461 2052 1531 dignitate

354 1561 456 1598 seu
495 1547 700 1614 copula
729 1545 880 1610 exui,
925 1551 975 1598 et
1025 1548 1202 1599 solam
1254 1547 1474 1617 privata
1503 1549 1614 1602 vita
1662 1549 1780 1602 fore
1812 1555 2053 1603 conten-

358 1634 477 1682 tam
507 1629 854 1684 desiderare.
897 1630 997 1683 Cui
1049 1647 1151 1682 nos
1199 1632 1530 1700 scripsimus
1587 1650 1700 1686 non
1751 1635 1859 1687 hoc
1891 1635 2054 1686 aliter

357 1716 485 1770 ﬁeri
518 1733 702 1787 posse,
739 1717 848 1770 nisi
881 1717 1147 1770 eamdem
1183 1718 1374 1772 vitam
1429 1721 1635 1788 ronjux
1678 1722 1800 1791 ejus
1850 1723 2050 1775 Lotba-

359 1805 477 1858 r’ius
508 1806 764 1875 elegerit.
825 1806 892 1858 Et
937 1810 1064 1875 post
1111 1821 1307 1874 pauca.
1373 1807 1448 1859 De
1496 1814 1775 1862 retroacta
1823 1816 2050 1863 contro-

364 1895 543 1947 versia
595 1893 925 1963 Tbietbirga
983 1909 1098 1946 non
1149 1893 1316 1947 debet
1364 1895 1605 1948 ulterius
1663 1898 1730 1950 ad
1790 1897 2053 1951 iteratam

360 1983 794 2053 responsionem
848 1981 1193 2051 promoveri.
1273 1983 1434 2046 Quod
1487 1983 1630 2038 bene
1713 1987 1891 2039 semel
1958 1987 2057 2040 de-

361 2070 589 2125 tinitum
629 2076 735 2137 est,
765 2074 821 2122 et
857 2069 1210 2139 interpositis
1252 2073 1600 2140 juramentis
1651 2073 2056 2139 deliberatum,

362 2160 521 2212 nulla
552 2159 724 2212 debet
752 2157 1078 2225 iteratione,
1113 2158 1220 2211 nisi
1248 2159 1505 2214 fortassis
1535 2162 1632 2215 ubi
1657 2160 1830 2216 fuerit
1875 2164 2062 2232 major

364 2247 690 2313 auctoritas,
721 2245 1036 2299 retractari.

366 2336 494 2390 Car.
526 2335 586 2390 L.
630 2363 700 2376 —
758 2337 833 2389 De
883 2335 1140 2389 Lothario
1188 2351 1312 2402 rege
1365 2338 1464 2405 qui
1526 2353 1744 2392 umorem
1802 2354 1957 2394 suam
2006 2341 2064 2393 in

935 2407 1182 2460 custodia
1202 2407 1492 2462 detinebat.

439 2495 604 2560 (Item
631 2492 915 2562 eiusdem.)
947 2495 1175 2563 Verum,
1221 2495 1366 2549 sicut
1397 2497 1714 2550 multorum
1749 2497 1930 2554 relatu
1978 2497 2064 2552 di-

367 2582 633 2649 dicimus,
683 2581 987 2636 Lotharius
1018 2599 1112 2636 rex
1167 2589 1511 2637 conventum
1557 2585 1845 2640 celebrare
1877 2587 2068 2656 dispo-

370 2670 475 2738 nit,
540 2676 596 2725 et
645 2670 1039 2744 Thietbirgam
1090 2671 1352 2741 reginam
1419 2673 1668 2726 examini
1722 2675 1957 2744 proprio
2012 2679 2069 2728 et

364 2759 580 2831 judicio
613 2759 894 2828 subjicere
929 2759 1251 2814 meditatur.
1288 2762 1356 2814 Et
1412 2761 1459 2814 si
1491 2762 1726 2831 quidem
1756 2779 1881 2817 eam
1923 2780 2069 2834 prte-

373 2849 560 2920 stigiis
611 2848 874 2902 falsitatis
921 2865 1038 2901 suae
1095 2849 1345 2919 potuerit
1399 2851 1686 2915 exhibere,
1737 2852 1899 2922 quasi
1951 2869 2069 2907 non

372 2937 546 2992 fuerit
576 2937 834 3006 legitima
863 2953 966 2990 sua
995 2953 1158 3005 uxor,
1209 2939 1332 2991 vult
1386 2955 1512 2992 eam
1546 2940 1776 3009 penitus
1829 2957 1862 2994 a
1891 2957 1950 2994 se
1981 2957 2068 2996 se-

375 3031 716 3097 questrare:
761 3026 849 3078 sin
895 3029 1086 3079 autem
1131 3027 1250 3080 vult
1303 3042 1430 3080 eam
1470 3032 1747 3096 tanquam
1779 3029 2066 3098 propriam

377 3131 616 3169 uxorem
645 3114 972 3180 admittere,
1006 3114 1103 3167 sed
1129 3113 1355 3178 deinde,
1380 3115 1543 3184 quasi
1567 3116 1843 3170 moechata
1873 3117 2067 3182 fuerit,

380 3204 736 3269 insimulare,
770 3207 941 3272 atque
973 3218 1075 3273 pro
1107 3202 1215 3256 hoc
1256 3203 1554 3257 hominem
1599 3221 1768 3258 suum
1799 3209 1855 3258 et
1883 3206 2072 3259 homi-

379 3309 512 3347 nem
561 3290 908 3361 I‘hietbirgaz
957 3291 1026 3344 ad
1102 3291 1466 3345 monachiam
1518 3292 1834 3362 impellere,
1889 3297 1964 3359 et,
2026 3294 2075 3348 si

379 3379 557 3434 homo
587 3379 768 3449 ipsius
800 3379 1012 3448 reginae
1042 3379 1323 3441 ceciderit,
1373 3379 1626 3450 disponit
1653 3381 1802 3434 hanc
1835 3381 1958 3434 sine
1990 3381 2074 3434 di-

382 3468 595 3522 latione
633 3467 938 3537 perimere.
1000 3467 1138 3531 Qum
1188 3471 1470 3538 quantum
1503 3468 1616 3522 sint
1653 3470 1812 3522 omni
1869 3469 2078 3523 divinae

381 3557 469 3611 vel
521 3561 846 3610 sanctorum
899 3557 1150 3621 Patrum,
1215 3555 1329 3626 legi
1372 3557 1680 3622 contraria,
1741 3559 2079 3628 magnitudo

386 3645 708 3715 prudentiae
741 3649 960 3709 vestrae,
994 3643 1302 3710 credimus,
1331 3645 1452 3714 jam
1485 3646 1746 3700 advertit.

388 3734 517 3789 CAP.
571 3734 652 3786 LI.
695 3762 765 3772 —
822 3736 893 3786 De
934 3735 1208 3799 singulari
1244 3736 1551 3798 certamine,
1591 3735 1737 3802 quod
1795 3737 2082 3790 Lotharius

458 3805 681 3859 molitus
703 3809 781 3858 est
810 3809 996 3858 contra
1037 3804 1405 3870 Thietbirgam
1430 3821 1652 3859 umorem
1690 3821 1860 3860 suam.

459 3895 619 3962 (Item
661 3891 939 3962 ejusdem.)
991 3892 1446 3946 Monomachiam
1495 3909 1628 3946 vero
1685 3894 1742 3948 in
1788 3895 1915 3964 lege
1965 3911 2084 3949 non

390 3980 760 4043 assumimus,
810 3996 938 4050 quae
978 3985 1326 4050 praeceptam
1368 3980 1542 4034 fuisse
1597 3998 1710 4034 non
1742 3982 2080 4053 reperimus.

391 4067 574 4132 Quam
607 4067 738 4120 licet
764 4067 962 4121 iniisse
993 4067 1272 4137 quosdam
1313 4067 1593 4137 legamus,
1643 4069 1789 4124 sicut
1825 4076 2086 4124 sanctum

394 4154 575 4208 David
633 4159 692 4209 et
741 4155 958 4210 Goliam
1020 4171 1179 4208 sacra
1240 4156 1431 4225 prodit
1482 4156 1741 4223 historia,
1801 4174 2086 4228 nusquam

392 4247 590 4296 tamen
649 4248 712 4297 ut
769 4260 874 4313 pro
928 4244 1054 4314 lege
1097 4248 1358 4297 teneatur
1401 4243 1612 4298 alicubi
1660 4245 1853 4300 divina
1901 4247 2089 4299 sanxit

2153 618 2450 673 Lotharius
2491 621 2760 690 congredi
2802 638 2966 692 posse
3011 628 3295 690 autumat,
3347 642 3478 680 cum
3515 643 3850 696 personam,

2153 723 2326 776 quam
2360 707 2421 760 in
2450 709 2568 761 suis
2615 711 3002 779 penetralibus
3051 713 3308 781 quotidie
3342 714 3563 784 fatigat,
3604 722 3663 770 et
3709 733 3852 770 con-

2153 796 2307 862 terit,
2340 797 2570 866 quando
2600 800 2722 850 vult
2775 799 2847 852 ad
2892 799 3177 870 judicium
3224 801 3433 869 educit,
3469 806 3698 873 quando
3731 807 3859 859 vult

2154 885 2226 938 ad
2265 887 2512 939 claustra
2568 888 2778 940 reducit
2819 905 2830 940 :
2879 895 2935 941 et
2973 891 3204 959 quando
3245 891 3451 944 educta
3493 895 3685 960 fuerit,
3741 893 3861 946 nisi

2157 990 2222 1027 ca
2253 974 2592 1043 profiteatur
2641 992 2771 1046 quae
2811 977 2931 1046 ipse
2962 979 3313 1048 praeceperit,
3365 981 3554 1049 punit.
3599 983 3861 1051 Propriae

2157 1063 2334 1132 igitur
2377 1063 2627 1117 libertati
2674 1065 2976 1130 committi,
3037 1072 3092 1120 et
3150 1067 3220 1120 ab
3276 1068 3433 1121 omni
3486 1071 3865 1140 oppressione
3959 1129 3966 1149 ‘

2158 1169 2222 1205 ac
2251 1158 2532 1222 potestate
2561 1153 2738 1220 illius,
2765 1170 2896 1207 cum
2921 1171 3034 1224 quo
3067 1155 3246 1209 initur
3271 1157 3584 1220 conflictus,
3622 1162 3871 1228 oportet

2160 1241 2411 1308 liberari,
2446 1248 2620 1312 atque
2651 1241 2768 1295 suis
2803 1242 3116 1298 liberaliter
3149 1244 3251 1309 uti,
3281 1250 3337 1298 et
3384 1253 3674 1315 suspectas
3725 1263 3866 1317 per-

2159 1345 2328 1383 sonas
2365 1331 2629 1384 convenit
2659 1330 2965 1400 declinare,
3017 1348 3146 1403 que:
3181 1350 3239 1387 se
3291 1334 3361 1388 ab
3405 1334 3644 1405 objectis
3673 1341 3873 1388 osten-

2160 1418 2294 1473 dere
2320 1418 2478 1488 cupit
2505 1420 2847 1474 immunem.

2596 1509 2721 1562 CAP.
2757 1509 2894 1563 LIII.
2933 1537 3006 1549 —
3033 1512 3106 1562 De
3135 1510 3319 1564 eadem
3345 1527 3420 1564 re.

2234 1596 2385 1664 (Item
2429 1596 2616 1665 idem.)
2663 1598 2859 1668 Itaque
2926 1614 3152 1652 summo
3215 1600 3406 1653 studio
3465 1600 3871 1670 Tbietbirgam

2164 1684 2468 1754 conjugem
2521 1690 2681 1739 tuam
2727 1691 3004 1756 tanquam
3055 1689 3348 1758 propriam
3389 1705 3620 1742 carnem
3670 1690 3875 1743 fovere

2087 1785 2127 1838 Β
2166 1789 2230 1826 ac
2274 1773 2515 1842 diligere
2555 1781 2885 1842 procurato,
2931 1781 2989 1828 et
3056 1791 3127 1828 ne
3166 1776 3325 1830 illam
3373 1795 3407 1831 a
3440 1782 3494 1832 te
3539 1779 3654 1832 ullo
3694 1784 3875 1847 pacto

2163 1863 2486 1916 consentias
2535 1862 2848 1929 discedere,
2908 1863 3216 1933 vigilanter
3255 1867 3505 1920 attende.
3586 1867 3746 1921 Unde
3825 1867 3880 1920 si

2166 1951 2348 2003 vulta
2393 1956 2447 2004 te
2487 1949 2804 2019 discedere,
2853 1951 3098 2020 corripe,
3132 1952 3250 2006 imo
3293 1954 3516 2024 corrige
3561 1971 3712 2019 eam,
3745 1960 3807 2008 et
3843 1971 3884 2008 ει

2166 2039 2267 2092 tali
2298 2037 2616 2093 intentione
2648 2055 2750 2106 per
2779 2040 2975 2093 omnia
3016 2057 3283 2094 revocare
3322 2047 3536 2111 satage.
3568 2044 3694 2097 Jam
3735 2059 3882 2096 vero

2169 2127 2216 2181 si
2247 2143 2440 2180 amore
2481 2127 2773 2196 pudicitiae
2814 2128 3238 2197 separationem
3290 2131 3514 2200 quaerit,
3557 2137 3612 2184 et
3660 2132 3880 2201 conju-

2170 2216 2316 2285 galis
2374 2214 2646 2268 connubii
2704 2216 3054 2269 solutionem
3133 2217 3425 2288 efﬂagitat,
3477 2223 3699 2272 certum
3763 2225 3880 2284 est,

2169 2303 2446 2372 Apostolo
2481 2302 2724 2369 dicente,
2763 2305 2898 2374 quia
2942 2304 3152 2358 mulier
3185 2306 3273 2358 sui
3318 2306 3574 2376 corporis
3615 2312 3884 2377 potesta-
3963 2345 3966 2347 -

2170 2396 2285 2446 tem
2317 2407 2435 2444 non
2472 2391 2664 2457 habet,
2698 2393 2794 2445 sed
2825 2392 2925 2447 vir.
2958 2393 3167 2446 Verum
3194 2394 3239 2446 si
3273 2399 3330 2448 et
3362 2395 3482 2464 ipse
3532 2396 3885 2465 pudicitiam

2173 2484 2417 2532 sectatus
2465 2480 2756 2549 religionis
2807 2481 3044 2534 obtentu
3095 2484 3361 2551 copulam
3409 2482 3717 2537 dissolvere
3765 2485 3880 2549 vis,

2175 2574 2398 2621 tantum
2440 2584 2511 2621 ne
2549 2569 2812 2622 simulate
2861 2571 2961 2623 tiat
3003 2571 3391 2624 concedimus.
3451 2573 3593 2625 Nam
3635 2572 3773 2626 licet
3805 2574 3888 2626 sit

2176 2657 2452 2725 scriptum
2486 2672 2498 2710 :
2531 2657 2690 2720 Quod
2719 2658 2868 2710 Deus
2899 2658 3216 2728 conjunxit,
3252 2659 3422 2712 homo
3452 2676 3570 2713 non
3626 2667 3882 2730 separet,

2180 2746 2326 2799 Deus
2367 2750 2560 2798 tamen
2613 2750 2670 2799 et
2724 2762 2837 2798 non
2897 2747 3072 2799 homo
3127 2753 3372 2817 separat,
3421 2749 3652 2817 quando
3695 2750 3887 2803 divini

2178 2834 2390 2888 amoris
2417 2834 2650 2899 intuitu,
2682 2851 2745 2887 ex
2776 2851 3058 2888 consensu
3108 2837 3409 2906 utriusque
3452 2837 3715 2908 conjugis
3753 2853 3879 2891 ma-

2178 2923 2453 2976 trimonia
2493 2923 2903 2977 dissolvuntur.
2935 2924 2990 2978 Si
3030 2940 3167 2994 ergo
3219 2925 3328 2978 hoc
3382 2925 3554 2978 modo
3585 2926 3690 2990 vis,
3743 2942 3887 2995 gra-
3959 2938 3966 2950 '

2105 3061 2144 3115 Ο
2182 3012 2330 3064 tuito
2391 3011 2781 3081 permittimus
2838 3013 3052 3078 animo,
3131 3015 3489 3084 celeremque
3549 3015 3888 3084 prmbemus

2185 3115 2476 3155 assensum
2511 3116 2523 3153 :
2558 3099 2724 3154 aliter
2754 3107 2944 3155 autem
2978 3101 3105 3156 ﬁeri
3155 3108 3420 3158 mutuam
3451 3105 3888 3173 separationem

2185 3195 2425 3243 vestram
2452 3188 2843 3258 prohibemus.

2185 3293 2314 3349 CAP.
2349 3294 2480 3348 LIV.
2507 3323 2575 3334 —-
2607 3297 2678 3348 De
2710 3295 2819 3348 illis
2876 3295 2978 3363 qui
3004 3299 3060 3349 in
3088 3299 3228 3350 alias
3272 3299 3584 3366 provincias
3613 3300 3889 3363 fugerint,

2255 3371 2352 3418 aut
2409 3381 2530 3418 suos
2591 3367 2822 3419 seniores
2878 3369 3049 3420 secuti
3094 3370 3329 3434 fuerint,
3407 3375 3455 3423 et
3507 3384 3700 3423 uxores
3757 3384 3896 3423 suas

2259 3436 2406 3489 domi
2426 3437 2760 3505 reliquerint.

2262 3525 2375 3591 (Ea:
2423 3526 2643 3577 concilio
2693 3525 2844 3594 apud
2903 3528 3258 3592 Vcrmeriam,
3309 3529 3486 3596 capite
3535 3528 3612 3592 6.)
3657 3527 3717 3582 Si
3757 3528 3898 3598 quis

2190 3612 2523 3666 necessitate
2552 3611 2869 3666 inevitabili
2899 3618 3134 3683 cogente
3167 3614 3226 3667 in
3253 3615 3428 3668 alium
3479 3617 3754 3670 ducatum
3787 3633 3893 3670 seu

2191 3699 2545 3771 provinciam
2573 3700 2804 3769 fugerit,
2850 3705 2904 3754 et
2939 3717 3076 3754 uxor
3113 3701 3259 3771 ejus,
3311 3719 3442 3756 cum
3490 3705 3641 3756 valet
3688 3709 3745 3757 et
3795 3721 3901 3774 po-
3960 3695 3961 3706 “

2192 3795 2324 3853 test,
2355 3804 2549 3842 amore
2581 3795 2886 3858 parentum
2919 3793 3016 3842 aut
3046 3805 3238 3844 rerum
3269 3807 3505 3844 suarum
3533 3807 3664 3844 eum
3722 3793 3897 3861 sequi

2192 3877 2462 3943 noluerit,
2497 3877 2620 3946 ipsa
2647 3878 3082 3948 omnitempore
3129 3879 3388 3948 quandiu
3433 3879 3520 3932 vir
3545 3879 3668 3949 ejus
3704 3895 3890 3948 quem

2194 3971 2385 4019 secuta
2416 3980 2530 4018 non
2573 3963 2700 4028 fuit,
2744 3963 2900 4031 vivit,
2958 3981 3184 4034 semper
3243 3965 3488 4036 innupta
3530 3972 3898 4035 permaneat.

2195 4054 2296 4108 Ille
2322 4069 2454 4107 vero
2487 4051 2586 4122 qui
2629 4053 2966 4106 necessitate
3008 4058 3243 4124 cogente
3277 4054 3333 4107 in
3385 4054 3496 4107 alia
3538 4053 3722 4124 patria
3771 4071 3899 4108 ma-

2197 4147 2313 4210 net,
2363 4142 2411 4194 si
2460 4157 2757 4211 nunquam
2800 4141 2860 4194 in
2908 4157 3072 4195 suam
3123 4141 3367 4211 patriam
3425 4159 3483 4195 se
3525 4158 3898 4196 reversurum

2197 4236 2406 4300 sperat,
2440 4229 2488 4283 si
2517 4246 2573 4282 se
2605 4229 2897 4283 continere
2928 4247 3040 4283 non
3074 4236 3276 4300 potest,
3306 4231 3476 4284 aliam
3520 4247 3758 4285 uxorem
3801 4248 3899 4285 ac-
3951 4295 3953 4300 η

395 4330 704 4384 auctoritas
736 4347 748 4384 :
781 4346 912 4386 cum
945 4330 1052 4385 hoc
1081 4336 1139 4384 et
1166 4332 1566 4401 hujuscemodi
1596 4338 1878 4388 sectantes
1902 4335 2075 4388 Deum

2262 4318 2393 4389 piat,
2421 4322 2613 4371 tamen
2646 4333 2775 4371 cum
2807 4318 3164 4387 pmnitentia.

395 4418 760 4473 solummodo
791 4425 1014 4478 tentare
1047 4419 1366 4474 videantur.

397 4527 526 4581 CAP.
565 4527 675 4581 LII.
715 4559 784 4566 —
819 4528 898 4581 De
927 4529 1134 4594 femina
1164 4527 1230 4580 de
1257 4526 1526 4580 adulterio
1554 4528 1860 4596 inculpata,
1904 4529 1953 4581 si
1972 4543 2091 4581 cum

467 4601 667 4652 marito
720 4599 871 4651 debet
933 4601 1075 4651 inire
1131 4604 1398 4652 certamen
1454 4601 1642 4664 legale,
1687 4614 1796 4652 sua:
1831 4601 2092 4667 potestati

466 4672 625 4738 prius
656 4670 809 4722 debet
837 4669 912 4722 ad
943 4675 1148 4737 tempus
1179 4673 1416 4722 restitui.

468 4757 621 4827 (Item
651 4755 934 4828 ejusdem.)
970 4759 1252 4811 Praeterea
1281 4757 1399 4811 sive
1449 4757 1520 4811 de
1565 4757 1823 4828 conjugii
1854 4758 2089 4824 fcedere,

400 4846 518 4899 sive
567 4846 637 4900 de
689 4846 959 4900 adulterii
1004 4846 1245 4900 crimine
1278 4846 1562 4917 judicium
1616 4846 1688 4900 sit
1733 4846 2091 4917 agitandum,

398 4933 560 4988 nulla
589 4934 733 4987 ratio
766 4935 980 5004 patitur
1003 4934 1389 5004 Tbietbirgam
1424 4950 1554 4988 cum
1614 4935 1878 4988 Lotliario
1928 4951 2093 5006 posse

400 5021 548 5076 inire
580 5023 929 5090 conﬂictum,
978 5024 1066 5076 vel
1112 5022 1436 5092 legitimum
1497 5022 1896 5076 controversia:
1949 5022 2095 5076 inire

399 5116 710 5178 certamen,
744 5111 852 5164 nisi
883 5111 1040 5180 prius
1075 5116 1146 5164 ad
1185 5117 1413 5180 tempus
1463 5111 1638 5164 fuerit
1667 5127 1780 5164 suae
1826 5110 2096 5181 potestati

400 5205 458 5254 et
494 5199 936 5270 consanguineis
964 5199 1214 5270 propriis
1244 5199 1418 5252 libere
1448 5199 1679 5253 sociata.
1739 5201 1895 5253 Inter
1953 5216 2095 5270 quos

401 5289 577 5343 etiam
616 5289 773 5344 locus
821 5289 1211 5358 providendus
1256 5293 1361 5353 est,
1413 5287 1472 5340 in
1527 5303 1641 5356 quo
1685 5289 1844 5341 nulla
1891 5288 1963 5341 sit
2013 5290 2096 5342 vis

399 5377 788 5432 multitudinis
818 5376 1202 5443 formidanda,
1252 5381 1308 5429 et
1358 5391 1474 5428 non
1528 5375 1600 5428 sit
1649 5375 1881 5428 difﬁcile
1922 5382 2095 5429 testes

396 5467 734 5538 producere,
765 5466 853 5520 vel
885 5471 1122 5519 caeteras
1166 5480 1457 5534 personas,
1508 5480 1637 5533 qua:
1684 5469 1798 5517 tam
1828 5481 1859 5516 a
1886 5465 2095 5518 sanctis

397 5557 733 5620 canonibus,
783 5572 959 5626 quam
1008 5573 1041 5609 a
1081 5553 1419 5607 venerandis
1464 5553 1736 5607 Romanis
1787 5554 2006 5622 legibus
2037 5555 2095 5607 in

401 5645 730 5714 bojusmodi
796 5642 1193 5698 controversiis
1244 5642 1636 5712 requiruntur.
1696 5642 1824 5696 Haec
1884 5641 2095 5694 idcirco

2200 4425 2324 4480 CAP.
2358 4423 2459 4477 LV.
2492 4453 2562 4462 —
2595 4426 2666 4476 De
2693 4426 2913 4488 feminis
2958 4440 3091 4492 quae,
3125 4426 3302 4493 captis
3340 4427 3478 4478 viris
3509 4426 3594 4479 vel
3633 4427 3693 4478 in
3721 4428 3902 4495 capti-

2551 4496 2776 4548 vitatem
2803 4497 3004 4561 missis,
3041 4497 3168 4549 aliis
3205 4501 3524 4562 nupserunt.

2273 4583 2376 4650 (Ea:
2405 4583 2564 4649 epist.
2597 4584 2786 4636 Leonis
2827 4598 3006 4650 papa,
3059 4585 3236 4652 capite
3275 4583 3387 4653 42.)
3434 4583 3595 4646 Quod
3650 4582 3900 4636 debeant

2197 4671 2452 4736 feminae,
2487 4686 2635 4740 quae.
2670 4671 2850 4740 captis
2879 4671 3016 4724 viris
3057 4678 3114 4725 et
3151 4671 3210 4724 in
3250 4671 3638 4741 captivitatem
3686 4672 3896 4736 ductis,

2201 4759 2328 4812 aliis
2357 4758 2494 4812 viris
2538 4764 2874 4829 nupserant,
2927 4765 3194 4828 putantes
3229 4759 3607 4830 interemptos
3657 4760 3898 4814 maritos

2201 4845 2468 4900 remeatis
2508 4845 2577 4899 de
2618 4845 2942 4915 captivitate
2981 4846 3273 4916 prioribus
3321 4846 3458 4900 viris
3508 4846 3789 4916 copulari,
3837 4852 3904 4900 ut
3931 4888 3942 4894 -

2203 4935 2409 5005 cuique
2447 4934 2504 4987 id
2544 4933 2700 5005 quod
2745 4934 3000 5003 legitime
3041 4935 3245 4989 habuit
3284 4935 3654 5002 reformetur,
3703 4941 3760 4987 et
3811 4951 3902 4988 re-

2203 5024 2376 5094 cipiat
2408 5023 2799 5092 unusquisque
2830 5023 2983 5094 quod
3008 5040 3177 5077 suum
3206 5029 3312 5090 est,
3335 5031 3392 5078 et
3432 5024 3902 5093 rcdintegrentur

2206 5113 2418 5166 foedera
2459 5113 2812 5181 nuptiarum.

2205 5218 2333 5272 CAP.
2367 5217 2500 5270 LVI.
2533 5246 2602 5257 —
2649 5217 2806 5281 Quod
2842 5233 2948 5271 non
2985 5218 3242 5284 probetur
3295 5233 3406 5272 esse
3457 5218 3769 5284 culpabilis,
3809 5216 3902 5286 qui

2275 5304 2497 5341 umorem
2525 5291 2673 5356 capti
2699 5291 2756 5342 in
2793 5292 3137 5343 matrimonio
3168 5289 3384 5343 videtur
3409 5305 3520 5342 esse
3545 5292 3791 5343 sortitus.

2275 5378 2439 5442 (Item
2475 5376 2734 5444 ejusdem,
2801 5380 2977 5446 capite
3020 5377 3140 5446 43.)
3195 5378 3305 5430 Nec
3345 5384 3537 5430 tamen
3596 5376 3898 5446 culpabilis

2201 5465 2507 5536 judicetur,
2541 5470 2595 5518 et
2638 5472 2909 5536 tanquam
2951 5467 3299 5536 alienijuris
3336 5482 3639 5535 perversor
3686 5467 3895 5520 habea-

2206 5559 2316 5615 tur,
2365 5554 2461 5622 qui
2511 5570 2813 5622 personam
2853 5555 2976 5623 ejus
3039 5555 3229 5608 mariti
3286 5555 3386 5624 qui
3433 5555 3552 5624 jam
3613 5571 3728 5608 non
3779 5570 3895 5608 esse

2205 5640 2654 5708 existimabatur,
2713 5641 3042 5711 assumpsit.
3091 5642 3149 5696 Si
3204 5642 3356 5696 enim
3419 5642 3601 5695 multa
3639 5659 3770 5712 qua:
3829 5641 3895 5696 ad
