3966 6406
138 403 244 454 8'25

1161 398 1637 454 DECIIETORUM
1682 397 1868 452 LIBRI
1905 399 2011 454 ΧΧ.
2055 427 2123 438 -——
2164 399 2371 453 LIBER
2412 396 2657 455 NONUS.

3574 402 3676 452 8'26

140 538 241 576 eos
272 521 376 592 qui
433 521 499 576 in
548 521 935 592 captivitatem
987 519 1144 574 ducti
1191 525 1323 574 sunt
1360 521 1746 590 pertinebant,
1799 521 1858 573 in
1891 525 1934 578 A
1973 522 2295 576 adulterum
2331 523 2604 576 maritum
2649 521 2950 593 reliquerit
2978 521 3231 586 ﬁdelem,
3260 529 3317 576 et
3351 523 3676 577 adulterum

140 611 237 681 jus
269 610 531 664 alienum
567 610 811 664 transire
843 615 1180 680 potuerunt,
1207 616 1400 662 tamen
1432 611 1669 680 plenum
1691 610 1859 680 justi-

146 699 241 752 tiae
304 705 393 753 est
457 705 523 753 ut
600 700 805 752 iisdem
865 699 1105 752 reversis
1161 699 1395 769 propria
1457 700 1860 752 reformentur.

149 788 314 852 Quod
344 787 392 841 si
432 787 491 840 in
525 787 846 856 mancipiis,
896 789 984 841 vel
1021 788 1080 840 in
1129 787 1300 856 agris,
1339 792 1437 841 aut
1463 787 1632 841 etiam
1668 804 1726 840 in
1767 788 1867 841 do-

149 875 342 928 mibus
388 891 452 928 ac
483 875 938 944 possessionibus
968 875 1076 928 rite
1121 882 1397 941 servatur,
1425 881 1642 946 quanto
1681 876 1867 946 magis

152 965 211 1017 in
285 965 695 1032 conjugiorum
745 963 1234 1034 redintegratione
1278 964 1605 1018 faciendum
1659 965 1753 1028 sit,
1806 968 1868 1017 ut

153 1054 304 1124 quod
338 1053 542 1106 bellica
574 1052 910 1106 necessitate
941 1053 1234 1106 turbatum
1261 1059 1367 1117 est,
1411 1053 1568 1124 pacis
1611 1053 1866 1107 remedio

152 1141 542 1196 reformatur?

157 1231 284 1285 CAP.
333 1231 490 1284 LVII.
525 1259 594 1269 —
628 1232 694 1284 Ut
727 1231 776 1284 si
804 1231 1051 1284 mulieres
1096 1230 1170 1284 ad
1200 1233 1408 1299 priores
1439 1234 1664 1284 maritos
1690 1231 1870 1284 redire

223 1302 535 1366 noluerint,
600 1302 746 1355 velut
814 1303 997 1372 impiae
1071 1303 1432 1356 ecclesiastica
1506 1305 1871 1356 communione

224 1373 521 1440 privantia:
551 1375 684 1424 sint.

229 1461 384 1529 (Item
433 1461 696 1528 ejusdem,
751 1475 870 1528 cap.
909 1460 1020 1526 45)
1065 1459 1122 1514 Si
1154 1463 1342 1514 autem
1371 1460 1579 1531 aliqua;
1603 1460 1871 1514 mulieres

161 1548 236 1602 ita
287 1549 678 1618 posteriorum
723 1549 976 1602 virorum
1017 1564 1211 1603 amore
1242 1554 1372 1603 sunt
1421 1557 1618 1620 captaa,
1667 1555 1732 1603 ut
1758 1566 1872 1602 ma-

161 1638 265 1691 lint
297 1638 386 1690 his
413 1639 702 1690 cohaerere
736 1653 908 1707 quam
941 1637 1011 1690 ad
1062 1638 1384 1708 legitimum
1419 1637 1604 1691 redire
1635 1653 1872 1690 consor-

159 1725 328 1790 tium,
364 1726 574 1779 merito
605 1731 738 1780 sunt
765 1727 1060 1795 notandee,
1088 1726 1166 1780 ita
1198 1733 1262 1780 ut
1295 1726 1672 1779 ecclesiastica
1712 1741 1874 1779 com-

160 1812 440 1866 munione
468 1814 805 1884 priventur:
859 1831 986 1884 qua:
1037 1814 1107 1867 de
1146 1830 1208 1868 re
1245 1814 1551 1868 excusabili
1595 1812 1874 1867 contami-
1909 1814 1948 1867 Β

161 1900 458 1953 nationem
516 1899 772 1953 criminis
833 1902 1150 1970 elegerunt,
1225 1901 1590 1955 ostendentes
1647 1901 1878 1954 sibimet

160 2005 264 2057 pro
292 2005 400 2040 sua
426 1988 842 2042 incontinentia
890 1991 1190 2059 placuisse,
1233 1990 1386 2060 quod
1413 1991 1570 2059 justa
1613 1989 1875 2042 remissio

161 2081 391 2148 poterat
421 2077 670 2146 expiare.
710 2079 965 2131 Itedeant
1003 2093 1139 2147 ergo
1196 2078 1257 2130 in
1311 2094 1477 2131 suum
1537 2083 1746 2131 statum
1782 2094 1874 2130 vo-

164 2165 418 2218 luntaria
449 2165 935 2236 redintegratione
979 2167 1263 2236 conjugia,
1318 2182 1504 2237 neque
1550 2167 1667 2219 ullo
1705 2167 1877 2219 modo

165 2252 232 2305 ad
318 2251 700 2322 opprobrium
783 2254 951 2306 malta
1007 2254 1319 2308 voluntatis
1391 2254 1650 2306 trahatur
1723 2253 1876 2324 quod

165 2340 419 2394 conditio
471 2341 827 2395 necessitatis
877 2341 1158 2395 extorsit:
1211 2342 1346 2412 quia
1400 2342 1546 2394 sicut
1600 2343 1690 2396 hac
1749 2358 1876 2394 mu-

166 2428 331 2482 lieres
369 2445 500 2498 qua:
542 2429 746 2484 reverti
799 2430 867 2483 ad
928 2431 1077 2483 viros
1129 2447 1264 2483 suos
1321 2430 1628 2495 noluerint,
1685 2430 1878 2500 impiae

170 2522 300 2571 sunt
357 2516 664 2585 habendae,
741 2518 821 2571 ita
860 2517 973 2572 illa?
1026 2518 1084 2570 in
1145 2518 1413 2571 atfectum
1468 2535 1535 2571 ex
1594 2519 1708 2571 Deo
1765 2518 1881 2571 ini-

170 2611 289 2659 tum
323 2606 575 2660 redeunt
603 2607 809 2660 merito
843 2611 976 2659 sunt
1006 2606 1327 2660 laudandae.

175 2695 298 2748 CAP.
337 2695 527 2748 LVIII.
559 2723 632 2734 —
665 2698 730 2750 Ut
758 2697 808 2748 si
834 2697 944 2747 viri
983 2695 1046 2748 de
1068 2698 1384 2763 captivitate
1412 2697 1644 2762 regressi
1681 2697 1879 2747 intem-

239 2768 506 2834 perantia
538 2781 770 2818 ua‘orum
829 2765 1020 2833 offensi
1071 2783 1175 2818 non
1221 2768 1451 2830 fuerint,
1486 2772 1535 2818 et
1586 2767 1880 2819 voluerient

242 2852 336 2889 eas
388 2839 452 2888 in
523 2838 774 2904 conjugio
830 2839 1085 2906 recipe-re,
1146 2837 1369 2890 liberam
1428 2838 1660 2890 habeant
1706 2838 1881 2902 facul-

245 2913 410 2960 tatem
422 2949 435 2959 .

244 2995 402 3062 (Item
447 2994 704 3063 ejusdem,
734 2997 909 3064 capite
935 2995 1045 3057 44.)
1081 2995 1142 3046 Et
1173 2995 1302 3048 ideo
1342 2995 1388 3048 si
1433 2994 1540 3048 viri
1584 3000 1711 3065 post
1757 2995 1880 3047 lon-

179 3100 304 3154 gam
333 3084 728 3153 captivitatem
782 3083 1009 3150 reversi,
1064 3084 1142 3136 ita
1201 3084 1261 3137 in
1291 3083 1595 3138 dilectione
1650 3100 1879 3136 suarum
1916 3091 1956 3146 ε

180 3172 491 3242 conjugum
527 3177 895 3241 perseverent
927 3176 985 3225 ut
1023 3188 1117 3224 eas
1147 3171 1384 3242 cupiant
1409 3173 1467 3225 in
1501 3189 1667 3225 suum
1699 3172 1884 3225 redire

182 3261 564 3330 consortium,
590 3261 974 3314 omittendum
1005 3267 1090 3315 est
1133 3267 1190 3316 et
1219 3261 1566 3332 inculpabile
1613 3261 1885 3332 judican—

181 3349 314 3402 dum
375 3349 535 3420 quod
591 3349 894 3403 necessitas
956 3349 1171 3419 intulit,
1226 3355 1282 3403 et
1337 3350 1757 3404 restituendum
1800 3352 1887 3401 est

186 3439 330 3509 quod
356 3439 504 3492 fides
535 3439 738 3507 poscit.

186 3529 314 3582 CAP.
358 3528 487 3582 LIX.
519 3557 588 3566 -—
617 3530 686 3581 De
744 3528 838 3581 illo
869 3529 966 3595 qui
1011 3527 1068 3579 in
1099 3528 1422 3595 paganismo
1480 3542 1703 3580 umorem
1733 3541 1888 3579 suam

598 3659 605 3666 ι
893 3599 1184 3651 dimiserit.

254 3687 372 3752 (Ea:
405 3685 552 3739 decr.
582 3686 824 3753 Eutych.
855 3685 1058 3755 papa.)
1100 3686 1155 3740 Si
1197 3685 1325 3755 quis
1356 3683 1584 3753 gentilis
1615 3684 1888 3754 gentilem

187 3774 474 3828 dimiserit
523 3790 755 3827 uxorem
797 3781 928 3828 ante
983 3774 1284 3844 baptisma,
1348 3779 1473 3844 post
1541 3773 1889 3842 baptismnm

188 3863 244 3916 in
276 3867 563 3933 potestate
589 3863 712 3932 ejus
765 3863 873 3917 erit
918 3879 1043 3916 eam
1102 3863 1335 3925 habere,
1389 3862 1477 3915 vel
1508 3879 1621 3915 non
1659 3862 1887 3915 habere.

191 3953 314 4006 CAP.
351 3952 460 4008 LX.
490 3983 557 3991 —
595 3956 666 4006 De
708 3953 1008 4022 baptizata,
1061 3953 1110 4006 si
1142 3968 1282 4005 umor
1334 3952 1447 4021 ejus
1506 3952 1743 4020 inﬁdelis
1775 3967 1894 4005 con-

834 4025 974 4076 verti
999 4025 1249 4077 noluerit.

260 4112 368 4179 (Ex
400 4127 553 4165 (ερον.
588 4111 872 4182 ejusdem.)
913 4112 1099 4165 Simili
1129 4112 1298 4165 modo
1347 4111 1391 4164 si
1417 4127 1564 4164 unus
1600 4127 1662 4164 ex
1690 4110 1895 4180 conju-

197 4201 338 4268 gatis
372 4201 693 4270 baptizatus
752 4207 855 4266 est,
911 4206 968 4254 et
1000 4202 1143 4254 alter
1181 4200 1430 4270 gentilis,
1465 4205 1522 4253 et
1575 4199 1734 4268 sequi
1778 4215 1893 4251 non

197 4290 332 4354 Vult,
363 4289 434 4341 sit
467 4289 614 4342 sicut
647 4289 784 4343 dicit
836 4292 1144 4360 Apostolus
1179 4306 1192 4343 :
1245 4289 1495 4342 Inﬁdelis
1526 4288 1574 4341 si
1633 4287 1894 4352 discedit,

202 4375 470 4430 discedat.

202 4463 322 4516 CAP.
368 4465 496 4518 LXI.
530 4493 602 4504 —
643 4467 718 4519 De
773 4466 866 4519 illo
918 4467 1014 4534 qui
1062 4469 1186 4518 ante
1244 4465 1571 4532 baptismum
1627 4465 1903 4518 mulierem

751 4539 1018 4603 virginem
1048 4540 1348 4605 acceperat.

269 4623 376 4693 (Ex
463 4625 688 4679 concilio
733 4625 1015 4692 Meldensi,
1064 4625 1242 4693 capite
1293 4624 1364 4692 2.)
1395 4624 1450 4679 Si
1482 4623 1612 4695 quis
1639 4623 1904 4677 habuerit

203 4727 434 4767 uxorem
476 4713 762 4783 virginem
809 4720 938 4767 ante
990 4715 1297 4783 baptisma,
1359 4714 1582 4767 vivente
1630 4714 1727 4766 illa
1775 4717 1904 4782 post

204 4799 485 4872 baptisma
529 4803 765 4856 alteram
819 4803 1030 4856 habere
1089 4819 1204 4856 non
1262 4807 1472 4872 potest.
1542 4802 1797 4856 Crimina
1844 4801 1903 4854 in

207 4887 482 4958 baptismo
508 4891 824 4956 solvuntur,
851 4907 968 4944 non
998 4890 1287 4961 conjugia.

209 4976 325 5033 CAP.
366 4980 523 5034 LXII.
567 5008 639 5018 —
681 4983 748 5033 De
777 4981 887 5034 illis
918 4982 1136 5044 feminis
1169 4996 1306 5046 quze,
1334 4979 1486 5032 nulla
1523 4994 1688 5032 causa
1744 4980 1906 5031 intem

555 5054 815 5115 veniente,
858 5053 1196 5118 reliquerunt
1225 5054 1369 5104 viros
1403 5066 1544 5104 suos.

273 5136 378 5203 (Em
441 5140 668 5194 concilio
723 5140 1049 5203 Elibertan.,
1110 5142 1288 5207 capite
1343 5141 1421 5208 7.)
1481 5139 1624 5193 Item
1671 5135 1903 5191 feminae

211 5239 328 5293 qua:
352 5229 508 5280 nulla
539 5229 900 5298 prtecedente
936 5245 1104 5282 causa
1151 5229 1509 5297 reliquerunt
1561 5227 1711 5280 viros
1751 5241 1902 5292 suos,

213 5319 262 5366 et
289 5315 449 5370 alteri
481 5333 541 5370 se
572 5317 1006 5386 copulaverunt,
1051 5323 1110 5371 et
1148 5317 1209 5370 in
1257 5318 1361 5370 hoc
1419 5331 1759 5386 permanere
1807 5331 1904 5368 vo-

214 5401 434 5468 luerint,
474 5421 577 5458 nec
614 5406 672 5457 in
705 5405 821 5459 tine
851 5405 1134 5475 accipiant
1154 5405 1644 5458 communionem.

215 5493 332 5546 CAP.
367 5495 558 5550 LXIII.
591 5523 663 5536 —
686 5497 759 5549 De
791 5496 998 5558 femina
1040 5510 1159 5564 qua
1187 5494 1495 5546 adulterum
1542 5494 1827 5560 reliquerit
1857 5497 1906 5545 et

739 5565 1049 5620 adulterum
1087 5569 1369 5633 acceperit.

280 5651 392 5715 (Ex
435 5655 641 5720 eodem,
711 5656 886 5722 capite
938 5655 1013 5722 9.)
1075 5655 1216 5708 Item
1271 5651 1482 5707 femina
1535 5651 1721 5706 Iidelis
1777 5667 1906 5721 quae

1973 611 2149 676 ducit,
2184 611 2561 680 prohibeatur
2590 627 2662 664 ne
2691 611 2880 664 ducat.
2930 612 2988 666 Si
3042 617 3234 664 autem
3284 611 3530 678 duxerit,
3564 628 3678 665 non

1973 700 2132 770 prius
2163 701 2403 769 accipiat
2429 699 2900 753 communionem
2934 715 3105 770 quam
3150 700 3196 752 is
3229 715 3398 770 quem
3447 700 3683 770 reliquit

1975 790 2044 842 de
2067 790 2274 842 saeculo
2309 789 2532 854 exierit,
2599 788 2707 841 nisi
2762 789 2908 842 forte
2969 788 3276 842 necessitas
3325 788 3678 842 infirmitatis

1975 879 2110 932 dare
2143 879 2506 948 compulerit.

1977 967 2103 1020 CAP.
2149 968 2318 1020 LXIV.
2355 997 2420 1005 -—
2455 967 2608 1033 Quod
2635 982 2806 1035 neque
2846 966 3107 1020 dimissus
3152 967 3220 1019 ab
3271 982 3460 1030 uxore,
3511 982 3680 1034 neque

2227 1039 2462 1091 dimissa
2491 1055 2525 1091 α
2564 1042 2782 1102 marito,
2815 1039 2975 1090 alteri
3003 1039 3427 1105 conjungantur.

2050 1130 2153 1185 (Ea:
2193 1129 2410 1180 concilio
2441 1128 2728 1192 Africano,
2762 1130 2939 1194 capite
2969 1130 3082 1195 63.)
3128 1127 3347 1180 Placuit
3380 1130 3442 1178 ut
3478 1141 3683 1178 secun-

1977 1215 2112 1269 dum
2145 1215 2532 1284 evangelicam
2562 1220 2616 1268 et
2665 1215 3035 1284 apostolicam
3079 1215 3462 1285 disciplinam,
3497 1230 3683 1284 neque

1980 1303 2249 1358 dimissus
2290 1304 2357 1356 ab
2401 1319 2592 1370 uxore,
2639 1319 2824 1373 neque
2885 1304 3176 1356 dimissae.
3226 1304 3452 1367 marito,
3517 1301 3683 1356 alteri

1979 1391 2422 1459 conjungantur,
2456 1389 2555 1442 sed
2612 1389 2690 1442 ita
2735 1395 3023 1455 maneant,
3072 1395 3170 1442 aut
3212 1389 3442 1442 sibimet
3483 1404 3683 1442 recon-

1980 1478 2264 1531 cilientur.
2315 1477 2477 1543 Quod
2538 1477 2584 1530 si
2633 1479 3106 1550 contempserint,
3155 1477 3223 1531 ad
3284 1477 3682 1548 paenitentiam

1982 1567 2331 1634 redigantur.

1983 1655 2112 1708 CAP.
2147 1655 2294 1708 LXV.
2323 1683 2391 1692 ——
2418 1655 2496 1706 De
2527 1655 2618 1707 illo
2649 1656 2746 1721 qui
2766 1656 2974 1706 virente
3003 1656 3202 1707 marito
3224 1656 3503 1721 conjuqem
3534 1653 3685 1706 illius

2054 1725 2389 1778 adulterasse
2439 1731 2745 1790 accusatur,
2805 1731 2854 1779 et
2903 1741 3020 1779 eam
3094 1731 3216 1795 post
3287 1729 3402 1793 ejus
3481 1726 3684 1777 obitum

2056 1798 2348 1864 sumpsisse
2380 1796 2736 1862 dignoscitur.

2057 1885 2164 1954 (Ea:
2213 1885 2434 1937 concilio
2491 1885 2772 1938 Meldcnsi.
2827 1886 3001 1952 capite
3052 1886 3164 1953 69.,
3205 1883 3254 1936 Is
3313 1881 3412 1952 qui
3460 1881 3683 1934 vivente

1985 1973 2192 2026 marito
2211 1973 2517 2043 coujugem
2558 1972 2712 2026 illius
2769 1973 3116 2026 adulterasse
3171 1976 3484 2035 accusatur,
3535 1976 3592 2022 et
3618 1985 3684 2021 eo

1985 2062 2048 2114 in
2069 2062 2328 2131 proximo
2354 2061 2620 2116 defuncto
2655 2061 2914 2114 eamdem
2956 2060 3266 2130 sumpsisse
3309 2057 3685 2130 dignoscitur,

1988 2150 2336 2204 omnimodis
2394 2150 2636 2220 publicas
2665 2151 3019 2220 poenitentiae
3080 2149 3392 2218 subigatur.
3457 2148 3532 2200 De
3573 2161 3687 2214 quo

1987 2240 2160 2293 etiam
2195 2244 2323 2308 post
2364 2238 2760 2308 paenitentiam
2794 2237 3052 2307 prazfata,
3082 2237 3129 2290 si
3197 2234 3528 2305 expedierit,
3577 2247 3690 2285 ser-

1986 2328 2214 2382 vabitur
2243 2329 2462 2397 regula,
2497 2326 2605 2380 nisi
2633 2327 2796 2394 forte,
2828 2327 2882 2380 id
2938 2332 3041 2392 est,
3101 2331 3198 2378 aut
3242 2325 3451 2378 mulier
3502 2321 3688 2374 virum

1989 2418 2086 2488 qui
2135 2423 2394 2470 mortuus
2442 2416 2627 2469 fuerat
2669 2415 2939 2468 occidisse
2995 2419 3244 2478 notetur,
3306 2419 3405 2466 aut
3453 2408 3688 2481 propin-

1989 2506 2176 2576 quitas
2207 2506 2292 2559 vel
2340 2505 2453 2558 alia
2507 2505 2779 2574 quaelibet
2832 2503 2979 2557 actio
3027 2501 3341 2556 criminalis
3394 2497 3687 2569 impediat.

1988 2594 2147 2657 Quod
2181 2593 2227 2646 si
2257 2595 2561 2663 probatum
2595 2592 2785 2658 fuerit,
2837 2592 2958 2646 sine
2987 2592 3102 2644 ulla
3141 2607 3240 2660 spe
3286 2587 3690 2658 conjugiicum

1990 2682 2325 2752 pmnitentia
2379 2688 2658 2751 perpetuo
2699 2685 2988 2733 maneant.
3027 2679 3086 2732 Si
3144 2684 3333 2732 autem
3403 2671 3694 2744 negaverit

1989 2786 2048 2824 se
2081 2770 2340 2823 eamdem
2390 2769 2662 2822 feminam
2697 2768 2922 2821 vivente
2949 2767 3070 2820 viro
3111 2779 3479 2836 nequaquam
3533 2759 3690 2814 adul-

1989 2864 2226 2922 terassc,
2256 2863 2312 2911 et
2343 2857 2560 2927 praefati
2585 2856 2881 2910 homicidii
2913 2861 3114 2908 neuter
3130 2870 3328 2908 eorum
3361 2868 3489 2906 reus
3521 2849 3692 2903 exsti-

1989 2948 2142 3012 terit,
2201 2952 2256 3000 et
2310 2946 2562 3016 probatis
2614 2945 2853 2998 testibus
2906 2949 3112 2997 neuter
3169 2958 3372 2997 eorum
3433 2935 3695 2993 convinci

1994 3035 2266 3105 potuerit,
2291 3039 2539 3104 purgent
2570 3034 2831 3104 legaliter
2881 3033 3091 3087 famam
3123 3048 3240 3085 suae
3283 3027 3591 3100 opinionis,
3642 3029 3699 3078 et

1997 3130 2224 3193 sumpto
2283 3129 2518 3176 utantur
2560 3123 2849 3194 conjugio,
2911 3121 2958 3175 si
2987 3120 3120 3183 alia,
3161 3125 3228 3174 ut
3273 3118 3542 3182 diximus,
3582 3130 3696 3168 non

1995 3213 2324 3284 impedierit
2357 3212 2521 3266 ratio.

2422 3301 2548 3356 CAP.
2586 3301 2760 3356 LXVI.
2794 3331 2862 3340 ——
2882 3303 2952 3354 De
2982 3299 3165 3353 eadem
3193 3313 3269 3352 re.

2068 3391 2183 3462 (Ea:
2205 3392 2427 3445 concilio
2463 3391 2660 3443 Tribur
2692 3432 2704 3454 ,
2728 3390 2910 3459 capite
2949 3391 3020 3452 3.)
3057 3389 3318 3442 Relatum
3350 3389 3436 3438 est
3465 3382 3700 3436 auribus

1998 3486 2324 3534 sanctorum
2376 3479 2759 3547 sacerdotum,
2810 3478 3116 3549 quemdam
3161 3475 3391 3529 alterius
3458 3486 3698 3524 uxorein

1998 3573 2196 3637 stupro
2231 3567 2489 3619 violasse:
2525 3566 2758 3635 insuper
2789 3572 2844 3618 et
2871 3565 3126 3628 moechm,
3158 3564 3381 3616 vivente
3413 3560 3532 3612 viro
3577 3574 3699 3623 suo,

1992 3658 2388 3726 juramentum
2421 3653 2664 3718 dedisse,
2697 3657 2759 3706 ut
2789 3658 2919 3722 post
2950 3651 3188 3721 legitimi
3228 3649 3420 3703 mariti
3460 3651 3704 3700 mortem

2001 3747 2046 3797 si
2078 3742 2500 3812 supervixisset,
2566 3741 2797 3794 duceret
2855 3757 3110 3797 uxorem.
3165 3738 3325 3804 Quod
3384 3742 3441 3789 et
3489 3736 3702 3788 factum

2002 3837 2106 3887 est.
2135 3833 2266 3885 Tale
2318 3830 2494 3900 igitur
2550 3828 2901 3882 connubium
2953 3827 3328 3898 prohibemus
3380 3829 3435 3878 et
3475 3823 3708 3876 anathe-

2005 3920 2360 3975 matizamus.

2006 4029 2132 4083 CAP.
2170 4025 2368 4081 LXVII.
2408 4056 2474 4064 -—
2498 4028 2568 4079 De
2601 4025 2694 4078 illo
2725 4026 2823 4092 qui
2843 4039 3064 4077 umorem
3087 4022 3265 4086 habet,
3295 4026 3344 4075 et
3363 4022 3560 4089 saapius
3589 4034 3710 4072 mce-

2701 4097 2889 4149 chatus
2920 4100 3015 4149 est.

2079 4185 2197 4254 (Ea:
2219 4185 2440 4238 concilio
2471 4184 2803 4251 Elibertan.,
2856 4186 3034 4253 capite
3090 4183 3171 4252 4.)
3223 4181 3282 4236 Si
3339 4179 3466 4250 quis
3525 4175 3712 4230 ﬁdelis

2010 4273 2225 4326 habens
2275 4289 2510 4326 uxorem
2560 4288 2675 4325 non
2723 4273 2895 4324 semel
2947 4271 3046 4325 sed
3106 4269 3316 4339 saepius
3355 4267 3526 4321 fuerit
3566 4281 3712 4318 ma:-

1933 4371 1974 4424 D
2014 4363 2232 4428 chatus,
2267 4361 2323 4414 in
2357 4362 2471 4414 line
2528 4361 2729 4414 mortis
2785 4366 2868 4412 est
2898 4359 3346 4413 conveniendus.
3381 4355 3540 4420 Quod
3582 4354 3627 4406 si
3654 4368 3713 4407 se

2012 4449 2343 4520 promiserit
2387 4453 2761 4513 cessaturum,
2822 4447 2993 4499 detur
3043 4447 3096 4499 ei
3144 4444 3499 4498 communio.
3544 4442 3596 4495 Si
3630 4456 3716 4492 re-

2012 4537 2312 4590 suscitatus
2339 4551 2534 4588 rursus
2586 4535 2760 4588 fuerit
2816 4535 3152 4598 moechatus,
3212 4531 3425 4602 placuit
3475 4529 3716 4583 ulterius

2014 4641 2128 4678 non
2161 4624 2401 4676 illudere
2435 4624 2574 4676 alios
2609 4623 2675 4676 de
2707 4622 3112 4675 communione
3143 4621 3315 4690 pacis.

2014 4717 2142 4768 CAP.
2179 4713 2406 4766 LXVIII.
2438 4741 2505 4751 —
2545 4713 2606 4767 Si
2633 4713 2803 4765 laicus
2846 4712 3122 4765 absolutus
3153 4726 3269 4764 cum
3295 4711 3439 4763 laica
3468 4708 3716 4761 absoluta

2703 4786 3022 4835 peccaverit.

2702 4797 3022 4850 peccaverit.

2083 4873 2196 4940 (Ea:
2216 4873 2439 4925 concilio
2480 4871 2758 4936 Meldensi,
2790 4873 2968 4939 capite
2989 4873 3070 4940 7.)
3107 4870 3162 4925 Si
3194 4869 3372 4923 laicus
3403 4884 3531 4921 cum
3572 4865 3718 4920 laica

2013 4960 2247 5026 femina,
2290 4960 2347 5013 id
2404 4965 2508 5021 est,
2561 4966 2802 5030 uterque
2856 4960 3153 5013 absolutus
3202 4976 3233 5012 a
3293 4959 3418 5027 lege
3465 4955 3718 5025 conjugii

2013 5049 2404 5112 concubuerit,
2447 5055 2561 5102 tres
2594 5065 2769 5102 annos
2795 5051 3126 5118 pmniteant.
3167 5050 3230 5103 Et
3254 5053 3468 5119 quanto
3510 5044 3717 5114 saepius

2014 5144 2070 5192 et
2100 5138 2489 5207 negligentius
2544 5153 2610 5191 ea
2641 5144 2873 5207 peccata
2930 5138 3362 5199 commiserunt,
3404 5139 3564 5187 tanto
3599 5148 3722 5185 ma-

2015 5227 2102 5296 gis
2134 5232 2189 5279 et
2214 5232 2443 5296 tempus
2465 5227 2729 5293 addatur,
2761 5231 2816 5280 et
2862 5228 3064 5280 modus
3091 5223 3464 5296 poenitentiae.

2016 5316 2144 5372 CAP.
2180 5317 2350 5370 LXIX.
2399 5346 2467 5355 —
2521 5318 2594 5369 De
2628 5331 2796 5369 umore
2841 5331 2960 5382 qua:
2999 5319 3206 5368 conscio
3235 5313 3432 5365 marito
3458 5309 3722 5363 maechata

2775 5389 2966 5452 fuerit.

2087 5475 2205 5546 (Ea:
2236 5477 2458 5530 concilio
2495 5477 2762 5542 Mogunt.,
2789 5477 2967 5542 capite
2999 5471 3082 5541 9.)
3127 5473 3186 5526 Si
3238 5471 3463 5526 conscio
3512 5472 3721 5526 marito

2017 5569 2073 5617 et
2102 5565 2225 5634 ipso
2274 5565 2669 5618 consentiente
2723 5579 2866 5616 uxor
2921 5561 3204 5615 mmchata
3253 5561 3448 5624 fuerit,
3507 5561 3727 5632 placuit

2019 5669 2121 5705 nec
2147 5651 2205 5706 in
2251 5653 2364 5706 tinc
2405 5651 2650 5705 dandam
2679 5651 2761 5704 eis
2803 5649 3291 5706 communionem.
3334 5651 3392 5705 Si
3430 5666 3563 5705 vero
3593 5666 3721 5705 eam
