3966 6408
265 387 367 440 8'27

1342 385 1750 442 BURCI‘IARDI
1788 384 2318 441 WORMACIENSIS
2355 383 2668 439 EPISCOPI
2683 423 2697 440 .

3683 390 3802 440 828

265 509 584 582 reliquerit,
617 513 676 564 et
714 510 964 580 separati
1000 509 1237 579 fuerint,
1269 515 1326 565 et
1363 511 1534 580 digne
1569 511 1962 581 pasnituerint,
1997 513 2045 564 A
2082 509 2228 563 ritus
2265 525 2391 564 eam
2435 508 2735 577 invenerit,
2780 511 2836 562 et
2864 507 3180 578 repetierit,
3233 509 3550 564 secundum
3615 526 3806 564 saecu-

263 603 395 670 post
426 600 620 653 decem
645 614 825 652 annos
876 599 1160 668 accipiant
1190 600 1678 654 communionem.

268 689 394 743 CAP.
430 687 571 742 LXX.
603 717 671 727 —-
706 691 778 742 De
806 690 924 740 viro
959 703 1178 740 umorem
1209 703 1314 741 non
1345 689 1586 749 habente,
1607 690 1657 740 si
1686 703 1804 741 cum
1831 688 1963 741 alte-

554 760 672 812 rius
700 774 872 812 umore
905 759 1235 812 adulterium
1263 761 1677 827 perpetraverit.

338 845 446 916 (Ea:
498 848 720 900 concilio
748 847 1082 913 Nanneten.,
1117 849 1294 915 capite
1323 850 1399 910 6.)
1433 846 1594 910 Quod
1643 847 1689 899 si
1719 845 1804 899 vir
1847 861 1966 900 non

266 934 484 988 habens
517 951 752 988 uxorem
787 951 916 988 cum
949 934 1184 988 alterius
1229 951 1404 988 uxore
1444 933 1793 987 adulterium
1835 951 1965 1004 per-

266 1022 530 1092 petravit,
555 1029 653 1077 aut
703 1023 894 1092 siqua
944 1022 1148 1075 mulier
1178 1038 1295 1076 non
1326 1022 1542 1075 habens
1591 1022 1777 1076 virum
1835 1037 1966 1076 cum

267 1111 501 1165 alterius
555 1112 696 1177 viro,
758 1112 853 1165 ille
904 1111 1004 1181 qui
1054 1111 1235 1165 foedus
1283 1111 1517 1164 violavit
1567 1111 1844 1181 conjugii,
1893 1127 1966 1164 vn

267 1215 464 1267 annos,
499 1206 560 1253 ut
586 1215 758 1270 supra
812 1199 1028 1252 dictum
1062 1204 1165 1265 est,
1212 1199 1507 1268 paeniteat.
1560 1199 1659 1252 Ille
1687 1200 1786 1269 qui
1841 1200 1966 1270 lege

268 1287 522 1358 conjugii
577 1304 690 1341 non
752 1293 996 1353 tenetur,
1060 1287 1317 1358 quinque
1402 1304 1583 1341 annos
1671 1288 1963 1358 poeniteat.

272 1377 464 1447 Neque
507 1376 661 1430 enim
723 1377 961 1446 {aqualis
1009 1376 1346 1446 poenitentia
1388 1376 1576 1430 danda
1607 1383 1694 1429 est
1724 1376 1813 1430 his
1845 1377 1969 1448 qui-

265 1465 372 1518 bus
401 1463 659 1517 sufficere
711 1470 938 1533 poterat
987 1465 1054 1518 ad
1091 1465 1427 1534 explendam
1472 1464 1774 1519 libidinem
1805 1482 1967 1520 suam

266 1553 574 1623 conjugum
603 1554 899 1621 amplexus
931 1569 943 1606 :
987 1559 1042 1607 et
1087 1553 1199 1606 illis
1231 1553 1348 1623 qui,
1385 1553 1628 1623 conjuge
1687 1561 1964 1618 carentes,

267 1643 468 1696 ardore
507 1641 762 1696 libidinis
787 1641 1143 1712 impellente,
1174 1642 1236 1696 in
1274 1642 1710 1696 fornicationem
1750 1642 1968 1696 cecide-

266 1735 417 1786 runt.

267 1821 397 1876 Car.
424 1819 591 1874 LXXI.
627 1849 696 1859 —
738 1822 810 1873 De
837 1819 1143 1888 conjugatis
1172 1822 1269 1888 qui
1297 1820 1489 1889 aliqua
1518 1825 1664 1874 certa
1693 1835 1753 1874 re
1799 1820 1965 1876 disci-

585 1891 736 1944 dium
761 1893 1010 1958 fecerint,
1043 1896 1103 1944 ut
1133 1893 1352 1961 innupti
1370 1896 1642 1945 maneant.

338 1980 444 2048 (Ea:
473 1965 633 2033 dictis
664 1978 925 2048 August.)
957 1980 1263 2048 Apostolus
1285 1979 1493 2032 Paulus
1523 1978 1661 2032 dicit
1691 1995 1703 2032 ε
1741 1979 1838 2034 His
1867 1977 1968 2048 qui

264 2073 397 2122 sunt
427 2067 487 2120 in
531 2068 799 2137 conjugio
850 2067 1144 2137 praecipio,
1199 2083 1311 2120 non
1337 2083 1465 2136 ego,
1506 2067 1604 2120 sed
1665 2067 1962 2134 Dominus,

268 2172 506 2210 uxorem
534 2173 566 2209 a
621 2157 744 2208 viro
798 2171 916 2209 non
979 2155 1310 2210 discedere:
1339 2155 1494 2225 quod
1535 2154 1581 2207 si
1621 2154 1963 2220 discesserit,

263 2259 498 2299 manere
529 2243 853 2313 innuptam,
908 2249 1007 2296 aut
1051 2244 1171 2297 viro
1217 2259 1321 2297 suo
1355 2242 1727 2296 reconciliari.
1777 2245 1969 2298 Potest

267 2333 424 2388 enim
442 2332 568 2387 ﬁeri
589 2338 653 2386 ut
675 2332 928 2386 discedat
947 2349 1012 2385 ea
1029 2349 1196 2386 causa
1216 2331 1348 2402 quia
1380 2331 1658 2386 Dominus
1684 2331 1963 2402 permisit.

267 2424 382 2475 Aut
407 2421 452 2473 si
473 2420 703 2474 feminas
725 2420 858 2474 licet
876 2420 1063 2474 virum
1086 2420 1372 2474 dimittere
1395 2420 1567 2473 etiam
1589 2425 1823 2491 propter
1843 2436 1969 2474 cau-

268 2525 388 2563 sam
403 2509 816 2575 fornicationis,
839 2513 896 2563 et
909 2524 1020 2562 non
1038 2509 1172 2563 licet
1185 2509 1326 2574 viro,
1343 2508 1482 2579 quid
1501 2509 1968 2580 respondebimus

267 2598 336 2652 de
359 2598 466 2652 hoc
487 2597 642 2668 quod
663 2596 801 2651 dicit
818 2597 1106 2668 posterius
1130 2613 1143 2650 :
1165 2597 1232 2650 Et
1259 2597 1345 2650 vir
1364 2612 1600 2650 uxorem
1629 2613 1747 2651 non
1777 2598 1968 2652 dimit-

265 2685 400 2739 tat?
427 2685 612 2748 Quare
643 2702 757 2738 non
789 2684 1026 2752 addidit,
1070 2689 1304 2756 excepta
1343 2701 1512 2739 causa
1550 2685 1960 2753 fornicationis,

268 2773 420 2844 quod
439 2773 713 2828 Dominus
727 2773 1029 2843 permittit:
1047 2773 1158 2827 nisi
1173 2773 1307 2844 quia
1320 2773 1565 2827 similem
1581 2773 1824 2829 formam
1848 2775 1969 2830 vult

267 2862 536 2932 intelligi,
559 2867 621 2916 ut
651 2862 698 2915 si
726 2861 1006 2916 dimiserit
1037 2862 1193 2932 quod
1227 2877 1396 2915 causa
1423 2861 1812 2917 fornicationis
1842 2879 1968 2933 per-

269 2951 538 3018 mittitur,
575 2958 804 3005 maneat
834 2952 956 3006 sine
986 2967 1184 3018 uxore,
1213 2956 1311 3004 aut
1333 2951 1736 3006 reconcilietur
1763 2952 1966 3007 uxori?

2075 599 2194 653 lum
2254 603 2597 669 potestatem
2654 597 2921 651 habuerit
2967 597 3105 667 quid
3162 596 3215 651 ei
3257 614 3428 668 agere
3471 599 3638 654 velit:
3691 599 3802 653 sed

2077 687 2270 742 audiat
2317 689 2371 742 S.
2428 687 2812 757 Augustinum
2845 687 3175 740 dicentem:
3237 686 3378 740 Cum
3419 687 3573 740 enim
3624 688 3714 740 vir
3765 703 3803 740 ε.

2075 777 2286 831 virtute
2326 793 2538 830 nomen
2587 775 2825 845 accepit,
2859 780 2914 828 et
2965 775 3174 829 mulier
3202 792 3233 828 a
3267 775 3533 841 mollitie,
3580 775 3640 830 id
3708 781 3802 830 est

2076 865 2408 936 fragilitate,
2452 881 2630 936 quare
2674 870 2872 918 contra
2904 863 3360 918 crudelissimam
3402 865 3658 919 libidinis
3698 865 3801 918 be-

2077 955 2242 1008 stiam
2271 956 2391 1008 vult
2419 953 2816 1023 unusquisque
2844 968 3080 1006 uxorem
3114 968 3278 1005 suam
3312 969 3435 1006 esse
3471 953 3795 1018 victricem,

2076 1059 2206 1098 cum
2237 1043 2360 1114 ipse
2388 1043 2458 1097 ad
2506 1042 2759 1112 primum
2806 1040 3063 1094 libidinis
3105 1040 3285 1094 ictum
3344 1042 3524 1095 victus
3579 1042 3799 1096 cadat?

2077 1134 2219 1188 Nam
2281 1131 2562 1202 quidquid
2614 1136 2812 1184 contra
2862 1130 3037 1183 ﬁdem
3089 1129 3426 1183 catholicam
3490 1146 3610 1183 non
3656 1131 3798 1184 licet

2079 1220 2435 1287 mulieribus,
2485 1234 2589 1272 nec
2621 1218 2754 1271 viris
2788 1217 2996 1271 licebit.
3032 1217 3092 1271 Si
3147 1223 3341 1271 autem
3389 1217 3592 1272 eadem
3651 1235 3794 1272 mu-

2077 1311 2185 1364 lier
2213 1310 2418 1363 timore
2459 1307 2781 1378 perterrita,
2815 1324 2845 1360 a
2897 1308 3017 1360 loco
3052 1305 3150 1360 ubi
3195 1322 3319 1360 eam
3353 1306 3652 1375 episcopus
3683 1307 3794 1359 de-

2079 1397 2310 1452 stinavit
2361 1396 2666 1466 aufugerit,
2701 1401 2756 1449 et
2807 1395 2892 1448 vir
2949 1396 3070 1465 ejus
3129 1393 3198 1448 ab
3261 1393 3527 1464 episcopo
3585 1395 3790 1460 semel,

2079 1493 2180 1543 aut
2205 1488 2312 1554 bis,
2358 1488 2443 1541 vel
2495 1487 2705 1556 saepius
2753 1485 3066 1555 repetierit,
3102 1485 3148 1538 si
3189 1485 3359 1538 vitam
3411 1487 3464 1538 ei
3524 1486 3791 1539 obtinere

2078 1577 2278 1648 possit,
2310 1575 2605 1646 perquirat
2642 1580 2698 1628 et
2745 1575 2946 1630 reddat
2979 1590 2991 1628 :
3025 1574 3112 1628 sin
3143 1585 3359 1639 autem,
3399 1574 3638 1628 omnino
3670 1589 3791 1627 non

2080 1666 2302 1720 reddat.
2329 1665 2562 1718 Maritus
2583 1679 2738 1732 vero,
2772 1663 3030 1736 quandiu
3059 1662 3183 1733 ipsa
3209 1662 3382 1726 vivat,
3415 1664 3573 1716 nullo
3609 1662 3787 1716 modo

2001 1792 2041 1846 Β
2081 1753 2541 1846 alteramducat.

2080 1843 2206 1897 Car.
2232 1842 2446 1897 LXXIV.
2470 1871 2538 1880 -—
2556 1843 2633 1896 De
2655 1855 2732 1906 eo,
2750 1841 2801 1894 si
2818 1841 2941 1908 quis
2963 1854 3081 1893 cum
3110 1854 3279 1893 umore
3298 1839 3544 1904 alterius,
3575 1840 3791 1893 uiuente

2608 1927 2683 1975 eo,
2716 1914 3022 1977 fornicatus
3043 1912 3232 1976 fuerit.

2107 2001 2254 2072 ~(Ea:
2285 2001 2504 2055 concilio
2559 1999 2715 2069 apud
2745 1999 2900 2052 Alth.
2957 1997 3161 2062 habito,
3217 1999 3478 2065 praesente
3535 1997 3788 2052 Conrado

2073 2106 2218 2161 rege,
2241 2091 2419 2158 capite
2447 2087 2527 2156 5.)
2563 2089 2707 2143 Illud
2731 2103 2860 2140 vero
2889 2085 3183 2140 communi
3205 2086 3430 2139 decreto
3464 2086 3786 2139 secundum

2075 2194 2356 2234 canonum
2379 2177 2640 2231 instituta
2672 2176 2978 2230 deﬁnimus
3018 2180 3075 2228 et
3104 2174 3568 2245 prsejudicamus,
3611 2178 3674 2226 ut
3737 2172 3788 2226 si

2077 2267 2206 2339 quis
2239 2282 2368 2320 cum
2413 2281 2584 2319 uxore
2618 2265 2873 2332 alterius,
2917 2264 3141 2317 vivente
3174 2279 3259 2330 eo,
3294 2262 3610 2316 fornicatus
3661 2261 3783 2315 fue-

2075 2357 2170 2424 rit,
2202 2356 2482 2409 morieute
2523 2354 2729 2408 marito
2778 2351 3276 2423 synodalijudicio
3316 2351 3508 2404 aditus
3538 2351 3590 2404 ei
3633 2350 3787 2403 clau-

2076 2445 2245 2499 datur
2271 2443 2526 2509 illicitus,
2581 2458 2649 2494 ne
2679 2441 2918 2495 ulterius
2949 2440 3001 2493 ei
3049 2439 3437 2510 conjungatur
3481 2438 3785 2492 matrimo-

2075 2533 2196 2601 nio,
2229 2547 2404 2602 quam
2437 2529 2598 2600 prius
2631 2529 2838 2600 polluit
2863 2527 3170 2582 adulterio.
3194 2529 3471 2581 Nolumus
3503 2527 3657 2580 enim
3681 2543 3787 2580 nec

2077 2620 2414 2676 Christianae
2446 2618 2715 2688 religioni
2743 2617 3007 2672 convenit
3037 2621 3099 2670 ut
3129 2617 3323 2670 nullus
3352 2616 3521 2669 ducat
3557 2615 3615 2668 in
3649 2632 3785 2669 con-

2068 2711 2324 2782 jugium,
2353 2724 2525 2780 quam
2556 2709 2715 2778 prius
2747 2707 2954 2777 polluit
2985 2723 3087 2777 per
3118 2704 3490 2760 adulterium.

2075 2799 2202 2854 CAP.
2240 2798 2428 2852 LXXV.
2472 2827 2540 2836 —
2571 2799 2645 2850 De
2685 2798 2913 2861 ingenuo
2947 2798 3042 2862 qui
3082 2799 3373 2861 ingenuam
3411 2795 3610 2863 accipit
3641 2809 3787 2847 umo-

2431 2884 2562 2931 rem,
2598 2873 2645 2917 et
2663 2872 2848 2934 postea
2877 2882 3089 2919 servum
3118 2881 3171 2918 se
3204 2867 3412 2928 fecerit.

2149 2941 2259 3008 (Ea:
2313 2941 2501 2992 concil.
2568 2940 2788 2992 'I‘ribur.
2841 2939 2930 2989 cui
2987 2938 3242 3002 interfuit
3296 2951 3394 2989 rea:
3442 2935 3783 3004 Arnolphus,

266 3038 334 3091 Et
361 3054 500 3109 posr
525 3055 704 3107 pauca
738 3055 750 3092 :
790 3039 1063 3092 Dominus
1095 3045 1288 3092 autem
1319 3039 1586 3108 permisit
1633 3056 1803 3094 causa
1851 3041 1970 3094 for-
1999 3076 2039 3130 Ο
2075 3032 2251 3130 θαρίξθ
2291 3025 2690 3124 3-)Iperlamm
2726 3029 2842 3122 ,δεῖ
2899 3023 2972 3076 δά
3025 3027 3278 3076 sanetam
3313 3024 3597 3130 ξξηοάυω
3627 3025 3786 3130 (ἰυοξ

267 3127 568 3180 nicationis
626 3143 858 3182 uxorem
914 3127 1146 3192 dimitti,
1198 3127 1296 3180 sed
1363 3127 1500 3196 quia
1540 3128 1804 3198 permisit
1851 3145 1968 3182 non

262 3215 450 3285 jussit.

269 3305 394 3358 CAP.
419 3305 614 3358 LXXII.
643 3331 712 3342 —
732 3306 804 3356 De
824 3304 937 3356 illis
960 3304 1074 3371 qui,
1101 3305 1489 3356 interveniente
1507 3303 1753 3371 repudio,
1774 3304 1900 3358 aliis
1916 3319 1970 3358 se

660 3375 719 3426 in
747 3376 1157 3426 matrimonium
1186 3375 1575 3441 copulave-rint.

341 3443 447 3514 (Ea:
504 3444 710 3498 decreto
754 3445 1054 3497 Innocentii
1116 3459 1293 3513 papa,
1351 3448 1530 3513 capite
1583 3446 1697 3516 26.)
1749 3446 1824 3500 De
1881 3445 1970 3500 his

268 3531 442 3586 etiam
474 3531 771 3602 requisivit
815 3531 1043 3586 dilectio
1085 3537 1203 3600 tua,
1263 3533 1362 3603 qui
1415 3534 1828 3590 interveniente
1879 3553 1970 3590 re-

266 3620 446 3691 pudio
466 3621 594 3674 aliis
616 3637 673 3674 se
704 3619 1074 3674 matrimonio
1094 3622 1531 3690 copulaverunt,
1555 3639 1698 3693 quos
1731 3625 1789 3677 in
1815 3628 1972 3677 utra-

270 3726 382 3780 que
409 3715 568 3778 parte
612 3709 900 3764 adulteros
947 3725 1067 3763 esse
1123 3709 1494 3763 manifestum
1547 3715 1647 3766 est.
1701 3711 1809 3776 Qui
1839 3729 1972 3767 vero

269 3798 356 3852 vel
390 3814 564 3852 uxore
597 3799 838 3863 vivente,
893 3798 1154 3869 quamvis
1196 3798 1561 3853 dissociatum
1621 3816 1741 3854 esse
1783 3801 1973 3856 videa-

269 3891 366 3940 tur
394 3886 753 3957 conjugium,
783 3887 851 3940 ad
883 3886 1054 3940 aliam
1077 3887 1344 3957 copulam
1384 3887 1746 3957 festinarunt,
1788 3906 1973 3961 neque

269 3979 514 4042 possunt
533 3975 778 4028 adulteri
808 3991 922 4028 non
950 3975 1153 4040 videri,
1185 3975 1246 4028 in
1264 3979 1491 4030 tantum
1535 3983 1600 4030 ut
1659 3978 1746 4031 bas
1800 3980 1975 4033 etiam

270 4063 756 4134 personaequibus
777 4063 1219 4133 talesconjuncti
1242 4069 1395 4128 sunt,
1422 4065 1596 4118 etiam
1639 4066 1774 4136 ipsa:
1819 4068 1978 4122 adul-

272 4149 483 4206 terium
522 4150 874 4205 commisisse
904 4151 1220 4219 videantur,
1267 4153 1578 4207 secundum
1610 4155 1751 4209 illud
1823 4156 1977 4227 quod

271 4239 518 4309 legimus
538 4239 599 4294 in
643 4239 948 4311 Evangelia
981 4256 994 4295 :
1030 4241 1136 4305 Qui
1177 4241 1463 4296 dimiserit
1503 4259 1741 4297 uxorem
1790 4261 1974 4314 suam,

2079 3115 2314 3186 quidam
2379 3114 2666 3184 ingenuus
2722 3112 3032 3182 ingenuam
3085 3110 3364 3181 acceperit
3421 3127 3676 3177 uxorem,
3731 3117 3790 3166 et

2079 3207 2206 3274 post
2230 3202 2482 3255 filiorum
2514 3199 2972 3270 procreationem
3005 3198 3300 3252 occasione
3333 3199 3560 3252 divortii
3590 3199 3788 3270 cujus-

2081 3292 2211 3346 dam
2239 3306 2465 3344 servum
2498 3305 2556 3342 se
2600 3288 2820 3354 fecerit,
2861 3292 3056 3341 utrum
3107 3287 3426 3341 necessario
3482 3287 3786 3342 mulierem

2079 3387 2274 3434 tenere
2307 3379 2527 3443 debeat,
2560 3381 2634 3444 et,
2672 3376 2718 3429 si
2757 3375 3029 3442 tenuerit,
3065 3382 3254 3429 utrum
3286 3376 3383 3428 illa
3423 3392 3652 3447 quoque
3697 3393 3787 3431 se-

2080 3469 2335 3523 cundum
2390 3467 2721 3520 saecularem
2770 3465 2956 3534 legem
3006 3464 3266 3521 servituti
3319 3464 3520 3535 subjici
3561 3465 3785 3522 debeat.

2079 3557 2402 3613 Judicatum
2435 3561 2519 3608 est
2549 3569 2788 3608 uxorem
2846 3553 3085 3607 minime
3117 3553 3326 3607 debere
3374 3553 3608 3619 dimitti,
3667 3569 3791 3608 non

2081 3651 2278 3702 tamen
2306 3645 2378 3698 ob
2422 3643 2628 3698 Christi
2649 3643 2837 3712 legem
2886 3642 3187 3696 mulierem
3220 3642 3280 3694 in
3311 3642 3642 3696 servitutem
3695 3659 3788 3698 re-

2085 3734 2222 3805 digi,
2261 3733 2397 3788 dum
2421 3732 2515 3786 ille
2548 3748 2660 3784 non
2687 3747 2756 3784 ex
2807 3746 3089 3785 consensu
3131 3729 3396 3801 conjugis
3441 3747 3500 3784 se
3559 3747 3787 3786 servum

2081 3823 2234 3889 fecit,
2269 3837 2439 3892 quem
2474 3820 2718 3874 liberum
2751 3820 2872 3889 ipsa
2897 3819 3166 3873 maritum
3192 3819 3425 3890 accepit.

2085 3914 2213 3968 CAP.
2247 3911 2466 3966 LXXVI.
2494 3940 2562 3948 —
2591 3913 2663 3964 De
2681 3910 2788 3963 illis
2811 3909 3119 4034 conjuéyatis
3137 3924 3365 3977 quorum
3395 3908 3532 3976 leges
3562 3907 3788 3964 diversa:

2865 3995 2967 4034 sun
2999 4022 3008 4032 .

2865 3995 3008 4034 sunt.

2158 4073 2267 4142 (Ea:
2300 4069 2500 4137 eodem,
2546 4069 2721 4137 capite
2759 4065 2868 4136 15.)
2904 4068 2981 4121 De
3017 4066 3250 4121 Francia
3293 4065 3501 4121 nobilis
3550 4066 3785 4138 quidam

2086 4161 2260 4215 homo
2285 4158 2540 4212 nobilem
2577 4158 2646 4211 de
2690 4155 2934 4212 Saxonia
2964 4156 3251 4210 Saxonum
3281 4156 3405 4226 lege
3435 4155 3594 4210 duxit
3643 4173 3785 4210 uxo-

2087 4265 2230 4303 rem.
2260 4247 2468 4302 Tenuit
2497 4245 2692 4300 multis
2742 4244 2928 4310 annis,
2963 4249 3018 4298 et
3048 4260 3115 4297 ex
3144 4261 3211 4298 ea
3251 4244 3401 4298 ﬁlios
3444 4244 3781 4314 procreavit,

273 4332 330 4382 et
351 4327 585 4382 duxerit
605 4329 800 4395 aliam,
827 4329 1160 4384 moechatur.
1188 4330 1253 4384 Et
1274 4329 1404 4384 ideo
1430 4346 1627 4384 omnes
1653 4347 1685 4384 a
1720 4347 1972 4387 commu-
2003 4351 2045 4403 υ
2087 4338 2296 4390 Verum
2329 4334 2464 4406 quia
2494 4350 2612 4388 non
2644 4333 2845 4386 iisdem
2899 4336 3142 4386 utuntur
3183 4332 3404 4402 legibus
3433 4332 3684 4387 Saxones
3731 4339 3786 4387 et

273 4416 448 4470 nione
474 4416 730 4471 fidelium
761 4417 1152 4471 abstinendos.
1188 4419 1264 4472 De
1296 4419 1632 4488 parentibus
1658 4426 1850 4475 autem
1873 4427 1972 4476 aut.

271 4505 612 4576 propinquis
651 4522 854 4560 eorum
904 4506 1045 4561 nihil
1075 4507 1186 4561 tale
1230 4507 1401 4561 statui
1431 4513 1637 4577 potest,
1672 4509 1782 4563 nisi
1811 4510 1858 4564 si
1887 4511 1973 4566 in-

271 4599 529 4649 centores
558 4593 745 4648 illiciti
771 4595 1044 4649 consortii
1076 4595 1247 4650 fuisse
1277 4597 1599 4652 videantur.

273 4683 399 4737 Car.
425 4683 649 4736 LXXIII.
673 4713 740 4724 ——
762 4686 826 4737 Si
848 4685 1003 4752 cujus
1022 4701 1162 4758 uxor
1180 4691 1532 4754 constuprata
1547 4689 1736 4754 fuerit,
1780 4694 1968 4758 etpra-

442 4760 631 4822 pte-rea
660 4758 889 4808 maritus
919 4756 1142 4824 perdere
1176 4758 1331 4810 illam
1361 4759 1774 4814 machinaverit.

345 4841 456 4910 (Em
487 4844 673 4897 concil.
737 4844 1091 4910 Triburiensi,
1133 4849 1306 4914 capite
1335 4847 1451 4915 46.)
1512 4847 1568 4901 Si
1623 4849 1786 4918 cujus
1833 4866 1974 4905 uxor

271 4933 639 4999 constuprata
687 4930 880 4997 fuerit,
910 4937 964 4984 et
994 4938 1301 5002 propterea
1320 4936 1560 4988 maritus
1579 4937 1809 5006 capitali
1835 4955 1971 4992 sen-

271 5017 451 5072 tentia
483 5017 673 5072 delere
729 5018 888 5072 illam
921 5021 1349 5088 machinaverit,
1382 5023 1504 5093 ipsa
1533 5041 1686 5091 vero,
1733 5033 1974 5098 urgente

271 5105 474 5160 mortis
527 5106 800 5178 periculo,
847 5107 917 5160 ad
971 5107 1306 5178 episcopum
1355 5113 1694 5182 confugerit,
1731 5120 1788 5167 et
1813 5115 1972 5169 auxi-

274 5195 414 5249 lium
445 5195 759 5267 quaasierit,
793 5197 1110 5267 operosiori
1135 5202 1328 5252 tamen
1360 5198 1408 5252 si
1450 5207 1638 5270 potest
1675 5203 1974 5273 episcopus

270 5284 461 5339 labore
517 5284 754 5339 desudet
820 5301 888 5338 ne
946 5284 1273 5355 occidatur;
1307 5285 1354 5338 si
1408 5303 1541 5341 vero
1595 5304 1715 5342 non
1769 5297 1970 5358 potest,

271 5374 431 5426 nullo
459 5373 630 5427 modo
661 5373 828 5426 liceat
859 5373 912 5427 ei
942 5373 1263 5444 requirenti
1291 5390 1419 5427 eam
1447 5375 1686 5430 reddere
1718 5378 1786 5431 ad
1820 5378 1976 5431 occi-

272 5461 548 5527 dendum,
583 5478 711 5532 qua
741 5478 800 5514 se
830 5462 881 5516 ei
912 5463 1120 5517 obtulit
1150 5463 1220 5517 ad
1249 5463 1670 5518 defendendum
1702 5481 1715 5518 :
1750 5466 1844 5519 sed
1877 5483 1974 5520 so-

272 5548 402 5600 lerti
433 5564 563 5602 cura
590 5549 942 5604 transmittat
969 5566 1095 5604 eam
1127 5551 1196 5605 ad
1230 5550 1422 5604 locum
1463 5567 1636 5622 quem
1666 5551 1790 5622 ipsa
1820 5553 1973 5607 dele-

276 5635 442 5702 gerit,
477 5640 540 5689 ut
568 5653 766 5690 secura
798 5639 972 5706 possit
1018 5639 1225 5693 vivere.
1260 5639 1316 5694 Si
1346 5654 1480 5694 vero
1519 5640 1810 5695 interdum
1861 5659 1978 5695 ma-

2082 4424 2301 4490 Franci,
2337 4427 2603 4476 causatus
2632 4427 2716 4475 est
2747 4421 2897 4493 quod
2928 4437 3053 4474 eam
3084 4436 3199 4473 non
3245 4437 3367 4486 sua,
3401 4421 3456 4474 id
3491 4426 3574 4475 est
3625 4423 3786 4476 Fran-

2080 4528 2274 4567 corum
2297 4513 2420 4581 lege
2469 4509 2917 4580 desponsaverit,
2963 4509 3048 4561 vel
3081 4508 3383 4577 acceperit,
3439 4513 3537 4562 aut
3564 4509 3785 4562 dotave—

2080 4601 2155 4655 rit
2196 4617 2208 4655 :
2252 4599 2601 4670 dimissaque
2645 4598 2764 4664 illa,
2807 4598 2968 4652 duxit
3006 4598 3264 4651 alteram.
3302 4598 3567 4652 Detinivit
3615 4614 3786 4667 super

2080 4690 2189 4744 hoc
2218 4693 2409 4742 sancta
2441 4687 2714 4758 synodus,
2741 4692 2804 4740 ut
2845 4687 2937 4740 ille
2994 4690 3383 4756 transgressor
3446 4687 3786 4756 evangelicae

2080 4778 2222 4848 legis
2273 4777 2612 4846 subjugatur
2649 4773 3035 4844 paenitentiae;
3070 4775 3370 4828 asecunda
3399 4775 3640 4844 conjuge
3692 4792 3784 4829 se-

2082 4869 2337 4937 paretur,
2369 4865 2624 4934 priorem
2648 4879 2939 4917 resumere
2962 4867 3216 4931 cogatur.

2084 4957 2210 5009 Car.
2248 4954 2492 5008 LXXVII.
2532 4981 2594 4994 --
2627 4955 2737 5008 Cur
2769 4955 3217 5006 communicantes
3237 4952 3350 5004 viri
3378 4966 3495 5006 cum
3528 4950 3788 5006 adulteris

2545 5024 2806 5076 uxoribus
2836 5038 2940 5076 non
2980 5024 3320 5076 conveniant.

2155 5115 2265 5180 (Ετ
2297 5113 2440 5167 decr.
2474 5113 2772 5166 Innocentii
2797 5127 2979 5180 papae,
3015 5114 3192 5179 capite
3221 5111 3330 5179 2i.)
3365 5111 3477 5164 Cur
3508 5110 3614 5164 viri
3661 5127 3789 5166 cum

2085 5201 2362 5256 adulteris
2392 5216 2508 5254 non
2565 5199 2930 5265 conveniant,
2982 5203 3038 5252 et
3085 5199 3229 5252 illud
3270 5198 3659 5253 desideratum
3707 5205 3790 5254 est

2085 5291 2238 5352 sciri,
2269 5305 2370 5343 cur
2436 5288 2928 5342 communicantes
2963 5288 3069 5341 viri
3099 5303 3230 5340 cum
3276 5287 3550 5341 adulteris
3599 5289 3788 5343 uxori-

2085 5379 2192 5434 bus
2222 5395 2338 5432 non
2365 5377 2725 5442 conveniant,
2755 5393 2885 5431 cum
2925 5383 3126 5430 contra
3152 5393 3356 5430 uxores
3400 5377 3460 5429 in
3506 5375 3788 5430 consortio

2087 5467 2479 5521 adulterorum
2509 5466 2760 5520 virorum
2789 5482 3021 5520 manere
3055 5466 3381 5532 videantur,
3423 5465 3562 5520 dum
3620 5480 3790 5534 super

2086 5556 2196 5609 hoc
2239 5554 2565 5611 Christiana
2629 5554 2831 5624 religio
2865 5554 3216 5608 adulterium
3257 5555 3315 5607 in
3361 5558 3608 5623 utroque
3659 5570 3788 5606 sexu

2085 5644 2214 5714 pari
2244 5643 2463 5696 ratione
2494 5647 2846 5709 contemnet,
2887 5643 2986 5697 sed
3031 5642 3181 5696 viros
3211 5658 3344 5696 suos
3376 5643 3648 5696 mulieres
3679 5658 3787 5696 non
