4380 6362
350 388 450 438 829
1321 383 1785 439 DECRETORUM
1828 384 2009 439 LIBRI
2048 385 2152 439 XX.
2195 414 2261 422 —
2303 383 2511 437 LIBER
2551 380 2875 436 DECIMUS.

348 503 510 558 facile
543 504 612 557 de
644 503 926 558 adulterio
977 508 1264 570 accusant,
1304 508 1361 557 et
1401 519 1517 557 non
1565 504 1777 559 habent
1812 505 2042 559 latentia
2073 509 2119 561 Α

349 597 574 663 peccata
608 592 933 647 vindictam.
979 593 1093 645 Viri
1122 598 1315 646 autem
1359 593 1589 645 liberius
1626 609 1829 646 uxores
1880 595 2042 647 adul-

353 686 501 732 teras
531 681 682 750 apud
714 681 1033 757 sacerdotes
1070 681 1292 734 deferre
1337 686 1775 747 consueverunt,
1811 687 1867 734 et
1916 681 2043 734 ideo

355 769 692 822 mulieribus
727 770 949 837 prodito
981 785 1178 822 earum
1210 769 1449 822 crimine
1491 769 1821 822 communio
1868 770 2046 822 dene-

354 862 539 927 gatur,
574 857 827 910 virorum
855 863 1064 920 autem,
1102 859 1309 910 latente
1341 857 1666 923 commisso,
1722 874 1835 910 non
1883 857 2044 910 facile

356 944 659 1014 quisquam
711 961 779 997 ex
833 945 1254 1014 suspicionibus
1306 944 1639 1011 abstinetur,
1697 944 1797 1015 qui
1850 944 2044 1014 utique

356 1033 785 1086 submovcbitur
815 1034 859 1085 si
892 1034 1013 1103 ejus
1056 1033 1335 1101 flagitium
1370 1033 1684 1101 detegatur.
1728 1033 1868 1087 Cum
1909 1049 2043 1102 ergo

357 1137 457 1189 par
486 1136 655 1173 causa
684 1122 753 1174 sit
782 1120 1069 1174 interdum
1102 1121 1435 1191 probatione
1469 1124 1741 1186 cessante,
1782 1119 2045 1175 vindicta:

360 1208 500 1261 ratio
541 1208 915 1278 eonquiescit.

359 1334 481 1386 CAP.
518 1332 787 1386 LXXVIII.
820 1363 889 1372 —
926 1332 1077 1397 Quod
1118 1348 1221 1386 non
1251 1335 1530 1387 conveniat
1561 1333 1896 1388 Christianos
1927 1348 2045 1387 cum

657 1406 921 1457 haereticis
960 1406 1236 1472 nuptialia
1248 1405 1384 1470 jura
1411 1405 1739 1458 contrahere.

428 1527 535 1590 (Ea:
567 1527 788 1580 concilio
821 1527 1154 1591 Laodicensi,
1187 1529 1361 1595 capite
1393 1526 1503 1595 3t.)
1534 1527 1694 1590 Quod
1721 1543 1837 1580 non
1874 1544 2043 1596 opor-

356 1616 469 1666 teat
535 1630 666 1668 cum
744 1615 1024 1668 hmreticis
1090 1615 1366 1668 universis
1432 1614 1763 1683 nuptiarum
1833 1616 2045 1669 fcedera

357 1701 664 1770 celebrare,
711 1719 814 1757 nec
855 1703 937 1757 eis
986 1704 1135 1757 filios
1185 1704 1318 1757 dare
1366 1704 1451 1756 vel
1496 1704 1661 1767 filias,
1710 1703 1805 1757 sed
1863 1704 2044 1774 magis

359 1791 636 1859 accipere,
705 1791 751 1845 si
816 1795 1010 1846 tamen
1079 1791 1426 1845 Christianos
1486 1807 1545 1845 se
1611 1790 1737 1845 fieri
1803 1790 2040 1861 permit-
2079 1809 2115 1861 Β

362 1884 507 1933 tant.

657 1986 784 2039 CAP.
820 1984 1041 2041 LXXIX.
1074 2015 1141 2027 —
1161 1987 1368 2041 Judicii
1398 1985 1748 2041 examinatio.

429 2093 509 2145 De
542 2091 653 2145 hoc
683 2092 837 2163 quod
871 2093 1011 2146 mihi
1059 2098 1384 2163 reputatum
1417 2099 1503 2147 est
1552 2094 1610 2147 in
1664 2095 1768 2147 hac
1808 2094 2045 2164 synodo,

364 2179 519 2249 quod
552 2180 724 2233 simul
754 2197 882 2234 cum
913 2181 1019 2235 ista
1065 2181 1276 2235 femina
1300 2181 1643 2236 adulterium
1676 2182 1759 2235 vel
1800 2182 2045 2235 fornica-

367 2269 585 2321 tionem
616 2267 896 2335 fecissem,
939 2270 1092 2340 quod
1150 2286 1267 2323 non
1328 2286 1431 2339 ego
1474 2270 1553 2323 ita
1591 2270 1716 2336 feci,
1767 2285 1871 2323 nec
1918 2268 2048 2323 inde

359 2373 448 2410 me
478 2356 825 2427 culpabilem
857 2373 1228 2428 recognosco,
1271 2358 1349 2412 sic
1375 2374 1465 2411 me
1516 2360 1663 2413 Deus
1703 2358 1926 2428 adjuvet
1980 2358 2049 2411 ad

358 2445 510 2499 istud
537 2445 847 2515 judicium.

3737 384 3839 435 830

2282 506 2417 560 Car.
2463 505 2644 559 LXXX.
2678 533 2745 543 —
2783 504 3069 571 Separalio
3098 504 3314 556 incesta
3342 504 3715 571 copulationis.

2226 594 2309 647 Ab
2356 593 2463 646 isto
2514 592 2603 645 die
2656 592 2713 644 in
2756 598 2923 644 antea
2988 607 3116 643 cum
3158 590 3265 643 ista
3306 591 3520 644 femina
3558 607 3687 644 cum
3728 606 3842 661 qua

2155 681 2501 736 adulterium
2537 682 2621 733 vel
2652 680 3089 733 fornicationem
3140 679 3339 746 fecisti,
3391 679 3539 731 unde
3592 679 3843 747 discipli-

2157 786 2287 822 nam
2322 771 2405 822 vel
2437 768 2830 838 pusuitentiam
2862 766 3180 836 suscepisti,
3215 766 3460 837 amplius
3516 783 3630 820 non
3675 767 3839 820 adul-

2155 857 2385 919 terabis,
2435 873 2537 909 nec
2584 855 2953 909 fornicaberis
3002 871 3133 907 cum
3194 871 3281 920 ea,
3334 870 3435 907 nec
3481 854 3651 907 aliam
3711 870 3841 907 uxo-

2115 961 2275 1000 rem
2322 945 2585 1013 accipies,
2626 943 2733 996 nisi
2790 948 2915 1012 post
2962 948 3250 1012 peractam
3304 942 3695 1013 paenitentiam
3739 943 3839 996 tibi

2154 1033 2386 1086 licentia
2415 1032 2545 1085 data
2577 1032 2748 1085 fuerit
2779 1032 2846 1085 ab
2880 1031 3163 1101 episcopo,
3200 1037 3300 1084 aut
3325 1032 3394 1084 ab
3448 1031 3570 1101 ejus
3620 1031 3790 1084 misso
3824 1047 3836 1085 :

2154 1122 2231 1175 sic
2262 1125 2314 1174 te
2348 1123 2494 1175 Deus
2538 1121 2782 1188 adjdvet.

2332 1212 2458 1263 CAP.
2497 1210 2710 1263 LXXXI.
2744 1240 2810 1247 ——
2834 1210 3208 1262 Rcconciliatio
3232 1209 3662 1275 conjugatorum.

2225 1299 2309 1353 Ab
2340 1298 2448 1352 isto
2476 1299 2565 1352 die
2598 1300 2653 1351 in
2689 1304 2855 1350 antea
2888 1298 3048 1351 istam
3082 1302 3239 1350 tuam
3269 1298 3573 1366 conjugem
3608 1294 3843 1348 nomine

2160 1390 2221 1441 N.
2266 1404 2435 1458 quam
2472 1388 2679 1456 injuste
2719 1386 3014 1440 dimiseras
3041 1386 3117 1438 ita
3150 1386 3386 1451 tenebis,
3420 1386 3565 1437 sicut
3590 1398 3695 1453 per
3722 1399 3837 1435 rec-

2154 1481 2274 1529 tum
2310 1476 2545 1529 maritus
2588 1491 2747 1527 suam
2810 1475 2978 1527 debet
3024 1474 3233 1527 habere
3274 1475 3597 1542 conjugem,
3656 1472 3713 1524 in
3763 1470 3847 1524 di»

2156 1565 2395 1618 lectione
2430 1570 2486 1617 et
2530 1564 2719 1617 debita
2773 1562 3121 1631 disciplina:
3173 1578 3277 1615 nec
3323 1577 3447 1615 eam
3498 1576 3603 1630 per
3660 1560 3843 1612 ullum

2158 1653 2369 1705 malum
2393 1650 2687 1720 ingenium
2721 1655 2829 1702 ate
2861 1648 3168 1717 separabis,
3197 1664 3298 1701 nec
3318 1663 3383 1702 ea
3415 1646 3636 1701 vivente
3665 1645 3842 1701 aliam

2157 1740 2391 1811 accipies
2427 1757 2441 1794 :
2474 1739 2551 1792 sic
2580 1744 2634 1792 te
2667 1740 2816 1792 Deus
2842 1738 3091 1806 adjuvet.

2530 1828 2657 1881 CAP.
2696 1826 2934 1881 LXXXII.
2967 1856 3037 1865 —
3073 1826 3152 1878 De
3181 1823 3363 1877 eadem
3394 1838 3470 1876 re.

2229 1918 2272 1969 A
2302 1915 2472 1969 modo
2506 1914 2562 1968 in
2609 1920 2773 1967 antea
2814 1914 2987 1967 istum
3026 1919 3190 1967 tuum
3218 1912 3503 1965 ‘maritum
3545 1926 3717 1981 quem
3758 1908 3843 1962 in-

2153 2006 2306 2077 juste
2335 2004 2631 2057 dimiseras
2664 2003 2743 2055 ita
2793 2002 3009 2055 tenebis
3047 2007 3104 2054 et
3145 1999 3581 2069 amplexaberis,
3616 2005 3673 2051 et
3702 1998 3753 2051 ei
3786 1998 3845 2051 in

2160 2094 2407 2158 servitio,
2443 2092 2499 2145 in
2532 2108 2724 2145 amore
2776 2096 2830 2143 et
2863 2090 2919 2144 in
2968 2090 3171 2143 timore
3229 2090 3305 2142 ita
3353 2089 3464 2142 eris
3507 2087 3759 2157 subjecta
3792 2090 3848 2139 et

2160 2181 2450 2245 obediens,
2492 2180 2635 2232 sicut
2664 2194 2765 2248 per
2799 2182 3012 2230 rectum
3055 2192 3199 2230 uxor
3238 2192 3340 2229 suo
3381 2175 3547 2229 debet
3594 2174 3847 2243 subjecta

2160 2286 2280 2324 esse
2316 2268 2542 2333 marito,
2588 2283 2692 2320 nec
2750 2282 3001 2335 unquam
3065 2265 3133 2318 ab
3164 2281 3230 2317 eo
3287 2269 3341 2318 te
3391 2262 3700 2332 separabis,
3744 2277 3848 2314 nec

2159 2357 2256 2410 illo
2287 2357 2508 2409 vivente
2539 2354 2702 2407 alteri
2733 2354 2854 2406 viro
2897 2358 2953 2405 te
2997 2351 3256 2417 sociabis,
3301 2366 3404 2404 nec
3439 2347 3704 2418 conjugio
3747 2354 3845 2401 aut

2159 2444 2441 2499 adulterio
2477 2460 2489 2497 :
2525 2443 2614 2498 Sic
2643 2446 2696 2495 te
2729 2443 2873 2495 Deus
2912 2440 3159 2510 adjuvet.

1794 2580 1967 2620 FINIS
2013 2581 2189 2620 LIBRI
2239 2580 2415 2619 NONI.

1186 2893 1479 2965 INDEX
1553 2894 2235 2968 CAPITULORUM
2313 2895 2563 2967 LIBRI
2644 2894 2997 2966 DECIMI.

361 3064 489 3117 CAP.
547 3066 594 3116 1.
644 3063 713 3116 Ut
753 3062 1005 3134 episcopi
1054 3063 1123 3117 de
1174 3064 1460 3133 parochiis
1497 3065 1615 3119 suis
1641 3066 1943 3136 sortilegos
1994 3072 2049 3120 et
2087 3067 2126 3122 C
2158 3069 2245 3121 22.
2286 3068 2356 3121 Ut
2385 3065 2784 3120 vaticinatores
2810 3065 2939 3118 caesi
2972 3065 3040 3118 de
3070 3064 3391 3119 civitatibus
3416 3064 3733 3135 ejiciantur.

428 3149 721 3203 maleficos
753 3152 1056 3220 expellant.

362 3242 414 3292 2.
452 3240 526 3293 De
555 3238 873 3292 cultoribus
904 3239 1196 3293 arborum.

361 3331 409 3381 3.
446 3328 523 3381 De
557 3327 873 3380 cultoribus
913 3327 1217 3382 idolorum.

362 3418 413 3469 4.
450 3416 528 3468 De
562 3415 768 3468 eadem
798 3431 877 3469 re.

445 3505 523 3556 De
554 3503 668 3555 illis
699 3502 798 3573 qui
829 3502 1204 3557 divinationes
1236 3492 1555 3574 requirunt.

360 3594 410 3645 6.
448 3592 527 3644 De
560 3591 674 3644 illis
705 3590 805 3661 qui
835 3591 1007 3644 ritum
1038 3607 1390 3662 paganorum
1423 3592 1742 3646 observant.

358 3682 412 3733 7.
457 3680 539 3733 De
585 3679 698 3732 illis
743 3679 845 3750 qui
887 3680 1141 3749 auguriis
1176 3684 1231 3735 et
1289 3679 1773 3735 incantationibus
1830 3680 2053 3733 subser-

434 3766 623 3820 viunt.

363 3862 413 3911 8.
450 3859 529 3911 De
563 3856 765 3911 eadem
796 3872 878 3911 re.

364 3950 413 4000 9.
448 3948 528 4001 De
556 3946 670 3999 illis
704 3946 802 4016 qui
832 3950 1015 4000 sortes
1046 3946 1368 4001 observant.

370 4036 453 4087 10.
486 4035 566 4087 De
597 4034 899 4088 arboribus
928 4051 1069 4105 quas
1100 4036 1303 4105 vulgus
1333 4034 1484 4088 colit.

371 4124 452 4174 11.
489 4122 569 4174 De
600 4120 712 4174 illis
743 4121 842 4191 qui
869 4121 990 4175 dies
1022 4126 1077 4175 et
1109 4137 1331 4175 menses
1361 4120 1679 4175 observant.

371 4211 452 4261 12.
489 4210 571 4261 De
600 4208 712 4261 illis
738 4209 838 4279 qui
861 4192 1551 4263 dazmonibusimmolant.

369 4300 451 4350 13.
481 4297 559 4349 De
591 4296 704 4349 illis
729 4297 828 4366 qui
855 4297 1191 4351 traditiones
1223 4297 1527 4367 gentilium
1557 4298 1875 4352 observant.

371 4385 455 4437 14.
491 4384 571 4437 De
616 4385 970 4438 mulierculis
1018 4402 1145 4455 quas
1192 4385 1438 4439 infantes
1490 4402 1620 4439 suos
1664 4402 1769 4455 pro
1816 4385 2055 4440 sanitate

434 4472 496 4524 in
524 4473 818 4525 fornacem
850 4478 948 4525 aut
973 4489 1146 4542 supra
1178 4478 1391 4526 tectum
1420 4478 1664 4543 ponunt.

373 4562 450 4611 l5.
484 4559 646 4622 Quod
680 4575 795 4612 non
825 4560 991 4614 liceat
1031 4560 1260 4631 iniquas
1294 4560 1711 4615 observationes
1748 4560 2051 4615 Kalendar.

434 4662 625 4716 agere.

364 4737 447 4788 16.
484 4735 564 4787 De
595 4735 707 4788 illis
747 4734 847 4805 qui
878 4736 1160 4791 Kalendas
1207 4735 1505 4790 Ianuarias
1546 4736 1659 4790 ritu
1693 4751 2054 4807 paganorum

435 4823 627 4876 colere
654 4829 1015 4893 praesumunt

370 4914 453 4964 l7.
500 4913 578 4965 De
608 4912 805 4965 eadem
839 4928 918 4965 re.

365 5002 449 5053 18.
490 5000 566 5052 De
617 4998 878 5053 bubulcis
912 5002 995 5052 vel
1047 5000 1428 5065 venatoribus,
1477 4999 1575 5071 qui
1623 5016 1750 5054 suas
1796 4998 2052 5053 incanta-

432 5086 618 5141 tiones
649 5088 1021 5142 exercueriut.

369 5179 447 5230 19.
481 5175 644 5239 Quod
685 5192 806 5230 non
862 5176 1029 5229 liceat
1059 5176 1423 5230 mulierculas
1453 5176 1799 5231 Christianas
1830 5174 2051 5229 vanita-

434 5268 521 5317 tes
551 5263 611 5317 in
646 5264 762 5317 suis
796 5264 1055 5333 laniﬁciis
1084 5264 1408 5319 observare.

361 5354 450 5404 20.
487 5351 649 5415 Quod
678 5368 793 5406 non
836 5352 1002 5407 liceat
1030 5368 1161 5406 cum
1210 5352 1694 5407 incantationibus
1748 5352 2050 5406 herbarum

433 5439 831 5494 collectionem
866 5440 1009 5494 ﬁeri.

360 5530 448 5580 21.
482 5527 562 5580 De
590 5527 703 5581 illis
733 5528 833 5598 qui
864 5528 935 5581 ad
960 5527 1215 5595 arbores,
1239 5527 1323 5580 vel
1363 5528 1434 5581 ad
1487 5528 1669 5581 fontes
1711 5528 1925 5597 jaculas
1968 5526 2053 5579 iu-

430 5612 752 5667 cenderint.

2164 3157 2250 3208 23.
2288 3156 2364 3208 De
2397 3155 2507 3207 illis
2537 3155 2633 3224 qui
2661 3153 3025 3224 pliylacteriis
3058 3158 3314 3206 utuntur.

2163 3244 2248 3296 24.
2286 3244 2427 3296 Item
2461 3244 2529 3296 de
2565 3242 2914 3295 mulierculis
2945 3241 3433 3295 incantatricibus.

2164 3334 2250 3384 25.
2288 3332 2365 3385 De
2394 3332 2505 3385 illis
2534 3331 2628 3401 qui
2672 3332 3033 3397 manducaui,
3084 3336 3181 3383 aut
3228 3330 3453 3396 bibunt,
3497 3334 3593 3383 aut
3620 3333 3850 3399 portant

2233 3436 2407 3489 super
2438 3436 2494 3472 se
2536 3420 2751 3490 aliquid
2790 3419 2858 3472 ad
2908 3420 3004 3471 Dei
3055 3418 3336 3487 judicium
3380 3418 3843 3472 subvertendum.

2166 3510 2251 3561 26.
2302 3508 2379 3561 De
2426 3508 2539 3561 illis
2573 3508 2672 3577 qui
2717 3508 2776 3560 in
2814 3506 3041 3573 tabulis,
3092 3512 3191 3560 aut
3238 3507 3300 3561 in
3346 3507 3633 3562 codicibus
3659 3508 3849 3561 futura

2233 3596 2551 3665 requirunt.

2165 3686 2255 3736 27.
2295 3685 2369 3736 De
2396 3684 2507 3735 illis
2547 3682 2644 3753 qui
2674 3688 2852 3736 sortes
2882 3687 3212 3736 sanctorum
3244 3682 3562 3753 requirunt.

2162 3773 2249 3825 28.
2293 3772 2368 3824 De
2420 3772 2532 3825 illis
2580 3771 2873 3832 maleficis,
2926 3771 3026 3841 qui
3073 3775 3305 3840 sperant
3340 3776 3642 3824 sementes
3665 3771 3849 3825 homi-

2233 3877 2372 3913 num
2408 3866 2726 3930 pervertere
2754 3876 2937 3930 posse.

2163 3951 2251 4001 29.
2298 3950 2372 4002 De
2402 3949 2602 4003 eadem
2626 3965 2706 4002 re.

2165 4040 2251 4091 30.
2290 4038 2363 4091 De
2387 4038 2499 4091 illis
2528 4038 2627 4108 qui
2659 4036 2728 4090 ad
2759 4053 2889 4090 suas
2920 4035 3195 4089 vanitates
3224 4035 3598 4105 perficiendas
3637 4035 3850 4091 daemo-

2237 4142 2339 4179 nes
2365 4126 2648 4180 invocant.

2168 4217 2253 4269 3t.
2293 4216 2367 4268 De
2398 4215 2511 4267 illis
2549 4213 2649 4284 qui
2697 4217 2980 4267 nocturna
3021 4211 3295 4265 sacrificia
3335 4212 3664 4267 diemonum
3707 4214 3850 4267 cele-

2236 4302 2542 4356 braverint.

2167 4392 2253 4444 32.
2292 4391 2369 4444 De
2400 4390 2512 4444 illis
2542 4389 2640 4460 qui
2664 4389 2733 4443 ad
2763 4388 2995 4442 arbores
3024 4389 3109 4442 vel
3160 4388 3231 4441 ad
3274 4388 3456 4441 fontes
3496 4386 3687 4458 aliqua
3726 4392 3853 4441 vota

2242 4483 2537 4533 voverunt.

2166 4569 2252 4621 33.
2288 4568 2365 4620 De
2396 4567 2523 4632 illis,
2561 4564 2681 4636 qui,
2715 4564 2945 4634 quando
2986 4564 3119 4616 luna
3173 4562 3529 4629 obscuratur,
3575 4563 3854 4618 clamores

2236 4672 2367 4708 suos
2396 4660 2453 4708 et
2482 4652 2757 4706 maleficia
2787 4669 2885 4703 sua
2918 4651 3293 4706 exercuerint.

2165 4745 2251 4798 34.
2301 4744 2377 4797 De
2409 4743 2518 4796 illis
2549 4741 2646 4811 qui
2704 4739 2979 4793 vanitates
3011 4756 3141 4793 suas
3189 4739 3248 4793 in
3303 4738 3555 4794 excubiis
3585 4755 3849 4794 exercue-

2234 4832 2371 4885 rint.

2166 4922 2251 4974 35.
2293 4919 2369 4972 [te
2400 4918 2595 4972 eadem
2628 4933 2708 4971 re.

2165 5010 2253 5061 36.
2289 5008 2363 5060 De
2397 5005 2665 5059 conviviis
2696 5022 2822 5076 quae
2852 5006 2999 5060 fiunt
3028 5006 3137 5059 ritu
3167 5020 3542 5075 paganorum.

2166 5098 2250 5149 37.
2281 5096 2358 5148 De
2397 5095 2593 5147 eadem
2626 5110 2707 5147 re.

2166 5184 2252 5235 38.
2282 5182 2360 5235 Ne
2390 5181 2584 5234 fideles
2624 5180 2681 5234 in
2713 5180 3049 5234 cmmeteriis
3071 5180 3348 5250 prandere
3375 5181 3742 5249 praesumant.

2165 5270 2249 5322 39.
2291 5269 2366 5321 De
2400 5268 2511 5322 illis
2540 5268 2639 5338 qui
2670 5268 2985 5322 balationes
3014 5267 3272 5333 fecerint,
3319 5270 3375 5318 et
3422 5282 3478 5318 se
3527 5264 3588 5318 in
3635 5264 3853 5317 alienas

2237 5356 2446 5409 formas
2476 5357 3000 5410 transmutaverint.

2163 5444 2251 5495 40.
2294 5442 2453 5505 Quod
2493 5443 2907 5497 incantationes
2950 5446 3007 5494 et
3050 5438 3290 5508 magicae
3329 5443 3478 5491 artes
3509 5436 3700 5508 laquei
3733 5437 3850 5492 dia-

2235 5529 2347 5584 boli
2371 5530 2501 5583 sint.
