3966 6408
242 409 337 462 83l
1324 407 1727 463 BURCHARDI
1769 405 2302 462 WORMACIENSIS
2343 406 2679 462 EPISCOPI.

243 531 331 585 41.
365 531 442 584 De
472 529 586 584 illis
618 528 718 601 qui
759 530 1000 583 salutem
1044 545 1160 583 non
1184 547 1210 583 a
1243 529 1555 592 Salvatore,
1589 531 1684 584 sed
1725 530 1796 584 ab
1823 531 1945 601 ejus
1975 532 2020 582 Α
2060 533 2143 583 55.
2182 531 2259 583 De
2293 529 2686 584 contentiosis.

315 621 578 673 creatura
607 618 930 689 requirunt.

251 708 338 760 42.
381 707 455 760 De
488 707 688 760 eadem
713 723 792 760 re.

248 796 335 849 43.
369 796 446 848 De
477 796 676 848 eadem
703 812 780 848 re.

245 885 330 937 ἰή.
370 885 447 937 De
480 884 926 938 exsecrabilibus
956 885 1238 952 remediis,
1274 901 1415 956 quas
1465 885 1672 939 medici
1723 884 1842 939 suis
1885 885 1944 938 in

316 973 864 1042 praecantationibus
891 973 1124 1027 faciunt.

245 1064 334 1115 45.
365 1063 441 1115 De
477 1067 680 1114 natura
701 1062 1048 1114 daemonum.

243 1152 330 1203 46.
363 1151 442 1202 De
475 1149 824 1202 divinatione
858 1151 1211 1204 daemonum.

249 1239 336 1290 47.
384 1238 460 1290 De
490 1238 683 1290 eadem
718 1253 796 1290 re.

246 1328 333 1380 48.
374 1327 448 1378 De
480 1326 871 1379 sacerdotibus
913 1331 968 1378 et
1013 1326 1250 1396 reliquis
1284 1326 1679 1380 ecclesiasticis
1727 1325 1944 1380 ordini-

316 1414 420 1466 bus
449 1414 547 1483 qui
593 1429 806 1483 magos,
863 1413 1135 1481 hariolus,
1185 1421 1282 1468 aut
1340 1415 1566 1469 divinos
1614 1415 1939 1469 consulunt.

246 1505 332 1556 49.
370 1504 444 1555 De
477 1502 588 1556 illis
635 1503 736 1572 qui
767 1503 836 1557 ad
879 1503 1163 1558 fascinum
1207 1504 1628 1558 incantationes
1682 1504 1940 1558 fecerint.

247 1594 329 1645 5t).
368 1590 530 1654 Quod
565 1591 985 1644 daemoniacum
1009 1598 1217 1663 petras,
1251 1594 1340 1647 vel
1372 1593 1577 1647 herbas
1600 1593 1720 1648 sine
1751 1594 1946 1647 incan-

313 1679 525 1732 tatione
556 1679 723 1733 liceat
752 1686 1003 1750 portare.

2059 623 2144 672 56.
2183 621 2258 673 De
2289 619 2401 672 illis
2431 621 2532 690 qui
2562 619 2620 673 in
2651 619 2847 689 lingua
2878 617 3071 673 lascivi
3103 619 3340 673 fuerint.

2059 712 2144 762 57.
2177 711 2252 762 De
2281 709 2396 762 illis
2419 709 2516 779 qui
2547 725 2651 778 per
2675 709 2868 763 odium
2903 709 3248 762 dissidentes
3278 709 3632 764 exstiterint.

2060 800 2144 851 58.
2182 800 2258 852 De
2289 798 2387 851 illo
2419 797 2519 868 qui
2550 799 2680 852 odio
2710 799 2882 852 habet
2912 797 3185 868 aliquem,
3219 804 3275 852 et
3305 799 3373 852 ad
3408 814 3608 870 pacem
3669 816 3763 853 re-

2130 885 2273 938 verti
2297 886 2566 940 noluerit.

2063 977 2149 1028 59.
2187 975 2264 1028 De
2292 975 2492 1028 eadem
2523 990 2604 1028 re.

2061 1066 2148 1118 60.
2186 1064 2261 1117 De
2296 1064 2498 1116 eadem
2528 1078 2610 1117 re.

2061 1154 2148 1205 61.
2184 1153 2262 1206 De
2293 1151 2493 1204 eadem
2535 1168 2613 1204 re.

2058 1243 2141 1293 6'2.
2177 1241 2252 1293 De
2283 1239 2396 1292 illis
2429 1239 2527 1310 qui
2559 1238 2956 1292 contentiones
2983 1245 3040 1292 et
3070 1239 3222 1292 rixas
3254 1240 3589 1294 amaverint.

2056 1332 2144 1383 63.
2182 1330 2257 1382 De
2288 1328 2402 1382 illis
2456 1327 2555 1398 qui
2587 1328 2778 1381 faciles
2808 1332 2942 1381 sunt
2967 1328 3033 1381 ad
3067 1328 3507 1383 detrahendum.

2056 1418 2146 1471 64.
2181 1419 2257 1471 De
2289 1417 2402 1470 illis
2460 1418 2560 1488 qui
2608 1421 2805 1471 contra
2852 1417 3155 1488 episcopos
3206 1433 3338 1470 suos
3395 1417 3764 1488 conspirave-

2128 1506 2264 1560 rint.

2057 1599 2142 1649 65.
2177 1597 2253 1648 De
2285 1594 2486 1648 eadem
2516 1610 2597 1650 re.

2055 1686 2143 1737 66.
2172 1684 2246 1736 De
2277 1681 2495 1736 clericis
2527 1681 2840 1736 maledicis.

245 1771 331 1822 5t.
381 1769 450 1822 Ut
473 1768 741 1836 maleﬁci,
795 1769 902 1822 nisi
945 1785 1004 1823 se
1031 1768 1342 1841 corrigant,
1388 1785 1639 1841 regnum
1685 1769 1783 1824 Uei
1824 1786 1940 1824 non
1979 1809 2017 1862 Β
2057 1775 2144 1825 67.
2179 1772 2256 1825 De
2287 1771 2399 1824 illis
2427 1770 2528 1842 qui
2558 1769 2866 1824 detrahunt
2893 1769 3010 1823 suis
3038 1768 3348 1840 prioribus.

316 1857 662 1928 possideant.

245 1948 329 1998 5?.
367 1947 442 1999 De
470 1946 583 1999 illis
613 1946 711 2016 qui
745 1951 1129 2001 murmurant.

243 2037 330 2089 53.
364 2035 439 2088 De
473 2037 675 2088 eadem
708 2051 787 2088 re.

246 2123 330 2176 54.
367 2124 445 2177 De
478 2124 675 2177 eadem
707 2140 789 2178 re.

1429 2303 2256 2310 -.__...———_——_-—...-——__-
2281 2305 2284 2307 λ
2353 2303 2424 2308 ._.__

1550 2428 2464 2533 BUBCHARDI

2058 1861 2142 1913 68.
2180 1859 2258 1912 De
2287 1858 2505 1912 clericis
2538 1859 2622 1911 vel
2657 1857 2950 1912 monachis
2995 1852 3449 1926 conjurantibus,
3485 1857 3569 1910 vel
3612 1873 3753 1911 con-

2125 1947 2474 2017 spirantibus
2503 1951 2701 2000 contra
2734 1945 3066 2017 episcopum
3100 1961 3288 1998 suum.

2057 2038 2146 2090 69.
2184 2037 2261 2089 De
2297 2035 2496 2090 eadem
2531 2051 2612 2089 re.

2509 2124 2714 2178 Indicis
2742 2123 3107 2191 capitulorum
3130 2119 3284 2190 ﬁnis.

1350 2613 1888 2668 \VORMACIENSIS
1926 2614 2271 2668 ECCLESIAE
2313 2611 2643 2666 EPISCOPI.

454 2798 1813 2946 DECRETORUM
1923 2797 2514 2942 LIBER
2617 2793 3536 2940 DECIMUS.

1226 3062 1327 3126 DE
1359 3015 2082 3126 .INCANTATORIBUS
2129 3059 2233 3123 ET
2282 3059 2768 3124 AUGURIBUS.

730 3351 1214 3408 ABGUMENTUM
1258 3351 1462 3406 LIBRI.

324 3441 492 3496 Libro
546 3442 654 3496 hoc
700 3442 769 3496 de
817 3441 1288 3504 incantatorihus,
1344 3440 1414 3493 de
1466 3439 1809 3509 auguribus,
1859 3441 1946 3494 di-

253 3530 419 3595 vinis,
475 3531 764 3600 sortilegis
838 3534 893 3583 et
946 3529 1116 3583 variis
1172 3527 1537 3582 illusionibus
1587 3527 1822 3592 diaboli,
1881 3529 1950 3583 de

253 3618 568 3688 maledicis,
679 3618 1076 3684 contentiosis,
1161 3616 1674 3688 conspiratoribus,
1762 3617 1948 3689 deque

253 3707 608 3777 singulorum
639 3707 980 3777 pcenitentia
1003 3711 1296 3760 tractetur.

254 3815 381 3870 CAP.
423 3815 466 3868 Ι.
525 3845 594 3855 —
637 3817 702 3870 Ut
767 3817 1006 3883 episcopi
1055 3814 1120 3866 de
1175 3815 1454 3883 parochiis
1518 3815 1634 3868 suis
1675 3815 1952 3881 sortilegos

769 3890 821 3939 et
849 3885 1116 3947 maleﬁcos
1148 3887 1442 3953 expellant.

328 3975 440 4044 (Ea:
468 3975 692 4028 concilio
727 3975 1062 4040 Anquiren.,
1105 3975 1283 4040 capite
1327 3972 1398 4040 l.)
1447 3973 1516 4025 Ut
1563 3971 1815 4042 episcopi
1856 3991 1952 4028 eo-

258 4077 505 4130 rumque
537 4061 787 4113 ministri
809 4060 1077 4113 omnibus
1098 4060 1316 4113 viribus
1347 4060 1643 4114 elaborare
1664 4063 1952 4131 studeant,

256 4155 320 4204 ut
368 4148 753 4219 perniciosam
802 4153 858 4200 et
917 4165 950 4201 a
1005 4148 1230 4202 diabolo
1275 4148 1566 4202 iuventam
1623 4152 1954 4221 sortilegam

256 4241 313 4289 et
344 4235 661 4288 maleﬁcam
711 4238 892 4287 artem
940 4235 1170 4304 penitus
1219 4250 1283 4288 ex
1331 4235 1614 4304 parochiis
1665 4237 1782 4289 suis
1831 4253 1954 4290 era-

257 4322 451 4375 dicent
483 4337 495 4373 :
530 4325 586 4374 et
601 4319 645 4372 si
668 4319 916 4389 aliquem
941 4319 1121 4372 virum
1144 4326 1240 4373 aut
1259 4319 1534 4373 feminam
1559 4320 1955 4390 hujuscemodi

258 4409 489 4462 sceleris
558 4414 894 4461 sectatorem
971 4408 1318 4475 invenerint,
1386 4408 1632 4478 turpiter
1699 4410 1952 4464 dehone-

260 4503 472 4550 statum
531 4497 601 4550 de
651 4496 934 4566 parochiis
980 4496 1099 4549 suis
1148 4496 1398 4565 ejiciaut.
1459 4497 1553 4550 Ait
1599 4498 1752 4550 enim
1803 4502 1955 4567 Apo-

259 4587 440 4638 stolus
472 4601 485 4638 :
523 4585 864 4638 Hmreticum
907 4588 1038 4652 post
1080 4600 1256 4637 unam
1295 4591 1354 4638 et
1391 4586 1699 4639 secundam
1763 4587 1955 4640 admo-

259 4674 544 4727 nitionem
606 4673 814 4738 devita,
873 4673 1056 4726 sciens
1103 4673 1240 4742 quia
1314 4674 1621 4727 subversus
1693 4680 1796 4740 est,
1858 4676 1958 4746 qui

261 4760 546 4831 ejusmodi
611 4766 712 4814 est.
775 4760 1042 4814 Subversi
1108 4765 1260 4827 sunt,
1329 4767 1384 4814 et
1440 4777 1472 4813 a
1519 4761 1745 4815 diabolo
1806 4763 1956 4832 capti

260 4853 549 4916 tenentur,
618 4847 736 4918 qui,
816 4849 1082 4902 derelicto
1138 4855 1395 4902 creatore
1461 4866 1585 4916 suo,
1654 4869 1685 4903 a
1732 4850 1958 4905 diabolo

264 4937 536 5005 suffragia
563 4942 849 5006 quaerunt,
880 4943 934 4990 et
963 4938 1094 4990 ideo
1146 4955 1176 4990 a
1203 4939 1303 4991 tali
1364 4944 1522 5008 peste
1575 4940 1845 4993 mundari
1873 4941 1962 4994 de-

261 5027 356 5080 bet
389 5031 587 5079 sancta
657 5026 916 5078 Ecclesia.
977 5027 1121 5079 Illud
1174 5026 1346 5080 etiam
1413 5043 1530 5081 non
1574 5028 1960 5083 omittendum

265 5115 414 5187 quod
446 5113 710 5183 quaedam
736 5114 1025 5167 scelerata!
1052 5115 1322 5167 mulieres
1351 5121 1506 5169 retro
1536 5123 1663 5186 post
1693 5118 1961 5172 Satanam

263 5219 571 5270 conversae,
624 5203 952 5256 daemonum
1001 5203 1388 5267 illusionibus,
1435 5209 1492 5258 et
1544 5206 1958 5274 phantasmati-

264 5294 370 5346 bus
410 5294 680 5359 seductas,
741 5293 983 5346 credunt
1039 5309 1098 5346 se
1156 5297 1212 5346 et
1259 5293 1600 5363 proﬁtentur
1664 5295 1962 5347 nocturnis

265 5383 439 5447 horis,
485 5398 612 5435 cum
667 5383 842 5435 Diana
892 5397 1248 5452 paganorum
1297 5383 1423 5445 dea,
1474 5381 1560 5434 vel
1599 5397 1730 5435 cum
1785 5384 1960 5436 Hero-

267 5469 434 5522 diade
463 5474 520 5524 et
563 5470 868 5524 innumera
918 5471 1287 5524 multitudine
1337 5469 1643 5522 mulierum
1703 5470 1962 5540 equitare

267 5573 439 5625 super
476 5559 750 5627 quasdam
808 5559 1036 5625 bestias,
1085 5565 1140 5612 et
1202 5559 1382 5612 multa
1437 5563 1721 5612 terrarum
1779 5559 1965 5630 spatia

273 5645 630 5706 intempesta:
662 5648 842 5700 noctis
874 5648 1102 5702 silentio
1149 5646 1494 5718 pertransire
1543 5649 1781 5718 ejusque
1836 5648 1965 5718 jus-

1978 3351 2018 3405 C
2056 3351 2315 3406 sionibus
2341 3353 2494 3406 velut
2523 3352 2771 3407 dominae
2804 3352 3037 3406 obedire
3069 3355 3126 3405 et
3155 3351 3322 3405 certis
3371 3351 3636 3405 noctibus
3685 3350 3757 3404 ad

2059 3441 2182 3510 ejus
2219 3441 2513 3495 servitium
2559 3441 2800 3496 evocari.
2863 3441 2972 3495 Sed
3033 3439 3252 3494 utinam
3349 3439 3438 3492 has
3492 3438 3627 3495 solae
3696 3438 3757 3491 in

2058 3529 2300 3599 perﬁdia
2333 3547 2433 3583 sua
2463 3531 2785 3600 periissent,
2827 3536 2885 3582 et
2940 3545 3058 3582 non
3107 3529 3318 3582 multos
3349 3543 3542 3581 secum
3577 3527 3634 3579 in
3668 3527 3755 3580 in-

2059 3618 2351 3671 ﬁdelitatis
2408 3618 2705 3671 interitum
2761 3618 3188 3687 pertraxissent.
3251 3617 3390 3669 Nam
3451 3616 3758 3668 innumera

2059 3706 2369 3759 multitudo
2393 3706 2497 3758 hac
2526 3706 2664 3759 falsa
2693 3705 2964 3775 opinione
3019 3706 3256 3775 decepta
3287 3705 3407 3758 haec
3457 3720 3592 3756 vera
3633 3720 3758 3757 esse

2060 3795 2260 3860 credit,
2287 3798 2340 3847 et
2369 3794 2653 3847 credendo
2686 3811 2715 3846 a
2747 3799 2899 3847 recta
2954 3795 3066 3846 lide
3115 3794 3324 3858 deviat,
3377 3798 3432 3846 et
3471 3793 3530 3845 in
3565 3807 3760 3845 errore

2061 3899 2418 3954 paganorum
2450 3882 2780 3947 revolvitur,
2813 3899 2944 3936 cum
2999 3881 3217 3953 aliquid
3260 3881 3598 3944 divinitatis,
3659 3886 3760 3934 aut

2064 3971 2316 4025 numinis
2365 3977 2522 4024 extra
2575 3987 2755 4024 unum
2815 3972 2992 4024 Deum
3036 3987 3158 4023 esse
3215 3971 3548 4024 arbritatur.
3603 3970 3756 4033 Qua-

2063 4067 2296 4131 propter
2361 4062 2685 4114 sacerdotes
2749 4075 2853 4130 per
2919 4060 3192 4113 Ecclesias
3255 4059 3362 4114 sibi
3426 4059 3762 4112 commissas

2063 4150 2278 4219 populo
2319 4147 2477 4201 omni
2527 4147 2800 4200 instantia
2842 4148 3154 4218 praedicare
3203 4147 3433 4212 debent,
3486 4153 3548 4200 ut
3582 4163 3758 4200 nove-

2065 4237 2182 4290 rint
2210 4236 2331 4288 hzec
2361 4235 2713 4288 omnimodis
2742 4235 2878 4287 falsa
2920 4250 3062 4301 esse,
3096 4241 3152 4287 et
3184 4251 3295 4287 non
3321 4251 3356 4288 a
3412 4234 3629 4300 divino,
3665 4233 3760 4287 sed

2065 4342 2098 4378 a
2129 4325 2378 4394 maligno
2405 4324 2609 4394 spiritu
2649 4324 2786 4377 talia
2839 4324 3238 4393 phantasmata
3293 4321 3580 4374 mentibus
3635 4320 3762 4373 inﬁ-

2064 4413 2280 4467 delium
2311 4413 2575 4478 irrogari.
2608 4412 2900 4482 Siquidem
2954 4411 3076 4482 ipse
3131 4411 3386 4475 Satanas,
3427 4409 3529 4479 qui
3575 4414 3760 4461 trans-

2064 4501 2275 4570 ﬁgurat
2317 4517 2376 4556 se
2428 4502 2487 4554 in
2533 4502 2802 4572 angelum
2855 4501 3011 4562 lucis,
3071 4517 3202 4554 cum
3264 4503 3514 4553 mentem
3563 4499 3761 4566 cujus-

2071 4606 2297 4659 cunque
2330 4589 2681 4643 mulierculae
2713 4590 2946 4659 ceperit,
2982 4594 3038 4642 et
3077 4589 3223 4642 hanc
3268 4587 3376 4641 sibi
3429 4603 3530 4654 per
3563 4585 3762 4639 inﬁde-

2070 4678 2285 4730 litatem
2317 4681 2371 4728 et
2400 4675 2858 4730 incredulitatem
2901 4675 3314 4745 subjugaverit,
3365 4672 3514 4725 illico
3571 4677 3759 4724 trans-

2067 4764 2278 4818 format
2306 4781 2365 4817 se
2397 4763 2456 4817 in
2513 4765 2862 4818 diversarum
2909 4778 3280 4832 personarum
3305 4757 3538 4829 'species
3584 4764 3758 4828 atque

2072 4853 2497 4917 similitudines,
2552 4859 2609 4906 et
2648 4859 2898 4906 mentem
2948 4867 3120 4922 quam
3180 4849 3462 4918 captivam
3515 4853 3671 4900 tenet
3711 4847 3772 4901 in

2074 4942 2288 4994 somnis
2347 4941 2644 5005 deludens,
2701 4941 2874 4994 modo
2920 4940 3070 5003 lmta,
3117 4939 3285 4991 modo
3333 4935 3537 4998 tristia,
3603 4936 3771 4988 modo

2074 5031 2350 5098 cognitas,
2387 5030 2557 5082 modo
2592 5029 2913 5098 incognitas
2950 5041 3243 5096 personas,
3293 5023 3620 5091 ostendens,
3671 5040 3773 5094 per

2077 5119 2239 5172 devia
2282 5133 2527 5187 quaeque
2590 5117 2832 5170 deducit.
2887 5116 2952 5168 Et
3004 5130 3133 5166 cum
3181 5113 3335 5165 solus
3386 5112 3621 5182 spiritus
3666 5113 3772 5166 hoc

2076 5206 2309 5276 patitur,
2357 5204 2608 5257 inﬁdelis
2644 5219 2806 5256 mens
2854 5202 2976 5255 haec
3024 5217 3140 5254 non
3192 5200 3250 5253 in
3298 5200 3511 5260 animo,
3553 5200 3649 5253 sed
3711 5200 3772 5252 in

2075 5311 2310 5363 corpore
2342 5292 2570 5345 evenire
2601 5291 2892 5360 opinatur.
2923 5290 3060 5353 Quis
3109 5289 3266 5343 enim
3310 5305 3428 5342 non
3461 5289 3518 5340 in
3547 5288 3765 5342 somnis

2077 5389 2132 5435 et
2180 5381 2472 5435 nocturnis
2521 5379 2835 5432 visionibus
2901 5384 3062 5431 extra
3108 5378 3361 5448 seipsum
3388 5378 3673 5440 educitur,
3719 5383 3774 5429 et

2079 5471 2259 5522 multa
2323 5469 2477 5520 videt
2559 5467 2917 5532 dormiendo,
2993 5483 3124 5537 qua:
3185 5482 3483 5536 nunquam
3553 5465 3772 5518 viderat

2076 5557 2403 5629 vigilando?
2433 5557 2567 5620 Quis
2598 5571 2734 5610 vero
2784 5561 2902 5610 tam
2943 5557 3150 5610 stultus
3203 5560 3260 5609 et
3307 5555 3482 5609 hebes
3525 5554 3618 5619 sit,
3673 5553 3772 5624 qui

2078 5648 2199 5702 haec
2229 5647 2425 5701 omnia
2459 5662 2590 5716 quae
2628 5646 2684 5700 in
2719 5645 2838 5699 solo
2883 5644 3085 5715 spiritu
3139 5645 3306 5712 ﬁunt,
3338 5644 3511 5698 etiam
3555 5642 3614 5696 in
3644 5658 3770 5695 eor-
