3966 6406
161 336 266 389 833

162 471 304 525 pore
356 454 613 509 accidere
677 453 1030 509 arbitretur?
1083 456 1223 510 Cum
1285 457 1537 511 Ezechiel
1592 458 1954 528 prophetaA

168 545 416 598 visiones
470 544 697 599 Domini
728 544 787 598 in
834 544 1041 615 spiritu
1089 562 1203 599 non
1234 545 1294 599 in
1328 562 1565 616 corpore
1617 546 1771 599 vidit.
1816 545 1881 598 Et

167 633 417 686 Joannes
464 634 759 703 apostolus
799 634 1169 703 Apocalypsis
1202 640 1555 688 sacramenta
1586 634 1644 687 in
1675 632 1882 703 spiritu

170 738 289 775 non
339 722 401 775 in
460 738 701 791 corpore
749 721 911 785 vidit,
968 728 1023 775 et
1073 723 1289 775 audivit
1333 724 1476 775 sicut
1522 724 1643 793 ipse
1700 722 1876 776 dicit:

171 809 396 877 Statim,
451 810 662 881 inquit,
698 809 781 863 fui
823 810 882 863 in
916 811 1140 881 spiritu.
1179 812 1243 865 Et
1290 812 1499 865 Paulus
1549 828 1665 865 non
1710 812 1883 863 audet

172 915 230 951 se
260 898 451 952 dicere
487 905 717 969 raptum
748 899 805 951 in
830 915 1090 969 corpore.
1122 900 1399 954 Omnibus
1430 900 1622 970 itaque
1656 899 1880 969 publice

175 988 643 1041 annuntiandum
705 991 808 1054 est,
861 988 1017 1058 quod
1072 988 1172 1058 qui
1221 988 1358 1042 talia
1414 994 1470 1042 et
1527 988 1617 1041 his
1669 987 1882 1040 similia

173 1077 376 1142 credit,
434 1076 608 1131 ﬁdem
658 1076 869 1146 perdit,
920 1082 977 1130 et
1028 1078 1128 1148 qui
1169 1077 1341 1131 ﬁdem
1390 1082 1600 1131 rectam
1657 1077 1716 1129 in
1768 1078 1880 1130 Deo

175 1181 295 1219 non
339 1165 534 1227 habet,
593 1165 688 1219 hic
739 1181 855 1218 non
914 1170 999 1219 est
1031 1167 1175 1236 ejus,
1228 1166 1328 1220 sed
1385 1166 1539 1219 illius
1594 1166 1655 1219 in
1705 1180 1879 1237 quem

173 1254 378 1321 credit,
415 1254 473 1308 id
522 1258 608 1307 est
637 1254 871 1308 diaboli.
923 1255 1063 1308 Nam
1119 1255 1188 1309 de
1223 1256 1466 1308 Domino
1499 1260 1697 1308 nostro
1743 1253 1878 1307 scri-

170 1348 339 1413 ptum
388 1347 473 1396 est
507 1357 520 1396 :
552 1342 760 1396 Omnia
810 1358 914 1412 per
964 1343 1152 1412 ipsum
1209 1343 1355 1395 facta
1410 1347 1561 1396 sunt.
1610 1342 1880 1412 Quisquis

171 1448 309 1502 ergo
358 1430 580 1502 aliquid
614 1431 794 1485 credit
839 1448 1006 1501 posse
1052 1430 1199 1497 ﬁeri,
1233 1436 1331 1484 aut
1361 1431 1616 1501 aliquam
1664 1436 1881 1484 creatu-

166 1536 290 1574 ram
322 1520 383 1572 in
438 1520 642 1573 melius
681 1524 780 1573 aut
822 1519 881 1572 in
915 1519 1164 1573 deterius
1197 1520 1510 1581 immutari,
1545 1525 1644 1573 aut
1691 1524 1877 1573 trans-

163 1608 409 1662 formari
458 1609 519 1662 in
577 1608 747 1661 aliam
784 1608 1056 1679 speciem,
1109 1610 1196 1661 vel
1250 1609 1715 1676 similitudinem,
1768 1609 1879 1662 nisi

166 1698 238 1750 ab
296 1697 421 1767 ipso
476 1697 739 1750 Creatore
817 1696 917 1766 qui
976 1697 1170 1749 omnia
1224 1697 1359 1749 fecit
1414 1702 1469 1750 et
1544 1713 1646 1767 per
1703 1714 1873 1767 quem
1910 1734 1950 1787 Β

168 1788 368 1839 omnia
402 1784 549 1839 facta
579 1791 733 1851 sunt,
757 1786 956 1855 procul
981 1784 1156 1838 dubio
1182 1784 1430 1839 inﬁdelis
1458 1789 1543 1841 est
1572 1790 1629 1839 et
1654 1802 1878 1856 pagano

172 1874 449 1929 deterior.

493 1963 620 2018 CAP.
659 1963 725 2016 II.
759 1993 825 2002 —-
856 1965 931 2017 De
958 1963 1254 2017 cultoribus
1285 1963 1561 2017 arborum.

242 2053 355 2123 (Ea:
414 2068 525 2121 reg.
591 2053 880 2117 Gregorii.)
946 2052 1209 2105 Pervenit
1262 2052 1334 2105 ad
1396 2068 1498 2105 nos
1558 2051 1876 2121 quosdam,

168 2142 326 2211 quod
372 2141 485 2193 dici
543 2142 701 2193 nefas
749 2146 856 2207 est,
913 2141 1145 2193 arbores
1195 2141 1399 2207 colere,
1454 2145 1509 2194 et
1543 2141 1723 2194 multa
1767 2140 1879 2193 alia

166 2236 376 2283 contra
444 2228 824 2282 Christianam
891 2228 1063 2281 ﬁdem
1129 2228 1326 2281 illicita
1382 2234 1773 2298 perpetrare:
1822 2233 1879 2281 et

165 2319 460 2371 miramur
508 2332 609 2370 cur
658 2316 764 2369 hoc
806 2315 1134 2369 fraternitas
1165 2322 1353 2369 vestra
1400 2318 1655 2370 districta
1689 2333 1879 2370 emen-

162 2407 305 2460 dare
348 2404 573 2458 ultione
613 2404 917 2457 distulerit.
966 2406 1279 2474 Propterea
1310 2405 1535 2474 scriptis
1580 2406 1877 2475 praesenti-

161 2495 273 2548 bus
304 2495 687 2547 adhortamur
714 2493 818 2545 hoc
846 2493 1108 2562 diligenti
1136 2493 1572 2562 investigatione
1596 2494 1874 2563 perquiri,

163 2590 222 2637 et
270 2584 511 2636 veritate
573 2581 823 2651 cognita,
874 2582 1047 2635 talem
1099 2582 1158 2634 in
1213 2582 1294 2634 eis
1348 2583 1568 2636 faciatis
1617 2598 1876 2636 exercere

162 2671 500 2735 vindictam,
555 2675 839 2740 quatenus
878 2675 933 2722 et
982 2672 1126 2723 Deus
1170 2671 1382 2740 placari
1414 2672 1609 2741 possit,
1662 2676 1717 2725 et
1748 2671 1876 2725 aliis

164 2776 369 2814 eorum
406 2759 550 2813 ultio
579 2757 950 2811 correctionis
981 2760 1305 2828 exemplum
1337 2760 1425 2812 sit.

458 2848 585 2901 CAP.
620 2847 715 2900 III.
756 2877 825 2884 —
862 2850 934 2900 De
964 2848 1265 2901 cultoribus
1297 2849 1587 2901 idolorum.

243 2939 348 3003 (Ex
399 2936 600 3001 eodem,
652 2938 830 3003 capite
879 2936 959 3003 5.)
1013 2936 1222 2988 Contra
1273 2935 1562 2988 idolorum
1628 2952 1874 3005 namque

168 3027 445 3092 cultores,
480 3025 562 3077 vel
614 3024 940 3093 aruspicum
977 3029 1148 3093 atque
1196 3024 1624 3093 sortilegorum,
1672 3024 1873 3077 frater-
1909 3021 1946 3073 C

174 3114 419 3166 nitatem
455 3117 613 3165 tuam
646 3112 1038 3165 vehementius
1083 3112 1357 3180 pastorali
1389 3113 1685 3165 hortamur
1731 3112 1874 3165 invi-

170 3202 357 3272 gilare
417 3200 698 3267 custodia,
756 3205 926 3270 atque
1003 3200 1231 3270 publice
1280 3201 1339 3253 in
1398 3201 1615 3270 populo
1675 3207 1876 3255 contra

168 3292 348 3360 hujus
379 3290 462 3343 rei
508 3290 659 3342 viros
689 3305 1016 3342 sermonem
1061 3290 1261 3353 facere,
1298 3305 1510 3359 eosque
1542 3305 1574 3341 a
1600 3289 1701 3342 tali
1750 3290 1872 3343 labe

166 3377 475 3449 sacrilegii,
508 3383 564 3431 et
610 3377 784 3431 divini
835 3377 1154 3431 intentione
1198 3377 1421 3446 judicii,
1472 3381 1527 3429 ct
1575 3379 1874 3447 praesentis

164 3469 298 3521 vitae
350 3466 609 3537 periculo
652 3466 1059 3519 adhortatione
1090 3465 1349 3519 suasoria
1396 3481 1684 3518 revocare.
1720 3467 1872 3529 Quos

162 3562 361 3609 tamen
394 3556 441 3608 si
472 3555 779 3609 emendare
812 3571 870 3608 se
902 3571 933 3607 a
960 3554 1169 3607 talibus
1199 3560 1368 3624 atque
1400 3555 1685 3624 corrigere
1717 3555 1871 3608 nolle

161 3644 475 3714 repereris,
507 3641 750 3696 ferventi
796 3642 1287 3712 comprehendere
1320 3642 1441 3695 zelo
1471 3648 1525 3694 te
1558 3642 1818 3695 volumus
1854 3659 1866 3696 ε

163 3739 221 3785 et
252 3732 513 3802 quidem,
547 3732 593 3783 si
642 3732 788 3784 servi
821 3736 977 3797 sunt,
1022 3729 1376 3792 verberibus,
1410 3728 1869 3799 cruciatibusque

162 3821 375 3890 quibus
425 3820 494 3873 ad
546 3819 1012 3873 emendationem
1056 3817 1356 3888 pervenire
1406 3818 1653 3884 valeant,
1710 3818 1871 3870 casti-

164 3925 323 3977 gare.
356 3908 414 3963 Si
458 3924 591 3961 vero
628 3913 762 3960 sunt.
791 3907 957 3961 liberi
989 3906 1306 3959 inclusione
1357 3906 1552 3975 digni,
1579 3905 1867 3959 districta-

162 4013 273 4065 que
311 4000 447 4049 sunt
476 3996 535 4049 in
568 3995 905 4065 poenitentia
954 3994 1263 4064 dirigendi,
1299 3999 1361 4046 ut
1392 3994 1490 4065 qui
1530 3994 1779 4048 salubria
1814 4000 1867 4047 et

161 4102 191 4137 a
225 4085 431 4139 mortis
471 4084 727 4154 periculo
776 4083 1101 4137 revocantia
1140 4083 1340 4136 audire
1389 4083 1563 4136 verba
1612 4088 1865 4137 contem-

158 4181 330 4240 nunt,
374 4175 659 4227 cruciatus
710 4174 909 4226 saltem
942 4188 1039 4225 eos
1087 4171 1343 4240 corporis
1370 4171 1437 4224 ad
1483 4171 1863 4225 desideratam

157 4263 373 4317 mentis
408 4263 589 4315 valeat
614 4261 888 4315 reducere
922 4260 1249 4314 sanitatem.

627 4350 754 4404 CAP.
792 4351 878 4404 IV.
911 4378 982 4390 —
1012 4352 1082 4402 De
1112 4349 1295 4402 eadem
1323 4365 1399 4401 re.

227 4441 350 4510 (Ex
381 4440 585 4505 eodem,
624 4442 803 4509 capite
834 4441 942 4503 18.)
974 4438 1240 4492 Pervenit
1270 4438 1339 4489 ad
1368 4453 1471 4489 nos
1503 4437 1655 4506 quod
1692 4453 1865 4507 quos-

155 4530 289 4583 dam
344 4530 731 4582 incantatores
764 4532 935 4598 atque
980 4526 1283 4595 sortilegos
1324 4524 1500 4577 fueris
1550 4525 1861 4591 insecutus,

154 4626 211 4671 et
273 4618 514 4671 omnino
570 4617 736 4670 nobis
789 4614 1257 4678 sollicitudinem,
1319 4615 1621 4682 zelumque
1699 4618 1860 4666 tuum

154 4713 383 4777 gratum
419 4706 598 4759 fuisse
649 4720 976 4773 cognoscas.
1014 4704 1118 4757 Sed
1165 4703 1404 4756 moleste
1444 4702 1683 4754 tulimus
1708 4700 1862 4771 quod

152 4801 208 4850 te
254 4796 548 4859 dubitare,
606 4810 674 4847 ne
728 4795 798 4846 ab
847 4793 929 4845 eis
972 4792 1139 4845 nobis
1195 4796 1391 4844 contra
1447 4790 1859 4859 experientiam

154 4890 313 4938 tuam
379 4881 596 4951 surripi
661 4880 958 4950 potuisset,
1026 4878 1354 4944 didicimus,
1426 4878 1561 4931 dum
1633 4878 1861 4948 quando

152 4979 337 5027 certus
384 4988 509 5025 esse
544 4988 607 5024 ac
657 4970 800 5023 scire
847 4968 1133 5035 debueris,
1170 4968 1277 5021 hoc
1311 4967 1414 5021 tibi
1460 4966 1610 5037 apud
1645 4983 1746 5019 nos
1789 4966 1859 5020 ad

150 5058 720 5115 commendationem
772 5056 952 5126 magis
1003 5055 1300 5124 proﬁcere,
1350 5071 1465 5107 non
1512 5054 1581 5107 ad
1632 5055 1856 5123 culpam

146 5148 411 5203 adscribi.
462 5147 531 5199 Et
578 5145 706 5198 ideo
754 5144 928 5198 studii
959 5145 1043 5197 tui
1076 5144 1148 5196 sit
1186 5143 1422 5196 sollicite
1470 5159 1749 5214 quaerere,
1806 5147 1861 5196 et

144 5252 527 5309 quoscunque
580 5234 867 5288 inveneris
934 5232 1267 5303 hujusmodi
1326 5232 1536 5285 Christi
1594 5231 1858 5284 inimicos

142 5329 220 5382 ita
256 5327 521 5381 districta
558 5324 776 5376 ultione
806 5323 1052 5391 corrige,
1086 5328 1149 5375 ut
1187 5326 1242 5374 et
1273 5337 1376 5374 nos
1406 5323 1475 5374 de
1507 5320 1857 5391 experientia

138 5421 233 5472 tua
293 5415 507 5470 melius
562 5413 851 5484 possimus
911 5412 1123 5465 habere
1167 5410 1473 5479 judicium,
1525 5416 1582 5463 et
1638 5410 1750 5463 Deo
1800 5413 1854 5461 te

139 5511 352 5572 nostro,
412 5500 577 5575 quod
625 5500 874 5555 maxime
924 5499 1273 5554 studendum
1327 5503 1431 5566 est,
1464 5498 1654 5552 valeas
1694 5513 1853 5551 com-

140 5596 436 5649 mendare.

1146 333 1620 389 DECRETORUM
1666 332 1849 389 LIBRI
2035 362 2103 372 —
2143 334 2355 389 LIBER
2397 334 2719 390 DECIMUS.

3585 343 3688 394 83";

2134 458 2260 511 CAP.
2296 459 2358 509 V.
2385 486 2457 497 —
2487 460 2556 511 De
2586 458 2701 511 illis
2733 458 2831 524 qui
2855 457 3213 511 divinationes
3236 463 3540 527 requirunt.

2063 544 2181 614 (Em
2219 548 2441 599 concilio
2475 549 2757 600 Ancirano
2806 548 2982 615 capite
3013 548 3120 614 23.)
3154 548 3261 610 Qui
3305 548 3687 604 divinationes

1991 639 2286 703 expetunt,
2336 640 2393 687 et
2427 651 2583 687 more
2633 635 2938 701 gentilium
2985 636 3432 705 subsequuntur,
3485 643 3585 692 aut
3629 641 3688 693 in

1990 723 2189 775 domos
2218 740 2348 775 suas
2370 722 2767 792 hujuscemodi
2796 724 3057 777 homines
3084 725 3477 794 introducunt,
3498 729 3691 799 exqui-

1989 812 2153 865 rendi
2187 812 2421 881 aliquid,
2462 818 2582 864 arte
2614 812 2894 881 maleﬁca,
2924 818 3023 865 aut
3053 814 3323 882 expiandi
3360 832 3548 883 causa,
3584 819 3688 871 sub

1991 900 2190 969 regula
2219 899 2602 969 quinquennii
2627 899 2872 968 jaceant,
2911 903 3224 954 secundum
3258 903 3469 972 gradus
3503 905 3687 973 poeni-

1990 988 2183 1042 tentias
2216 989 2502 1043 deﬁnitos.

1990 1092 2119 1147 CAP.
2154 1094 2241 1147 VI.
2278 1124 2348 1133 —
2387 1097 2461 1148 De
2502 1095 2615 1148 illis
2647 1097 2744 1162 qui
2781 1097 2952 1149 ritum
2990 1112 3331 1165 paganorum
3379 1101 3685 1154 observant.

2060 1179 2178 1250 (Ea:
2209 1183 2427 1235 concilio
2458 1184 2747 1250 Braggar.,
2782 1187 2954 1251 capite
2980 1184 3056 1253 6.)
3084 1184 3140 1238 Si
3170 1185 3298 1256 quis
3328 1203 3685 1257 paganorum

1988 1271 2461 1323 consuetudinem
2526 1287 2790 1341 sequens,
2868 1272 3093 1326 divinos
3148 1278 3203 1327 et
3268 1276 3568 1345 sortilegos
3626 1277 3685 1329 in

1988 1357 2226 1411 domum
2276 1375 2439 1412 suam
2494 1359 2892 1425 introduxerit,
2942 1362 3105 1432 quasi
3154 1368 3218 1416 ut
3268 1365 3487 1417 malum
3537 1365 3687 1419 foras

1989 1447 2195 1513 mittat,
2231 1453 2329 1502 aut
2367 1447 2647 1502 maleﬁcia
2677 1449 2952 1518 inveniat,
2991 1450 3248 1522 quinque
3296 1469 3478 1507 annos
3508 1455 3692 1524 poeni-

1989 1540 2120 1588 teat.

1990 1640 2117 1694 CAP.
2155 1642 2270 1697 VII.
2326 1672 2384 1681 —
2440 1645 2519 1697 De
2558 1644 2669 1697 illis
2715 1645 2811 1711 qui
2849 1647 3099 1709 auguriis
3129 1649 3178 1698 et
3221 1648 3688 1703 incantationibus

2652 1716 3017 1768 subserviunt.

2063 1800 2170 1869 (Ea:
2199 1800 2421 1855 concilio
2470 1803 2763 1868 Carthag.,
2796 1806 2971 1871 capite
3001 1805 3113 1874 89.)
3160 1804 3430 1873 Auguriis
3479 1807 3565 1861 vel
3598 1808 3683 1861 in-

1990 1888 2409 1942 cantationibus
2442 1890 2806 1955 servientem,
2856 1907 2885 1943 a
2916 1896 3199 1945 conventu
3232 1894 3490 1948 Ecclesiae
3522 1911 3687 1966 sepa-

1988 1976 2252 2029 randum.
2307 1977 2582 2031 Similiter
2625 1983 2681 2032 et
2724 1978 2973 2032 Judaicis
3020 1981 3546 2051 superstitionibus,
3597 1985 3685 2039 vel

1988 2064 2145 2119 feriis
2170 2065 2576 2120 inhazrentem.

2425 2155 2551 2209 CAP.
2589 2155 2730 2208 VllI.
2761 2186 2829 2193 —
2858 2157 2932 2209 De
2961 2157 3143 2210 eadem
3170 2173 3246 2211 re.

2060 2244 2178 2307 (Em
2204 2244 2569 2311 paanilentiali
2601 2242 2883 2309 Romano.)
2917 2244 3023 2306 Qui
3057 2245 3315 2313 auguriis
3344 2248 3428 2300 vel
3465 2247 3685 2302 divina-

1988 2330 2240 2384 tionibus
2282 2332 2622 2396 inserviunt,
2656 2332 2742 2384 vel
2797 2332 2893 2401 qui
2948 2333 3124 2385 credit
3175 2340 3234 2387 ut
3290 2335 3464 2404 aliqui
3496 2338 3687 2390 homi-

1988 2436 2129 2473 num
2178 2420 2292 2473 sint
2322 2421 2671 2474 immissores
2720 2425 3123 2490 tempestatum
3160 2437 3173 2474 :
3207 2423 3290 2474 vel
3339 2422 3383 2475 si
3416 2440 3529 2493 qua
3561 2440 3688 2477 mu-

1989 2508 2094 2561 lier
2122 2509 2525 2573 divinationes,
2557 2510 2643 2562 vel
2688 2509 3105 2563 incantationes
3136 2510 3442 2565 diabolicas
3468 2512 3685 2580 fecerit,

1987 2612 2059 2648 vn
2092 2612 2273 2649 annos
2303 2597 2595 2666 paeniteat.

2202 2702 2328 2756 CAP.
2359 2702 2445 2755 IX.
2476 2732 2543 2740 —-
2576 2703 2657 2755 De
2684 2702 2802 2756 illis
2836 2705 2933 2771 qui
2963 2709 3131 2758 sortes
3161 2705 3467 2760 observant.

2060 2807 2170 2877 (Ecc
2201 2808 2417 2872 eodem.)
2450 2808 2708 2877 Auguria
2738 2810 2824 2862 vel
2857 2818 3037 2862 sortes
3070 2827 3197 2880 quae
3224 2811 3498 2865 dicuntur
3527 2812 3682 2868 falsa:

1987 2902 2335 2955 sanctorum,
2372 2896 2458 2949 vel
2509 2897 2906 2962 divinationes,
2951 2898 3049 2967 qui
3098 2916 3193 2951 eas
3236 2900 3681 2967 observaverint,

1986 2984 2073 3037 vel
2130 3001 2605 3055 quarumcumque
2653 2986 3089 3055 scripturarum,
3137 2988 3225 3039 vel
3272 2994 3465 3040 votum
3517 3005 3682 3042 vove-

1988 3073 2123 3137 rint,
2155 3074 2240 3126 vel
2292 3074 2671 3143 persolverint
2704 3074 2771 3127 ad
2819 3075 3106 3142 arborem,
3142 3076 3229 3128 vel
3280 3076 3346 3129 ad
3406 3076 3680 3146 lapidem,

1985 3162 2070 3214 vel
2103 3161 2173 3215 ad
2201 3162 2522 3232 quamlibet
2560 3178 2704 3229 rem,
2741 3168 2975 3232 excepto
3010 3164 3076 3217 ad
3127 3164 3453 3228 Ecclesiam,
3484 3181 3683 3219 omnes

1984 3250 2571 3304 excommunicentur.
2606 3250 2659 3304 Si
2694 3251 2762 3304 ad
2812 3252 3209 3320 pmnitentiam
3240 3255 3521 3317 venerint,
3564 3255 3681 3307 cle-

1983 3338 2085 3391 rici
2116 3354 2296 3392 annos
2326 3343 2459 3406 tres,
2497 3338 2624 3391 laici
2658 3355 2873 3392 annum
2912 3356 3090 3393 unum
3119 3347 3173 3393 et
3202 3341 3528 3409 dimidium,
3562 3359 3681 3412 poe-

1982 3427 2221 3481 niteant.

2173 3532 2300 3587 CAP.
2332 3534 2392 3587 X.
2425 3562 2493 3573 —
2529 3533 2609 3585 De
2636 3532 2923 3587 arboribus
2953 3549 3089 3602 quas
3115 3535 3310 3601 vulgus
3341 3536 3485 3590 colit.

2054 3638 2168 3705 (Ea:
2196 3640 2418 3692 concilio
2460 3639 2807 3704 Nannetensi,
2858 3642 3036 3707 capite
3081 3638 3156 3708 8.)
3202 3639 3438 3694 Summo
3488 3642 3679 3696 studio

1981 3727 2271 3780 decertare
2327 3727 2535 3779 debent
2593 3727 2869 3796 episc0pi,
2927 3732 2983 3781 et
3031 3744 3231 3781 eorum
3286 3730 3557 3799 ministri,
3620 3738 3683 3787 ut

1980 3816 2213 3869 arbores
2259 3815 2621 3869 dzemonibus
2674 3818 3017 3869 consecrata:
3079 3833 3218 3887 quas
3270 3818 3473 3887 vulgus
3522 3822 3677 3885 colit,

1980 3913 2037 3960 et
2078 3905 2139 3958 in
2190 3910 2351 3958 tanta
2398 3905 2762 3958 veneratione
2820 3905 3013 3970 habet,
3047 3911 3111 3959 ut
3159 3922 3261 3958 nec
3308 3922 3533 3960 ramum
3594 3912 3679 3963 vel

1979 3995 2271 4047 surculum
2327 3993 2461 4047 inde
2510 3992 2717 4047 audeat
2748 3998 3069 4062 amputare,
3116 3994 3389 4048 radicitus
3421 3997 3682 4051 excidan-

1976 4087 2092 4151 tur,
2144 4088 2315 4153 atque
2374 4081 2806 4135 comburantur.
2858 4082 3099 4152 Lapides
3150 4099 3383 4154 quoque
3424 4101 3565 4154 quos
3618 4086 3675 4138 iu

1976 4172 2227 4226 ruinosis
2279 4172 2420 4225 locis
2451 4176 2509 4225 et
2554 4171 2908 4225 silvestribus
2960 4172 3289 4226 daemonum
3339 4175 3677 4228 ludiﬁcatio-

1894 4298 1937 4351 Β
1979 4261 2146 4314 nibus
2197 4260 2419 4329 decepti
2477 4265 2844 4323 venerantur,
2903 4260 3000 4313 ubi
3068 4266 3123 4314 et
3177 4267 3305 4314 vota
3361 4270 3566 4317 vovent
3623 4270 3680 4317 et

1978 4348 2263 4415 deferunt,
2322 4347 2579 4401 funditus
2632 4348 2999 4415 effodiantur,
3063 4354 3234 4418 atque
3288 4349 3347 4401 in
3403 4351 3503 4403 tali
3553 4352 3678 4405 loco

1975 4438 2375 4507 projiciantur,
2410 4436 2505 4489 ubi
2538 4452 2832 4505 nunquam
2866 4452 2897 4487 a
2926 4435 3240 4489 cultoribus
3269 4436 3383 4489 suis
3418 4442 3677 4493 venerari

1974 4526 2211 4595 possint.
2265 4526 2327 4578 Et
2358 4523 2624 4577 omnibus
2656 4522 3031 4576 annuntietur
3061 4529 3343 4593 quantum
3389 4527 3574 4580 scelus
3605 4528 3679 4582 sit

1973 4613 2318 4678 idololatria,
2380 4617 2436 4665 et
2490 4612 2589 4682 qui
2662 4612 2784 4665 haec
2836 4618 3145 4664 veneratur
3198 4618 3254 4665 et
3310 4614 3446 4666 colit
3511 4618 3675 4685 quasi

1975 4702 2155 4754 Deum
2187 4715 2354 4752 suum
2409 4702 2597 4767 negat,
2631 4703 2689 4751 et
2736 4698 3148 4753 Christianitati
3200 4700 3587 4767 abrenuntiat,
3622 4711 3677 4757 et

1972 4790 2143 4842 talem
2198 4787 2592 4857 paenitentiam
2645 4786 2778 4840 inde
2830 4787 3101 4857 suscipiat
3145 4789 3307 4859 quasi
3367 4791 3521 4844 idola
3570 4793 3672 4845 ad-

1972 4880 2188 4930 orasset
2220 4891 2232 4928 :
2267 4874 2651 4943 omnibusque
2694 4874 3112 4928 interdicantur
3144 4882 3208 4930 ut
3251 4878 3444 4931 nullus
3479 4886 3670 4935 votum

1970 4965 2159 5030 faciat,
2195 4969 2290 5016 aut
2339 4962 2632 5015 candelam
2669 4964 2754 5015 vel
2814 4964 3047 5032 aliquod
3096 4981 3305 5018 munus
3337 4982 3438 5035 pro
3492 4968 3672 5020 salute

1970 5070 2071 5107 sua
2118 5058 2417 5123 rogaturus
2471 5051 2606 5104 alibi
2656 5052 2895 5119 deferat,
2936 5052 3046 5105 nisi
3096 5055 3165 5106 ad
3210 5054 3506 5107 ecclesiam
3564 5056 3670 5107 Do-

1972 5142 2125 5195 mino
2161 5142 2274 5195 Deo
2307 5157 2428 5193 suo.
2462 5140 2747 5209 Scriptum
2780 5147 2863 5194 est
2893 5142 3046 5194 enim
3082 5157 3096 5194 :
3128 5143 3334 5195 Vovete
3367 5157 3420 5195 et
3453 5144 3671 5196 reddite

1971 5230 2213 5284 Domino
2250 5231 2362 5283 Deo
2395 5235 2596 5283 vestro.
2632 5230 2900 5283 Novimus
2932 5230 3215 5300 siquidem
3246 5237 3455 5300 quanta
3484 5232 3673 5284 Domi-

1969 5336 2075 5373 nus
2110 5319 2348 5390 autiquo
2391 5319 2609 5389 populo
2643 5335 2745 5387 per
2776 5319 3083 5388 prophetas
3122 5335 3253 5370 suos
3284 5319 3670 5372 comminatus

1966 5409 2180 5478 estqui
2230 5408 2291 5461 in
2340 5408 2483 5461 lucis
2534 5408 2953 5474 sacriﬁcabant,
3003 5406 3145 5459 etin
3195 5407 3429 5459 excelsis
3461 5406 3666 5461 immo-

1967 5498 2178 5551 labant.
2230 5497 2286 5552 Si
2318 5497 2445 5569 quis
2496 5497 2616 5551 haec
2666 5503 3050 5567 transgressus
3095 5497 3285 5564 fuerit,
3326 5498 3494 5550 tidem
3538 5516 3666 5569 per-

1964 5587 2133 5653 didit,
2169 5592 2225 5641 et
2262 5592 2346 5640 est
2391 5586 2608 5643 inﬁdeli
2641 5588 2908 5642 deterior.
2957 5588 3021 5641 Et
3053 5587 3262 5642 idcirco
3302 5587 3460 5641 omni
3497 5591 3668 5644 modo
