3966 6430
329 384 434 438 835

1405 376 1813 434 BURCHARDI
1852 372 2397 432 WORMACIENSIS
2433 373 2769 431 EPISCOPI.

3735 380 3838 435 836

327 522 362 560 a
418 510 629 561 sanctas
689 503 951 560 Ecclesiae
1001 502 1286 558 consortio
1344 501 1729 568 abscindatur,
1794 505 1850 556 et
1912 498 2025 555 nisi
2055 501 2101 557 A
2142 500 2403 556 observat
2447 506 2503 555 et
2554 501 2771 569 lanam,
2805 504 2863 555 et
2890 516 3134 571 menses,
3168 505 3227 557 et
3266 501 3541 559 horarum
3583 505 3840 562 effectiva

329 594 501 666 digne
530 593 888 666 paenituerit,
918 609 1034 646 non
1063 591 1385 663 recipiatur.

419 684 547 738 CAP.
585 683 673 737 XI.
710 713 769 724 -—
806 685 878 737 De
905 682 1019 736 illis
1054 682 1153 750 qui
1180 680 1296 733 dies
1322 683 1371 732 et
1400 691 1603 732 menses
1633 678 1938 732 observant.

400 771 509 843 (Ea:
555 772 717 826 dictis
760 771 1037 837 Ambros.)
1086 767 1392 839 Apostolus
1441 765 1580 820 dicit
1614 782 1626 820 :
1664 765 1791 820 Dies
1833 766 2028 820 obser-

326 860 491 928 vatis,
541 864 598 913 et
654 874 897 922 menses,
946 863 1003 912 et
1056 861 1342 926 tempora,
1399 858 1455 909 et
1492 870 1674 909 annos
1719 854 1897 908 timeo
1955 870 2027 908 ne

330 949 455 1003 sine
508 964 679 1002 causa
736 944 1120 1002 laboraverim
1169 944 1229 998 in
1278 942 1461 998 vobis.
1518 944 1648 997 Dies
1698 942 2025 1009 observant,

328 1038 428 1109 qui
474 1037 718 1093 dicunt:
753 1038 894 1091 Puto
941 1034 1189 1089 crastino
1241 1031 1724 1102 proﬁciscendum
1773 1047 1890 1086 non
1919 1036 2023 1087 est.

326 1127 460 1182 Post
490 1126 800 1181 crastinum
833 1124 988 1179 enim
1033 1139 1151 1177 non
1191 1122 1360 1177 debet
1403 1121 1621 1193 aliquid
1656 1120 1936 1188 inchoari,
1971 1125 2029 1176 et

325 1214 406 1269 sic
452 1215 639 1269 solent
666 1213 852 1285 magis
904 1211 1110 1282 decipi.
1174 1210 1242 1267 Hi
1290 1213 1481 1264 autem
1531 1210 1728 1263 colunt
1777 1225 2023 1276 menses,

327 1302 427 1373 qui
473 1318 702 1357 cursum
744 1302 897 1355 luna:
945 1304 1401 1372 perscrutantnr,
1449 1297 1741 1353 dicentes:
1771 1297 2027 1369 Septima

323 1390 462 1445 luna
514 1394 835 1444 stramenta
880 1388 1086 1443 confici
1135 1403 1253 1442 non
1304 1387 1515 1442 debent
1564 1403 1577 1441 :
1625 1403 1779 1440 nona
1832 1391 2023 1441 autem

322 1479 462 1534 luna
516 1483 775 1550 emptum
823 1493 1050 1532 servum
1116 1477 1355 1533 domum
1413 1475 1548 1530 duci
1602 1492 1722 1530 non
1774 1481 2021 1547 oportet.

324 1568 391 1631 Et
426 1583 529 1639 per
573 1567 694 1621 haec
723 1566 946 1620 facilius
989 1566 1179 1619 solent
1208 1565 1445 1620 adversa
1487 1564 1813 1635 provenire.
1856 1566 2022 1619 Tem-

321 1672 463 1728 pora
492 1672 622 1710 vero
681 1655 1007 1720 observant,
1050 1670 1178 1708 cum
1221 1654 1419 1708 dicunt
1452 1670 1463 1708 :
1498 1653 1679 1707 Hodie
1726 1653 1875 1707 veris
1904 1652 2022 1707 ini-

320 1743 467 1798 tium
518 1747 622 1810 est,
658 1746 715 1796 et
757 1742 888 1797 ideo
938 1741 1216 1796 festivitas
1264 1746 1367 1796 est.
1403 1742 1468 1795 Et
1516 1757 1743 1794 rursum
1778 1757 1791 1795 :
1827 1742 2020 1795 Poste-

320 1847 452 1886 rum
503 1835 607 1898 est,
641 1832 879 1886 domum
911 1831 1109 1901 egredi
1137 1846 1250 1884 non
1294 1829 1443 1884 licet.
1472 1831 1668 1883 Annos
1695 1828 1774 1883 sic
1800 1829 2019 1896 colunt,

318 1936 449 1975 cum
472 1920 669 1975 dicunt
698 1935 711 1974 :
746 1919 1018 1973 Kalendis
1036 1918 1293 1973 Januarii
1315 1933 1495 1972 novus
1513 1924 1598 1972 est
1621 1933 1830 1984 annus,
1858 1918 2021 1988 quasi

323 2025 439 2063 non
470 2008 729 2080 quotidie
761 2024 944 2062 annus
968 2007 1296 2071 impleatur.
1330 2007 1458 2060 Haec
1486 2005 1817 2076 superstitio
1846 2005 2021 2077 longe

320 2096 491 2151 debet
528 2112 650 2151 esse
699 2112 732 2150 a
790 2095 967 2150 servis
1015 2093 1133 2148 Dei.
1205 2093 1264 2148 Si
1316 2093 1450 2163 quis
1497 2093 1559 2146 in
1610 2092 1717 2147 hac
1780 2092 2021 2163 perfidia

319 2185 629 2256 detegitur,
662 2184 877 2250 clerici,
909 2197 1126 2237 annum
1156 2196 1371 2249 unum;
1406 2180 1535 2235 laici
1565 2179 1869 2236 dimidium
1899 2198 2019 2253 pa:-

318 2276 600 2415 alma}.
628 2358 745 2413 XII.
776 2387 845 2398 —
873 2360 943 2412 De
968 2358 1052 2411 his
1074 2357 1172 2425 qui
1201 2355 1530 2411 daenzonibus
1562 2357 1862 2413 immolant.

390 2448 508 2515 (Ea:
535 2446 900 2516 paenitentiali
948 2443 1235 2514 Theodor.)
1269 2445 1409 2499 Nam
1446 2445 1516 2499 de
1545 2442 1635 2497 his
1665 2443 1765 2514 qui
1811 2444 2020 2498 deamo-

316 2537 487 2591 nibus
551 2535 859 2589 immolant
914 2533 1197 2588 Theodori
1265 2531 1520 2603 episcopi
1581 2531 2021 2586 constitutiones

317 2624 617 2690 habemus,
652 2624 712 2678 in
738 2623 949 2694 quibus
978 2622 1253 2693 scriptum
1284 2627 1371 2676 est
1402 2638 1417 2675 :
1450 2618 1893 2686 Qui'immolant
1913 2620 2020 2675 daa-

317 2713 527 2767 moniis
579 2713 639 2767 in
688 2711 964 2780 minimis,
1000 2724 1219 2765 annum
1270 2726 1454 2765 unum
1501 2709 1861 2782 pmuiteant;
1917 2708 2018 2781 qui

316 2818 451 2856 vero
476 2801 538 2856 in
568 2801 812 2873 magnis,
844 2817 880 2855 x
907 2816 1087 2855 annos
1115 2799 1452 2871 poeniteant.

315 2892 445 2949 CAP.
480 2892 626 2948 XIII.
658 2922 727 2933 —
758 2892 841 2945 De
868 2890 985 2947 illis
1019 2892 1117 2960 qui
1159 2889 1481 3014 trtaditiones
1526 2888 1812 2958 gentilium
1843 2886 2020 2943 obser-

1089 2977 1196 3014 van
1228 3002 1240 3014 .

1089 2977 1240 3015 vam.

386 3035 505 3123 (Ea:
553 3034 740 3123 concil.
789 3034 1083 3100 Braggar.,
1126 3033 1302 3123 capite
1332 3028 1448 3123 g0.)
1499 3031 1626 3085 Non
1673 3028 1808 3123 licet
1854 3028 2014 3123 Chri-
2052 3067 2093 3123 Ο

2137 590 2395 661 potentia
2455 590 2671 662 aliquid
2722 594 2913 662 sperat
2957 590 3017 645 in
3073 591 3281 647 melius
3332 597 3431 648 aut
3473 592 3534 648 in
3589 594 3839 651 deterius

2139 679 2303 746 verti,
2336 680 2647 734 anathema
2675 678 2766 735 sit.

2138 784 2268 841 Car.
2299 786 2484 841 XVIII.
2518 816 2582 827 —
2608 788 2681 840 De
2707 785 2971 854 bubulcis,
2997 787 3082 840 vel
3105 787 3450 843 venatoribus
3479 790 3579 859 qui
3602 804 3730 844 suas
3760 792 3838 845 in-

2621 859 2959 912 cantationes
2989 859 3348 912 exercuerint.

2210 944 2332 1015 (Ea:
2359 944 2558 1011 eodem,
2586 947 2763 1014 capite
2791 943 2869 1016 4.)
2900 945 3381 1001 Perscrntandum
3421 946 3468 1000 si
3499 946 3707 1019 aliquis
3739 965 3833 1003 su-

2136 1033 2358 1103 bulcus,
2391 1034 2477 1087 vel
2511 1033 2811 1100 bubulcus,
2846 1032 2963 1088 sive
3004 1039 3263 1103 venator,
3294 1035 3383 1089 vel
3412 1037 3606 1090 caeteri
3634 1037 3833 1108 hujus-

2135 1122 2315 1189 modi,
2369 1121 2519 1176 dicat
2579 1121 2863 1177 diabolica
2908 1123 3166 1177 carmina
3230 1139 3403 1194 super
3449 1139 3678 1195 panem,
3737 1130 3836 1181 aut

2134 1227 2309 1282 super
2338 1210 2563 1277 herbas,
2595 1215 2695 1265 aut
2742 1226 2915 1283 super
2944 1212 3212 1282 quaedam
3250 1212 3470 1266 nefaria
3495 1212 3831 1283 ligamenta,

2134 1304 2192 1354 et
2221 1300 2344 1353 haec
2372 1304 2470 1353 aut
2500 1299 2559 1353 in
2596 1299 2799 1354 arbore
2845 1299 3171 1367 abscondat,
3206 1306 3305 1354 aut
3334 1301 3395 1354 in
3424 1300 3598 1369 bivio,
3642 1307 3743 1357 aut
3772 1302 3835 1358 in

2132 1387 2300 1443 trivio
2347 1387 2632 1459 projiciat,
2684 1392 2749 1443 ut
2792 1404 2892 1441 sua
2946 1388 3221 1443 animalia
3271 1388 3474 1444 liberet
3515 1406 3546 1443 a
3585 1395 3744 1461 peste
3776 1397 3836 1447 et

2133 1477 2313 1544 clade,
2362 1480 2420 1532 et
2469 1475 2702 1531 alterius
2748 1476 2967 1548 perdat.
3011 1477 3147 1542 Quae
3198 1477 3392 1532 omnia
3442 1478 3834 1534 idololatriam

2133 1581 2256 1620 esse
2287 1565 2431 1619 nulli
2460 1565 2616 1620 ﬁdeli
2637 1565 2878 1621 dubium
2901 1569 2985 1619 est
3016 1582 3030 1620 :
3061 1571 3117 1620 et
3142 1566 3268 1621 ideo
3300 1582 3664 1638 summopere
3698 1573 3833 1623 sunt

2133 1652 2586 1710 exterminanda.

2132 1741 2260 1796 Csr.
2293 1741 2421 1795 XIX.
2451 1769 2522 1780 —
2561 1740 2716 1809 Quod
2743 1756 2848 1795 non
2879 1742 3040 1796 liceat
3080 1742 3434 1798 mulierculas
3484 1744 3831 1800 Christianas

2430 1813 2703 1865 vanitates
2719 1814 2776 1865 in
2796 1815 2910 1866 suis
2941 1814 3197 1882 laniﬁciis
3225 1814 3526 1869 observare.

2200 1899 2319 1970 (Ea:
2342 1900 2562 1954 concilio
2594 1900 2887 1969 Braggar.,
2911 1902 3088 1970 capite
3115 1902 3225 1969 l0.)
3253 1902 3376 1955 Non
3403 1901 3537 1956 licet
3558 1902 3832 1957 mulieres

2131 1987 2500 2055 Christianas,
2554 1988 2864 2042 vanitatem
2911 1987 2971 2042 in
3017 1988 3135 2043 suis
3182 1989 3448 2044 laniﬁciis
3501 1991 3830 2058 observare,

2129 2076 2227 2131 sed
2273 2077 2455 2131 Deum
2499 2075 2771 2137 invocent
2821 2076 3165 2149 adjutorem,
3214 2078 3315 2148 qui
3362 2078 3445 2131 eis
3476 2078 3828 2148 sapientiam

2127 2165 2358 2220 texendi
2389 2165 2642 2220 donavit.

2128 2252 2257 2309 Car.
2290 2254 2395 2310 XX.
2424 2282 2488 2295 -—
2521 2254 2677 2318 Quod
2720 2270 2828 2309 non
2856 2256 3017 2309 liceat
3057 2270 3176 2309 cum
3206 2256 3673 2312 incantationibus
3703 2258 3831 2313 her-

2592 2325 2783 2380 barum
2821 2325 3181 2381 collectionem
3209 2325 3355 2397 ﬁeri.

2188 2412 2308 2484 (Ea:
2334 2412 2534 2482 eodem,
2570 2416 2748 2483 capite
2789 2413 2900 2484 2t.)
2932 2415 3057 2469 Non
3087 2415 3221 2469 licet
3243 2415 3303 2469 in
3333 2415 3664 2471 collectione
3688 2416 3831 2472 ber-

2125 2501 2329 2556 barum
2386 2501 2816 2557 medicinalium
2863 2502 3087 2574 aliquas
3129 2502 3554 2558 observationes
3598 2504 3686 2558 vel
3732 2504 3831 2559 in-

2126 2590 2481 2644 cantationes
2542 2590 2861 2657 attendere,
2918 2590 3030 2645 nisi
3077 2594 3303 2646 tantum
3376 2606 3508 2645 cum
3565 2591 3827 2663 symbolo

2125 2678 2338 2747 divino,
2389 2684 2447 2733 et
2476 2677 2745 2734 Oratione
2801 2679 3120 2743 Dominica,
3154 2684 3217 2734 ut
3271 2681 3418 2734 Deus
3457 2684 3515 2735 et
3543 2679 3829 2735 Dominus

2125 2772 2322 2823 noster
2348 2768 2684 2822 honoratur.

2125 2856 2262 2912 CAP.
2299 2857 2431 2913 XXI.
2462 2886 2534 2900 —
2561 2860 2637 2913 De
2663 2858 2778 2912 illis
2829 2859 2927 2926 qui
2955 2857 3030 2912 ad
3056 2858 3276 2912 arbores
3304 2858 3386 2912 vel
3413 2857 3489 2912 ad
3533 2860 3709 2927 fontes
3736 2860 3831 2925 fa-

2705 2930 2854 2983 culas
2880 2929 3236 2984 incenderint.

2196 3015 2315 3089 (Ea:
2343 3016 2539 3082 eodem,
2571 3019 2748 3087 capite
2776 3017 2891 3085 22.)
2926 3017 2984 3072 Si
3014 3017 3073 3071 in
3104 3017 3345 3089 alicujus
3376 3017 3697 3089 presbyteri
3726 3035 3830 3089 pa-

313 3120 513 3175 stianis
542 3120 880 3175 traditiones
943 3118 1247 3191 gentilium
1305 3118 1623 3186 observare,
1680 3117 1769 3171 vel
1824 3117 2013 3173 colere
2054 3104 2093 3123 υ
2123 3105 2316 3163 Γοοὶιία
2336 3105 2618 3171 inﬁdeles.
2652 3109 2750 3159 aut
2778 3104 3394 3173 faculasincenderint.
3445 3111 3543 3160 θυι
3564 3106 3823 3174 arbores.

313 3210 617 3277 elementa,
651 3214 751 3263 aut
778 3209 996 3283 lunam,
1030 3211 1131 3262 aut
1175 3207 1472 3261 stellarum
1518 3221 1772 3271 cursum,
1803 3209 1859 3259 et
1887 3205 2013 3259 ina-

312 3314 445 3353 nem
492 3298 787 3368 signorum
838 3296 1120 3351 fallaciam
1167 3296 1528 3350 considerare
1577 3311 1680 3366 pro
1725 3294 1896 3349 domo
1928 3295 2013 3349 fa-

314 3384 536 3452 cienda,
569 3388 625 3439 et
648 3384 717 3439 ad
751 3384 1021 3455 conjugia
1050 3382 1337 3438 socianda.
1376 3383 1661 3454 Scriptum
1693 3387 1778 3437 est
1807 3381 1960 3436 enim
1995 3398 2010 3437 :

314 3474 522 3530 Omnia
570 3488 932 3544 quaecunque
980 3471 1165 3527 facitis
1202 3472 1262 3526 in
1292 3472 1465 3527 verbo
1494 3476 1594 3527 aut
1634 3471 1692 3525 in
1724 3487 1920 3542 opere,
1952 3470 2012 3525 in

314 3562 553 3617 nomine
602 3560 832 3617 Domini
879 3559 1065 3615 nostri
1117 3561 1248 3614 Jesu
1304 3559 1511 3615 Christi
1559 3560 1744 3627 facite,
1801 3560 2012 3629 gratias

310 3656 547 3723 agentes
593 3652 726 3706 Deo.
768 3648 826 3705 Si
857 3648 988 3720 quis
1025 3651 1220 3703 autem
1248 3648 1465 3717 fecerit,
1499 3646 1856 3704 severissime
1887 3663 2009 3702 cor-

310 3740 580 3812 ripiatur,
616 3743 673 3794 et
702 3737 975 3794 canonice
1002 3737 1297 3808 paeniteat.

311 3828 438 3883 Car.
490 3827 620 3882 XIV.
672 3856 742 3867 -
787 3828 862 3880 De
918 3827 1271 3892 mulierculis,
1329 3841 1449 3895 quae
1474 3826 1717 3892 infantes
1755 3839 1879 3880 suos
1905 3841 2010 3896 pro

439 3900 681 3953 sanitate
710 3900 771 3952 in
797 3898 1075 3963 fornacem
1101 3902 1197 3951 aut
1228 3912 1400 3966 supra
1429 3902 1623 3952 tectum
1644 3901 1875 3966 ponunt.

381 3987 500 4053 (Em
537 3986 906 4055 paenitentiali
935 3986 1091 4041 Bedaa
1135 3986 1488 4057 presbyteri.)
1551 3984 1753 4040 Mulier
1796 3985 1845 4038 si
1895 4000 2011 4056 qua

309 4075 495 4130 ﬁlium
529 4090 697 4128 suum
729 4074 895 4145 ponit
920 4090 1093 4145 supra
1114 4078 1353 4143 tectum,
1384 4078 1483 4129 aut
1508 4073 1572 4128 in
1595 4074 1883 4128 fornacem
1904 4089 2009 4145 pro

310 4165 557 4220 sanitate
586 4163 858 4231 febrium,
892 4180 1074 4219 unum
1099 4179 1314 4218 annum
1342 4162 1637 4235 pmniteat.

309 4254 437 4309 CAP.
487 4253 593 4309 XV.
647 4282 716 4293 —
774 4253 927 4320 Quod
976 4267 1083 4306 non
1132 4253 1289 4307 liceat
1337 4254 1562 4322 iniquas
1614 4249 2009 4307 observationes

862 4323 1243 4378 Kalendarum
1272 4338 1449 4390 agere.

383 4414 491 4484 (Ea:
527 4414 723 4469 decret.
776 4413 1021 4468 Martial.
1056 4411 1266 4482 papae.)
1313 4412 1438 4467 Non
1466 4410 1600 4465 licet
1639 4409 1868 4483 iniquas
1895 4410 2005 4465 ob-

306 4501 656 4557 servationes
686 4517 854 4571 agere
885 4500 1292 4567 Kalendarum,
1325 4504 1383 4554 et
1411 4498 1542 4554 otiis
1564 4515 1785 4566 vacare,
1817 4513 2007 4570 neque

306 4590 490 4658 lauro,
534 4596 634 4646 aut
674 4590 963 4645 viriditate
992 4589 1265 4644 arborum
1294 4588 1523 4659 cingere
1554 4588 1776 4643 domos.
1808 4587 2007 4643 Omnis

303 4680 426 4734 haec
456 4679 779 4735 observatio
814 4693 1179 4749 paganorum
1209 4681 1313 4732 est.

305 4768 434 4824 CAP.
466 4768 598 4823 XVI.
624 4797 693 4810 —
715 4770 790 4822 De
819 4768 933 4820 illis
962 4769 1061 4835 qui
1080 4765 1354 4820 Kalendas
1381 4766 1681 4820 Ianuarias
1700 4765 1817 4818 ritu
1832 4777 2008 4834 puga.

767 4853 961 4891 norum
985 4838 1153 4891 colere
1180 4841 1540 4905 praesumunt.

377 4926 496 4997 (Ea:
526 4926 721 4980 decret.
760 4925 1006 4979 Zachar.
1049 4939 1231 4994 papae,
1262 4926 1441 4993 capite
1490 4925 1600 4995 lt.)
1635 4922 1693 4978 Si
1740 4921 1867 4994 quis
1894 4922 1998 4975 Ka-

302 5014 504 5069 lendas
532 5013 832 5069 Januarias
873 5012 993 5068 ritu
1020 5027 1383 5084 paganorum
1414 5011 1619 5079 colere,
1666 5009 1755 5065 vel
1786 5008 2004 5081 aliquid

302 5102 434 5174 plus
476 5101 608 5157 novi
640 5101 827 5156 facere
859 5104 1100 5171 propter
1131 5115 1344 5154 novum
1372 5115 1612 5165 annum,
1647 5102 1746 5153 aut
1776 5113 2006 5152 mensas

302 5206 435 5245 cum
465 5189 754 5261 lapidibus
781 5189 869 5244 vel
900 5188 1087 5259 epulis
1116 5186 1175 5241 in
1208 5186 1474 5243 domibus
1504 5186 1624 5242 suis
1655 5200 2003 5258 prmparare,

303 5283 360 5333 et
405 5295 510 5350 per
555 5278 710 5334 vicos
750 5280 807 5332 et
855 5277 1076 5348 plateas
1109 5280 1428 5331 cantatores
1478 5279 1535 5330 et
1563 5275 1768 5331 choros
1797 5274 2005 5329 ducere

301 5366 759 5439 praesumpserit,
792 5365 1102 5421 anathema
1131 5365 1221 5419 sit.

732 5456 860 5511 CAP.
888 5455 1050 5509 XVII.
1078 5482 1149 5494 —-
1179 5453 1259 5509 De
1289 5451 1474 5508 eadem
1503 5467 1576 5506 re.

376 5546 485 5612 (Em
507 5545 694 5600 concil.
720 5540 1062 5614 Rothomag.)
1091 5541 1151 5597 Si
1180 5540 1311 5612 quis
1339 5539 1400 5594 in
1429 5537 1698 5594 Kalendis
1722 5536 2006 5594 Ianuariis

305 5630 526 5701 aliquid
554 5631 753 5687 fecerit
784 5632 940 5703 quod
969 5646 1004 5686 a
1030 5628 1274 5702 paganis
1305 5628 1608 5684 inventum
1637 5631 1744 5691 est,
1794 5632 1852 5681 et
1882 5626 2003 5682 dies

2122 3200 2221 3250 aut
2266 3195 2475 3263 fontes,
2524 3197 2623 3248 aut
2678 3209 2811 3247 saxa
2840 3198 3209 3261 venerantur,
3257 3194 3304 3248 si
3352 3194 3463 3249 hoc
3491 3210 3694 3249 eruere
3726 3211 3828 3250 ne-

2120 3284 2379 3354 glexerit,
2432 3281 2795 3353 sacrilegium
2836 3298 2893 3335 se
2931 3281 3131 3337 fecisse
3180 3287 3502 3354 cognoscat,
3552 3298 3830 3354 praesum-

2119 3377 2250 3444 ptor
2277 3377 2377 3428 aut
2400 3373 2654 3427 hortator
2681 3370 2768 3426 rei
2796 3370 2995 3442 ipsius.
3035 3370 3095 3426 Si
3124 3371 3451 3426 admonitus
3479 3371 3590 3426 hoc
3620 3387 3825 3427 emen-

2121 3462 2259 3517 dare
2288 3459 2623 3531 neglexerit,
2652 3459 3060 3515 communione
3087 3459 3365 3531 privetur.

2120 3549 2247 3605 CAP.
2311 3550 2466 3606 XXII.
2499 3579 2568 3590 —
2611 3552 2677 3604 Ut
2734 3551 3118 3631 vaticinatores
3185 3550 3309 3603 caesi
3369 3548 3436 3603 de
3503 3549 3825 3605 civitatibus

2814 3625 3126 3689 ejiciantur.

2190 3709 2296 3779 (Ea:
2347 3709 2568 3763 concilio
2622 3707 2928 3775 Arelatem,
2984 3709 3162 3776 capite
3213 3706 3320 3776 tt.)
3379 3706 3821 3777 Vaticinatores,

2117 3795 2219 3869 qui
2257 3812 2316 3853 se
2345 3796 2538 3851 futura
2586 3795 2729 3850 scire
2762 3796 2979 3862 dicunt,
3033 3794 3163 3851 cassi
3195 3796 3263 3851 de
3314 3794 3541 3853 civitate
3581 3795 3823 3867 ejicien-

2116 3889 2353 4028 tunc».
2385 3973 2566 4029 XXIII.
2598 4002 2665 4013 -—
2700 3975 2771 4028 De
2799 3973 2911 4028 illis
2945 3974 3044 4043 qui
3065 3972 3428 4043 phylacleriis
3457 3976 3708 4026 utuntur.

2188 4061 2298 4133 (Ea:
2327 4061 2469 4118 decr.
2532 4062 2775 4130 Gregor.)
2807 4061 2865 4117 Si
2891 4061 3018 4133 quis
3069 4060 3341 4125 hariolos,
3386 4060 3696 4132 aruspices,
3732 4059 3821 4114 vel

2115 4151 2502 4206 incantatores
2546 4151 2953 4220 observaverit,
2992 4154 3091 4205 aut
3133 4149 3505 4221 phylacteriis
3532 4164 3670 4204 usus
3699 4148 3823 4207 fue-

2118 4240 2212 4307 rit,
2244 4239 2550 4294 anathema
2582 4238 2671 4294 sit.

2036 4352 2080 4405 ι)
2190 4329 2318 4384 CAP.
2354 4329 2531 4382 XXIV.
2566 4357 2623 4368 --
2656 4328 2790 4382 Item
2820 4326 2886 4381 de
2913 4328 3246 4382 mulierculis
3270 4326 3742 4383 incantatricibus.

2190 4418 2302 4486 (Ex
2345 4416 2711 4486 paenitentiali
2758 4414 3043 4486 Romano.)
3090 4415 3291 4471 Mulier
3340 4414 3386 4468 si
3434 4413 3819 4469 divinationes

2115 4506 2206 4561 vel
2253 4503 2672 4560 incantationes
2723 4502 3035 4559 diabolicas
3084 4504 3306 4569 fecerit,
3358 4518 3574 4557 annum
3632 4518 3819 4557 unum

2115 4593 2413 4666 paeniteat,
2462 4593 2551 4648 vel
2604 4596 2721 4647 tres
2768 4591 3264 4675 quadqagesimas,
3302 4591 3392 4645 vel
3433 4589 3822 4662 quadraginta

2117 4683 2239 4739 dies
2269 4683 2584 4739 secundum
2615 4682 2953 4755 qualitatem
2985 4681 3198 4737 delicti.

2115 4791 2244 4846 CAP.
2276 4790 2427 4845 XXV.
2458 4818 2528 4829 —
2561 4790 2643 4844 De
2686 4789 2801 4843 illis
2833 4790 2932 4856 qui
2959 4787 3293 4842 manducent
3337 4790 3433 4840 aut
3460 4785 3670 4853 bibunt,
3720 4792 3821 4842 aut

2184 4865 2410 4932 portant
2451 4875 2616 4931 super
2659 4874 2716 4915 se
2745 4859 2963 4928 aliquid
3008 4858 3083 4913 ad
3130 4858 3237 4913 Dei
3265 4856 3544 4926 judicium
3584 4857 3815 4911 subver-

2187 4932 2557 5091 ξϐἒὲῗῗῆοἰιὶο
2586 5018 2826 5086 Tribur.,
2851 5017 3028 5086 capite
3052 5016 3130 5083 4.)
3161 5013 3218 5070 Si
3244 5014 3454 5086 aliquis
3483 5014 3818 5081 manducat,

2114 5112 2213 5162 aut
2251 5106 2418 5174 bibit,
2469 5110 2569 5160 aut
2620 5110 2815 5178 portat
2839 5120 3014 5175 super
3062 5119 3121 5157 se
3173 5103 3327 5158 unde
3379 5103 3666 5158 existimat
3717 5104 3818 5158 Dei

2107 5195 2391 5267 judicium
2448 5199 2775 5266 pervertere
2829 5208 3016 5265 posse,
3072 5195 3128 5245 et
3156 5191 3362 5247 exinde
3410 5192 3819 5263 comprobatus

2113 5282 2307 5350 fuerit,
2340 5282 2541 5338 eadem
2569 5283 2857 5337 sententia
2884 5280 3126 5336 feriatur
3152 5296 3265 5353 qua
3286 5280 3463 5352 magi,
3497 5285 3555 5337 et
3581 5279 3815 5347 harioli,

2113 5371 2171 5421 et
2201 5367 2585 5421 incantatores
2615 5366 2922 5421 feriuntur.

2113 5473 2242 5528 Car.
2274 5471 2447 5527 XXVI.
2478 5501 2552 5514 —
2583 5474 2660 5527 De
2691 5473 2804 5526 illis
2849 5472 2947 5539 qui
2983 5473 3043 5525 in
3096 5471 3298 5526 tabulis
3331 5475 3428 5527 aut
3451 5472 3513 5525 in
3541 5469 3819 5526 codicibus

2694 5544 2893 5608 futura
2919 5543 3229 5611 requirunt.

2188 5625 2298 5696 (Ea:
2342 5627 2705 5696 paenitentiali
2758 5625 2981 5694 Theod.)
3031 5627 3097 5678 In
3140 5624 3350 5679 tabulis
3380 5625 3467 5679 vel
3522 5624 3819 5682 codicibus
