  <div class='ocr_page' id='page_1' title='image "/cluster/home/n/w/nwhite01/storage/ocr_20150623/140-141/uc1.31175018559917/426.png"; bbox 0 0 3966 6398; ppageno 0'>
   <div class='ocr_carea' id='block_1_1' title="bbox 128 371 232 425">
    <p class='ocr_par' dir='ltr' id='par_1_1' title="bbox 128 371 232 425">
     <span class='ocr_line' id='line_1_1' title="bbox 128 371 232 425; baseline 0 -1"><span class='ocrx_word' id='word_1_1' title='bbox 128 371 232 425; x_wconf 83' lang='grc'>837</span> 
     </span>
    </p>
   </div>
   <div class='ocr_carea' id='block_1_2' title="bbox 1107 365 2676 423">
    <p class='ocr_par' dir='ltr' id='par_1_2' title="bbox 1107 365 2676 423">
     <span class='ocr_line' id='line_1_2' title="bbox 1107 365 2676 423; baseline -0.001 -1"><span class='ocrx_word' id='word_1_2' title='bbox 1107 367 1581 423; x_wconf 82' lang='lat' dir='ltr'>DECRETORUM</span> <span class='ocrx_word' id='word_1_3' title='bbox 1623 367 1810 422; x_wconf 83' lang='lat' dir='ltr'>LIBRI</span> <span class='ocrx_word' id='word_1_4' title='bbox 1849 365 1951 421; x_wconf 86' lang='lat' dir='ltr'>XX.</span> <span class='ocrx_word' id='word_1_5' title='bbox 1997 395 2040 405; x_wconf 90' lang='lat'><strong>-</strong></span> <span class='ocrx_word' id='word_1_6' title='bbox 2104 366 2315 421; x_wconf 83' lang='lat' dir='ltr'><strong>LIBER</strong></span> <span class='ocrx_word' id='word_1_7' title='bbox 2356 366 2676 423; x_wconf 76' lang='lat' dir='ltr'>DECIMUS.</span> 
     </span>
    </p>
   </div>
   <div class='ocr_carea' id='block_1_3' title="bbox 3556 375 3660 427">
    <p class='ocr_par' dir='ltr' id='par_1_3' title="bbox 3556 375 3660 427">
     <span class='ocr_line' id='line_1_3' title="bbox 3556 375 3660 427; baseline 0 0"><span class='ocrx_word' id='word_1_8' title='bbox 3556 375 3660 427; x_wconf 89' lang='lat'>838</span> 
     </span>
    </p>
   </div>
   <div class='ocr_carea' id='block_1_4' title="bbox 126 490 3657 564">
    <p class='ocr_par' dir='ltr' id='par_1_4' title="bbox 126 490 3657 564">
     <span class='ocr_line' id='line_1_4' title="bbox 126 490 3657 564; baseline 0.001 -15"><span class='ocrx_word' id='word_1_9' title='bbox 126 500 281 549; x_wconf 90' lang='lat' dir='ltr'>sorte</span> <span class='ocrx_word' id='word_1_10' title='bbox 314 494 509 549; x_wconf 85' lang='lat' dir='ltr'>futura</span> <span class='ocrx_word' id='word_1_11' title='bbox 539 509 655 547; x_wconf 90' lang='lat' dir='ltr'>non</span> <span class='ocrx_word' id='word_1_12' title='bbox 712 497 847 546; x_wconf 90' lang='lat' dir='ltr'>sunt</span> <span class='ocrx_word' id='word_1_13' title='bbox 894 491 1264 562; x_wconf 87' lang='lat' dir='ltr'>requirenda,</span> <span class='ocrx_word' id='word_1_14' title='bbox 1328 497 1385 545; x_wconf 91' lang='lat' dir='ltr'>et</span> <span class='ocrx_word' id='word_1_15' title='bbox 1416 496 1477 545; x_wconf 90' lang='lat' dir='ltr'>ut</span> <span class='ocrx_word' id='word_1_16' title='bbox 1542 492 1736 545; x_wconf 90' lang='lat' dir='ltr'>nullus</span> <span class='ocrx_word' id='word_1_17' title='bbox 1782 492 1841 545; x_wconf 89' lang='lat' dir='ltr'>in</span> <span class='ocrx_word' id='word_1_18' title='bbox 1872 494 1917 545; x_wconf 82' lang='lat' dir='ltr'><strong>A</strong></span> <span class='ocrx_word' id='word_1_19' title='bbox 1956 490 2323 551; x_wconf 81' lang='lat' dir='ltr'>teutaverint,</span> <span class='ocrx_word' id='word_1_20' title='bbox 2352 492 2436 545; x_wconf 90' lang='lat' dir='ltr'>vel</span> <span class='ocrx_word' id='word_1_21' title='bbox 2461 492 2722 562; x_wconf 84' lang='lat' dir='ltr'>quintam</span> <span class='ocrx_word' id='word_1_22' title='bbox 2748 492 2947 547; x_wconf 90' lang='lat' dir='ltr'>feriam</span> <span class='ocrx_word' id='word_1_23' title='bbox 2966 493 3024 547; x_wconf 91' lang='lat' dir='ltr'>in</span> <span class='ocrx_word' id='word_1_24' title='bbox 3054 493 3334 550; x_wconf 84' lang='lat' dir='ltr'>honorem</span> <span class='ocrx_word' id='word_1_25' title='bbox 3358 496 3534 564; x_wconf 90' lang='lat' dir='ltr'>Iovis,</span> <span class='ocrx_word' id='word_1_26' title='bbox 3566 499 3657 551; x_wconf 91' lang='lat' dir='ltr'>vel</span> 
     </span>
    </p>
   </div>
   <div class='ocr_carea' id='block_1_5' title="bbox 131 579 1841 649">
    <p class='ocr_par' dir='ltr' id='par_1_5' title="bbox 131 579 1841 649">
     <span class='ocr_line' id='line_1_5' title="bbox 131 579 1841 649; baseline -0.002 -13"><span class='ocrx_word' id='word_1_27' title='bbox 131 583 427 647; x_wconf 76' lang='lat' dir='ltr'>Psalterio,</span> <span class='ocrx_word' id='word_1_28' title='bbox 462 583 547 634; x_wconf 86' lang='lat' dir='ltr'>vel</span> <span class='ocrx_word' id='word_1_29' title='bbox 583 582 641 633; x_wconf 93' lang='lat' dir='ltr'>in</span> <span class='ocrx_word' id='word_1_30' title='bbox 679 581 1003 649; x_wconf 81' lang='lat' dir='ltr'>Evangelio,</span> <span class='ocrx_word' id='word_1_31' title='bbox 1046 580 1131 632; x_wconf 91' lang='lat' dir='ltr'>vel</span> <span class='ocrx_word' id='word_1_32' title='bbox 1166 580 1223 633; x_wconf 92' lang='lat' dir='ltr'>in</span> <span class='ocrx_word' id='word_1_33' title='bbox 1259 580 1384 633; x_wconf 89' lang='lat' dir='ltr'>aliis</span> <span class='ocrx_word' id='word_1_34' title='bbox 1419 580 1587 633; x_wconf 82' lang='lat' dir='ltr'>rebus</span> <span class='ocrx_word' id='word_1_35' title='bbox 1649 579 1841 633; x_wconf 89' lang='lat' dir='ltr'>sortiri</span> 
     </span>
    </p>
   </div>
   <div class='ocr_carea' id='block_1_6' title="bbox 131 668 1842 740">
    <p class='ocr_par' dir='ltr' id='par_1_6' title="bbox 131 668 1842 740">
     <span class='ocr_line' id='line_1_6' title="bbox 131 668 1842 740; baseline -0.001 -17"><span class='ocrx_word' id='word_1_36' title='bbox 131 675 465 740; x_wconf 68' lang='lat' dir='ltr'>praesumat,</span> <span class='ocrx_word' id='word_1_37' title='bbox 501 686 605 723; x_wconf 86' lang='lat' dir='ltr'>nec</span> <span class='ocrx_word' id='word_1_38' title='bbox 626 668 1007 723; x_wconf 81' lang='lat' dir='ltr'>divinationes</span> <span class='ocrx_word' id='word_1_39' title='bbox 1028 669 1249 738; x_wconf 87' lang='lat' dir='ltr'>aliquas</span> <span class='ocrx_word' id='word_1_40' title='bbox 1278 668 1337 720; x_wconf 91' lang='lat' dir='ltr'>in</span> <span class='ocrx_word' id='word_1_41' title='bbox 1366 668 1651 737; x_wconf 86' lang='lat' dir='ltr'>aliquibus</span> <span class='ocrx_word' id='word_1_42' title='bbox 1673 668 1842 721; x_wconf 91' lang='lat' dir='ltr'>rebus</span> 
     </span>
    </p>
   </div>
   <div class='ocr_carea' id='block_1_7' title="bbox 132 756 1839 827">
    <p class='ocr_par' dir='ltr' id='par_1_7' title="bbox 132 756 1839 827">
     <span class='ocr_line' id='line_1_7' title="bbox 132 756 1839 827; baseline -0.001 -14"><span class='ocrx_word' id='word_1_43' title='bbox 132 761 459 814; x_wconf 88' lang='lat' dir='ltr'>observare.</span> <span class='ocrx_word' id='word_1_44' title='bbox 481 758 641 823; x_wconf 88' lang='lat' dir='ltr'>Quod</span> <span class='ocrx_word' id='word_1_45' title='bbox 664 757 708 811; x_wconf 88' lang='lat' dir='ltr'>si</span> <span class='ocrx_word' id='word_1_46' title='bbox 741 758 958 821; x_wconf 79' lang='lat' dir='ltr'>fecerit,</span> <span class='ocrx_word' id='word_1_47' title='bbox 993 756 1374 827; x_wconf 75' lang='lat' dir='ltr'>quadraginta</span> <span class='ocrx_word' id='word_1_48' title='bbox 1403 756 1524 809; x_wconf 91' lang='lat' dir='ltr'>dies</span> <span class='ocrx_word' id='word_1_49' title='bbox 1547 757 1839 825; x_wconf 77' lang='lat' dir='ltr'>paeniteat.</span> 
     </span>
    </p>
   </div>
   <div class='ocr_carea' id='block_1_8' title="bbox 132 847 1837 915">
    <p class='ocr_par' dir='ltr' id='par_1_8' title="bbox 132 847 1837 915">
     <span class='ocr_line' id='line_1_8' title="bbox 132 847 1837 915; baseline -0.002 -12"><span class='ocrx_word' id='word_1_50' title='bbox 132 849 264 903; x_wconf 75' lang='lat' dir='ltr'>CAP.</span> <span class='ocrx_word' id='word_1_51' title='bbox 299 848 503 902; x_wconf 82' lang='lat' dir='ltr'>XXVII.</span> <span class='ocrx_word' id='word_1_52' title='bbox 534 875 608 888; x_wconf 89' lang='lat'><strong>—</strong></span> <span class='ocrx_word' id='word_1_53' title='bbox 634 849 709 900; x_wconf 89' lang='lat' dir='ltr'>De</span> <span class='ocrx_word' id='word_1_54' title='bbox 738 847 850 900; x_wconf 80' lang='lat' dir='ltr'>illis</span> <span class='ocrx_word' id='word_1_55' title='bbox 882 848 979 915; x_wconf 95' lang='lat' dir='ltr'>qui</span> <span class='ocrx_word' id='word_1_56' title='bbox 1002 851 1172 899; x_wconf 85' lang='lat' dir='ltr'>sortes</span> <span class='ocrx_word' id='word_1_57' title='bbox 1186 851 1496 899; x_wconf 85' lang='lat' dir='ltr'>sanctorum</span> <span class='ocrx_word' id='word_1_58' title='bbox 1534 848 1837 913; x_wconf 85' lang='lat' dir='ltr'>requirunt.</span> 
     </span>
    </p>
   </div>
   <div class='ocr_carea' id='block_1_9' title="bbox 204 932 1839 1005">
    <p class='ocr_par' dir='ltr' id='par_1_9' title="bbox 204 932 1839 1005">
     <span class='ocr_line' id='line_1_9' title="bbox 204 932 1839 1005; baseline -0.002 -16"><span class='ocrx_word' id='word_1_59' title='bbox 204 937 320 1005; x_wconf 81' lang='lat' dir='ltr'>(Ea:</span> <span class='ocrx_word' id='word_1_60' title='bbox 344 936 534 990; x_wconf 89' lang='lat' dir='ltr'>concil.</span> <span class='ocrx_word' id='word_1_61' title='bbox 566 936 892 1003; x_wconf 79' lang='lat' dir='ltr'>Aqathens.,</span> <span class='ocrx_word' id='word_1_62' title='bbox 943 936 1122 1001; x_wconf 90' lang='lat' dir='ltr'>capite</span> <span class='ocrx_word' id='word_1_63' title='bbox 1153 936 1229 998; x_wconf 89' lang='lat'>3.)</span> <span class='ocrx_word' id='word_1_64' title='bbox 1265 934 1374 986; x_wconf 73' lang='lat' dir='ltr'>Nec</span> <span class='ocrx_word' id='word_1_65' title='bbox 1401 932 1543 986; x_wconf 91' lang='lat' dir='ltr'>illud</span> <span class='ocrx_word' id='word_1_66' title='bbox 1578 938 1663 985; x_wconf 88' lang='lat' dir='ltr'>est</span> <span class='ocrx_word' id='word_1_67' title='bbox 1697 949 1839 1002; x_wconf 66' lang='lat' dir='ltr'>pra:-</span> 
     </span>
    </p>
   </div>
   <div class='ocr_carea' id='block_1_10' title="bbox 133 1022 1839 1094">
    <p class='ocr_par' dir='ltr' id='par_1_10' title="bbox 133 1022 1839 1094">
     <span class='ocr_line' id='line_1_10' title="bbox 133 1022 1839 1094; baseline -0.002 -16"><span class='ocrx_word' id='word_1_68' title='bbox 133 1025 478 1079; x_wconf 88' lang='lat' dir='ltr'>tereundum</span> <span class='ocrx_word' id='word_1_69' title='bbox 528 1024 683 1094; x_wconf 89' lang='lat' dir='ltr'>quod</span> <span class='ocrx_word' id='word_1_70' title='bbox 716 1023 964 1076; x_wconf 83' lang='lat' dir='ltr'>maxime</span> <span class='ocrx_word' id='word_1_71' title='bbox 1012 1022 1185 1075; x_wconf 79' lang='lat' dir='ltr'>fidem</span> <span class='ocrx_word' id='word_1_72' title='bbox 1246 1022 1541 1091; x_wconf 83' lang='lat' dir='ltr'>religionis</span> <span class='ocrx_word' id='word_1_73' title='bbox 1585 1022 1839 1087; x_wconf 79' lang='lat' dir='ltr'>infestat,</span> 
     </span>
    </p>
   </div>
   <div class='ocr_carea' id='block_1_11' title="bbox 133 1110 1840 1183">
    <p class='ocr_par' dir='ltr' id='par_1_11' title="bbox 133 1110 1840 1183">
     <span class='ocr_line' id='line_1_11' title="bbox 133 1110 1840 1183; baseline -0.002 -18"><span class='ocrx_word' id='word_1_74' title='bbox 133 1114 287 1183; x_wconf 92' lang='lat' dir='ltr'>quod</span> <span class='ocrx_word' id='word_1_75' title='bbox 318 1112 497 1181; x_wconf 82' lang='lat' dir='ltr'>aliqui</span> <span class='ocrx_word' id='word_1_76' title='bbox 525 1110 719 1165; x_wconf 87' lang='lat' dir='ltr'>clerici</span> <span class='ocrx_word' id='word_1_77' title='bbox 749 1112 837 1164; x_wconf 86' lang='lat' dir='ltr'>vel</span> <span class='ocrx_word' id='word_1_78' title='bbox 869 1110 998 1164; x_wconf 87' lang='lat' dir='ltr'>laici</span> <span class='ocrx_word' id='word_1_79' title='bbox 1032 1110 1268 1163; x_wconf 82' lang='lat' dir='ltr'>student</span> <span class='ocrx_word' id='word_1_80' title='bbox 1297 1110 1574 1180; x_wconf 80' lang='lat' dir='ltr'>auguriis,</span> <span class='ocrx_word' id='word_1_81' title='bbox 1628 1114 1684 1163; x_wconf 87' lang='lat' dir='ltr'>et</span> <span class='ocrx_word' id='word_1_82' title='bbox 1735 1110 1840 1163; x_wconf 91' lang='lat' dir='ltr'>sub</span> 
     </span>
    </p>
   </div>
   <div class='ocr_carea' id='block_1_12' title="bbox 134 1200 1841 1270">
    <p class='ocr_par' dir='ltr' id='par_1_12' title="bbox 134 1200 1841 1270">
     <span class='ocr_line' id='line_1_12' title="bbox 134 1200 1841 1270; baseline -0.002 -16"><span class='ocrx_word' id='word_1_83' title='bbox 134 1201 369 1254; x_wconf 87' lang='lat' dir='ltr'>nomine</span> <span class='ocrx_word' id='word_1_84' title='bbox 402 1202 549 1254; x_wconf 65' lang='lat' dir='ltr'>ﬁctae</span> <span class='ocrx_word' id='word_1_85' title='bbox 580 1200 892 1269; x_wconf 80' lang='lat' dir='ltr'>religionis,</span> <span class='ocrx_word' id='word_1_86' title='bbox 948 1215 1122 1270; x_wconf 89' lang='lat' dir='ltr'>quam</span> <span class='ocrx_word' id='word_1_87' title='bbox 1168 1206 1348 1252; x_wconf 80' lang='lat' dir='ltr'>sortes</span> <span class='ocrx_word' id='word_1_88' title='bbox 1380 1204 1708 1252; x_wconf 89' lang='lat' dir='ltr'>sanctorum</span> <span class='ocrx_word' id='word_1_89' title='bbox 1741 1215 1841 1251; x_wconf 89' lang='lat' dir='ltr'>vo-</span> 
     </span>
    </p>
   </div>
   <div class='ocr_carea' id='block_1_13' title="bbox 135 1287 1840 1358">
    <p class='ocr_par' dir='ltr' id='par_1_13' title="bbox 135 1287 1840 1358">
     <span class='ocr_line' id='line_1_13' title="bbox 135 1287 1840 1358; baseline -0.002 -15"><span class='ocrx_word' id='word_1_90' title='bbox 135 1295 286 1356; x_wconf 88' lang='lat' dir='ltr'>cant,</span> <span class='ocrx_word' id='word_1_91' title='bbox 337 1289 708 1343; x_wconf 82' lang='lat' dir='ltr'>divinationis</span> <span class='ocrx_word' id='word_1_92' title='bbox 767 1287 1066 1342; x_wconf 87' lang='lat' dir='ltr'>scientiam</span> <span class='ocrx_word' id='word_1_93' title='bbox 1124 1288 1491 1357; x_wconf 77' lang='lat' dir='ltr'>profitentur,</span> <span class='ocrx_word' id='word_1_94' title='bbox 1546 1292 1644 1341; x_wconf 89' lang='lat' dir='ltr'>aut</span> <span class='ocrx_word' id='word_1_95' title='bbox 1698 1304 1840 1358; x_wconf 87' lang='lat' dir='ltr'>qua-</span> 
     </span>
    </p>
   </div>
   <div class='ocr_carea' id='block_1_14' title="bbox 133 1377 1840 1449">
    <p class='ocr_par' dir='ltr' id='par_1_14' title="bbox 133 1377 1840 1449">
     <span class='ocr_line' id='line_1_14' title="bbox 133 1377 1840 1449; baseline 0.001 -18"><span class='ocrx_word' id='word_1_96' title='bbox 133 1386 493 1449; x_wconf 88' lang='lat' dir='ltr'>rumcunque</span> <span class='ocrx_word' id='word_1_97' title='bbox 524 1378 936 1448; x_wconf 85' lang='lat' dir='ltr'>scripturarum</span> <span class='ocrx_word' id='word_1_98' title='bbox 973 1377 1328 1447; x_wconf 81' lang='lat' dir='ltr'>inspectione</span> <span class='ocrx_word' id='word_1_99' title='bbox 1375 1377 1566 1430; x_wconf 88' lang='lat' dir='ltr'>futura</span> <span class='ocrx_word' id='word_1_100' title='bbox 1595 1378 1840 1447; x_wconf 87' lang='lat' dir='ltr'>promit-</span> 
     </span>
    </p>
   </div>
   <div class='ocr_carea' id='block_1_15' title="bbox 134 1465 1845 1537">
    <p class='ocr_par' dir='ltr' id='par_1_15' title="bbox 134 1465 1845 1537">
     <span class='ocr_line' id='line_1_15' title="bbox 134 1465 1845 1537; baseline -0.001 -17"><span class='ocrx_word' id='word_1_101' title='bbox 134 1472 280 1520; x_wconf 91' lang='lat' dir='ltr'>tunt.</span> <span class='ocrx_word' id='word_1_102' title='bbox 314 1468 655 1537; x_wconf 85' lang='lat' dir='ltr'>Quicunque</span> <span class='ocrx_word' id='word_1_103' title='bbox 685 1467 943 1533; x_wconf 87' lang='lat' dir='ltr'>clericus,</span> <span class='ocrx_word' id='word_1_104' title='bbox 968 1466 1055 1520; x_wconf 87' lang='lat' dir='ltr'>vel</span> <span class='ocrx_word' id='word_1_105' title='bbox 1080 1466 1255 1520; x_wconf 91' lang='lat' dir='ltr'>laicus</span> <span class='ocrx_word' id='word_1_106' title='bbox 1276 1466 1337 1518; x_wconf 90' lang='lat' dir='ltr'>in</span> <span class='ocrx_word' id='word_1_107' title='bbox 1363 1482 1428 1519; x_wconf 91' lang='lat' dir='ltr'>eo</span> <span class='ocrx_word' id='word_1_108' title='bbox 1458 1466 1710 1519; x_wconf 82' lang='lat' dir='ltr'>detectus</span> <span class='ocrx_word' id='word_1_109' title='bbox 1730 1465 1845 1519; x_wconf 86' lang='lat' dir='ltr'>fue-</span> 
     </span>
    </p>
   </div>
   <div class='ocr_carea' id='block_1_16' title="bbox 133 1550 1838 1620">
    <p class='ocr_par' dir='ltr' id='par_1_16' title="bbox 133 1550 1838 1620">
     <span class='ocr_line' id='line_1_16' title="bbox 133 1550 1838 1620; baseline -0.001 -14"><span class='ocrx_word' id='word_1_110' title='bbox 133 1553 205 1606; x_wconf 88' lang='lat' dir='ltr'>rit</span> <span class='ocrx_word' id='word_1_111' title='bbox 233 1553 373 1606; x_wconf 89' lang='lat' dir='ltr'>talia</span> <span class='ocrx_word' id='word_1_112' title='bbox 403 1553 725 1618; x_wconf 88' lang='lat' dir='ltr'>consulere,</span> <span class='ocrx_word' id='word_1_113' title='bbox 768 1553 851 1605; x_wconf 89' lang='lat' dir='ltr'>vel</span> <span class='ocrx_word' id='word_1_114' title='bbox 886 1552 1111 1619; x_wconf 90' lang='lat' dir='ltr'>docere,</span> <span class='ocrx_word' id='word_1_115' title='bbox 1163 1551 1232 1605; x_wconf 92' lang='lat' dir='ltr'>ab</span> <span class='ocrx_word' id='word_1_116' title='bbox 1262 1550 1509 1605; x_wconf 89' lang='lat' dir='ltr'>Ecclesia</span> <span class='ocrx_word' id='word_1_117' title='bbox 1557 1550 1838 1620; x_wconf 84' lang='lat' dir='ltr'>ejiciatur.</span> 
     </span>
    </p>
   </div>
   <div class='ocr_carea' id='block_1_17' title="bbox 136 1642 1841 1708">
    <p class='ocr_par' dir='ltr' id='par_1_17' title="bbox 136 1642 1841 1708">
     <span class='ocr_line' id='line_1_17' title="bbox 136 1642 1841 1708; baseline -0.001 -13"><span class='ocrx_word' id='word_1_118' title='bbox 136 1642 260 1695; x_wconf 65' lang='lat' dir='ltr'>Car.</span> <span class='ocrx_word' id='word_1_119' title='bbox 294 1643 522 1697; x_wconf 87' lang='lat' dir='ltr'><strong>XXVIII.</strong></span> <span class='ocrx_word' id='word_1_120' title='bbox 557 1671 626 1680; x_wconf 89' lang='lat'><strong><em>—</em></strong></span> <span class='ocrx_word' id='word_1_121' title='bbox 666 1643 742 1694; x_wconf 86' lang='lat' dir='ltr'>De</span> <span class='ocrx_word' id='word_1_122' title='bbox 772 1642 883 1695; x_wconf 85' lang='lat' dir='ltr'>illis</span> <span class='ocrx_word' id='word_1_123' title='bbox 912 1642 1169 1708; x_wconf 78' lang='lat' dir='ltr'>maleﬁcis</span> <span class='ocrx_word' id='word_1_124' title='bbox 1192 1644 1287 1708; x_wconf 86' lang='lat' dir='ltr'>qui</span> <span class='ocrx_word' id='word_1_125' title='bbox 1303 1645 1525 1708; x_wconf 86' lang='lat' dir='ltr'>sperant</span> <span class='ocrx_word' id='word_1_126' title='bbox 1551 1655 1606 1694; x_wconf 90' lang='lat' dir='ltr'>se</span> <span class='ocrx_word' id='word_1_127' title='bbox 1643 1643 1841 1694; x_wconf 84' lang='lat' dir='ltr'>mentes</span> 
     </span>
    </p>
   </div>
   <div class='ocr_carea' id='block_1_18' title="bbox 593 1714 1383 1781">
    <p class='ocr_par' dir='ltr' id='par_1_18' title="bbox 593 1714 1383 1781">
     <span class='ocr_line' id='line_1_18' title="bbox 593 1714 1383 1781; baseline -0.001 -16"><span class='ocrx_word' id='word_1_128' title='bbox 593 1714 865 1766; x_wconf 82' lang='lat' dir='ltr'>hominum</span> <span class='ocrx_word' id='word_1_129' title='bbox 882 1718 1187 1781; x_wconf 84' lang='lat' dir='ltr'>pervertere</span> <span class='ocrx_word' id='word_1_130' title='bbox 1209 1727 1383 1780; x_wconf 89' lang='lat' dir='ltr'>posse.</span> 
     </span>
    </p>
   </div>
   <div class='ocr_carea' id='block_1_19' title="bbox 202 1775 1909 1873">
    <p class='ocr_par' dir='ltr' id='par_1_19' title="bbox 202 1775 1909 1873">
     <span class='ocr_line' id='line_1_19' title="bbox 202 1775 1909 1873; baseline -0.002 -17"><span class='ocrx_word' id='word_1_131' title='bbox 202 1804 311 1873; x_wconf 74' lang='lat' dir='ltr'>(Ea:</span> <span class='ocrx_word' id='word_1_132' title='bbox 364 1802 733 1871; x_wconf 75' lang='lat' dir='ltr'>pamitentiali</span> <span class='ocrx_word' id='word_1_133' title='bbox 791 1775 1074 1866; x_wconf 79' lang='lat' dir='ltr'>Romano.)</span> <span class='ocrx_word' id='word_1_134' title='bbox 1135 1775 1371 1853; x_wconf 67' lang='lat' dir='ltr'>Maleﬁci</span> <span class='ocrx_word' id='word_1_135' title='bbox 1430 1800 1518 1852; x_wconf 86' lang='lat' dir='ltr'>vel</span> <span class='ocrx_word' id='word_1_136' title='bbox 1586 1775 1909 1852; x_wconf 78' lang='lat' dir='ltr'>incanta-B</span> 
     </span>
    </p>
   </div>
   <div class='ocr_carea' id='block_1_20' title="bbox 130 1888 1838 1958">
    <p class='ocr_par' dir='ltr' id='par_1_20' title="bbox 130 1888 1838 1958">
     <span class='ocr_line' id='line_1_20' title="bbox 130 1888 1838 1958; baseline -0.002 -14"><span class='ocrx_word' id='word_1_137' title='bbox 130 1896 304 1955; x_wconf 84' lang='lat' dir='ltr'>tores,</span> <span class='ocrx_word' id='word_1_138' title='bbox 383 1891 469 1942; x_wconf 84' lang='lat' dir='ltr'>vel</span> <span class='ocrx_word' id='word_1_139' title='bbox 528 1889 881 1942; x_wconf 90' lang='lat' dir='ltr'>immissores</span> <span class='ocrx_word' id='word_1_140' title='bbox 941 1893 1371 1958; x_wconf 84' lang='lat' dir='ltr'>tempestatum,</span> <span class='ocrx_word' id='word_1_141' title='bbox 1427 1889 1514 1941; x_wconf 88' lang='lat' dir='ltr'>vel</span> <span class='ocrx_word' id='word_1_142' title='bbox 1574 1888 1673 1958; x_wconf 89' lang='lat' dir='ltr'>qui</span> <span class='ocrx_word' id='word_1_143' title='bbox 1736 1904 1838 1957; x_wconf 92' lang='lat' dir='ltr'>per</span> 
     </span>
    </p>
   </div>
   <div class='ocr_carea' id='block_1_21' title="bbox 132 1974 1832 2045">
    <p class='ocr_par' dir='ltr' id='par_1_21' title="bbox 132 1974 1832 2045">
     <span class='ocr_line' id='line_1_21' title="bbox 132 1974 1832 2045; baseline -0.003 -13"><span class='ocrx_word' id='word_1_144' title='bbox 132 1978 554 2033; x_wconf 87' lang='lat' dir='ltr'>invocationem</span> <span class='ocrx_word' id='word_1_145' title='bbox 568 1978 893 2031; x_wconf 63' lang='lat' dir='ltr'>daemonum</span> <span class='ocrx_word' id='word_1_146' title='bbox 914 1982 1136 2029; x_wconf 84' lang='lat' dir='ltr'>mentes</span> <span class='ocrx_word' id='word_1_147' title='bbox 1160 1975 1460 2029; x_wconf 85' lang='lat' dir='ltr'>hominum</span> <span class='ocrx_word' id='word_1_148' title='bbox 1476 1974 1832 2045; x_wconf 84' lang='lat' dir='ltr'>perturbant,</span> 
     </span>
    </p>
   </div>
   <div class='ocr_carea' id='block_1_22' title="bbox 131 2062 1832 2134">
    <p class='ocr_par' dir='ltr' id='par_1_22' title="bbox 131 2062 1832 2134">
     <span class='ocr_line' id='line_1_22' title="bbox 131 2062 1832 2134; baseline -0.005 -14"><span class='ocrx_word' id='word_1_149' title='bbox 131 2066 602 2121; x_wconf 78' lang='lat' dir='ltr'>anathematizati</span> <span class='ocrx_word' id='word_1_150' title='bbox 626 2065 969 2134; x_wconf 82' lang='lat' dir='ltr'>abjiciantur</span> <span class='ocrx_word' id='word_1_151' title='bbox 991 2080 1004 2117; x_wconf 76' lang='grc' dir='ltr'>ε</span> <span class='ocrx_word' id='word_1_152' title='bbox 1029 2069 1085 2117; x_wconf 89' lang='lat' dir='ltr'>et</span> <span class='ocrx_word' id='word_1_153' title='bbox 1106 2063 1153 2117; x_wconf 90' lang='lat' dir='ltr'>si</span> <span class='ocrx_word' id='word_1_154' title='bbox 1187 2063 1493 2117; x_wconf 90' lang='lat' dir='ltr'>emendare</span> <span class='ocrx_word' id='word_1_155' title='bbox 1526 2062 1832 2128; x_wconf 86' lang='lat' dir='ltr'>voluerint,</span> 
     </span>
    </p>
   </div>
   <div class='ocr_carea' id='block_1_23' title="bbox 132 2151 1690 2222">
    <p class='ocr_par' dir='ltr' id='par_1_23' title="bbox 132 2151 1690 2222">
     <span class='ocr_line' id='line_1_23' title="bbox 132 2151 1690 2222; baseline -0.003 -13"><span class='ocrx_word' id='word_1_156' title='bbox 132 2156 321 2210; x_wconf 88' lang='lat' dir='ltr'>clerici</span> <span class='ocrx_word' id='word_1_157' title='bbox 356 2161 470 2208; x_wconf 89' lang='lat' dir='ltr'>tres</span> <span class='ocrx_word' id='word_1_158' title='bbox 502 2171 703 2220; x_wconf 86' lang='lat' dir='ltr'>annos,</span> <span class='ocrx_word' id='word_1_159' title='bbox 738 2153 868 2207; x_wconf 85' lang='lat' dir='ltr'>laici</span> <span class='ocrx_word' id='word_1_160' title='bbox 901 2169 1081 2206; x_wconf 89' lang='lat' dir='ltr'>unum</span> <span class='ocrx_word' id='word_1_161' title='bbox 1112 2169 1326 2206; x_wconf 88' lang='lat' dir='ltr'>annum</span> <span class='ocrx_word' id='word_1_162' title='bbox 1355 2151 1690 2222; x_wconf 77' lang='lat' dir='ltr'>poeniteant.</span> 
     </span>
    </p>
   </div>
   <div class='ocr_carea' id='block_1_24' title="bbox 541 2241 1421 2297">
    <p class='ocr_par' dir='ltr' id='par_1_24' title="bbox 541 2241 1421 2297">
     <span class='ocr_line' id='line_1_24' title="bbox 541 2241 1421 2297; baseline -0.003 0"><span class='ocrx_word' id='word_1_163' title='bbox 541 2243 669 2297; x_wconf 80' lang='lat' dir='ltr'>CAP.</span> <span class='ocrx_word' id='word_1_164' title='bbox 712 2243 885 2297; x_wconf 87' lang='lat' dir='ltr'><strong>XXIX.</strong></span> <span class='ocrx_word' id='word_1_165' title='bbox 919 2271 991 2280; x_wconf 90' lang='lat'>—</span> <span class='ocrx_word' id='word_1_166' title='bbox 1024 2242 1105 2294; x_wconf 87' lang='lat' dir='ltr'>De</span> <span class='ocrx_word' id='word_1_167' title='bbox 1134 2241 1316 2293; x_wconf 84' lang='lat' dir='ltr'>eadem</span> <span class='ocrx_word' id='word_1_168' title='bbox 1346 2256 1421 2294; x_wconf 86' lang='lat' dir='ltr'>re.</span> 
     </span>
    </p>
   </div>
   <div class='ocr_carea' id='block_1_25' title="bbox 198 2328 1835 2403">
    <p class='ocr_par' dir='ltr' id='par_1_25' title="bbox 198 2328 1835 2403">
     <span class='ocr_line' id='line_1_25' title="bbox 198 2328 1835 2403; baseline -0.003 -16"><span class='ocrx_word' id='word_1_169' title='bbox 198 2333 306 2403; x_wconf 71' lang='lat' dir='ltr'>(Ex</span> <span class='ocrx_word' id='word_1_170' title='bbox 340 2334 567 2385; x_wconf 89' lang='lat' dir='ltr'>concilio</span> <span class='ocrx_word' id='word_1_171' title='bbox 624 2332 861 2399; x_wconf 78' lang='lat' dir='ltr'>.4gath.,</span> <span class='ocrx_word' id='word_1_172' title='bbox 922 2332 1100 2398; x_wconf 89' lang='lat' dir='ltr'>capite</span> <span class='ocrx_word' id='word_1_173' title='bbox 1140 2329 1220 2397; x_wconf 81' lang='grc'>4.)</span> <span class='ocrx_word' id='word_1_174' title='bbox 1282 2328 1736 2399; x_wconf 88' lang='lat' dir='ltr'>Perquirendum</span> <span class='ocrx_word' id='word_1_175' title='bbox 1789 2328 1835 2382; x_wconf 90' lang='lat' dir='ltr'>si</span> 
     </span>
    </p>
   </div>
   <div class='ocr_carea' id='block_1_26' title="bbox 131 2417 1838 2491">
    <p class='ocr_par' dir='ltr' id='par_1_26' title="bbox 131 2417 1838 2491">
     <span class='ocr_line' id='line_1_26' title="bbox 131 2417 1838 2491; baseline -0.001 -17"><span class='ocrx_word' id='word_1_176' title='bbox 131 2421 319 2491; x_wconf 89' lang='lat' dir='ltr'>aliqua</span> <span class='ocrx_word' id='word_1_177' title='bbox 375 2421 592 2474; x_wconf 82' lang='lat' dir='ltr'>femina</span> <span class='ocrx_word' id='word_1_178' title='bbox 652 2420 743 2485; x_wconf 88' lang='lat' dir='ltr'>sit,</span> <span class='ocrx_word' id='word_1_179' title='bbox 807 2435 937 2489; x_wconf 76' lang='lat' dir='ltr'>quae</span> <span class='ocrx_word' id='word_1_180' title='bbox 970 2434 1073 2488; x_wconf 90' lang='lat' dir='ltr'>per</span> <span class='ocrx_word' id='word_1_181' title='bbox 1128 2417 1391 2488; x_wconf 67' lang='lat' dir='ltr'>quaedam</span> <span class='ocrx_word' id='word_1_182' title='bbox 1447 2418 1729 2470; x_wconf 87' lang='lat' dir='ltr'>meleticia</span> <span class='ocrx_word' id='word_1_183' title='bbox 1781 2422 1838 2472; x_wconf 91' lang='lat' dir='ltr'>et</span> 
     </span>
    </p>
   </div>
   <div class='ocr_carea' id='block_1_27' title="bbox 133 2506 1835 2576">
    <p class='ocr_par' dir='ltr' id='par_1_27' title="bbox 133 2506 1835 2576">
     <span class='ocr_line' id='line_1_27' title="bbox 133 2506 1835 2576; baseline -0.002 -14"><span class='ocrx_word' id='word_1_184' title='bbox 133 2509 547 2562; x_wconf 83' lang='lat' dir='ltr'>incantationes</span> <span class='ocrx_word' id='word_1_185' title='bbox 598 2514 816 2561; x_wconf 88' lang='lat' dir='ltr'>mentes</span> <span class='ocrx_word' id='word_1_186' title='bbox 872 2506 1173 2561; x_wconf 85' lang='lat' dir='ltr'>hominum</span> <span class='ocrx_word' id='word_1_187' title='bbox 1230 2523 1288 2559; x_wconf 92' lang='lat' dir='ltr'>se</span> <span class='ocrx_word' id='word_1_188' title='bbox 1332 2506 1638 2559; x_wconf 90' lang='lat' dir='ltr'>immutare</span> <span class='ocrx_word' id='word_1_189' title='bbox 1672 2522 1835 2576; x_wconf 86' lang='lat' dir='ltr'>posse</span> 
     </span>
    </p>
   </div>
   <div class='ocr_carea' id='block_1_28' title="bbox 135 2594 1835 2663">
    <p class='ocr_par' dir='ltr' id='par_1_28' title="bbox 135 2594 1835 2663">
     <span class='ocr_line' id='line_1_28' title="bbox 135 2594 1835 2663; baseline -0.002 -12"><span class='ocrx_word' id='word_1_190' title='bbox 135 2598 295 2663; x_wconf 83' lang='lat' dir='ltr'>dicat,</span> <span class='ocrx_word' id='word_1_191' title='bbox 330 2598 389 2651; x_wconf 88' lang='lat' dir='ltr'>id</span> <span class='ocrx_word' id='word_1_192' title='bbox 425 2602 531 2663; x_wconf 89' lang='lat' dir='ltr'>est,</span> <span class='ocrx_word' id='word_1_193' title='bbox 566 2601 631 2650; x_wconf 88' lang='lat' dir='ltr'>ut</span> <span class='ocrx_word' id='word_1_194' title='bbox 679 2597 747 2650; x_wconf 90' lang='lat' dir='ltr'>de</span> <span class='ocrx_word' id='word_1_195' title='bbox 788 2595 921 2650; x_wconf 88' lang='lat' dir='ltr'>odio</span> <span class='ocrx_word' id='word_1_196' title='bbox 962 2595 1021 2647; x_wconf 92' lang='lat' dir='ltr'>in</span> <span class='ocrx_word' id='word_1_197' title='bbox 1066 2610 1345 2661; x_wconf 89' lang='lat' dir='ltr'>amorem,</span> <span class='ocrx_word' id='word_1_198' title='bbox 1380 2599 1478 2648; x_wconf 90' lang='lat' dir='ltr'>aut</span> <span class='ocrx_word' id='word_1_199' title='bbox 1527 2594 1595 2648; x_wconf 92' lang='lat' dir='ltr'>de</span> <span class='ocrx_word' id='word_1_200' title='bbox 1641 2610 1835 2647; x_wconf 91' lang='lat' dir='ltr'>amore</span> 
     </span>
    </p>
   </div>
   <div class='ocr_carea' id='block_1_29' title="bbox 136 2684 1834 2748">
    <p class='ocr_par' dir='ltr' id='par_1_29' title="bbox 136 2684 1834 2748">
     <span class='ocr_line' id='line_1_29' title="bbox 136 2684 1834 2748; baseline -0.002 -9"><span class='ocrx_word' id='word_1_201' title='bbox 136 2686 185 2739; x_wconf 89' lang='lat' dir='ltr'>in</span> <span class='ocrx_word' id='word_1_202' title='bbox 218 2687 419 2740; x_wconf 81' lang='lat' dir='ltr'>odium</span> <span class='ocrx_word' id='word_1_203' title='bbox 452 2690 763 2748; x_wconf 84' lang='lat' dir='ltr'>convertat.</span> <span class='ocrx_word' id='word_1_204' title='bbox 824 2690 922 2738; x_wconf 90' lang='lat' dir='ltr'>aut</span> <span class='ocrx_word' id='word_1_205' title='bbox 976 2684 1127 2737; x_wconf 88' lang='lat' dir='ltr'>bona</span> <span class='ocrx_word' id='word_1_206' title='bbox 1178 2684 1481 2737; x_wconf 85' lang='lat' dir='ltr'>hominum</span> <span class='ocrx_word' id='word_1_207' title='bbox 1530 2688 1626 2737; x_wconf 90' lang='lat' dir='ltr'>aut</span> <span class='ocrx_word' id='word_1_208' title='bbox 1673 2684 1834 2737; x_wconf 91' lang='lat' dir='ltr'>dam-</span> 
     </span>
    </p>
   </div>
   <div class='ocr_carea' id='block_1_30' title="bbox 138 2772 1837 2843">
    <p class='ocr_par' dir='ltr' id='par_1_30' title="bbox 138 2772 1837 2843">
     <span class='ocr_line' id='line_1_30' title="bbox 138 2772 1837 2843; baseline -0.001 -17"><span class='ocrx_word' id='word_1_209' title='bbox 138 2779 243 2839; x_wconf 86' lang='lat' dir='ltr'>net,</span> <span class='ocrx_word' id='word_1_210' title='bbox 276 2779 378 2828; x_wconf 93' lang='lat' dir='ltr'>aut</span> <span class='ocrx_word' id='word_1_211' title='bbox 429 2772 732 2843; x_wconf 88' lang='lat' dir='ltr'>suhripiat.</span> <span class='ocrx_word' id='word_1_212' title='bbox 788 2773 854 2826; x_wconf 88' lang='lat' dir='ltr'>Et</span> <span class='ocrx_word' id='word_1_213' title='bbox 903 2772 949 2825; x_wconf 91' lang='lat' dir='ltr'>si</span> <span class='ocrx_word' id='word_1_214' title='bbox 1005 2772 1200 2842; x_wconf 88' lang='lat' dir='ltr'>aliqua</span> <span class='ocrx_word' id='word_1_215' title='bbox 1252 2777 1336 2825; x_wconf 90' lang='lat' dir='ltr'>est</span> <span class='ocrx_word' id='word_1_216' title='bbox 1387 2788 1516 2843; x_wconf 67' lang='lat' dir='ltr'>quae</span> <span class='ocrx_word' id='word_1_217' title='bbox 1572 2788 1631 2827; x_wconf 87' lang='lat' dir='ltr'>se</span> <span class='ocrx_word' id='word_1_218' title='bbox 1687 2772 1837 2827; x_wconf 89' lang='lat' dir='ltr'>dicat</span> 
     </span>
    </p>
   </div>
   <div class='ocr_carea' id='block_1_31' title="bbox 138 2860 1835 2927">
    <p class='ocr_par' dir='ltr' id='par_1_31' title="bbox 138 2860 1835 2927">
     <span class='ocr_line' id='line_1_31' title="bbox 138 2860 1835 2927; baseline -0.001 -12"><span class='ocrx_word' id='word_1_219' title='bbox 138 2879 257 2916; x_wconf 90' lang='lat' dir='ltr'>cum</span> <span class='ocrx_word' id='word_1_220' title='bbox 314 2864 653 2916; x_wconf 67' lang='lat' dir='ltr'>daemonum</span> <span class='ocrx_word' id='word_1_221' title='bbox 711 2862 898 2927; x_wconf 82' lang='lat' dir='ltr'>turba,</span> <span class='ocrx_word' id='word_1_222' title='bbox 945 2861 1004 2915; x_wconf 92' lang='lat' dir='ltr'>in</span> <span class='ocrx_word' id='word_1_223' title='bbox 1042 2860 1485 2915; x_wconf 88' lang='lat' dir='ltr'>similitudinem</span> <span class='ocrx_word' id='word_1_224' title='bbox 1525 2860 1835 2915; x_wconf 90' lang='lat' dir='ltr'>mulierum</span> 
     </span>
    </p>
   </div>
   <div class='ocr_carea' id='block_1_32' title="bbox 137 2949 1833 3020">
    <p class='ocr_par' dir='ltr' id='par_1_32' title="bbox 137 2949 1833 3020">
     <span class='ocr_line' id='line_1_32' title="bbox 137 2949 1833 3020; baseline -0.001 -16"><span class='ocrx_word' id='word_1_225' title='bbox 137 2951 563 3018; x_wconf 86' lang='lat' dir='ltr'>transformata,</span> <span class='ocrx_word' id='word_1_226' title='bbox 612 2950 781 3004; x_wconf 90' lang='lat' dir='ltr'>certis</span> <span class='ocrx_word' id='word_1_227' title='bbox 836 2949 1099 3003; x_wconf 87' lang='lat' dir='ltr'>noctibus</span> <span class='ocrx_word' id='word_1_228' title='bbox 1146 2949 1402 3020; x_wconf 86' lang='lat' dir='ltr'>equitare</span> <span class='ocrx_word' id='word_1_229' title='bbox 1463 2966 1634 3019; x_wconf 88' lang='lat' dir='ltr'>super</span> <span class='ocrx_word' id='word_1_230' title='bbox 1666 2966 1833 3020; x_wconf 88' lang='lat' dir='ltr'>quas-</span> 
     </span>
    </p>
   </div>
   <div class='ocr_carea' id='block_1_33' title="bbox 137 3040 1835 3107">
    <p class='ocr_par' dir='ltr' id='par_1_33' title="bbox 137 3040 1835 3107">
     <span class='ocr_line' id='line_1_33' title="bbox 137 3040 1835 3107; baseline -0.002 -12"><span class='ocrx_word' id='word_1_231' title='bbox 137 3040 257 3095; x_wconf 81' lang='lat' dir='ltr'>dam</span> <span class='ocrx_word' id='word_1_232' title='bbox 291 3042 527 3107; x_wconf 89' lang='lat' dir='ltr'>bestias,</span> <span class='ocrx_word' id='word_1_233' title='bbox 586 3046 644 3094; x_wconf 92' lang='lat' dir='ltr'>et</span> <span class='ocrx_word' id='word_1_234' title='bbox 696 3040 755 3093; x_wconf 92' lang='lat' dir='ltr'>in</span> <span class='ocrx_word' id='word_1_235' title='bbox 815 3056 1014 3093; x_wconf 90' lang='lat' dir='ltr'>eorum</span> <span class='ocrx_word' id='word_1_236' title='bbox 1054 3040 1343 3093; x_wconf 87' lang='lat' dir='ltr'>consortio</span> <span class='ocrx_word' id='word_1_237' title='bbox 1401 3040 1835 3094; x_wconf 90' lang='lat' dir='ltr'>adnumeratam</span> 
     </span>
    </p>
   </div>
   <div class='ocr_carea' id='block_1_34' title="bbox 137 3127 1839 3198">
    <p class='ocr_par' dir='ltr' id='par_1_34' title="bbox 137 3127 1839 3198">
     <span class='ocr_line' id='line_1_34' title="bbox 137 3127 1839 3198; baseline -0.002 -15"><span class='ocrx_word' id='word_1_238' title='bbox 137 3146 270 3196; x_wconf 88' lang='lat' dir='ltr'>esse,</span> <span class='ocrx_word' id='word_1_239' title='bbox 305 3131 432 3184; x_wconf 72' lang='lat' dir='ltr'>haec</span> <span class='ocrx_word' id='word_1_240' title='bbox 482 3128 614 3182; x_wconf 89' lang='lat' dir='ltr'>talis</span> <span class='ocrx_word' id='word_1_241' title='bbox 643 3127 994 3182; x_wconf 88' lang='lat' dir='ltr'>omnimodis</span> <span class='ocrx_word' id='word_1_242' title='bbox 1024 3127 1209 3197; x_wconf 91' lang='lat' dir='ltr'>scopis</span> <span class='ocrx_word' id='word_1_243' title='bbox 1242 3132 1525 3197; x_wconf 87' lang='lat' dir='ltr'>correpta,</span> <span class='ocrx_word' id='word_1_244' title='bbox 1558 3143 1625 3180; x_wconf 88' lang='lat' dir='ltr'>ex</span> <span class='ocrx_word' id='word_1_245' title='bbox 1672 3142 1839 3198; x_wconf 89' lang='lat' dir='ltr'>paro-</span> 
     </span>
    </p>
   </div>
   <div class='ocr_carea' id='block_1_35' title="bbox 137 3218 564 3288">
    <p class='ocr_par' dir='ltr' id='par_1_35' title="bbox 137 3218 564 3288">
     <span class='ocr_line' id='line_1_35' title="bbox 137 3218 564 3288; baseline 0 -16"><span class='ocrx_word' id='word_1_246' title='bbox 137 3218 256 3272; x_wconf 90' lang='lat' dir='ltr'>chia</span> <span class='ocrx_word' id='word_1_247' title='bbox 275 3219 564 3288; x_wconf 82' lang='lat' dir='ltr'>ejiciatur.</span> 
     </span>
    </p>
   </div>
   <div class='ocr_carea' id='block_1_36' title="bbox 138 3302 1838 3373">
    <p class='ocr_par' dir='ltr' id='par_1_36' title="bbox 138 3302 1838 3373">
     <span class='ocr_line' id='line_1_36' title="bbox 138 3302 1838 3373; baseline -0.002 -12"><span class='ocrx_word' id='word_1_248' title='bbox 138 3308 254 3361; x_wconf 76' lang='lat' dir='ltr'>CAP.</span> <span class='ocrx_word' id='word_1_249' title='bbox 296 3307 459 3362; x_wconf 77' lang='lat' dir='ltr'><strong>XXX.</strong></span> <span class='ocrx_word' id='word_1_250' title='bbox 496 3309 569 3360; x_wconf 85' lang='lat' dir='ltr'>De</span> <span class='ocrx_word' id='word_1_251' title='bbox 596 3305 710 3359; x_wconf 84' lang='lat' dir='ltr'>illis</span> <span class='ocrx_word' id='word_1_252' title='bbox 740 3305 837 3372; x_wconf 87' lang='lat' dir='ltr'>qui</span> <span class='ocrx_word' id='word_1_253' title='bbox 866 3303 939 3357; x_wconf 82' lang='lat' dir='ltr'>ad</span> <span class='ocrx_word' id='word_1_254' title='bbox 989 3318 1117 3357; x_wconf 88' lang='lat' dir='ltr'>suas</span> <span class='ocrx_word' id='word_1_255' title='bbox 1156 3305 1431 3357; x_wconf 84' lang='lat' dir='ltr'>vanitates</span> <span class='ocrx_word' id='word_1_256' title='bbox 1474 3302 1838 3373; x_wconf 76' lang='lat' dir='ltr'>perﬁciendas</span> 
     </span>
    </p>
   </div>
   <div class='ocr_carea' id='block_1_37' title="bbox 702 3375 1266 3429">
    <p class='ocr_par' dir='ltr' id='par_1_37' title="bbox 702 3375 1266 3429">
     <span class='ocr_line' id='line_1_37' title="bbox 702 3375 1266 3429; baseline 0.002 -2"><span class='ocrx_word' id='word_1_257' title='bbox 702 3375 962 3429; x_wconf 73' lang='lat' dir='ltr'>daemones</span> <span class='ocrx_word' id='word_1_258' title='bbox 998 3377 1266 3428; x_wconf 80' lang='lat' dir='ltr'>invocant.</span> 
     </span>
    </p>
   </div>
   <div class='ocr_carea' id='block_1_38' title="bbox 201 3462 1839 3537">
    <p class='ocr_par' dir='ltr' id='par_1_38' title="bbox 201 3462 1839 3537">
     <span class='ocr_line' id='line_1_38' title="bbox 201 3462 1839 3537; baseline -0.002 -16"><span class='ocrx_word' id='word_1_259' title='bbox 201 3467 315 3536; x_wconf 73' lang='lat' dir='ltr'>(Ea:</span> <span class='ocrx_word' id='word_1_260' title='bbox 333 3465 709 3537; x_wconf 67' lang='lat' dir='ltr'>paenitentiali</span> <span class='ocrx_word' id='word_1_261' title='bbox 755 3464 910 3518; x_wconf 69' lang='lat' dir='ltr'>Beda:</span> <span class='ocrx_word' id='word_1_262' title='bbox 947 3464 1297 3533; x_wconf 80' lang='lat' dir='ltr'>presbyteri.)</span> <span class='ocrx_word' id='word_1_263' title='bbox 1350 3462 1684 3533; x_wconf 87' lang='lat' dir='ltr'>Quicunque</span> <span class='ocrx_word' id='word_1_264' title='bbox 1734 3478 1839 3533; x_wconf 91' lang='lat' dir='ltr'>pro</span> 
     </span>
    </p>
   </div>
   <div class='ocr_carea' id='block_1_39' title="bbox 138 3551 1835 3617">
    <p class='ocr_par' dir='ltr' id='par_1_39' title="bbox 138 3551 1835 3617">
     <span class='ocr_line' id='line_1_39' title="bbox 138 3551 1835 3617; baseline -0.001 -12"><span class='ocrx_word' id='word_1_265' title='bbox 138 3556 457 3608; x_wconf 87' lang='lat' dir='ltr'>curiositate</span> <span class='ocrx_word' id='word_1_266' title='bbox 518 3554 866 3617; x_wconf 81' lang='lat' dir='ltr'>futurorum,</span> <span class='ocrx_word' id='word_1_267' title='bbox 909 3552 997 3604; x_wconf 88' lang='lat' dir='ltr'>vel</span> <span class='ocrx_word' id='word_1_268' title='bbox 1053 3551 1439 3605; x_wconf 86' lang='lat' dir='ltr'>invocatorem</span> <span class='ocrx_word' id='word_1_269' title='bbox 1488 3552 1835 3616; x_wconf 86' lang='lat' dir='ltr'>daemonum,</span> 
     </span>
    </p>
   </div>
   <div class='ocr_carea' id='block_1_40' title="bbox 138 3640 1837 3713">
    <p class='ocr_par' dir='ltr' id='par_1_40' title="bbox 138 3640 1837 3713">
     <span class='ocr_line' id='line_1_40' title="bbox 138 3640 1837 3713; baseline 0 -20"><span class='ocrx_word' id='word_1_270' title='bbox 138 3644 219 3697; x_wconf 86' lang='lat' dir='ltr'>vel</span> <span class='ocrx_word' id='word_1_271' title='bbox 248 3644 478 3697; x_wconf 88' lang='lat' dir='ltr'>divinos</span> <span class='ocrx_word' id='word_1_272' title='bbox 505 3658 649 3713; x_wconf 90' lang='lat' dir='ltr'>quos</span> <span class='ocrx_word' id='word_1_273' title='bbox 669 3640 921 3694; x_wconf 89' lang='lat' dir='ltr'>hariolos</span> <span class='ocrx_word' id='word_1_274' title='bbox 952 3641 1267 3710; x_wconf 88' lang='lat' dir='ltr'>appellant,</span> <span class='ocrx_word' id='word_1_275' title='bbox 1297 3640 1383 3692; x_wconf 85' lang='lat' dir='ltr'>vel</span> <span class='ocrx_word' id='word_1_276' title='bbox 1412 3640 1702 3709; x_wconf 87' lang='lat' dir='ltr'>aruspices</span> <span class='ocrx_word' id='word_1_277' title='bbox 1736 3640 1837 3709; x_wconf 87' lang='lat' dir='ltr'>qui</span> 
     </span>
    </p>
   </div>
   <div class='ocr_carea' id='block_1_41' title="bbox 139 3729 1837 3800">
    <p class='ocr_par' dir='ltr' id='par_1_41' title="bbox 139 3729 1837 3800">
     <span class='ocr_line' id='line_1_41' title="bbox 139 3729 1837 3800; baseline 0 -18"><span class='ocrx_word' id='word_1_278' title='bbox 139 3732 370 3799; x_wconf 83' lang='lat' dir='ltr'>auguria</span> <span class='ocrx_word' id='word_1_279' title='bbox 429 3731 736 3800; x_wconf 91' lang='lat' dir='ltr'>colligunt,</span> <span class='ocrx_word' id='word_1_280' title='bbox 792 3730 1210 3795; x_wconf 85' lang='lat' dir='ltr'>consuluerint,</span> <span class='ocrx_word' id='word_1_281' title='bbox 1290 3729 1480 3783; x_wconf 90' lang='lat' dir='ltr'>clerici</span> <span class='ocrx_word' id='word_1_282' title='bbox 1534 3730 1604 3782; x_wconf 92' lang='lat' dir='ltr'>ab</span> <span class='ocrx_word' id='word_1_283' title='bbox 1678 3730 1837 3783; x_wconf 87' lang='lat' dir='ltr'>omni</span> 
     </span>
    </p>
   </div>
   <div class='ocr_carea' id='block_1_42' title="bbox 141 3817 1833 3888">
    <p class='ocr_par' dir='ltr' id='par_1_42' title="bbox 141 3817 1833 3888">
     <span class='ocr_line' id='line_1_42' title="bbox 141 3817 1833 3888; baseline 0.001 -17"><span class='ocrx_word' id='word_1_284' title='bbox 141 3820 316 3873; x_wconf 82' lang='lat' dir='ltr'>ofﬁcio</span> <span class='ocrx_word' id='word_1_285' title='bbox 336 3819 570 3886; x_wconf 91' lang='lat' dir='ltr'>remoti,</span> <span class='ocrx_word' id='word_1_286' title='bbox 597 3824 711 3872; x_wconf 91' lang='lat' dir='ltr'>tres</span> <span class='ocrx_word' id='word_1_287' title='bbox 731 3834 931 3881; x_wconf 88' lang='lat' dir='ltr'>annos,</span> <span class='ocrx_word' id='word_1_288' title='bbox 959 3817 1086 3871; x_wconf 90' lang='lat' dir='ltr'>laici</span> <span class='ocrx_word' id='word_1_289' title='bbox 1112 3817 1255 3872; x_wconf 90' lang='lat' dir='ltr'>duos</span> <span class='ocrx_word' id='word_1_290' title='bbox 1278 3834 1458 3871; x_wconf 89' lang='lat' dir='ltr'>annos</span> <span class='ocrx_word' id='word_1_291' title='bbox 1496 3817 1833 3888; x_wconf 78' lang='lat' dir='ltr'>pamiteant.</span> 
     </span>
    </p>
   </div>
   <div class='ocr_carea' id='block_1_43' title="bbox 142 3906 1838 4031">
    <p class='ocr_par' dir='ltr' id='par_1_43' title="bbox 142 3906 1838 4031">
     <span class='ocr_line' id='line_1_43' title="bbox 142 3906 1838 4031; baseline -0.001 -71"><span class='ocrx_word' id='word_1_292' title='bbox 142 3907 257 3963; x_wconf 70' lang='lat' dir='ltr'>Car.</span> <span class='ocrx_word' id='word_1_293' title='bbox 286 3910 458 3963; x_wconf 82' lang='lat' dir='ltr'><strong>XXXI.</strong></span> <span class='ocrx_word' id='word_1_294' title='bbox 484 3937 552 3948; x_wconf 92' lang='lat'><strong><em>—</em></strong></span> <span class='ocrx_word' id='word_1_295' title='bbox 583 3911 657 3962; x_wconf 92' lang='lat' dir='ltr'>De</span> <span class='ocrx_word' id='word_1_296' title='bbox 686 3908 799 3961; x_wconf 86' lang='lat' dir='ltr'>illis</span> <span class='ocrx_word' id='word_1_297' title='bbox 945 3911 1210 3959; x_wconf 86' lang='lat' dir='ltr'>nocturna</span> <span class='ocrx_word' id='word_1_298' title='bbox 1239 3908 1510 3975; x_wconf 83' lang='lat' dir='ltr'>sacriﬁcia</span> <span class='ocrx_word' id='word_1_299' title='bbox 1539 3906 1838 3960; x_wconf 76' lang='lat' dir='ltr'>daemonum</span> 
     </span>
     <span class='ocr_line' id='line_1_44' title="bbox 775 3982 1180 4031; baseline -0.002 0"><span class='ocrx_word' id='word_1_300' title='bbox 775 3994 879 4031; x_wconf 87' lang='lat' dir='ltr'>cec</span> <span class='ocrx_word' id='word_1_301' title='bbox 919 3982 1180 4031; x_wconf 85' lang='lat' dir='ltr'>raverint.</span> 
     </span>
    </p>
   </div>
   <div class='ocr_carea' id='block_1_44' title="bbox 775 3982 1180 4032">
    <p class='ocr_par' dir='ltr' id='par_1_44' title="bbox 775 3982 1180 4032">
     <span class='ocr_line' id='line_1_45' title="bbox 775 3982 1180 4032; baseline -0.007 0"><span class='ocrx_word' id='word_1_302' title='bbox 775 3982 1180 4032; x_wconf 81' lang='lat' dir='ltr'>celebraverint.</span> 
     </span>
    </p>
   </div>
   <div class='ocr_carea' id='block_1_45' title="bbox 208 4065 1837 4139">
    <p class='ocr_par' dir='ltr' id='par_1_45' title="bbox 208 4065 1837 4139">
     <span class='ocr_line' id='line_1_46' title="bbox 208 4065 1837 4139; baseline -0.002 -16"><span class='ocrx_word' id='word_1_303' title='bbox 208 4068 315 4136; x_wconf 70' lang='lat' dir='ltr'>(Ex</span> <span class='ocrx_word' id='word_1_304' title='bbox 392 4068 763 4139; x_wconf 77' lang='lat' dir='ltr'>paenitentiali</span> <span class='ocrx_word' id='word_1_305' title='bbox 814 4067 1090 4135; x_wconf 86' lang='lat' dir='ltr'>Romano.)</span> <span class='ocrx_word' id='word_1_306' title='bbox 1150 4065 1484 4137; x_wconf 88' lang='lat' dir='ltr'>Quicunque</span> <span class='ocrx_word' id='word_1_307' title='bbox 1559 4070 1837 4120; x_wconf 89' lang='lat' dir='ltr'>nocturna</span> 
     </span>
    </p>
   </div>
   <div class='ocr_carea' id='block_1_46' title="bbox 144 4153 1833 4220">
    <p class='ocr_par' dir='ltr' id='par_1_46' title="bbox 144 4153 1833 4220">
     <span class='ocr_line' id='line_1_47' title="bbox 144 4153 1833 4220; baseline 0.001 -14"><span class='ocrx_word' id='word_1_308' title='bbox 144 4156 407 4211; x_wconf 79' lang='lat' dir='ltr'>sacrificia</span> <span class='ocrx_word' id='word_1_309' title='bbox 470 4157 801 4210; x_wconf 62' lang='lat' dir='ltr'>daemonum</span> <span class='ocrx_word' id='word_1_310' title='bbox 857 4155 1293 4220; x_wconf 87' lang='lat' dir='ltr'>celebraverint,</span> <span class='ocrx_word' id='word_1_311' title='bbox 1352 4155 1438 4208; x_wconf 88' lang='lat' dir='ltr'>vel</span> <span class='ocrx_word' id='word_1_312' title='bbox 1494 4153 1833 4208; x_wconf 88' lang='lat' dir='ltr'>incantatio-</span> 
     </span>
    </p>
   </div>
   <div class='ocr_carea' id='block_1_47' title="bbox 142 4243 1835 4315">
    <p class='ocr_par' dir='ltr' id='par_1_47' title="bbox 142 4243 1835 4315">
     <span class='ocr_line' id='line_1_48' title="bbox 142 4243 1835 4315; baseline 0.002 -20"><span class='ocrx_word' id='word_1_313' title='bbox 142 4244 298 4299; x_wconf 89' lang='lat' dir='ltr'>nibus</span> <span class='ocrx_word' id='word_1_314' title='bbox 331 4246 626 4300; x_wconf 72' lang='lat' dir='ltr'>daamones</span> <span class='ocrx_word' id='word_1_315' title='bbox 658 4260 1002 4315; x_wconf 90' lang='lat' dir='ltr'>quacunque</span> <span class='ocrx_word' id='word_1_316' title='bbox 1052 4248 1170 4297; x_wconf 90' lang='lat' dir='ltr'>arte</span> <span class='ocrx_word' id='word_1_317' title='bbox 1203 4243 1274 4297; x_wconf 90' lang='lat' dir='ltr'>ad</span> <span class='ocrx_word' id='word_1_318' title='bbox 1309 4258 1412 4298; x_wconf 89' lang='lat' dir='ltr'>sua</span> <span class='ocrx_word' id='word_1_319' title='bbox 1452 4248 1583 4297; x_wconf 90' lang='lat' dir='ltr'>vota</span> <span class='ocrx_word' id='word_1_320' title='bbox 1620 4243 1835 4298; x_wconf 90' lang='lat' dir='ltr'>invita-</span> 
     </span>
    </p>
   </div>
   <div class='ocr_carea' id='block_1_48' title="bbox 139 4332 1068 4403">
    <p class='ocr_par' dir='ltr' id='par_1_48' title="bbox 139 4332 1068 4403">
     <span class='ocr_line' id='line_1_49' title="bbox 139 4332 1068 4403; baseline 0.003 -21"><span class='ocrx_word' id='word_1_321' title='bbox 139 4332 334 4398; x_wconf 88' lang='lat' dir='ltr'>verint,</span> <span class='ocrx_word' id='word_1_322' title='bbox 364 4339 487 4388; x_wconf 88' lang='lat' dir='ltr'>tres</span> <span class='ocrx_word' id='word_1_323' title='bbox 516 4350 697 4387; x_wconf 90' lang='lat' dir='ltr'>annos</span> <span class='ocrx_word' id='word_1_324' title='bbox 726 4332 1068 4403; x_wconf 70' lang='lat' dir='ltr'>pmniteant.</span> 
     </span>
    </p>
   </div>
   <div class='ocr_carea' id='block_1_49' title="bbox 140 4419 1835 4503">
    <p class='ocr_par' dir='ltr' id='par_1_49' title="bbox 140 4419 1835 4503">
     <span class='ocr_line' id='line_1_50' title="bbox 140 4419 1835 4503; baseline 0.001 -29"><span class='ocrx_word' id='word_1_325' title='bbox 140 4419 257 4475; x_wconf 78' lang='lat' dir='ltr'>CAP.</span> <span class='ocrx_word' id='word_1_326' title='bbox 291 4423 490 4479; x_wconf 85' lang='lat' dir='ltr'><strong>XXXII.</strong></span> <span class='ocrx_word' id='word_1_327' title='bbox 519 4452 587 4463; x_wconf 90' lang='lat'><strong>—</strong></span> <span class='ocrx_word' id='word_1_328' title='bbox 608 4425 682 4476; x_wconf 91' lang='lat' dir='ltr'>De</span> <span class='ocrx_word' id='word_1_329' title='bbox 706 4424 817 4475; x_wconf 89' lang='lat' dir='ltr'>illis</span> <span class='ocrx_word' id='word_1_330' title='bbox 848 4423 946 4503; x_wconf 82' lang='lat' dir='ltr'>qui</span> <span class='ocrx_word' id='word_1_331' title='bbox 975 4420 1048 4474; x_wconf 86' lang='lat' dir='ltr'>ad</span> <span class='ocrx_word' id='word_1_332' title='bbox 1077 4420 1294 4503; x_wconf 76' lang='lat' dir='ltr'>arbores</span> <span class='ocrx_word' id='word_1_333' title='bbox 1320 4420 1403 4474; x_wconf 87' lang='lat' dir='ltr'>vel</span> <span class='ocrx_word' id='word_1_334' title='bbox 1427 4419 1501 4474; x_wconf 89' lang='lat' dir='ltr'>ad</span> <span class='ocrx_word' id='word_1_335' title='bbox 1528 4421 1703 4486; x_wconf 82' lang='lat' dir='ltr'>fontes</span> <span class='ocrx_word' id='word_1_336' title='bbox 1729 4422 1835 4475; x_wconf 89' lang='lat' dir='ltr'>ali-</span> 
     </span>
    </p>
   </div>
   <div class='ocr_carea' id='block_1_50' title="bbox 706 4498 1265 4561">
    <p class='ocr_par' dir='ltr' id='par_1_50' title="bbox 706 4498 1265 4561">
     <span class='ocr_line' id='line_1_51' title="bbox 706 4498 1265 4561; baseline -0.004 -15"><span class='ocrx_word' id='word_1_337' title='bbox 706 4509 815 4561; x_wconf 88' lang='lat' dir='ltr'>qua</span> <span class='ocrx_word' id='word_1_338' title='bbox 844 4498 973 4546; x_wconf 88' lang='lat' dir='ltr'>vola</span> <span class='ocrx_word' id='word_1_339' title='bbox 1004 4498 1265 4545; x_wconf 87' lang='lat' dir='ltr'>voverint.</span> 
     </span>
    </p>
   </div>
   <div class='ocr_carea' id='block_1_51' title="bbox 205 4579 1835 4650">
    <p class='ocr_par' dir='ltr' id='par_1_51' title="bbox 205 4579 1835 4650">
     <span class='ocr_line' id='line_1_52' title="bbox 205 4579 1835 4650; baseline -0.002 -14"><span class='ocrx_word' id='word_1_340' title='bbox 205 4580 307 4649; x_wconf 74' lang='lat' dir='ltr'>(Ea:</span> <span class='ocrx_word' id='word_1_341' title='bbox 334 4583 566 4637; x_wconf 84' lang='lat' dir='ltr'>concilio</span> <span class='ocrx_word' id='word_1_342' title='bbox 595 4584 924 4650; x_wconf 77' lang='lat' dir='ltr'>Agat/iensi,</span> <span class='ocrx_word' id='word_1_343' title='bbox 958 4584 1136 4650; x_wconf 89' lang='lat' dir='ltr'>capite</span> <span class='ocrx_word' id='word_1_344' title='bbox 1167 4579 1243 4650; x_wconf 78' lang='grc' dir='ltr'>ὅ.)</span> <span class='ocrx_word' id='word_1_345' title='bbox 1277 4579 1759 4634; x_wconf 88' lang='lat' dir='ltr'>Perscrutandum</span> <span class='ocrx_word' id='word_1_346' title='bbox 1788 4579 1835 4632; x_wconf 89' lang='lat' dir='ltr'>si</span> 
     </span>
    </p>
   </div>
   <div class='ocr_carea' id='block_1_52' title="bbox 142 4668 1831 4740">
    <p class='ocr_par' dir='ltr' id='par_1_52' title="bbox 142 4668 1831 4740">
     <span class='ocr_line' id='line_1_53' title="bbox 142 4668 1831 4740; baseline 0.001 -20"><span class='ocrx_word' id='word_1_347' title='bbox 142 4668 332 4740; x_wconf 87' lang='lat' dir='ltr'>aliquis</span> <span class='ocrx_word' id='word_1_348' title='bbox 360 4677 493 4726; x_wconf 87' lang='lat' dir='ltr'>vota</span> <span class='ocrx_word' id='word_1_349' title='bbox 524 4671 594 4725; x_wconf 89' lang='lat' dir='ltr'>ad</span> <span class='ocrx_word' id='word_1_350' title='bbox 625 4670 877 4733; x_wconf 86' lang='lat' dir='ltr'>arbores,</span> <span class='ocrx_word' id='word_1_351' title='bbox 916 4670 986 4724; x_wconf 90' lang='lat' dir='ltr'>ad</span> <span class='ocrx_word' id='word_1_352' title='bbox 1013 4670 1221 4737; x_wconf 87' lang='lat' dir='ltr'>fontes,</span> <span class='ocrx_word' id='word_1_353' title='bbox 1257 4668 1339 4724; x_wconf 90' lang='lat' dir='ltr'>vel</span> <span class='ocrx_word' id='word_1_354' title='bbox 1371 4668 1442 4723; x_wconf 89' lang='lat' dir='ltr'>ad</span> <span class='ocrx_word' id='word_1_355' title='bbox 1476 4668 1716 4738; x_wconf 87' lang='lat' dir='ltr'>lapides,</span> <span class='ocrx_word' id='word_1_356' title='bbox 1740 4668 1831 4722; x_wconf 89' lang='lat' dir='ltr'>vel</span> 
     </span>
    </p>
   </div>
   <div class='ocr_carea' id='block_1_53' title="bbox 145 4756 1833 4831">
    <p class='ocr_par' dir='ltr' id='par_1_53' title="bbox 145 4756 1833 4831">
     <span class='ocr_line' id='line_1_54' title="bbox 145 4756 1833 4831; baseline 0.001 -21"><span class='ocrx_word' id='word_1_357' title='bbox 145 4760 408 4826; x_wconf 88' lang='lat' dir='ltr'>quosdam</span> <span class='ocrx_word' id='word_1_358' title='bbox 449 4758 618 4831; x_wconf 87' lang='lat' dir='ltr'>quasi</span> <span class='ocrx_word' id='word_1_359' title='bbox 677 4759 747 4813; x_wconf 90' lang='lat' dir='ltr'>ad</span> <span class='ocrx_word' id='word_1_360' title='bbox 782 4757 983 4812; x_wconf 89' lang='lat' dir='ltr'>altaria</span> <span class='ocrx_word' id='word_1_361' title='bbox 1030 4757 1218 4822; x_wconf 87' lang='lat' dir='ltr'>faciat,</span> <span class='ocrx_word' id='word_1_362' title='bbox 1252 4761 1351 4811; x_wconf 85' lang='lat' dir='ltr'>aut</span> <span class='ocrx_word' id='word_1_363' title='bbox 1396 4756 1480 4811; x_wconf 92' lang='lat' dir='ltr'>ibi</span> <span class='ocrx_word' id='word_1_364' title='bbox 1536 4757 1833 4811; x_wconf 89' lang='lat' dir='ltr'>candelam</span> 
     </span>
    </p>
   </div>
   <div class='ocr_carea' id='block_1_54' title="bbox 145 4845 1833 4918">
    <p class='ocr_par' dir='ltr' id='par_1_54' title="bbox 145 4845 1833 4918">
     <span class='ocr_line' id='line_1_55' title="bbox 145 4845 1833 4918; baseline 0.001 -20"><span class='ocrx_word' id='word_1_365' title='bbox 145 4860 233 4899; x_wconf 88' lang='lat' dir='ltr'>seu</span> <span class='ocrx_word' id='word_1_366' title='bbox 266 4849 567 4918; x_wconf 87' lang='lat' dir='ltr'>quodlibet</span> <span class='ocrx_word' id='word_1_367' title='bbox 611 4863 820 4901; x_wconf 89' lang='lat' dir='ltr'>munus</span> <span class='ocrx_word' id='word_1_368' title='bbox 873 4846 1113 4911; x_wconf 85' lang='lat' dir='ltr'>deferat,</span> <span class='ocrx_word' id='word_1_369' title='bbox 1174 4845 1351 4899; x_wconf 89' lang='lat' dir='ltr'>veluti</span> <span class='ocrx_word' id='word_1_370' title='bbox 1405 4845 1485 4899; x_wconf 91' lang='lat' dir='ltr'>ibi</span> <span class='ocrx_word' id='word_1_371' title='bbox 1544 4845 1833 4915; x_wconf 87' lang='lat' dir='ltr'>quoddam</span> 
     </span>
    </p>
   </div>
   <div class='ocr_carea' id='block_1_55' title="bbox 144 4934 1759 5007">
    <p class='ocr_par' dir='ltr' id='par_1_55' title="bbox 144 4934 1759 5007">
     <span class='ocr_line' id='line_1_56' title="bbox 144 4934 1759 5007; baseline 0.002 -22"><span class='ocrx_word' id='word_1_372' title='bbox 144 4948 341 4990; x_wconf 90' lang='lat' dir='ltr'>numen</span> <span class='ocrx_word' id='word_1_373' title='bbox 372 4939 465 5004; x_wconf 88' lang='lat' dir='ltr'>sit,</span> <span class='ocrx_word' id='word_1_374' title='bbox 498 4937 655 5007; x_wconf 90' lang='lat' dir='ltr'>quod</span> <span class='ocrx_word' id='word_1_375' title='bbox 690 4937 904 4990; x_wconf 91' lang='lat' dir='ltr'>bonum</span> <span class='ocrx_word' id='word_1_376' title='bbox 935 4940 1034 4989; x_wconf 90' lang='lat' dir='ltr'>aut</span> <span class='ocrx_word' id='word_1_377' title='bbox 1063 4936 1278 4988; x_wconf 90' lang='lat' dir='ltr'>malum</span> <span class='ocrx_word' id='word_1_378' title='bbox 1310 4934 1490 5005; x_wconf 86' lang='lat' dir='ltr'>possit</span> <span class='ocrx_word' id='word_1_379' title='bbox 1526 4934 1759 4990; x_wconf 87' lang='lat' dir='ltr'>inferre.</span> 
     </span>
    </p>
   </div>
   <div class='ocr_carea' id='block_1_56' title="bbox 144 5020 1830 5092">
    <p class='ocr_par' dir='ltr' id='par_1_56' title="bbox 144 5020 1830 5092">
     <span class='ocr_line' id='line_1_57' title="bbox 144 5020 1830 5092; baseline 0 -17"><span class='ocrx_word' id='word_1_380' title='bbox 144 5020 265 5077; x_wconf 80' lang='lat' dir='ltr'>CAP.</span> <span class='ocrx_word' id='word_1_381' title='bbox 294 5026 519 5080; x_wconf 87' lang='lat' dir='ltr'><strong>XXXIII.</strong></span> <span class='ocrx_word' id='word_1_382' title='bbox 552 5036 626 5064; x_wconf 82' lang='lat'>-&#39;—-</span> <span class='ocrx_word' id='word_1_383' title='bbox 658 5027 732 5079; x_wconf 91' lang='lat' dir='ltr'>De</span> <span class='ocrx_word' id='word_1_384' title='bbox 763 5026 874 5079; x_wconf 82' lang='lat' dir='ltr'>illis</span> <span class='ocrx_word' id='word_1_385' title='bbox 906 5026 1023 5092; x_wconf 87' lang='lat' dir='ltr'>qui,</span> <span class='ocrx_word' id='word_1_386' title='bbox 1070 5022 1289 5091; x_wconf 84' lang='lat' dir='ltr'>quando</span> <span class='ocrx_word' id='word_1_387' title='bbox 1329 5024 1458 5075; x_wconf 88' lang='lat' dir='ltr'>luna</span> <span class='ocrx_word' id='word_1_388' title='bbox 1490 5022 1830 5089; x_wconf 83' lang='lat' dir='ltr'>obscuratur,</span> 
     </span>
    </p>
   </div>
   <div class='ocr_carea' id='block_1_57' title="bbox 338 5096 1614 5163">
    <p class='ocr_par' dir='ltr' id='par_1_57' title="bbox 338 5096 1614 5163">
     <span class='ocr_line' id='line_1_58' title="bbox 338 5096 1614 5163; baseline -0.003 -13"><span class='ocrx_word' id='word_1_389' title='bbox 338 5100 596 5151; x_wconf 85' lang='lat' dir='ltr'>clamores</span> <span class='ocrx_word' id='word_1_390' title='bbox 626 5110 751 5149; x_wconf 91' lang='lat' dir='ltr'>suos</span> <span class='ocrx_word' id='word_1_391' title='bbox 768 5104 816 5150; x_wconf 91' lang='lat' dir='ltr'>et</span> <span class='ocrx_word' id='word_1_392' title='bbox 844 5097 1109 5163; x_wconf 81' lang='lat' dir='ltr'>maleﬁcia</span> <span class='ocrx_word' id='word_1_393' title='bbox 1130 5110 1230 5148; x_wconf 86' lang='lat' dir='ltr'>sua</span> <span class='ocrx_word' id='word_1_394' title='bbox 1258 5096 1614 5147; x_wconf 68' lang='lat' dir='ltr'>exercuerim.</span> 
     </span>
    </p>
   </div>
   <div class='ocr_carea' id='block_1_58' title="bbox 205 5182 1835 5253">
    <p class='ocr_par' dir='ltr' id='par_1_58' title="bbox 205 5182 1835 5253">
     <span class='ocr_line' id='line_1_59' title="bbox 205 5182 1835 5253; baseline -0.001 -18"><span class='ocrx_word' id='word_1_395' title='bbox 205 5184 305 5245; x_wconf 74' lang='lat' dir='ltr'>(Er</span> <span class='ocrx_word' id='word_1_396' title='bbox 324 5188 545 5239; x_wconf 86' lang='lat' dir='ltr'>concilio</span> <span class='ocrx_word' id='word_1_397' title='bbox 568 5185 873 5247; x_wconf 63' lang='lat' dir='ltr'>Arelatem,</span> <span class='ocrx_word' id='word_1_398' title='bbox 917 5185 1093 5251; x_wconf 84' lang='lat' dir='ltr'>capite</span> <span class='ocrx_word' id='word_1_399' title='bbox 1111 5182 1186 5253; x_wconf 83' lang='lat'>5.)</span> <span class='ocrx_word' id='word_1_400' title='bbox 1205 5182 1543 5252; x_wconf 89' lang='lat' dir='ltr'>Quicunque</span> <span class='ocrx_word' id='word_1_401' title='bbox 1566 5195 1835 5234; x_wconf 83' lang='lat' dir='ltr'>exercue-</span> 
     </span>
    </p>
   </div>
   <div class='ocr_carea' id='block_1_59' title="bbox 144 5264 1833 5344">
    <p class='ocr_par' dir='ltr' id='par_1_59' title="bbox 144 5264 1833 5344">
     <span class='ocr_line' id='line_1_60' title="bbox 144 5264 1833 5344; baseline 0.004 -29"><span class='ocrx_word' id='word_1_402' title='bbox 144 5264 246 5320; x_wconf 87' lang='lat' dir='ltr'>rint</span> <span class='ocrx_word' id='word_1_403' title='bbox 274 5270 392 5337; x_wconf 88' lang='lat' dir='ltr'>hoc,</span> <span class='ocrx_word' id='word_1_404' title='bbox 428 5272 662 5342; x_wconf 86' lang='lat' dir='ltr'>quando</span> <span class='ocrx_word' id='word_1_405' title='bbox 719 5271 855 5324; x_wconf 88' lang='lat' dir='ltr'>luna</span> <span class='ocrx_word' id='word_1_406' title='bbox 899 5271 1255 5336; x_wconf 88' lang='lat' dir='ltr'>obscuratur,</span> <span class='ocrx_word' id='word_1_407' title='bbox 1308 5275 1371 5323; x_wconf 91' lang='lat' dir='ltr'>ut</span> <span class='ocrx_word' id='word_1_408' title='bbox 1399 5285 1529 5344; x_wconf 78' lang='lat' dir='ltr'>cum</span> <span class='ocrx_word' id='word_1_409' title='bbox 1561 5269 1833 5323; x_wconf 89' lang='lat' dir='ltr'>clamori-</span> 
     </span>
    </p>
   </div>
   <div class='ocr_carea' id='block_1_60' title="bbox 144 5351 1830 5427">
    <p class='ocr_par' dir='ltr' id='par_1_60' title="bbox 144 5351 1830 5427">
     <span class='ocr_line' id='line_1_61' title="bbox 144 5351 1830 5427; baseline 0.004 -24"><span class='ocrx_word' id='word_1_410' title='bbox 144 5351 236 5406; x_wconf 89' lang='lat' dir='ltr'>bus</span> <span class='ocrx_word' id='word_1_411' title='bbox 288 5357 400 5410; x_wconf 89' lang='lat' dir='ltr'>suis</span> <span class='ocrx_word' id='word_1_412' title='bbox 453 5374 518 5411; x_wconf 89' lang='lat' dir='ltr'>ac</span> <span class='ocrx_word' id='word_1_413' title='bbox 570 5358 866 5411; x_wconf 86' lang='lat' dir='ltr'>maleticiis</span> <span class='ocrx_word' id='word_1_414' title='bbox 922 5362 979 5411; x_wconf 89' lang='lat' dir='ltr'>et</span> <span class='ocrx_word' id='word_1_415' title='bbox 1041 5358 1318 5427; x_wconf 87' lang='lat' dir='ltr'>sacrilego</span> <span class='ocrx_word' id='word_1_416' title='bbox 1376 5373 1485 5411; x_wconf 88' lang='lat' dir='ltr'>usu</span> <span class='ocrx_word' id='word_1_417' title='bbox 1544 5373 1602 5411; x_wconf 90' lang='lat' dir='ltr'>se</span> <span class='ocrx_word' id='word_1_418' title='bbox 1663 5372 1830 5427; x_wconf 90' lang='lat' dir='ltr'>posse</span> 
     </span>
    </p>
   </div>
   <div class='ocr_carea' id='block_1_61' title="bbox 146 5440 1829 5518">
    <p class='ocr_par' dir='ltr' id='par_1_61' title="bbox 146 5440 1829 5518">
     <span class='ocr_line' id='line_1_62' title="bbox 146 5440 1829 5518; baseline 0.004 -25"><span class='ocrx_word' id='word_1_419' title='bbox 146 5440 432 5500; x_wconf 85' lang='lat' dir='ltr'>defendere</span> <span class='ocrx_word' id='word_1_420' title='bbox 453 5448 712 5511; x_wconf 85' lang='lat' dir='ltr'>credant,</span> <span class='ocrx_word' id='word_1_421' title='bbox 746 5451 803 5500; x_wconf 91' lang='lat' dir='ltr'>et</span> <span class='ocrx_word' id='word_1_422' title='bbox 832 5447 1164 5518; x_wconf 89' lang='lat' dir='ltr'>quicunque</span> <span class='ocrx_word' id='word_1_423' title='bbox 1194 5446 1418 5500; x_wconf 89' lang='lat' dir='ltr'>divinos</span> <span class='ocrx_word' id='word_1_424' title='bbox 1448 5450 1829 5517; x_wconf 61' lang='lat' dir='ltr'>praecantato-</span> 
     </span>
    </p>
   </div>
   <div class='ocr_carea' id='block_1_62' title="bbox 146 5534 1834 5605">
    <p class='ocr_par' dir='ltr' id='par_1_62' title="bbox 146 5534 1834 5605">
     <span class='ocr_line' id='line_1_63' title="bbox 146 5534 1834 5605; baseline 0.004 -22"><span class='ocrx_word' id='word_1_425' title='bbox 146 5544 224 5583; x_wconf 89' lang='lat' dir='ltr'>res</span> <span class='ocrx_word' id='word_1_426' title='bbox 251 5534 596 5605; x_wconf 81' lang='lat' dir='ltr'>phylacteria</span> <span class='ocrx_word' id='word_1_427' title='bbox 619 5535 793 5589; x_wconf 88' lang='lat' dir='ltr'>etiam</span> <span class='ocrx_word' id='word_1_428' title='bbox 819 5535 1119 5602; x_wconf 85' lang='lat' dir='ltr'>diabolica,</span> <span class='ocrx_word' id='word_1_429' title='bbox 1148 5536 1237 5589; x_wconf 90' lang='lat' dir='ltr'>vel</span> <span class='ocrx_word' id='word_1_430' title='bbox 1257 5534 1609 5589; x_wconf 87' lang='lat' dir='ltr'>characteres</span> <span class='ocrx_word' id='word_1_431' title='bbox 1642 5534 1834 5589; x_wconf 88' lang='lat' dir='ltr'>diabo-</span> 
     </span>
    </p>
   </div>
   <div class='ocr_carea' id='block_1_63' title="bbox 146 5616 1832 5693">
    <p class='ocr_par' dir='ltr' id='par_1_63' title="bbox 146 5616 1832 5693">
     <span class='ocr_line' id='line_1_64' title="bbox 146 5616 1832 5693; baseline 0.002 -19"><span class='ocrx_word' id='word_1_432' title='bbox 146 5616 289 5689; x_wconf 86' lang='lat' dir='ltr'>licos,</span> <span class='ocrx_word' id='word_1_433' title='bbox 320 5624 405 5678; x_wconf 88' lang='lat' dir='ltr'>vel</span> <span class='ocrx_word' id='word_1_434' title='bbox 435 5625 666 5691; x_wconf 85' lang='lat' dir='ltr'>herbas,</span> <span class='ocrx_word' id='word_1_435' title='bbox 699 5625 787 5679; x_wconf 85' lang='lat' dir='ltr'>vel</span> <span class='ocrx_word' id='word_1_436' title='bbox 826 5641 1007 5690; x_wconf 87' lang='lat' dir='ltr'>sucos,</span> <span class='ocrx_word' id='word_1_437' title='bbox 1043 5624 1161 5678; x_wconf 87' lang='lat' dir='ltr'>suis</span> <span class='ocrx_word' id='word_1_438' title='bbox 1206 5622 1295 5679; x_wconf 93' lang='lat' dir='ltr'>vel</span> <span class='ocrx_word' id='word_1_439' title='bbox 1342 5623 1449 5678; x_wconf 90' lang='lat' dir='ltr'>sibi</span> <span class='ocrx_word' id='word_1_440' title='bbox 1493 5622 1832 5693; x_wconf 85' lang='lat' dir='ltr'>impendere</span> 
     </span>
    </p>
   </div>
   <div class='ocr_carea' id='block_1_64' title="bbox 1958 580 3657 652">
    <p class='ocr_par' dir='ltr' id='par_1_64' title="bbox 1958 580 3657 652">
     <span class='ocr_line' id='line_1_65' title="bbox 1958 580 3657 652; baseline 0.005 -22"><span class='ocrx_word' id='word_1_441' title='bbox 1958 580 2157 631; x_wconf 81' lang='lat' dir='ltr'>Kalen.</span> <span class='ocrx_word' id='word_1_442' title='bbox 2222 580 2425 633; x_wconf 89' lang='lat' dir='ltr'>Ianua.</span> <span class='ocrx_word' id='word_1_443' title='bbox 2463 582 2781 634; x_wconf 88' lang='lat' dir='ltr'>secundum</span> <span class='ocrx_word' id='word_1_444' title='bbox 2844 598 3125 652; x_wconf 86' lang='lat' dir='ltr'>paganam</span> <span class='ocrx_word' id='word_1_445' title='bbox 3183 585 3657 640; x_wconf 89' lang='lat' dir='ltr'>consuetudinem</span> 
     </span>
    </p>
   </div>
   <div class='ocr_carea' id='block_1_65' title="bbox 1950 666 3657 743">
    <p class='ocr_par' dir='ltr' id='par_1_65' title="bbox 1950 666 3657 743">
     <span class='ocr_line' id='line_1_66' title="bbox 1950 666 3657 743; baseline 0.004 -24"><span class='ocrx_word' id='word_1_446' title='bbox 1950 666 2234 719; x_wconf 85' lang='lat' dir='ltr'>honorare</span> <span class='ocrx_word' id='word_1_447' title='bbox 2294 669 2747 736; x_wconf 71' lang='lat' dir='ltr'>praesumpserit,</span> <span class='ocrx_word' id='word_1_448' title='bbox 2814 672 3128 724; x_wconf 90' lang='lat' dir='ltr'>monachus</span> <span class='ocrx_word' id='word_1_449' title='bbox 3184 687 3237 737; x_wconf 91' lang='lat' dir='ltr'>v,</span> <span class='ocrx_word' id='word_1_450' title='bbox 3291 673 3529 727; x_wconf 89' lang='lat' dir='ltr'>clericus</span> <span class='ocrx_word' id='word_1_451' title='bbox 3579 692 3657 743; x_wconf 80' lang='lat' dir='ltr'>iv,</span> 
     </span>
    </p>
   </div>
   <div class='ocr_carea' id='block_1_66' title="bbox 1951 755 2767 826">
    <p class='ocr_par' dir='ltr' id='par_1_66' title="bbox 1951 755 2767 826">
     <span class='ocr_line' id='line_1_67' title="bbox 1951 755 2767 826; baseline 0.002 -18"><span class='ocrx_word' id='word_1_452' title='bbox 1951 755 2130 809; x_wconf 89' lang='lat' dir='ltr'>laicus</span> <span class='ocrx_word' id='word_1_453' title='bbox 2162 772 2219 821; x_wconf 77' lang='grc' dir='ltr'>ιι,</span> <span class='ocrx_word' id='word_1_454' title='bbox 2255 771 2435 808; x_wconf 89' lang='lat' dir='ltr'>annos</span> <span class='ocrx_word' id='word_1_455' title='bbox 2474 758 2767 826; x_wconf 87' lang='lat' dir='ltr'>poeniteat.</span> 
     </span>
    </p>
   </div>
   <div class='ocr_carea' id='block_1_67' title="bbox 1952 862 3660 932">
    <p class='ocr_par' dir='ltr' id='par_1_67' title="bbox 1952 862 3660 932">
     <span class='ocr_line' id='line_1_68' title="bbox 1952 862 3660 932; baseline 0.004 -17"><span class='ocrx_word' id='word_1_456' title='bbox 1952 862 2078 915; x_wconf 61' lang='lat' dir='ltr'>Car.</span> <span class='ocrx_word' id='word_1_457' title='bbox 2114 862 2331 915; x_wconf 89' lang='lat' dir='ltr'><strong>XXXIV.</strong></span> <span class='ocrx_word' id='word_1_458' title='bbox 2375 891 2443 902; x_wconf 90' lang='lat'><em>-</em></span> <span class='ocrx_word' id='word_1_459' title='bbox 2474 866 2548 917; x_wconf 88' lang='lat' dir='ltr'>De</span> <span class='ocrx_word' id='word_1_460' title='bbox 2593 865 2707 917; x_wconf 81' lang='lat' dir='ltr'>illis</span> <span class='ocrx_word' id='word_1_461' title='bbox 2748 866 2843 932; x_wconf 86' lang='lat' dir='ltr'>qui</span> <span class='ocrx_word' id='word_1_462' title='bbox 2881 864 3147 919; x_wconf 77' lang='lat' dir='ltr'>vanitates</span> <span class='ocrx_word' id='word_1_463' title='bbox 3177 881 3303 921; x_wconf 87' lang='lat' dir='ltr'>suas</span> <span class='ocrx_word' id='word_1_464' title='bbox 3329 869 3386 920; x_wconf 88' lang='lat' dir='ltr'>in</span> <span class='ocrx_word' id='word_1_465' title='bbox 3417 868 3660 921; x_wconf 68' lang='lat' dir='ltr'>erccubiis</span> 
     </span>
    </p>
   </div>
   <div class='ocr_carea' id='block_1_68' title="bbox 2620 937 2978 989">
    <p class='ocr_par' dir='ltr' id='par_1_68' title="bbox 2620 937 2978 989">
     <span class='ocr_line' id='line_1_69' title="bbox 2620 937 2978 989; baseline 0.006 -2"><span class='ocrx_word' id='word_1_466' title='bbox 2620 937 2978 989; x_wconf 69' lang='lat' dir='ltr'>exercuerim.</span> 
     </span>
    </p>
   </div>
   <div class='ocr_carea' id='block_1_69' title="bbox 2024 1020 3659 1092">
    <p class='ocr_par' dir='ltr' id='par_1_69' title="bbox 2024 1020 3659 1092">
     <span class='ocr_line' id='line_1_70' title="bbox 2024 1020 3659 1092; baseline 0.004 -19"><span class='ocrx_word' id='word_1_467' title='bbox 2024 1020 2132 1090; x_wconf 74' lang='lat' dir='ltr'>(Ea:</span> <span class='ocrx_word' id='word_1_468' title='bbox 2180 1020 2386 1087; x_wconf 86' lang='lat' dir='ltr'>eodem,</span> <span class='ocrx_word' id='word_1_469' title='bbox 2432 1024 2609 1089; x_wconf 87' lang='lat' dir='ltr'>capite</span> <span class='ocrx_word' id='word_1_470' title='bbox 2661 1022 2737 1091; x_wconf 90' lang='lat'>3.)</span> <span class='ocrx_word' id='word_1_471' title='bbox 2772 1021 2919 1076; x_wconf 86' lang='lat' dir='ltr'>Laici</span> <span class='ocrx_word' id='word_1_472' title='bbox 2971 1021 3071 1092; x_wconf 91' lang='lat' dir='ltr'>qui</span> <span class='ocrx_word' id='word_1_473' title='bbox 3114 1024 3380 1078; x_wconf 82' lang='lat' dir='ltr'>excubias</span> <span class='ocrx_word' id='word_1_474' title='bbox 3442 1026 3659 1080; x_wconf 85' lang='lat' dir='ltr'>funeris</span> 
     </span>
    </p>
   </div>
   <div class='ocr_carea' id='block_1_70' title="bbox 1951 1108 3661 1176">
    <p class='ocr_par' dir='ltr' id='par_1_70' title="bbox 1951 1108 3661 1176">
     <span class='ocr_line' id='line_1_71' title="bbox 1951 1108 3661 1176; baseline 0.005 -16"><span class='ocrx_word' id='word_1_475' title='bbox 1951 1108 2279 1176; x_wconf 87' lang='lat' dir='ltr'>observant,</span> <span class='ocrx_word' id='word_1_476' title='bbox 2310 1124 2440 1161; x_wconf 90' lang='lat' dir='ltr'>cum</span> <span class='ocrx_word' id='word_1_477' title='bbox 2488 1109 2697 1162; x_wconf 89' lang='lat' dir='ltr'>timore</span> <span class='ocrx_word' id='word_1_478' title='bbox 2730 1114 2786 1162; x_wconf 90' lang='lat' dir='ltr'>et</span> <span class='ocrx_word' id='word_1_479' title='bbox 2814 1116 3062 1164; x_wconf 88' lang='lat' dir='ltr'>tremore</span> <span class='ocrx_word' id='word_1_480' title='bbox 3109 1117 3166 1166; x_wconf 90' lang='lat' dir='ltr'>et</span> <span class='ocrx_word' id='word_1_481' title='bbox 3204 1114 3521 1168; x_wconf 84' lang='lat' dir='ltr'>reverentia</span> <span class='ocrx_word' id='word_1_482' title='bbox 3552 1115 3661 1169; x_wconf 91' lang='lat' dir='ltr'>hoc</span> 
     </span>
    </p>
   </div>
   <div class='ocr_carea' id='block_1_71' title="bbox 1950 1194 3658 1267">
    <p class='ocr_par' dir='ltr' id='par_1_71' title="bbox 1950 1194 3658 1267">
     <span class='ocr_line' id='line_1_72' title="bbox 1950 1194 3658 1267; baseline 0.006 -19"><span class='ocrx_word' id='word_1_483' title='bbox 1950 1194 2179 1249; x_wconf 80' lang='lat' dir='ltr'>faciant.</span> <span class='ocrx_word' id='word_1_484' title='bbox 2245 1197 2444 1263; x_wconf 87' lang='lat' dir='ltr'>Nullus</span> <span class='ocrx_word' id='word_1_485' title='bbox 2509 1196 2587 1250; x_wconf 91' lang='lat' dir='ltr'>ibi</span> <span class='ocrx_word' id='word_1_486' title='bbox 2668 1203 2979 1267; x_wconf 67' lang='lat' dir='ltr'>praesumat</span> <span class='ocrx_word' id='word_1_487' title='bbox 3034 1199 3314 1254; x_wconf 87' lang='lat' dir='ltr'>diabolica</span> <span class='ocrx_word' id='word_1_488' title='bbox 3401 1205 3658 1258; x_wconf 88' lang='lat' dir='ltr'>carmina</span> 
     </span>
    </p>
   </div>
   <div class='ocr_carea' id='block_1_72' title="bbox 1949 1286 3653 1361">
    <p class='ocr_par' dir='ltr' id='par_1_72' title="bbox 1949 1286 3653 1361">
     <span class='ocr_line' id='line_1_73' title="bbox 1949 1286 3653 1361; baseline 0.005 -23"><span class='ocrx_word' id='word_1_489' title='bbox 1949 1288 2198 1349; x_wconf 89' lang='lat' dir='ltr'>cantare,</span> <span class='ocrx_word' id='word_1_490' title='bbox 2234 1301 2352 1339; x_wconf 91' lang='lat' dir='ltr'>non</span> <span class='ocrx_word' id='word_1_491' title='bbox 2405 1286 2537 1355; x_wconf 87' lang='lat' dir='ltr'>joca</span> <span class='ocrx_word' id='word_1_492' title='bbox 2570 1290 2626 1339; x_wconf 90' lang='lat' dir='ltr'>et</span> <span class='ocrx_word' id='word_1_493' title='bbox 2658 1288 2991 1340; x_wconf 88' lang='lat' dir='ltr'>saltationes</span> <span class='ocrx_word' id='word_1_494' title='bbox 3022 1288 3228 1355; x_wconf 78' lang='lat' dir='ltr'>facere,</span> <span class='ocrx_word' id='word_1_495' title='bbox 3278 1307 3408 1361; x_wconf 68' lang='lat' dir='ltr'>qua:</span> <span class='ocrx_word' id='word_1_496' title='bbox 3439 1294 3653 1361; x_wconf 84' lang='lat' dir='ltr'>pagani</span> 
     </span>
    </p>
   </div>
   <div class='ocr_carea' id='block_1_73' title="bbox 1949 1372 3660 1439">
    <p class='ocr_par' dir='ltr' id='par_1_73' title="bbox 1949 1372 3660 1439">
     <span class='ocr_line' id='line_1_74' title="bbox 1949 1372 3660 1439; baseline 0.004 -13"><span class='ocrx_word' id='word_1_497' title='bbox 1949 1372 2179 1427; x_wconf 88' lang='lat' dir='ltr'>diabolo</span> <span class='ocrx_word' id='word_1_498' title='bbox 2236 1372 2475 1426; x_wconf 90' lang='lat' dir='ltr'>docente</span> <span class='ocrx_word' id='word_1_499' title='bbox 2537 1373 2976 1428; x_wconf 89' lang='lat' dir='ltr'>adinvenerunt.</span> <span class='ocrx_word' id='word_1_500' title='bbox 3040 1375 3177 1439; x_wconf 89' lang='lat' dir='ltr'>Quis</span> <span class='ocrx_word' id='word_1_501' title='bbox 3236 1380 3391 1431; x_wconf 90' lang='lat' dir='ltr'>enim</span> <span class='ocrx_word' id='word_1_502' title='bbox 3442 1379 3660 1433; x_wconf 86' lang='lat' dir='ltr'>nesciat</span> 
     </span>
    </p>
   </div>
   <div class='ocr_carea' id='block_1_74' title="bbox 1951 1459 3655 1535">
    <p class='ocr_par' dir='ltr' id='par_1_74' title="bbox 1951 1459 3655 1535">
     <span class='ocr_line' id='line_1_75' title="bbox 1951 1459 3655 1535; baseline 0.004 -20"><span class='ocrx_word' id='word_1_503' title='bbox 1951 1459 2299 1515; x_wconf 88' lang='lat' dir='ltr'>diabolicum</span> <span class='ocrx_word' id='word_1_504' title='bbox 2333 1478 2476 1527; x_wconf 90' lang='lat' dir='ltr'>esse,</span> <span class='ocrx_word' id='word_1_505' title='bbox 2510 1466 2566 1515; x_wconf 87' lang='lat' dir='ltr'>et</span> <span class='ocrx_word' id='word_1_506' title='bbox 2596 1479 2711 1516; x_wconf 90' lang='lat' dir='ltr'>non</span> <span class='ocrx_word' id='word_1_507' title='bbox 2742 1464 2929 1517; x_wconf 89' lang='lat' dir='ltr'>solum</span> <span class='ocrx_word' id='word_1_508' title='bbox 2963 1480 2994 1516; x_wconf 91' lang='lat' dir='ltr'>a</span> <span class='ocrx_word' id='word_1_509' title='bbox 3027 1464 3307 1535; x_wconf 87' lang='lat' dir='ltr'>religione</span> <span class='ocrx_word' id='word_1_510' title='bbox 3330 1466 3655 1521; x_wconf 89' lang='lat' dir='ltr'>Christiana</span> 
     </span>
    </p>
   </div>
   <div class='ocr_carea' id='block_1_75' title="bbox 1950 1551 3657 1609">
    <p class='ocr_par' dir='ltr' id='par_1_75' title="bbox 1950 1551 3657 1609">
     <span class='ocr_line' id='line_1_76' title="bbox 1950 1551 3657 1609; baseline 0.003 -5"><span class='ocrx_word' id='word_1_511' title='bbox 1950 1552 2206 1605; x_wconf 90' lang='lat' dir='ltr'>alienum</span> <span class='ocrx_word' id='word_1_512' title='bbox 2264 1551 2365 1605; x_wconf 91' lang='lat' dir='ltr'>sed</span> <span class='ocrx_word' id='word_1_513' title='bbox 2423 1552 2596 1606; x_wconf 90' lang='lat' dir='ltr'>etiam</span> <span class='ocrx_word' id='word_1_514' title='bbox 2628 1552 2895 1607; x_wconf 64' lang='lat' dir='ltr'>humanm</span> <span class='ocrx_word' id='word_1_515' title='bbox 2958 1558 3180 1608; x_wconf 82' lang='lat' dir='ltr'>naturae</span> <span class='ocrx_word' id='word_1_516' title='bbox 3244 1570 3368 1608; x_wconf 90' lang='lat' dir='ltr'>esse</span> <span class='ocrx_word' id='word_1_517' title='bbox 3426 1560 3657 1609; x_wconf 84' lang='lat' dir='ltr'>contra-</span> 
     </span>
    </p>
   </div>
   <div class='ocr_carea' id='block_1_76' title="bbox 1949 1639 3657 1711">
    <p class='ocr_par' dir='ltr' id='par_1_76' title="bbox 1949 1639 3657 1711">
     <span class='ocr_line' id='line_1_77' title="bbox 1949 1639 3657 1711; baseline 0.002 -17"><span class='ocrx_word' id='word_1_518' title='bbox 1949 1639 2123 1704; x_wconf 89' lang='lat' dir='ltr'>rium,</span> <span class='ocrx_word' id='word_1_519' title='bbox 2159 1640 2239 1694; x_wconf 90' lang='lat' dir='ltr'>ibi</span> <span class='ocrx_word' id='word_1_520' title='bbox 2272 1640 2474 1708; x_wconf 66' lang='lat' dir='ltr'>laetari,</span> <span class='ocrx_word' id='word_1_521' title='bbox 2505 1640 2743 1709; x_wconf 87' lang='lat' dir='ltr'>cantari,</span> <span class='ocrx_word' id='word_1_522' title='bbox 2777 1641 3072 1711; x_wconf 71' lang='lat' dir='ltr'>inebriari,</span> <span class='ocrx_word' id='word_1_523' title='bbox 3122 1648 3179 1696; x_wconf 90' lang='lat' dir='ltr'>et</span> <span class='ocrx_word' id='word_1_524' title='bbox 3225 1643 3517 1697; x_wconf 88' lang='lat' dir='ltr'>cachinnis</span> <span class='ocrx_word' id='word_1_525' title='bbox 3557 1661 3657 1699; x_wconf 88' lang='lat' dir='ltr'>ora</span> 
     </span>
    </p>
   </div>
   <div class='ocr_carea' id='block_1_77' title="bbox 1951 1728 3655 1803">
    <p class='ocr_par' dir='ltr' id='par_1_77' title="bbox 1951 1728 3655 1803">
     <span class='ocr_line' id='line_1_78' title="bbox 1951 1728 3655 1803; baseline 0.002 -22"><span class='ocrx_word' id='word_1_526' title='bbox 1951 1728 2204 1797; x_wconf 90' lang='lat' dir='ltr'>dissolvi,</span> <span class='ocrx_word' id='word_1_527' title='bbox 2236 1734 2293 1783; x_wconf 90' lang='lat' dir='ltr'>et</span> <span class='ocrx_word' id='word_1_528' title='bbox 2323 1728 2482 1782; x_wconf 90' lang='lat' dir='ltr'>omni</span> <span class='ocrx_word' id='word_1_529' title='bbox 2519 1729 2753 1798; x_wconf 88' lang='lat' dir='ltr'>pietate,</span> <span class='ocrx_word' id='word_1_530' title='bbox 2786 1734 2842 1783; x_wconf 89' lang='lat' dir='ltr'>et</span> <span class='ocrx_word' id='word_1_531' title='bbox 2894 1730 3097 1784; x_wconf 80' lang='lat' dir='ltr'>affectu</span> <span class='ocrx_word' id='word_1_532' title='bbox 3141 1732 3437 1785; x_wconf 88' lang='lat' dir='ltr'>charitatis</span> <span class='ocrx_word' id='word_1_533' title='bbox 3493 1738 3655 1803; x_wconf 86' lang='lat' dir='ltr'>post—</span> 
     </span>
    </p>
   </div>
   <div class='ocr_carea' id='block_1_78' title="bbox 1948 1817 3656 1889">
    <p class='ocr_par' dir='ltr' id='par_1_78' title="bbox 1948 1817 3656 1889">
     <span class='ocr_line' id='line_1_79' title="bbox 1948 1817 3656 1889; baseline 0.003 -19"><span class='ocrx_word' id='word_1_534' title='bbox 1948 1817 2155 1886; x_wconf 89' lang='lat' dir='ltr'>posito,</span> <span class='ocrx_word' id='word_1_535' title='bbox 2190 1817 2354 1888; x_wconf 90' lang='lat' dir='ltr'>quasi</span> <span class='ocrx_word' id='word_1_536' title='bbox 2385 1818 2453 1872; x_wconf 91' lang='lat' dir='ltr'>de</span> <span class='ocrx_word' id='word_1_537' title='bbox 2484 1818 2735 1871; x_wconf 86' lang='lat' dir='ltr'>fraterna</span> <span class='ocrx_word' id='word_1_538' title='bbox 2762 1824 2947 1871; x_wconf 89' lang='lat' dir='ltr'>morte</span> <span class='ocrx_word' id='word_1_539' title='bbox 2996 1821 3296 1889; x_wconf 83' lang='lat' dir='ltr'>exsultare,</span> <span class='ocrx_word' id='word_1_540' title='bbox 3332 1821 3431 1875; x_wconf 92' lang='lat' dir='ltr'>ubi</span> <span class='ocrx_word' id='word_1_541' title='bbox 3472 1822 3656 1875; x_wconf 88' lang='lat' dir='ltr'>luctus</span> 
     </span>
    </p>
   </div>
   <div class='ocr_carea' id='block_1_79' title="bbox 1950 1906 3656 1980">
    <p class='ocr_par' dir='ltr' id='par_1_79' title="bbox 1950 1906 3656 1980">
     <span class='ocr_line' id='line_1_80' title="bbox 1950 1906 3656 1980; baseline 0.002 -21"><span class='ocrx_word' id='word_1_542' title='bbox 1950 1910 2005 1960; x_wconf 88' lang='lat' dir='ltr'>et</span> <span class='ocrx_word' id='word_1_543' title='bbox 2032 1907 2295 1977; x_wconf 88' lang='lat' dir='ltr'>planctus</span> <span class='ocrx_word' id='word_1_544' title='bbox 2334 1906 2623 1960; x_wconf 88' lang='lat' dir='ltr'>ﬂebilibus</span> <span class='ocrx_word' id='word_1_545' title='bbox 2653 1906 2885 1960; x_wconf 92' lang='lat' dir='ltr'>vocibus</span> <span class='ocrx_word' id='word_1_546' title='bbox 2915 1908 3189 1962; x_wconf 89' lang='lat' dir='ltr'>debuerat</span> <span class='ocrx_word' id='word_1_547' title='bbox 3225 1925 3493 1963; x_wconf 89' lang='lat' dir='ltr'>resonare</span> <span class='ocrx_word' id='word_1_548' title='bbox 3550 1927 3656 1980; x_wconf 91' lang='lat' dir='ltr'>pro</span> 
     </span>
    </p>
   </div>
   <div class='ocr_carea' id='block_1_80' title="bbox 1952 1994 3657 2066">
    <p class='ocr_par' dir='ltr' id='par_1_80' title="bbox 1952 1994 3657 2066">
     <span class='ocr_line' id='line_1_81' title="bbox 1952 1994 3657 2066; baseline 0.002 -18"><span class='ocrx_word' id='word_1_549' title='bbox 1952 1995 2262 2049; x_wconf 88' lang='lat' dir='ltr'>amissione</span> <span class='ocrx_word' id='word_1_550' title='bbox 2295 1994 2452 2048; x_wconf 90' lang='lat' dir='ltr'>chari</span> <span class='ocrx_word' id='word_1_551' title='bbox 2504 1994 2741 2049; x_wconf 87' lang='lat' dir='ltr'>fratris?</span> <span class='ocrx_word' id='word_1_552' title='bbox 2773 1997 2966 2048; x_wconf 88' lang='lat' dir='ltr'>Patres</span> <span class='ocrx_word' id='word_1_553' title='bbox 2996 1996 3281 2066; x_wconf 86' lang='lat' dir='ltr'>siquidem</span> <span class='ocrx_word' id='word_1_554' title='bbox 3329 1998 3546 2051; x_wconf 89' lang='lat' dir='ltr'>Veteris</span> <span class='ocrx_word' id='word_1_555' title='bbox 3592 2016 3657 2053; x_wconf 88' lang='lat' dir='ltr'>ac</span> 
     </span>
    </p>
   </div>
   <div class='ocr_carea' id='block_1_81' title="bbox 1950 2082 3655 2157">
    <p class='ocr_par' dir='ltr' id='par_1_81' title="bbox 1950 2082 3655 2157">
     <span class='ocr_line' id='line_1_82' title="bbox 1950 2082 3655 2157; baseline 0.002 -19"><span class='ocrx_word' id='word_1_556' title='bbox 1950 2084 2091 2138; x_wconf 82' lang='lat' dir='ltr'>Novi</span> <span class='ocrx_word' id='word_1_557' title='bbox 2147 2082 2498 2137; x_wconf 85' lang='lat' dir='ltr'>Testamenti</span> <span class='ocrx_word' id='word_1_558' title='bbox 2547 2088 2761 2137; x_wconf 89' lang='lat' dir='ltr'>mortes</span> <span class='ocrx_word' id='word_1_559' title='bbox 2809 2090 3137 2138; x_wconf 91' lang='lat' dir='ltr'>sanctorum</span> <span class='ocrx_word' id='word_1_560' title='bbox 3195 2087 3451 2141; x_wconf 89' lang='lat' dir='ltr'>virorum</span> <span class='ocrx_word' id='word_1_561' title='bbox 3510 2088 3655 2157; x_wconf 90' lang='lat' dir='ltr'>legi-</span> 
     </span>
    </p>
   </div>
   <div class='ocr_carea' id='block_1_82' title="bbox 1950 2171 3654 2243">
    <p class='ocr_par' dir='ltr' id='par_1_82' title="bbox 1950 2171 3654 2243">
     <span class='ocr_line' id='line_1_83' title="bbox 1950 2171 3654 2243; baseline 0.001 -16"><span class='ocrx_word' id='word_1_562' title='bbox 1950 2188 2079 2227; x_wconf 90' lang='lat' dir='ltr'>mus</span> <span class='ocrx_word' id='word_1_563' title='bbox 2109 2172 2309 2226; x_wconf 89' lang='lat' dir='ltr'>multis</span> <span class='ocrx_word' id='word_1_564' title='bbox 2342 2172 2401 2225; x_wconf 92' lang='lat' dir='ltr'>in</span> <span class='ocrx_word' id='word_1_565' title='bbox 2449 2171 2587 2226; x_wconf 91' lang='lat' dir='ltr'>locis</span> <span class='ocrx_word' id='word_1_566' title='bbox 2614 2188 2745 2225; x_wconf 92' lang='lat' dir='ltr'>cum</span> <span class='ocrx_word' id='word_1_567' title='bbox 2803 2172 2941 2227; x_wconf 84' lang='lat' dir='ltr'>fletu</span> <span class='ocrx_word' id='word_1_568' title='bbox 2993 2175 3315 2243; x_wconf 86' lang='lat' dir='ltr'>deplorasse</span> <span class='ocrx_word' id='word_1_569' title='bbox 3347 2191 3359 2228; x_wconf 91' lang='lat'><strong>:</strong></span> <span class='ocrx_word' id='word_1_570' title='bbox 3393 2177 3452 2229; x_wconf 94' lang='lat' dir='ltr'>in</span> <span class='ocrx_word' id='word_1_571' title='bbox 3495 2177 3654 2229; x_wconf 92' lang='lat' dir='ltr'>nullo</span> 
     </span>
    </p>
   </div>
   <div class='ocr_carea' id='block_1_83' title="bbox 1949 2260 3655 2332">
    <p class='ocr_par' dir='ltr' id='par_1_83' title="bbox 1949 2260 3655 2332">
     <span class='ocr_line' id='line_1_84' title="bbox 1949 2260 3655 2332; baseline 0.002 -17"><span class='ocrx_word' id='word_1_572' title='bbox 1949 2265 2144 2315; x_wconf 89' lang='lat' dir='ltr'>autem</span> <span class='ocrx_word' id='word_1_573' title='bbox 2173 2262 2300 2315; x_wconf 92' lang='lat' dir='ltr'>loco</span> <span class='ocrx_word' id='word_1_574' title='bbox 2332 2260 2431 2332; x_wconf 92' lang='lat' dir='ltr'>qui</span> <span class='ocrx_word' id='word_1_575' title='bbox 2462 2277 2496 2313; x_wconf 91' lang='lat' dir='ltr'>a</span> <span class='ocrx_word' id='word_1_576' title='bbox 2532 2261 2741 2314; x_wconf 63' lang='lat' dir='ltr'>saeculo</span> <span class='ocrx_word' id='word_1_577' title='bbox 2773 2267 3124 2316; x_wconf 89' lang='lat' dir='ltr'>recesserant</span> <span class='ocrx_word' id='word_1_578' title='bbox 3155 2265 3483 2318; x_wconf 82' lang='lat' dir='ltr'>exsultasse.</span> <span class='ocrx_word' id='word_1_579' title='bbox 3514 2266 3655 2318; x_wconf 85' lang='lat' dir='ltr'>Nam</span> 
     </span>
    </p>
   </div>
   <div class='ocr_carea' id='block_1_84' title="bbox 1945 2349 3656 2422">
    <p class='ocr_par' dir='ltr' id='par_1_84' title="bbox 1945 2349 3656 2422">
     <span class='ocr_line' id='line_1_85' title="bbox 1945 2349 3656 2422; baseline 0.002 -19"><span class='ocrx_word' id='word_1_580' title='bbox 1945 2354 1999 2403; x_wconf 88' lang='lat' dir='ltr'>et</span> <span class='ocrx_word' id='word_1_581' title='bbox 2071 2350 2239 2403; x_wconf 90' lang='lat' dir='ltr'>Iacob</span> <span class='ocrx_word' id='word_1_582' title='bbox 2314 2349 2699 2419; x_wconf 87' lang='lat' dir='ltr'>patriarcham</span> <span class='ocrx_word' id='word_1_583' title='bbox 2785 2350 2939 2404; x_wconf 79' lang='lat' dir='ltr'>flevit</span> <span class='ocrx_word' id='word_1_584' title='bbox 3012 2356 3133 2405; x_wconf 87' lang='lat' dir='ltr'>tota</span> <span class='ocrx_word' id='word_1_585' title='bbox 3227 2354 3497 2422; x_wconf 58' lang='lat' dir='ltr'>Aigyptus</span> <span class='ocrx_word' id='word_1_586' title='bbox 3557 2370 3656 2407; x_wconf 83' lang='lat' dir='ltr'>Lxx</span> 
     </span>
    </p>
   </div>
   <div class='ocr_carea' id='block_1_85' title="bbox 1948 2437 3657 2510">
    <p class='ocr_par' dir='ltr' id='par_1_85' title="bbox 1948 2437 3657 2510">
     <span class='ocr_line' id='line_1_86' title="bbox 1948 2437 3657 2510; baseline 0.002 -18"><span class='ocrx_word' id='word_1_587' title='bbox 1948 2437 2170 2492; x_wconf 88' lang='lat' dir='ltr'>diebus.</span> <span class='ocrx_word' id='word_1_588' title='bbox 2203 2439 2269 2491; x_wconf 88' lang='lat' dir='ltr'>Et</span> <span class='ocrx_word' id='word_1_589' title='bbox 2312 2439 2543 2508; x_wconf 89' lang='lat' dir='ltr'>Ioseph,</span> <span class='ocrx_word' id='word_1_590' title='bbox 2597 2443 2653 2491; x_wconf 92' lang='lat' dir='ltr'>et</span> <span class='ocrx_word' id='word_1_591' title='bbox 2686 2438 2891 2493; x_wconf 88' lang='lat' dir='ltr'>fratres</span> <span class='ocrx_word' id='word_1_592' title='bbox 2923 2439 3046 2508; x_wconf 82' lang='lat' dir='ltr'>ejus</span> <span class='ocrx_word' id='word_1_593' title='bbox 3093 2456 3223 2494; x_wconf 90' lang='lat' dir='ltr'>cum</span> <span class='ocrx_word' id='word_1_594' title='bbox 3268 2447 3491 2510; x_wconf 89' lang='lat' dir='ltr'>patrem</span> <span class='ocrx_word' id='word_1_595' title='bbox 3558 2442 3657 2495; x_wconf 86' lang='lat' dir='ltr'>de-</span> 
     </span>
    </p>
   </div>
   <div class='ocr_carea' id='block_1_86' title="bbox 1946 2526 3655 2599">
    <p class='ocr_par' dir='ltr' id='par_1_86' title="bbox 1946 2526 3655 2599">
     <span class='ocr_line' id='line_1_87' title="bbox 1946 2526 3655 2599; baseline 0.003 -20"><span class='ocrx_word' id='word_1_596' title='bbox 1946 2526 2165 2580; x_wconf 86' lang='lat' dir='ltr'>ferrent</span> <span class='ocrx_word' id='word_1_597' title='bbox 2216 2526 2275 2580; x_wconf 93' lang='lat' dir='ltr'>in</span> <span class='ocrx_word' id='word_1_598' title='bbox 2330 2532 2543 2580; x_wconf 90' lang='lat' dir='ltr'>terram</span> <span class='ocrx_word' id='word_1_599' title='bbox 2601 2527 2871 2581; x_wconf 87' lang='lat' dir='ltr'>Chanaan</span> <span class='ocrx_word' id='word_1_600' title='bbox 2927 2529 2993 2582; x_wconf 90' lang='lat' dir='ltr'>ad</span> <span class='ocrx_word' id='word_1_601' title='bbox 3026 2530 3444 2599; x_wconf 90' lang='lat' dir='ltr'>sepeliendum,</span> <span class='ocrx_word' id='word_1_602' title='bbox 3510 2532 3655 2585; x_wconf 88' lang='lat' dir='ltr'>cele-</span> 
     </span>
    </p>
   </div>
   <div class='ocr_carea' id='block_1_87' title="bbox 1946 2614 3659 2688">
    <p class='ocr_par' dir='ltr' id='par_1_87' title="bbox 1946 2614 3659 2688">
     <span class='ocr_line' id='line_1_88' title="bbox 1946 2614 3659 2688; baseline 0.002 -20"><span class='ocrx_word' id='word_1_603' title='bbox 1946 2614 2176 2668; x_wconf 88' lang='lat' dir='ltr'>brantes</span> <span class='ocrx_word' id='word_1_604' title='bbox 2199 2614 2497 2685; x_wconf 83' lang='lat' dir='ltr'>exsequias</span> <span class='ocrx_word' id='word_1_605' title='bbox 2529 2616 2597 2669; x_wconf 91' lang='lat' dir='ltr'>ad</span> <span class='ocrx_word' id='word_1_606' title='bbox 2626 2630 2818 2668; x_wconf 88' lang='lat' dir='ltr'>aream</span> <span class='ocrx_word' id='word_1_607' title='bbox 2849 2617 3071 2683; x_wconf 83' lang='lat' dir='ltr'>Athael,</span> <span class='ocrx_word' id='word_1_608' title='bbox 3100 2634 3225 2688; x_wconf 65' lang='lat' dir='ltr'>quae</span> <span class='ocrx_word' id='word_1_609' title='bbox 3259 2618 3365 2672; x_wconf 89' lang='lat' dir='ltr'>sita</span> <span class='ocrx_word' id='word_1_610' title='bbox 3388 2623 3471 2672; x_wconf 87' lang='lat' dir='ltr'>est</span> <span class='ocrx_word' id='word_1_611' title='bbox 3500 2624 3659 2672; x_wconf 91' lang='lat' dir='ltr'>trans</span> 
     </span>
    </p>
   </div>
   <div class='ocr_carea' id='block_1_88' title="bbox 1945 2703 3659 2776">
    <p class='ocr_par' dir='ltr' id='par_1_88' title="bbox 1945 2703 3659 2776">
     <span class='ocr_line' id='line_1_89' title="bbox 1945 2703 3659 2776; baseline 0.002 -19"><span class='ocrx_word' id='word_1_612' title='bbox 1945 2703 2273 2768; x_wconf 89' lang='lat' dir='ltr'>Iordanem,</span> <span class='ocrx_word' id='word_1_613' title='bbox 2324 2704 2558 2773; x_wconf 90' lang='lat' dir='ltr'>planctu</span> <span class='ocrx_word' id='word_1_614' title='bbox 2609 2718 2819 2772; x_wconf 89' lang='lat' dir='ltr'>magno</span> <span class='ocrx_word' id='word_1_615' title='bbox 2870 2709 3041 2774; x_wconf 89' lang='lat' dir='ltr'>atque</span> <span class='ocrx_word' id='word_1_616' title='bbox 3090 2706 3415 2759; x_wconf 88' lang='lat' dir='ltr'>vehementi</span> <span class='ocrx_word' id='word_1_617' title='bbox 3455 2707 3659 2776; x_wconf 86' lang='lat' dir='ltr'>imple-</span> 
     </span>
    </p>
   </div>
   <div class='ocr_carea' id='block_1_89' title="bbox 1946 2790 3654 2863">
    <p class='ocr_par' dir='ltr' id='par_1_89' title="bbox 1946 2790 3654 2863">
     <span class='ocr_line' id='line_1_90' title="bbox 1946 2790 3654 2863; baseline 0.004 -20"><span class='ocrx_word' id='word_1_618' title='bbox 1946 2796 2155 2845; x_wconf 90' lang='lat' dir='ltr'>verunt</span> <span class='ocrx_word' id='word_1_619' title='bbox 2201 2807 2276 2845; x_wconf 86' lang='lat' dir='ltr'>vn</span> <span class='ocrx_word' id='word_1_620' title='bbox 2326 2790 2465 2845; x_wconf 90' lang='lat' dir='ltr'>dies.</span> <span class='ocrx_word' id='word_1_621' title='bbox 2542 2791 2754 2844; x_wconf 87' lang='lat' dir='ltr'>Tantus</span> <span class='ocrx_word' id='word_1_622' title='bbox 2823 2798 3015 2845; x_wconf 88' lang='lat' dir='ltr'>autem</span> <span class='ocrx_word' id='word_1_623' title='bbox 3077 2793 3185 2846; x_wconf 91' lang='lat' dir='ltr'>fuit</span> <span class='ocrx_word' id='word_1_624' title='bbox 3246 2794 3527 2863; x_wconf 89' lang='lat' dir='ltr'>planctus,</span> <span class='ocrx_word' id='word_1_625' title='bbox 3588 2801 3654 2849; x_wconf 90' lang='lat' dir='ltr'>ut</span> 
     </span>
    </p>
   </div>
   <div class='ocr_carea' id='block_1_90' title="bbox 1948 2879 3655 2952">
    <p class='ocr_par' dir='ltr' id='par_1_90' title="bbox 1948 2879 3655 2952">
     <span class='ocr_line' id='line_1_91' title="bbox 1948 2879 3655 2952; baseline 0.002 -19"><span class='ocrx_word' id='word_1_626' title='bbox 1948 2881 2104 2933; x_wconf 91' lang='lat' dir='ltr'>locus</span> <span class='ocrx_word' id='word_1_627' title='bbox 2161 2879 2295 2933; x_wconf 90' lang='lat' dir='ltr'>inde</span> <span class='ocrx_word' id='word_1_628' title='bbox 2324 2895 2538 2933; x_wconf 88' lang='lat' dir='ltr'>nomen</span> <span class='ocrx_word' id='word_1_629' title='bbox 2567 2880 2869 2949; x_wconf 88' lang='lat' dir='ltr'>acciperet.</span> <span class='ocrx_word' id='word_1_630' title='bbox 2919 2881 2985 2933; x_wconf 80' lang='lat' dir='ltr'>Et</span> <span class='ocrx_word' id='word_1_631' title='bbox 3032 2880 3100 2934; x_wconf 92' lang='lat' dir='ltr'>de</span> <span class='ocrx_word' id='word_1_632' title='bbox 3140 2881 3307 2934; x_wconf 89' lang='lat' dir='ltr'>beato</span> <span class='ocrx_word' id='word_1_633' title='bbox 3364 2881 3655 2952; x_wconf 88' lang='lat' dir='ltr'>Stephano</span> 
     </span>
    </p>
   </div>
   <div class='ocr_carea' id='block_1_91' title="bbox 1947 2967 3657 3039">
    <p class='ocr_par' dir='ltr' id='par_1_91' title="bbox 1947 2967 3657 3039">
     <span class='ocr_line' id='line_1_92' title="bbox 1947 2967 3657 3039; baseline 0.001 -16"><span class='ocrx_word' id='word_1_634' title='bbox 1947 2968 2215 3039; x_wconf 82' lang='lat' dir='ltr'>legimus,</span> <span class='ocrx_word' id='word_1_635' title='bbox 2249 2968 2405 3039; x_wconf 88' lang='lat' dir='ltr'>quod</span> <span class='ocrx_word' id='word_1_636' title='bbox 2436 2967 2785 3037; x_wconf 87' lang='lat' dir='ltr'>sepelierunt</span> <span class='ocrx_word' id='word_1_637' title='bbox 2815 2984 2971 3029; x_wconf 90' lang='lat' dir='ltr'>eum,</span> <span class='ocrx_word' id='word_1_638' title='bbox 3007 2969 3122 3022; x_wconf 87' lang='lat' dir='ltr'>sive</span> <span class='ocrx_word' id='word_1_639' title='bbox 3163 2974 3507 3023; x_wconf 85' lang='lat' dir='ltr'>curaverunt</span> <span class='ocrx_word' id='word_1_640' title='bbox 3549 2970 3657 3025; x_wconf 89' lang='lat' dir='ltr'>viri</span> 
     </span>
    </p>
   </div>
   <div class='ocr_carea' id='block_1_92' title="bbox 1870 3050 3653 3128">
    <p class='ocr_par' dir='ltr' id='par_1_92' title="bbox 1870 3050 3653 3128">
     <span class='ocr_line' id='line_1_93' title="bbox 1870 3050 3653 3128; baseline 0.004 -22"><span class='ocrx_word' id='word_1_641' title='bbox 1870 3050 1910 3105; x_wconf 92' lang='lat' dir='ltr'>C</span> <span class='ocrx_word' id='word_1_642' title='bbox 1948 3058 2227 3124; x_wconf 89' lang='lat' dir='ltr'>timorati,</span> <span class='ocrx_word' id='word_1_643' title='bbox 2261 3062 2317 3111; x_wconf 91' lang='lat' dir='ltr'>et</span> <span class='ocrx_word' id='word_1_644' title='bbox 2346 3057 2604 3111; x_wconf 88' lang='lat' dir='ltr'>fecerunt</span> <span class='ocrx_word' id='word_1_645' title='bbox 2626 3058 2921 3127; x_wconf 91' lang='lat' dir='ltr'>planctum</span> <span class='ocrx_word' id='word_1_646' title='bbox 2958 3073 3232 3127; x_wconf 85' lang='lat' dir='ltr'>magnum</span> <span class='ocrx_word' id='word_1_647' title='bbox 3293 3075 3465 3128; x_wconf 89' lang='lat' dir='ltr'>super</span> <span class='ocrx_word' id='word_1_648' title='bbox 3496 3075 3653 3114; x_wconf 90' lang='lat' dir='ltr'>eum.</span> 
     </span>
    </p>
   </div>
   <div class='ocr_carea' id='block_1_93' title="bbox 1947 3146 3654 3216">
    <p class='ocr_par' dir='ltr' id='par_1_93' title="bbox 1947 3146 3654 3216">
     <span class='ocr_line' id='line_1_94' title="bbox 1947 3146 3654 3216; baseline 0.002 -17"><span class='ocrx_word' id='word_1_649' title='bbox 1947 3146 2016 3200; x_wconf 87' lang='lat' dir='ltr'>Et</span> <span class='ocrx_word' id='word_1_650' title='bbox 2046 3146 2172 3200; x_wconf 90' lang='lat' dir='ltr'>ideo</span> <span class='ocrx_word' id='word_1_651' title='bbox 2202 3146 2331 3199; x_wconf 92' lang='lat' dir='ltr'>talis</span> <span class='ocrx_word' id='word_1_652' title='bbox 2384 3146 2580 3216; x_wconf 90' lang='lat' dir='ltr'>inepta</span> <span class='ocrx_word' id='word_1_653' title='bbox 2633 3146 2829 3199; x_wconf 64' lang='lat' dir='ltr'>laetitia</span> <span class='ocrx_word' id='word_1_654' title='bbox 2881 3150 2938 3199; x_wconf 89' lang='lat' dir='ltr'>et</span> <span class='ocrx_word' id='word_1_655' title='bbox 2977 3146 3249 3216; x_wconf 89' lang='lat' dir='ltr'>pestifera</span> <span class='ocrx_word' id='word_1_656' title='bbox 3298 3148 3535 3214; x_wconf 89' lang='lat' dir='ltr'>cantica,</span> <span class='ocrx_word' id='word_1_657' title='bbox 3585 3165 3654 3203; x_wconf 81' lang='lat' dir='ltr'>ex</span> 
     </span>
    </p>
   </div>
   <div class='ocr_carea' id='block_1_94' title="bbox 1948 3234 3655 3307">
    <p class='ocr_par' dir='ltr' id='par_1_94' title="bbox 1948 3234 3655 3307">
     <span class='ocr_line' id='line_1_95' title="bbox 1948 3234 3655 3307; baseline 0.002 -18"><span class='ocrx_word' id='word_1_658' title='bbox 1948 3235 2285 3290; x_wconf 88' lang='lat' dir='ltr'>auctoritate</span> <span class='ocrx_word' id='word_1_659' title='bbox 2353 3234 2455 3289; x_wconf 91' lang='lat' dir='ltr'>Dei</span> <span class='ocrx_word' id='word_1_660' title='bbox 2533 3234 2930 3289; x_wconf 89' lang='lat' dir='ltr'>interdicenda</span> <span class='ocrx_word' id='word_1_661' title='bbox 2978 3240 3126 3289; x_wconf 90' lang='lat' dir='ltr'>sunt.</span> <span class='ocrx_word' id='word_1_662' title='bbox 3187 3236 3245 3289; x_wconf 89' lang='lat' dir='ltr'>Si</span> <span class='ocrx_word' id='word_1_663' title='bbox 3304 3237 3433 3307; x_wconf 92' lang='lat' dir='ltr'>quis</span> <span class='ocrx_word' id='word_1_664' title='bbox 3463 3242 3655 3292; x_wconf 88' lang='lat' dir='ltr'>autem</span> 
     </span>
    </p>
   </div>
   <div class='ocr_carea' id='block_1_95' title="bbox 1946 3323 3653 3394">
    <p class='ocr_par' dir='ltr' id='par_1_95' title="bbox 1946 3323 3653 3394">
     <span class='ocr_line' id='line_1_96' title="bbox 1946 3323 3653 3394; baseline 0.001 -16"><span class='ocrx_word' id='word_1_665' title='bbox 1946 3329 2177 3379; x_wconf 89' lang='lat' dir='ltr'>cantare</span> <span class='ocrx_word' id='word_1_666' title='bbox 2218 3323 2524 3389; x_wconf 87' lang='lat' dir='ltr'>desiderat,</span> <span class='ocrx_word' id='word_1_667' title='bbox 2561 3324 2732 3394; x_wconf 82' lang='lat' dir='ltr'>Kyrie</span> <span class='ocrx_word' id='word_1_668' title='bbox 2789 3324 2999 3377; x_wconf 86' lang='lat' dir='ltr'>elcison</span> <span class='ocrx_word' id='word_1_669' title='bbox 3049 3328 3237 3378; x_wconf 90' lang='lat' dir='ltr'>cantet</span> <span class='ocrx_word' id='word_1_670' title='bbox 3270 3341 3282 3379; x_wconf 88' lang='lat'>:</span> <span class='ocrx_word' id='word_1_671' title='bbox 3342 3326 3429 3379; x_wconf 91' lang='lat' dir='ltr'>sin</span> <span class='ocrx_word' id='word_1_672' title='bbox 3470 3327 3653 3393; x_wconf 91' lang='lat' dir='ltr'>aliter,</span> 
     </span>
    </p>
   </div>
   <div class='ocr_carea' id='block_1_96' title="bbox 1947 3412 3657 3482">
    <p class='ocr_par' dir='ltr' id='par_1_96' title="bbox 1947 3412 3657 3482">
     <span class='ocr_line' id='line_1_97' title="bbox 1947 3412 3657 3482; baseline 0.001 -15"><span class='ocrx_word' id='word_1_673' title='bbox 1947 3413 2186 3467; x_wconf 91' lang='lat' dir='ltr'>omnino</span> <span class='ocrx_word' id='word_1_674' title='bbox 2257 3416 2461 3466; x_wconf 84' lang='lat' dir='ltr'>taceat.</span> <span class='ocrx_word' id='word_1_675' title='bbox 2522 3412 2623 3466; x_wconf 91' lang='lat' dir='ltr'>Sin</span> <span class='ocrx_word' id='word_1_676' title='bbox 2684 3417 2874 3466; x_wconf 88' lang='lat' dir='ltr'>autem</span> <span class='ocrx_word' id='word_1_677' title='bbox 2958 3418 3146 3468; x_wconf 88' lang='lat' dir='ltr'>tacere</span> <span class='ocrx_word' id='word_1_678' title='bbox 3204 3430 3323 3468; x_wconf 90' lang='lat' dir='ltr'>non</span> <span class='ocrx_word' id='word_1_679' title='bbox 3380 3415 3522 3482; x_wconf 88' lang='lat' dir='ltr'>vult,</span> <span class='ocrx_word' id='word_1_680' title='bbox 3595 3415 3657 3469; x_wconf 90' lang='lat' dir='ltr'>in</span> 
     </span>
    </p>
   </div>
   <div class='ocr_carea' id='block_1_97' title="bbox 1946 3500 3657 3572">
    <p class='ocr_par' dir='ltr' id='par_1_97' title="bbox 1946 3500 3657 3572">
     <span class='ocr_line' id='line_1_98' title="bbox 1946 3500 3657 3572; baseline 0.001 -17"><span class='ocrx_word' id='word_1_681' title='bbox 1946 3501 2194 3555; x_wconf 90' lang='lat' dir='ltr'>crastino</span> <span class='ocrx_word' id='word_1_682' title='bbox 2226 3500 2622 3572; x_wconf 81' lang='lat' dir='ltr'>apresbytero</span> <span class='ocrx_word' id='word_1_683' title='bbox 2682 3501 2876 3556; x_wconf 84' lang='lat' dir='ltr'>taliter</span> <span class='ocrx_word' id='word_1_684' title='bbox 2932 3506 3284 3570; x_wconf 90' lang='lat' dir='ltr'>coerceatur,</span> <span class='ocrx_word' id='word_1_685' title='bbox 3346 3508 3410 3558; x_wconf 86' lang='lat' dir='ltr'>ut</span> <span class='ocrx_word' id='word_1_686' title='bbox 3464 3504 3657 3558; x_wconf 56' lang='lat' dir='ltr'>caeteri</span> 
     </span>
    </p>
   </div>
   <div class='ocr_carea' id='block_1_98' title="bbox 1946 3589 2212 3645">
    <p class='ocr_par' dir='ltr' id='par_1_98' title="bbox 1946 3589 2212 3645">
     <span class='ocr_line' id='line_1_99' title="bbox 1946 3589 2212 3645; baseline 0 -1"><span class='ocrx_word' id='word_1_687' title='bbox 1946 3589 2212 3645; x_wconf 87' lang='lat' dir='ltr'>timeant.</span> 
     </span>
    </p>
   </div>
   <div class='ocr_carea' id='block_1_99' title="bbox 2356 3677 3235 3732">
    <p class='ocr_par' dir='ltr' id='par_1_99' title="bbox 2356 3677 3235 3732">
     <span class='ocr_line' id='line_1_100' title="bbox 2356 3677 3235 3732; baseline -0.001 -1"><span class='ocrx_word' id='word_1_688' title='bbox 2356 3677 2484 3731; x_wconf 82' lang='lat' dir='ltr'>CAP.</span> <span class='ocrx_word' id='word_1_689' title='bbox 2514 3677 2701 3731; x_wconf 90' lang='lat' dir='ltr'><strong>XXXV.</strong></span> <span class='ocrx_word' id='word_1_690' title='bbox 2735 3706 2803 3716; x_wconf 95' lang='lat'><strong><em>—</em></strong></span> <span class='ocrx_word' id='word_1_691' title='bbox 2844 3680 2920 3731; x_wconf 89' lang='lat' dir='ltr'>De</span> <span class='ocrx_word' id='word_1_692' title='bbox 2949 3678 3133 3731; x_wconf 84' lang='lat' dir='ltr'>eadem</span> <span class='ocrx_word' id='word_1_693' title='bbox 3158 3694 3235 3732; x_wconf 86' lang='lat' dir='ltr'>re.</span> 
     </span>
    </p>
   </div>
   <div class='ocr_carea' id='block_1_100' title="bbox 2018 3762 3655 3837">
    <p class='ocr_par' dir='ltr' id='par_1_100' title="bbox 2018 3762 3655 3837">
     <span class='ocr_line' id='line_1_101' title="bbox 2018 3762 3655 3837; baseline 0.004 -20"><span class='ocrx_word' id='word_1_694' title='bbox 2018 3765 2135 3831; x_wconf 74' lang='lat' dir='ltr'>(Ea:</span> <span class='ocrx_word' id='word_1_695' title='bbox 2165 3765 2388 3818; x_wconf 78' lang='lat' dir='ltr'>concilio</span> <span class='ocrx_word' id='word_1_696' title='bbox 2419 3762 2703 3828; x_wconf 84' lang='lat' dir='ltr'>Meldensi,</span> <span class='ocrx_word' id='word_1_697' title='bbox 2728 3767 2905 3833; x_wconf 86' lang='lat' dir='ltr'>capite</span> <span class='ocrx_word' id='word_1_698' title='bbox 2942 3768 3051 3833; x_wconf 83' lang='lat' dir='ltr'><strong>IO.)</strong></span> <span class='ocrx_word' id='word_1_699' title='bbox 3085 3766 3300 3821; x_wconf 86' lang='lat' dir='ltr'>Placuit</span> <span class='ocrx_word' id='word_1_700' title='bbox 3355 3768 3655 3837; x_wconf 89' lang='lat' dir='ltr'>prohiberi</span> 
     </span>
    </p>
   </div>
   <div class='ocr_carea' id='block_1_101' title="bbox 1946 3852 3654 3928">
    <p class='ocr_par' dir='ltr' id='par_1_101' title="bbox 1946 3852 3654 3928">
     <span class='ocr_line' id='line_1_102' title="bbox 1946 3852 3654 3928; baseline 0.003 -21"><span class='ocrx_word' id='word_1_701' title='bbox 1946 3870 2016 3907; x_wconf 90' lang='lat' dir='ltr'>ne</span> <span class='ocrx_word' id='word_1_702' title='bbox 2039 3852 2269 3907; x_wconf 61' lang='lat' dir='ltr'>feminas</span> <span class='ocrx_word' id='word_1_703' title='bbox 2294 3852 2353 3905; x_wconf 90' lang='lat' dir='ltr'>in</span> <span class='ocrx_word' id='word_1_704' title='bbox 2384 3852 2713 3906; x_wconf 73' lang='lat' dir='ltr'>coemeterio</span> <span class='ocrx_word' id='word_1_705' title='bbox 2728 3853 3091 3923; x_wconf 87' lang='lat' dir='ltr'>pervigilent,</span> <span class='ocrx_word' id='word_1_706' title='bbox 3118 3871 3185 3908; x_wconf 90' lang='lat' dir='ltr'>eo</span> <span class='ocrx_word' id='word_1_707' title='bbox 3209 3855 3362 3926; x_wconf 87' lang='lat' dir='ltr'>quod</span> <span class='ocrx_word' id='word_1_708' title='bbox 3379 3873 3530 3928; x_wconf 67' lang='lat' dir='ltr'>saepe</span> <span class='ocrx_word' id='word_1_709' title='bbox 3549 3859 3654 3913; x_wconf 92' lang='lat' dir='ltr'>sub</span> 
     </span>
    </p>
   </div>
   <div class='ocr_carea' id='block_1_102' title="bbox 1944 3940 3657 4013">
    <p class='ocr_par' dir='ltr' id='par_1_102' title="bbox 1944 3940 3657 4013">
     <span class='ocr_line' id='line_1_103' title="bbox 1944 3940 3657 4013; baseline 0.004 -18"><span class='ocrx_word' id='word_1_710' title='bbox 1944 3941 2182 3995; x_wconf 78' lang='lat' dir='ltr'>obtentu</span> <span class='ocrx_word' id='word_1_711' title='bbox 2209 3940 2484 3995; x_wconf 89' lang='lat' dir='ltr'>orationis</span> <span class='ocrx_word' id='word_1_712' title='bbox 2514 3945 2571 3995; x_wconf 91' lang='lat' dir='ltr'>et</span> <span class='ocrx_word' id='word_1_713' title='bbox 2604 3942 2920 4013; x_wconf 79' lang='lat' dir='ltr'>religionis,</span> <span class='ocrx_word' id='word_1_714' title='bbox 2953 3943 3199 3998; x_wconf 89' lang='lat' dir='ltr'>latenter</span> <span class='ocrx_word' id='word_1_715' title='bbox 3236 3945 3451 3999; x_wconf 88' lang='lat' dir='ltr'>scelera</span> <span class='ocrx_word' id='word_1_716' title='bbox 3505 3962 3657 4001; x_wconf 88' lang='lat' dir='ltr'>com-</span> 
     </span>
    </p>
   </div>
   <div class='ocr_carea' id='block_1_103' title="bbox 1945 4030 2197 4084">
    <p class='ocr_par' dir='ltr' id='par_1_103' title="bbox 1945 4030 2197 4084">
     <span class='ocr_line' id='line_1_104' title="bbox 1945 4030 2197 4084; baseline -0.004 -1"><span class='ocrx_word' id='word_1_717' title='bbox 1945 4030 2197 4084; x_wconf 89' lang='lat' dir='ltr'>mittant.</span> 
     </span>
    </p>
   </div>
   <div class='ocr_carea' id='block_1_104' title="bbox 1946 4119 3652 4192">
    <p class='ocr_par' dir='ltr' id='par_1_104' title="bbox 1946 4119 3652 4192">
     <span class='ocr_line' id='line_1_105' title="bbox 1946 4119 3652 4192; baseline 0.004 -20"><span class='ocrx_word' id='word_1_718' title='bbox 1946 4119 2074 4173; x_wconf 66' lang='lat' dir='ltr'>Car.</span> <span class='ocrx_word' id='word_1_719' title='bbox 2106 4119 2323 4172; x_wconf 87' lang='lat' dir='ltr'><strong>XXXVI.</strong></span> <span class='ocrx_word' id='word_1_720' title='bbox 2348 4148 2417 4157; x_wconf 89' lang='lat'>--</span> <span class='ocrx_word' id='word_1_721' title='bbox 2440 4121 2511 4173; x_wconf 90' lang='lat' dir='ltr'>De</span> <span class='ocrx_word' id='word_1_722' title='bbox 2536 4122 2799 4174; x_wconf 83' lang='lat' dir='ltr'>conviviis</span> <span class='ocrx_word' id='word_1_723' title='bbox 2830 4136 2949 4189; x_wconf 73' lang='lat' dir='ltr'>qua:</span> <span class='ocrx_word' id='word_1_724' title='bbox 2972 4123 3111 4190; x_wconf 85' lang='lat' dir='ltr'>ﬁunt</span> <span class='ocrx_word' id='word_1_725' title='bbox 3140 4124 3254 4175; x_wconf 88' lang='lat' dir='ltr'>ritu</span> <span class='ocrx_word' id='word_1_726' title='bbox 3292 4138 3652 4192; x_wconf 86' lang='lat' dir='ltr'>paganorum.</span> 
     </span>
    </p>
   </div>
   <div class='ocr_carea' id='block_1_105' title="bbox 2016 4208 3653 4282">
    <p class='ocr_par' dir='ltr' id='par_1_105' title="bbox 2016 4208 3653 4282">
     <span class='ocr_line' id='line_1_106' title="bbox 2016 4208 3653 4282; baseline 0.004 -21"><span class='ocrx_word' id='word_1_727' title='bbox 2016 4210 2120 4276; x_wconf 76' lang='lat' dir='ltr'>(Ea:</span> <span class='ocrx_word' id='word_1_728' title='bbox 2149 4208 2374 4262; x_wconf 88' lang='lat' dir='ltr'>concilio</span> <span class='ocrx_word' id='word_1_729' title='bbox 2415 4208 2619 4275; x_wconf 82' lang='lat' dir='ltr'>Afn&#39;c.,</span> <span class='ocrx_word' id='word_1_730' title='bbox 2667 4211 2843 4278; x_wconf 85' lang='lat' dir='ltr'>capite</span> <span class='ocrx_word' id='word_1_731' title='bbox 2889 4211 3000 4279; x_wconf 78' lang='lat'>27.)</span> <span class='ocrx_word' id='word_1_732' title='bbox 3043 4212 3187 4265; x_wconf 94' lang='lat' dir='ltr'>Illud</span> <span class='ocrx_word' id='word_1_733' title='bbox 3228 4212 3398 4265; x_wconf 89' lang='lat' dir='ltr'>etiam</span> <span class='ocrx_word' id='word_1_734' title='bbox 3447 4218 3653 4282; x_wconf 84' lang='lat' dir='ltr'>peten-</span> 
     </span>
    </p>
   </div>
   <div class='ocr_carea' id='block_1_106' title="bbox 1864 4296 3657 4392">
    <p class='ocr_par' dir='ltr' id='par_1_106' title="bbox 1864 4296 3657 4392">
     <span class='ocr_line' id='line_1_107' title="bbox 1864 4296 3657 4392; baseline 0.003 -42"><span class='ocrx_word' id='word_1_735' title='bbox 1864 4337 1909 4392; x_wconf 70' lang='grc' dir='ltr'>Β</span> <span class='ocrx_word' id='word_1_736' title='bbox 1948 4296 2108 4361; x_wconf 89' lang='lat' dir='ltr'>dum,</span> <span class='ocrx_word' id='word_1_737' title='bbox 2140 4301 2207 4349; x_wconf 92' lang='lat' dir='ltr'>ut</span> <span class='ocrx_word' id='word_1_738' title='bbox 2232 4296 2505 4367; x_wconf 91' lang='lat' dir='ltr'>quoniam</span> <span class='ocrx_word' id='word_1_739' title='bbox 2546 4304 2745 4351; x_wconf 90' lang='lat' dir='ltr'>contra</span> <span class='ocrx_word' id='word_1_740' title='bbox 2806 4304 3090 4369; x_wconf 65' lang='lat' dir='ltr'>praecepta</span> <span class='ocrx_word' id='word_1_741' title='bbox 3152 4299 3347 4354; x_wconf 88' lang='lat' dir='ltr'>divina</span> <span class='ocrx_word' id='word_1_742' title='bbox 3400 4302 3657 4356; x_wconf 90' lang='lat' dir='ltr'>convivia</span> 
     </span>
    </p>
   </div>
   <div class='ocr_carea' id='block_1_107' title="bbox 1948 4383 3653 4459">
    <p class='ocr_par' dir='ltr' id='par_1_107' title="bbox 1948 4383 3653 4459">
     <span class='ocr_line' id='line_1_108' title="bbox 1948 4383 3653 4459; baseline 0.003 -21"><span class='ocrx_word' id='word_1_743' title='bbox 1948 4384 2143 4438; x_wconf 91' lang='lat' dir='ltr'>multis</span> <span class='ocrx_word' id='word_1_744' title='bbox 2191 4383 2251 4437; x_wconf 91' lang='lat' dir='ltr'>in</span> <span class='ocrx_word' id='word_1_745' title='bbox 2307 4383 2447 4437; x_wconf 89' lang='lat' dir='ltr'>locis</span> <span class='ocrx_word' id='word_1_746' title='bbox 2504 4390 2856 4451; x_wconf 83' lang='lat' dir='ltr'>exercentur,</span> <span class='ocrx_word' id='word_1_747' title='bbox 2898 4402 3027 4456; x_wconf 75' lang='lat' dir='ltr'>quae</span> <span class='ocrx_word' id='word_1_748' title='bbox 3086 4386 3157 4440; x_wconf 89' lang='lat' dir='ltr'>ab</span> <span class='ocrx_word' id='word_1_749' title='bbox 3205 4404 3398 4441; x_wconf 89' lang='lat' dir='ltr'>errore</span> <span class='ocrx_word' id='word_1_750' title='bbox 3451 4390 3653 4459; x_wconf 82' lang='lat' dir='ltr'>gentili</span> 
     </span>
    </p>
   </div>
   <div class='ocr_carea' id='block_1_108' title="bbox 1948 4472 3654 4544">
    <p class='ocr_par' dir='ltr' id='par_1_108' title="bbox 1948 4472 3654 4544">
     <span class='ocr_line' id='line_1_109' title="bbox 1948 4472 3654 4544; baseline 0.004 -18"><span class='ocrx_word' id='word_1_751' title='bbox 1948 4478 2186 4527; x_wconf 83' lang='lat' dir='ltr'>attracta</span> <span class='ocrx_word' id='word_1_752' title='bbox 2240 4477 2394 4539; x_wconf 89' lang='lat' dir='ltr'>sunt,</span> <span class='ocrx_word' id='word_1_753' title='bbox 2428 4472 2508 4526; x_wconf 86' lang='lat' dir='ltr'>ita</span> <span class='ocrx_word' id='word_1_754' title='bbox 2554 4478 2612 4527; x_wconf 89' lang='lat' dir='ltr'>et</span> <span class='ocrx_word' id='word_1_755' title='bbox 2673 4490 2826 4527; x_wconf 90' lang='lat' dir='ltr'>nunc</span> <span class='ocrx_word' id='word_1_756' title='bbox 2858 4491 2887 4527; x_wconf 89' lang='lat' dir='ltr'>a</span> <span class='ocrx_word' id='word_1_757' title='bbox 2942 4474 3178 4544; x_wconf 87' lang='lat' dir='ltr'>paganis</span> <span class='ocrx_word' id='word_1_758' title='bbox 3219 4476 3529 4531; x_wconf 88' lang='lat' dir='ltr'>Christiani</span> <span class='ocrx_word' id='word_1_759' title='bbox 3586 4480 3654 4533; x_wconf 91' lang='lat' dir='ltr'>ad</span> 
     </span>
    </p>
   </div>
   <div class='ocr_carea' id='block_1_109' title="bbox 1946 4560 3653 4634">
    <p class='ocr_par' dir='ltr' id='par_1_109' title="bbox 1946 4560 3653 4634">
     <span class='ocr_line' id='line_1_110' title="bbox 1946 4560 3653 4634; baseline 0.003 -19"><span class='ocrx_word' id='word_1_760' title='bbox 1946 4562 2070 4615; x_wconf 70' lang='lat' dir='ltr'>hiec</span> <span class='ocrx_word' id='word_1_761' title='bbox 2122 4560 2464 4615; x_wconf 88' lang='lat' dir='ltr'>celebranda</span> <span class='ocrx_word' id='word_1_762' title='bbox 2512 4568 2814 4630; x_wconf 83' lang='lat' dir='ltr'>cogantur,</span> <span class='ocrx_word' id='word_1_763' title='bbox 2882 4577 2950 4614; x_wconf 82' lang='lat' dir='ltr'>ex</span> <span class='ocrx_word' id='word_1_764' title='bbox 3015 4578 3127 4632; x_wconf 89' lang='lat' dir='ltr'>qua</span> <span class='ocrx_word' id='word_1_765' title='bbox 3177 4578 3237 4615; x_wconf 88' lang='lat' dir='ltr'>re</span> <span class='ocrx_word' id='word_1_766' title='bbox 3295 4565 3653 4634; x_wconf 87' lang='lat' dir='ltr'>temporibus</span> 
     </span>
    </p>
   </div>
   <div class='ocr_carea' id='block_1_110' title="bbox 1947 4648 3652 4720">
    <p class='ocr_par' dir='ltr' id='par_1_110' title="bbox 1947 4648 3652 4720">
     <span class='ocr_line' id='line_1_111' title="bbox 1947 4648 3652 4720; baseline 0.002 -15"><span class='ocrx_word' id='word_1_767' title='bbox 1947 4649 2405 4705; x_wconf 88' lang='lat' dir='ltr'>Christianorum</span> <span class='ocrx_word' id='word_1_768' title='bbox 2454 4648 2870 4718; x_wconf 89' lang='lat' dir='ltr'>imperatorum</span> <span class='ocrx_word' id='word_1_769' title='bbox 2923 4651 3246 4720; x_wconf 89' lang='lat' dir='ltr'>persecutio</span> <span class='ocrx_word' id='word_1_770' title='bbox 3298 4653 3477 4707; x_wconf 86' lang='lat' dir='ltr'>altera</span> <span class='ocrx_word' id='word_1_771' title='bbox 3524 4654 3652 4708; x_wconf 85' lang='lat' dir='ltr'>ﬁeri</span> 
     </span>
    </p>
   </div>
   <div class='ocr_carea' id='block_1_111' title="bbox 1947 4736 3654 4808">
    <p class='ocr_par' dir='ltr' id='par_1_111' title="bbox 1947 4736 3654 4808">
     <span class='ocr_line' id='line_1_112' title="bbox 1947 4736 3654 4808; baseline 0.003 -16"><span class='ocrx_word' id='word_1_772' title='bbox 1947 4740 2163 4792; x_wconf 90' lang='lat' dir='ltr'>occulta</span> <span class='ocrx_word' id='word_1_773' title='bbox 2190 4737 2473 4803; x_wconf 90' lang='lat' dir='ltr'>videatur,</span> <span class='ocrx_word' id='word_1_774' title='bbox 2525 4736 2707 4791; x_wconf 87' lang='lat' dir='ltr'>vetari</span> <span class='ocrx_word' id='word_1_775' title='bbox 2763 4737 2897 4791; x_wconf 90' lang='lat' dir='ltr'>talia</span> <span class='ocrx_word' id='word_1_776' title='bbox 2932 4738 3196 4808; x_wconf 86' lang='lat' dir='ltr'>jubeant,</span> <span class='ocrx_word' id='word_1_777' title='bbox 3257 4747 3313 4795; x_wconf 92' lang='lat' dir='ltr'>et</span> <span class='ocrx_word' id='word_1_778' title='bbox 3360 4741 3430 4795; x_wconf 91' lang='lat' dir='ltr'>de</span> <span class='ocrx_word' id='word_1_779' title='bbox 3462 4741 3654 4797; x_wconf 85' lang='lat' dir='ltr'>civita-</span> 
     </span>
    </p>
   </div>
   <div class='ocr_carea' id='block_1_112' title="bbox 1945 4823 3649 4901">
    <p class='ocr_par' dir='ltr' id='par_1_112' title="bbox 1945 4823 3649 4901">
     <span class='ocr_line' id='line_1_113' title="bbox 1945 4823 3649 4901; baseline 0.004 -21"><span class='ocrx_word' id='word_1_780' title='bbox 1945 4827 2100 4881; x_wconf 90' lang='lat' dir='ltr'>tibus</span> <span class='ocrx_word' id='word_1_781' title='bbox 2152 4830 2209 4879; x_wconf 91' lang='lat' dir='ltr'>et</span> <span class='ocrx_word' id='word_1_782' title='bbox 2265 4823 2722 4895; x_wconf 86' lang='lat' dir='ltr'>possessionibus</span> <span class='ocrx_word' id='word_1_783' title='bbox 2788 4825 3053 4896; x_wconf 87' lang='lat' dir='ltr'>imposita</span> <span class='ocrx_word' id='word_1_784' title='bbox 3107 4844 3278 4898; x_wconf 70' lang='lat' dir='ltr'>paena</span> <span class='ocrx_word' id='word_1_785' title='bbox 3334 4831 3649 4901; x_wconf 89' lang='lat' dir='ltr'>prohiberi,</span> 
     </span>
    </p>
   </div>
   <div class='ocr_carea' id='block_1_113' title="bbox 1946 4912 3651 4975">
    <p class='ocr_par' dir='ltr' id='par_1_113' title="bbox 1946 4912 3651 4975">
     <span class='ocr_line' id='line_1_114' title="bbox 1946 4912 3651 4975; baseline 0.005 -8"><span class='ocrx_word' id='word_1_786' title='bbox 1946 4912 2192 4967; x_wconf 82' lang='lat' dir='ltr'>maxime</span> <span class='ocrx_word' id='word_1_787' title='bbox 2247 4929 2378 4967; x_wconf 93' lang='lat' dir='ltr'>cum</span> <span class='ocrx_word' id='word_1_788' title='bbox 2450 4912 2627 4966; x_wconf 91' lang='lat' dir='ltr'>etiam</span> <span class='ocrx_word' id='word_1_789' title='bbox 2695 4912 2756 4966; x_wconf 89' lang='lat' dir='ltr'>in</span> <span class='ocrx_word' id='word_1_790' title='bbox 2812 4916 3097 4969; x_wconf 89' lang='lat' dir='ltr'>natalibus</span> <span class='ocrx_word' id='word_1_791' title='bbox 3187 4917 3651 4975; x_wconf 88' lang='lat' dir='ltr'>beatissimorum</span> 
     </span>
    </p>
   </div>
   <div class='ocr_carea' id='block_1_114' title="bbox 1946 5002 3653 5081">
    <p class='ocr_par' dir='ltr' id='par_1_114' title="bbox 1946 5002 3653 5081">
     <span class='ocr_line' id='line_1_115' title="bbox 1946 5002 3653 5081; baseline 0.005 -26"><span class='ocrx_word' id='word_1_792' title='bbox 1946 5007 2263 5072; x_wconf 82' lang='lat' dir='ltr'>martyrum</span> <span class='ocrx_word' id='word_1_793' title='bbox 2321 5017 2425 5072; x_wconf 88' lang='lat' dir='ltr'>per</span> <span class='ocrx_word' id='word_1_794' title='bbox 2480 5002 2787 5056; x_wconf 89' lang='lat' dir='ltr'>nonnullas</span> <span class='ocrx_word' id='word_1_795' title='bbox 2816 5002 3095 5074; x_wconf 91' lang='lat' dir='ltr'>civitates,</span> <span class='ocrx_word' id='word_1_796' title='bbox 3130 5010 3187 5060; x_wconf 91' lang='lat' dir='ltr'>et</span> <span class='ocrx_word' id='word_1_797' title='bbox 3236 5007 3296 5061; x_wconf 93' lang='lat' dir='ltr'>in</span> <span class='ocrx_word' id='word_1_798' title='bbox 3342 5009 3483 5081; x_wconf 88' lang='lat' dir='ltr'>ipsis</span> <span class='ocrx_word' id='word_1_799' title='bbox 3514 5010 3653 5064; x_wconf 86' lang='lat' dir='ltr'>locis</span> 
     </span>
    </p>
   </div>
   <div class='ocr_carea' id='block_1_115' title="bbox 1945 5090 3651 5169">
    <p class='ocr_par' dir='ltr' id='par_1_115' title="bbox 1945 5090 3651 5169">
     <span class='ocr_line' id='line_1_116' title="bbox 1945 5090 3651 5169; baseline 0.005 -25"><span class='ocrx_word' id='word_1_800' title='bbox 1945 5090 2117 5145; x_wconf 89' lang='lat' dir='ltr'>sacris</span> <span class='ocrx_word' id='word_1_801' title='bbox 2182 5090 2319 5144; x_wconf 90' lang='lat' dir='ltr'>talia</span> <span class='ocrx_word' id='word_1_802' title='bbox 2375 5091 2737 5146; x_wconf 91' lang='lat' dir='ltr'>committere</span> <span class='ocrx_word' id='word_1_803' title='bbox 2793 5109 2911 5148; x_wconf 93' lang='lat' dir='ltr'>non</span> <span class='ocrx_word' id='word_1_804' title='bbox 2976 5095 3376 5164; x_wconf 89' lang='lat' dir='ltr'>reformident,</span> <span class='ocrx_word' id='word_1_805' title='bbox 3440 5098 3651 5169; x_wconf 88' lang='lat' dir='ltr'>quibus</span> 
     </span>
    </p>
   </div>
   <div class='ocr_carea' id='block_1_116' title="bbox 1948 5179 3652 5251">
    <p class='ocr_par' dir='ltr' id='par_1_116' title="bbox 1948 5179 3652 5251">
     <span class='ocr_line' id='line_1_117' title="bbox 1948 5179 3652 5251; baseline 0.003 -17"><span class='ocrx_word' id='word_1_806' title='bbox 1948 5179 2147 5234; x_wconf 89' lang='lat' dir='ltr'>diebus</span> <span class='ocrx_word' id='word_1_807' title='bbox 2194 5183 2387 5233; x_wconf 88' lang='lat' dir='ltr'>etiam.</span> <span class='ocrx_word' id='word_1_808' title='bbox 2443 5180 2598 5251; x_wconf 84' lang='lat' dir='ltr'>quod</span> <span class='ocrx_word' id='word_1_809' title='bbox 2643 5181 2884 5251; x_wconf 90' lang='lat' dir='ltr'>pudoris</span> <span class='ocrx_word' id='word_1_810' title='bbox 2934 5187 3019 5236; x_wconf 87' lang='lat' dir='ltr'>est</span> <span class='ocrx_word' id='word_1_811' title='bbox 3072 5183 3280 5251; x_wconf 87' lang='lat' dir='ltr'>dicere,</span> <span class='ocrx_word' id='word_1_812' title='bbox 3323 5184 3652 5241; x_wconf 87' lang='lat' dir='ltr'>saltationes</span> 
     </span>
    </p>
   </div>
   <div class='ocr_carea' id='block_1_117' title="bbox 1945 5268 3719 5342">
    <p class='ocr_par' dir='ltr' id='par_1_117' title="bbox 1945 5268 3719 5342">
     <span class='ocr_line' id='line_1_118' title="bbox 1945 5268 3719 5342; baseline 0.005 -21"><span class='ocrx_word' id='word_1_813' title='bbox 1945 5268 2411 5323; x_wconf 75' lang='lat' dir='ltr'>sceleratissimus</span> <span class='ocrx_word' id='word_1_814' title='bbox 2465 5285 2569 5339; x_wconf 82' lang='lat' dir='ltr'>per</span> <span class='ocrx_word' id='word_1_815' title='bbox 2626 5270 2777 5323; x_wconf 87' lang='lat' dir='ltr'>vicos</span> <span class='ocrx_word' id='word_1_816' title='bbox 2840 5275 3014 5341; x_wconf 88' lang='lat' dir='ltr'>atque</span> <span class='ocrx_word' id='word_1_817' title='bbox 3068 5272 3286 5341; x_wconf 88' lang='lat' dir='ltr'>plateas</span> <span class='ocrx_word' id='word_1_818' title='bbox 3335 5280 3648 5342; x_wconf 84' lang='lat' dir='ltr'>exerceant,</span> <span class='ocrx_word' id='word_1_819' title='bbox 3712 5302 3719 5307; x_wconf 69' lang='grc' dir='ltr'><strong><em>ο</em></strong></span> 
     </span>
    </p>
   </div>
   <div class='ocr_carea' id='block_1_118' title="bbox 1945 5358 3647 5426">
    <p class='ocr_par' dir='ltr' id='par_1_118' title="bbox 1945 5358 3647 5426">
     <span class='ocr_line' id='line_1_119' title="bbox 1945 5358 3647 5426; baseline 0.004 -16"><span class='ocrx_word' id='word_1_820' title='bbox 1945 5361 2007 5411; x_wconf 88' lang='lat' dir='ltr'>ut</span> <span class='ocrx_word' id='word_1_821' title='bbox 2045 5358 2381 5412; x_wconf 90' lang='lat' dir='ltr'>matronalis</span> <span class='ocrx_word' id='word_1_822' title='bbox 2418 5358 2627 5426; x_wconf 89' lang='lat' dir='ltr'>honor,</span> <span class='ocrx_word' id='word_1_823' title='bbox 2660 5364 2717 5413; x_wconf 90' lang='lat' dir='ltr'>et</span> <span class='ocrx_word' id='word_1_824' title='bbox 2756 5358 3269 5414; x_wconf 87' lang='lat' dir='ltr'>innumerabilium</span> <span class='ocrx_word' id='word_1_825' title='bbox 3302 5360 3647 5417; x_wconf 88' lang='lat' dir='ltr'>feminarum</span> 
     </span>
    </p>
   </div>
   <div class='ocr_carea' id='block_1_119' title="bbox 1944 5446 3648 5523">
    <p class='ocr_par' dir='ltr' id='par_1_119' title="bbox 1944 5446 3648 5523">
     <span class='ocr_line' id='line_1_120' title="bbox 1944 5446 3648 5523; baseline 0.003 -22"><span class='ocrx_word' id='word_1_826' title='bbox 1944 5446 2149 5518; x_wconf 89' lang='lat' dir='ltr'>pudor,</span> <span class='ocrx_word' id='word_1_827' title='bbox 2184 5446 2384 5523; x_wconf 83' lang='lat' dir='ltr'>devote</span> <span class='ocrx_word' id='word_1_828' title='bbox 2437 5446 2793 5501; x_wconf 90' lang='lat' dir='ltr'>venientium</span> <span class='ocrx_word' id='word_1_829' title='bbox 2848 5448 2917 5502; x_wconf 89' lang='lat' dir='ltr'>ad</span> <span class='ocrx_word' id='word_1_830' title='bbox 2968 5448 3417 5504; x_wconf 86' lang='lat' dir='ltr'>sacratissimum</span> <span class='ocrx_word' id='word_1_831' title='bbox 3471 5451 3648 5520; x_wconf 88' lang='lat' dir='ltr'>diem,</span> 
     </span>
    </p>
   </div>
   <div class='ocr_carea' id='block_1_120' title="bbox 1944 5533 3651 5611">
    <p class='ocr_par' dir='ltr' id='par_1_120' title="bbox 1944 5533 3651 5611">
     <span class='ocr_line' id='line_1_121' title="bbox 1944 5533 3651 5611; baseline 0.004 -22"><span class='ocrx_word' id='word_1_832' title='bbox 1944 5533 2176 5604; x_wconf 88' lang='lat' dir='ltr'>injuriis</span> <span class='ocrx_word' id='word_1_833' title='bbox 2234 5534 2650 5589; x_wconf 88' lang='lat' dir='ltr'>lascivientium</span> <span class='ocrx_word' id='word_1_834' title='bbox 2721 5539 3047 5606; x_wconf 88' lang='lat' dir='ltr'>appetatur,</span> <span class='ocrx_word' id='word_1_835' title='bbox 3105 5541 3172 5591; x_wconf 90' lang='lat' dir='ltr'>ut</span> <span class='ocrx_word' id='word_1_836' title='bbox 3241 5538 3415 5594; x_wconf 88' lang='lat' dir='ltr'>etiam</span> <span class='ocrx_word' id='word_1_837' title='bbox 3468 5539 3651 5611; x_wconf 89' lang='lat' dir='ltr'>ipsius</span> 
     </span>
    </p>
   </div>
   <div class='ocr_carea' id='block_1_121' title="bbox 1950 5623 3257 5695">
    <p class='ocr_par' dir='ltr' id='par_1_121' title="bbox 1950 5623 3257 5695">
     <span class='ocr_line' id='line_1_122' title="bbox 1950 5623 3257 5695; baseline 0.002 -18"><span class='ocrx_word' id='word_1_838' title='bbox 1950 5628 2162 5677; x_wconf 69' lang='lat' dir='ltr'>sanctae</span> <span class='ocrx_word' id='word_1_839' title='bbox 2188 5623 2485 5693; x_wconf 86' lang='lat' dir='ltr'>religionis</span> <span class='ocrx_word' id='word_1_840' title='bbox 2513 5639 2659 5693; x_wconf 88' lang='lat' dir='ltr'>pene</span> <span class='ocrx_word' id='word_1_841' title='bbox 2690 5624 2946 5695; x_wconf 87' lang='lat' dir='ltr'>fugiatur</span> <span class='ocrx_word' id='word_1_842' title='bbox 2978 5641 3257 5680; x_wconf 87' lang='lat' dir='ltr'>accessus.</span> 
     </span>
    </p>
   </div>
  </div>
