3966 6470
308 369 412 421 839

703 488 832 544 CAP.
862 489 1107 544 XXXVII.
1126 518 1196 528 -—-
1229 490 1307 543 De
1329 490 1516 545 eadem
1544 507 1621 545 re.

382 580 491 650 (Ea:
547 578 690 633 decr.
724 580 915 633 Leonis
943 580 1150 647 papae.)
1174 577 1230 631 Si
1257 578 1513 632 convivio
1546 581 1663 633 solo
1690 580 2017 650 gentilium,

309 672 365 722 et
389 666 531 722 escis
575 665 964 720 immolaticiis
1026 666 1114 719 usi
1170 673 1322 732 sunt,
1382 674 1620 737 possunt
1661 668 1903 738 jejuniis
1961 675 2019 724 et

311 771 517 809 manus
548 753 917 824 impositione
967 755 1228 824 purgari,
1281 760 1344 809 ut
1392 755 1663 826 deinceps
1713 757 1783 811 ab
1829 758 2017 812 idolo-

309 842 470 897 thitis
527 842 896 909 abstinentes,
971 848 1458 897 sacramentorum
1528 844 1737 899 Christi
1798 846 2019 915 possint

310 948 431 986 esse
458 930 785 1001 participes.
815 930 872 985 Si
900 934 1092 985 autem
1132 937 1231 985 aut
1262 932 1413 986 idola
1465 933 1870 1000 adoraverunt,
1918 938 2017 988 aut

308 1020 631 1074 homicidiis
660 1019 747 1072 vel
806 1018 1284 1074 fornicationibus
1336 1020 1710 1075 contaminati
1740 1025 1892 1086 sunt,
1944 1020 2014 1075 ad

310 1108 778 1163 communionem
839 1123 937 1161 eos
966 1106 1077 1162 nisi
1114 1123 1220 1178 per
1270 1108 1667 1179 paenitentiam
1724 1108 2014 1180 publicam

312 1214 428 1253 non
455 1201 680 1267 oportet
694 1196 941 1251 admitti.

312 1286 443 1342 CAP.
466 1286 740 1344 XXXVIII.
762 1316 832 1325 —
852 1287 928 1342 Ne
948 1284 1131 1355 ﬁdeles
1150 1287 1210 1339 in
1234 1288 1545 1411 iameteriis
1572 1286 1843 1356 prandere
1860 1302 2013 1357 prae-

996 1406 1004 1411 .
1038 1372 1231 1411 suman
1263 1397 1276 1411 .

996 1406 1004 1411 .
1038 1372 1276 1411 sumant.

384 1427 496 1497 (Ea:
527 1429 750 1483 concilio
800 1428 1094 1495 Braggar.,
1129 1430 1306 1497 capite
1345 1429 1462 1496 70.)
1507 1428 1631 1482 Non
1661 1426 1827 1483 liceat
1851 1428 2009 1484 Chri-

308 1517 504 1572 stianis
558 1517 799 1588 prandia
830 1517 901 1572 ad
936 1517 1334 1572 defunctorum
1368 1518 1631 1589 sepulcra
1664 1518 1903 1588 deferre,
1955 1523 2015 1574 et

309 1606 626 1659 sacrificare
652 1605 912 1660 mortuis.

308 1698 434 1752 CAP.
468 1696 686 1751 XXXIX.
720 1725 788 1735 -—
820 1700 893 1751 De
918 1694 1032 1750 illis
1064 1698 1162 1764 qui
1178 1695 1474 1750 balationes
1506 1698 1752 1765 fecerint,
1786 1701 1840 1752 et
1877 1712 1932 1751 se
1952 1698 2009 1751 in

640 1767 847 1821 alienas
876 1768 1083 1834 formas
1132 1769 1666 1833 transformaverint.

378 1855 487 1927 (Ea:
536 1856 737 1922 eodem,
804 1858 981 1925 capite
1033 1855 1142 1924 80.)
1201 1854 1257 1909 Si
1313 1856 1441 1926 quis
1495 1856 1815 1910 balationes
1875 1861 2007 1910 ante

305 1944 569 1998 ecclesias
621 1948 946 1997 sanctorum
1000 1942 1217 2011 fecerit,
1274 1960 1377 1997 seu
1431 1943 1531 2014 qui
1586 1944 1790 1998 faciem
1844 1961 2005 1998 suam

303 2031 796 2085 transformaverit
847 2030 907 2083 in
973 2029 1169 2083 habitu
1232 2029 1521 2095 muliebri,
1578 2035 1635 2084 et
1684 2030 1895 2085 mulier
1946 2030 2007 2085 iu

304 2120 505 2181 habitu
562 2119 689 2186 viri,
748 2117 1153 2173 emendatione
1234 2118 1487 2188 pollicita
1543 2134 1603 2172 tu
1656 2133 1837 2172 annos
1888 2135 2004 2190 poe-

303 2209 505 2263 niteat.

305 2296 434 2351 CAP.
476 2297 671 2351 XL.-
725 2294 881 2361 Quod
935 2296 1327 2349 incantationes
1375 2298 1426 2350 et
1483 2296 1707 2363 magij
1748 2301 1895 2351 artes
1924 2297 2005 2350 la-

894 2368 1019 2435 qurti
1056 2366 1264 2420 diaboli
1288 2369 1416 2420 sint.

376 2454 486 2526 (Ex
533 2454 696 2508 dictis
727 2454 1017 2522 Augusti.)
1057 2454 1418 2508 Admoneant
1460 2453 1779 2508 sacerdotes
1807 2454 2006 2509 ﬁdeles

302 2545 564 2615 populos,
602 2548 664 2597 ut
687 2543 955 2597 noverint
986 2543 1235 2613 magicas
1289 2547 1438 2597 artes
1469 2543 2005 2616 incantationesque

301 2632 655 2703 quibuslibet
729 2630 1166 2686 inﬁrmitatibus
1235 2631 1537 2685 hominum
1610 2630 1754 2685 nihil
1840 2648 2003 2702 posse

301 2720 544 2774 remedii
602 2719 880 2787 conferre,
970 2736 1086 2773 non
1172 2719 1517 2774 animalibus
1595 2720 2002 2790 languentibus

301 2808 853 2873 claudicantibusve,
890 2807 976 2861 vel
1034 2808 1206 2861 etiam
1263 2807 1621 2861 moribundis
1682 2808 1999 2878 quidquam

300 2896 545 2963 mederi,
603 2897 698 2951 sed
759 2897 878 2950 haec
936 2912 1058 2950 esse
1115 2896 1352 2966 laqueos
1406 2900 1461 2949 et
1498 2895 1735 2949 insidias
1778 2896 2001 2967 antiqui

306 2985 509 3054 hostis,
538 2986 750 3056 quibus
771 2985 868 3039 ille
896 2984 1153 3055 perﬁdus
1173 3000 1354 3054 genus
1382 2985 1701 3037 humanum
1735 2984 1998 3052 decipere

1401 366 1805 422 BUBCIIABDI
1845 367 2386 425 WORMACIENSIS
2424 368 2755 425 EPISCOPI.

3724 374 3823 426 840

2042 497 2090 549 Α
2129 494 2540 564 augurationes
2569 498 2627 548 et
2665 493 2789 564 ipsa
2836 510 2966 565 qua:
3025 494 3295 549 dicuntur
3336 496 3569 550 oracula
3629 501 3687 551 et
3726 513 3824 551 ne-

2127 584 2423 638 cromatia.

2553 670 2681 725 CAP.
2705 671 2860 724 XLII.
2902 700 2972 711 —
2998 672 3077 724 De
3108 672 3288 725 eadem
3317 688 3394 726 re.

2198 758 2317 827 (Ea:
2364 758 2525 813 dictis
2587 758 2869 829 ejusdem.)
2930 761 3039 813 Nec
3096 760 3311 814 mirum
3378 761 3448 815 de
3524 778 3822 833 magorum

2125 846 2451 917 praestigiis,
2477 863 2725 917 quorum
2752 847 2811 900 in
2841 853 3064 902 tantum
3108 849 3371 918 prodiere
3410 850 3822 905 maleﬁciorum

2126 943 2294 1002 artes,
2345 941 2412 989 ut
2459 935 2632 990 etiam
2685 936 2823 991 Mosi
2876 936 3188 991 simillimis
3230 937 3412 1008 signis
3470 939 3820 1006 resisterent,

2123 1028 2411 1079 vertentes
2442 1025 2628 1095 virgas
2657 1024 2720 1079 in
2758 1025 3053 1093 dracones,
3104 1042 3282 1096 aquas
3334 1026 3395 1081 in
3455 1028 3819 1097 sanguinem,

2122 1129 2253 1167 cum
2287 1114 2471 1167 fertur
2517 1113 2783 1167 etiamin
2820 1113 3123 1184 gentilium
3156 1113 3319 1169 libris
3359 1116 3513 1186 quod
3556 1116 3821 1187 quaedam

2124 1218 2294 1273 maga
2324 1201 2710 1256 famosissima
2740 1202 2897 1257 Circe
2955 1203 3139 1257 socios
3192 1203 3367 1258 Ulixis
3426 1206 3732 1259 mutaverit
3758 1205 3820 1259 in

2120 1290 2350 1363 bestias.
2386 1291 2620 1362 Legitur
2647 1297 2707 1345 et
2754 1291 2824 1345 de
2872 1292 3170 1357 sacriﬁcio,
3233 1293 3388 1363 quod
3418 1294 3661 1348 Arcades
3711 1294 3819 1348 deo

2121 1395 2223 1434 suo
2254 1360 2416 1434 Liceo
2445 1379 2844 1445 immolabant,
2887 1396 2956 1434 ex
2996 1396 3112 1452 quo
3144 1380 3474 1453 quicunque
3503 1388 3818 1450 sumerent,

2118 1468 2182 1523 in
2208 1468 2522 1523 bestiarum
2561 1469 2777 1523 formas
2807 1474 3300 1524 converterentur.
3325 1470 3431 1524 Sed
3460 1471 3583 1525 hac
3625 1472 3822 1525 omnia

2119 1556 2358 1627 magicis
2388 1555 2695 1626 praestigiis
2743 1556 2934 1627 potius
2964 1556 3355 1627 ﬁngebantur,
3405 1573 3580 1628 quam
3623 1574 3820 1613 rerum

2118 1645 2354 1699 veritate
2413 1643 2855 1714 complerentur.
2892 1646 2959 1699 Ut
3015 1662 3151 1716 ergo
3195 1646 3305 1714 ipsi
3360 1662 3582 1700 errores
3652 1646 3820 1717 igno-

2119 1734 2378 1788 rantibus
2411 1733 2696 1788 manifesti
2727 1733 2888 1797 iiant,
2922 1734 2991 1787 de
3027 1750 3226 1788 eorum
3258 1734 3607 1805 proprietate
3646 1740 3820 1806 atque

2121 1822 2514 1876 inventoribus
2567 1823 2733 1892 juxta
2792 1822 3159 1876 traditionem
3217 1824 3501 1894 majorum
3564 1824 3818 1896 primum

2118 1911 2305 1964 dicere
2338 1911 2655 1981 congruum
2681 1909 3049 1965 arbitramur.
3108 1911 3253 1980 Magi
3309 1918 3462 1981 sunt,
3496 1913 3597 1983 qui
3648 1914 3820 1983 vulgo

2119 1998 2364 2054 malefici
2387 1998 2460 2052 ob
2506 1998 2824 2052 facinorum
2878 1999 3337 2068 magnitudinem
3382 2007 3815 2071 nuncupantur.

2118 2088 2185 2143 Hi
2241 2086 2525 2158 permissu
2592 2085 2692 2140 Dei
2781 2087 3064 2140 elementa
3148 2088 3500 2150 concutiunt,
3581 2089 3821 2143 turbant

2116 2180 2336 2230 mentes
2390 2175 2692 2229 hominum
2743 2174 2934 2229 minus
2995 2174 3405 2229 conﬁdentium
3465 2175 3525 2229 in
3587 2177 3723 2243 Deo,
3754 2193 3818 2231 ac

2115 2265 2237 2319 sine
2266 2264 2386 2318 ullo
2429 2263 2634 2318 veneni
2682 2263 2909 2327 haustu,
2946 2263 3213 2317 violentia
3269 2269 3488 2318 tantum
3546 2265 3817 2318 carminis

2114 2351 2470 2407 interimunt.
2533 2351 2689 2406 Unde
2729 2356 2786 2405 et
2832 2352 3136 2405 Lucanus:
3188 2352 3342 2405 Mens
3392 2351 3582 2405 hausti
3655 2353 3816 2405 nulla

2114 2440 2273 2495 sanie
2318 2439 2542 2510 polluta
2589 2438 2818 2507 veneni,
2876 2439 3167 2493 incantata
3220 2439 3385 2508 perit.
3452 2439 3815 2493 Dmmonibus

2114 2530 2264 2585 enim
2297 2529 2490 2584 accitis
2541 2529 2752 2582 audent
2797 2528 3094 2595 ventilare,
3129 2532 3190 2581 ut
3238 2527 3497 2598 quisquis
3548 2545 3681 2581 suos
3711 2544 3811 2598 pe-

2113 2619 2285 2673 rimat
2338 2617 2505 2672 malis
2553 2616 2771 2670 artibus
2830 2616 3119 2670 inimicos.
3176 2616 3243 2670 Hi
3300 2615 3469 2669 etiam
3531 2617 3813 2685 sanguine

2112 2712 2375 2773 utuntur,
2409 2711 2464 2760 et
2499 2705 2745 2760 victimis
2783 2720 2932 2776 saepe
2982 2705 3322 2774 contingunt
3375 2720 3615 2775 corpora
3646 2721 3809 2758 mor-

2111 2801 2362 2851 tuorum.
2419 2793 2805 2849 Necromautii
2870 2798 3006 2848 sunt
3057 2809 3303 2864 quorum
3369 2794 3814 2864 praecationibus

2109 2885 2378 2938 videntur
2432 2882 2752 2936 resuscitati
2782 2882 2995 2936 mortui
3044 2882 3300 2936 divinare
3338 2887 3394 2935 et
3432 2882 3503 2937 ad
3559 2882 3817 2936 interro-

2110 2978 2243 3043 gata
2312 2971 2678 3041 respondere.
2749 2971 2959 3025 Necros
3033 2970 3207 3038 enim,
3291 2970 3480 3024 Graece
3529 2975 3812 3037 mortuus,

302 3074 525 3128 ηίιίωτι,
586 3076 650 3128 Et
706 3074 755 3127 si
810 3073 940 3144 quis
970 3073 1093 3126 hac
1116 3072 1456 3139 exercuerit,
1498 3072 1739 3125 clericus
1794 3073 2001 3144 aegra-
2038 3057 2079 3111 C
2114 3059 2329 3115 mantia
2367 3059 2643 3113 divinatio
2702 3062 3089 3129 nuncupatur.
3151 3058 3233 3111 Ad
3270 3074 3415 3128 quos
3455 3057 3815 3111 suscitandas

300 3162 487 3227 detur,
513 3162 692 3216 laicus
719 3160 1255 3215 anathematizetur.

302 3251 431 3305 CAP.
463 3249 594 3303 XLI.
623 3277 695 3287 —
752 3250 824 3301 De
877 3248 991 3301 illis
1041 3249 1138 3315 qui
1192 3248 1420 3301 salutem
1457 3261 1563 3299 non
1608 3262 1643 3300 a
1697 3247 1999 3317 Saluatore,

665 3318 760 3373 sed
788 3318 856 3371 ab
895 3319 1011 3386 ejus
1050 3323 1302 3371 creatura
1324 3319 1632 3384 7equirunt.

371 3407 633 3477 (August.
683 3408 740 3460 in
774 3406 912 3460 libro
951 3405 1017 3458 de
1061 3406 1293 3461 Civitate
1347 3406 1489 3472 Dei.)
1520 3404 1718 3459 Omnis
1768 3405 1998 3475 sapien-

300 3496 442 3551 tiaa
474 3494 714 3549 Domino
765 3496 882 3548 Deo
935 3499 1040 3559 est,
1085 3498 1141 3547 et
1185 3493 1334 3563 apud
1383 3492 1547 3547 illum
1597 3493 1702 3549 fuit
1748 3510 1996 3563 semper,

301 3590 359 3639 et
403 3589 487 3639 est
518 3588 649 3639 ante
684 3599 889 3637 aevum.
937 3585 1185 3637 Arenam
1236 3583 1411 3635 maris
1442 3587 1498 3635 et
1535 3582 1744 3652 pluviae
1786 3588 1994 3654 guttas.

299 3678 357 3727 et
385 3673 504 3727 dies
557 3671 747 3726 saeculi
779 3671 908 3743 quis
948 3670 1372 3725 dinumerabit?
1419 3670 1792 3725 Altitudinem
1848 3671 1996 3731 caeli.

299 3768 358 3816 et
425 3761 786 3816 latitudinem
841 3765 1030 3827 terrm,
1099 3764 1157 3815 et
1224 3759 1578 3830 profundum
1637 3759 1821 3829 abyssi
1871 3760 1998 3829 quis

298 3866 533 3905 mensus
573 3849 689 3904 est?
737 3848 1087 3919 Sapientiam
1148 3849 1249 3903 Dei
1294 3848 1714 3917 praecedentem
1780 3847 1993 3913 omnia,

300 3939 430 4009 quis
474 3937 877 4013 investigabit?
912 3937 1073 3991 Prior
1120 3936 1382 3990 omnium
1417 3940 1606 3989 creata
1649 3940 1733 3989 est
1766 3935 1997 4005 sapien-

297 4026 398 4091 tia,
432 4030 489 4080 et
532 4025 852 4079 intellectus
884 4024 1207 4094 prudentiae
1253 4023 1323 4076 ab
1353 4039 1489 4077 sevo.
1524 4023 1671 4077 Fons
1700 4024 1995 4095 sapientiae

297 4113 547 4167 Verbum
577 4112 677 4166 Dei
713 4113 773 4165 in
813 4111 1064 4175 excelsis,
1112 4116 1169 4164 et
1198 4112 1490 4181 ingressus
1533 4110 1689 4164 illius
1727 4112 1998 4166 mandata

297 4206 528 4255 aeterna.
554 4200 663 4264 Qui
693 4199 846 4253 enim
876 4198 999 4253 sine
1030 4199 1317 4253 Salvatore
1339 4198 1582 4253 salutem
1625 4198 1993 4267 vulthabere,

297 4294 351 4341 et
382 4290 503 4343 sine
532 4304 664 4342 vera
716 4287 998 4358 sapientia
1039 4286 1286 4341 aestimat
1342 4286 1688 4357 prudentem
1747 4274 1828 4341 se.
1866 4288 1993 4343 ﬁeri

295 4393 479 4448 posse,
518 4393 634 4431 non
657 4392 828 4430 sanus
849 4376 945 4430 sed
992 4391 1166 4446 aeger,
1206 4391 1321 4429 non
1347 4375 1600 4446 prudens
1631 4375 1728 4429 sed
1760 4378 1989 4446 stultus,

296 4467 354 4520 in
384 4466 726 4537 aegritudine
757 4465 983 4519 assidua
1018 4464 1318 4530 laborabit,
1362 4467 1419 4517 et
1447 4463 1504 4517 in
1537 4464 1789 4519 caecitate
1825 4465 1995 4519 noxia

294 4556 503 4610 stultus
556 4559 613 4609 et
669 4554 904 4609 demens
951 4553 1330 4625 permanebit.
1376 4556 1455 4607 Ac
1510 4552 1749 4622 proinde
1800 4554 1992 4607 omnis

293 4642 615 4714 inquisitio,
648 4646 707 4696 et
728 4641 917 4696 omnis
949 4642 1168 4696 curatio
1219 4657 1347 4711 quae
1392 4657 1424 4694 a
1453 4640 1659 4695 divinis
1690 4644 1746 4694 et
1793 4641 1991 4710 magis,

292 4732 380 4785 vel
412 4731 483 4785 ab
521 4730 665 4801 ipsis
687 4730 991 4785 daemoniis
1022 4730 1080 4784 in
1112 4729 1397 4783 idolorum
1427 4729 1650 4782 cultura
1679 4729 1989 4799 expetitur,

293 4835 447 4873 mors
475 4819 669 4889 potius
716 4818 958 4873 dicenda
988 4822 1087 4881 est,
1127 4833 1300 4888 quam
1332 4817 1463 4871 vita.
1502 4818 1565 4871 Et
1622 4818 1721 4887 qui
1780 4833 1846 4870 ea
1905 4833 1990 4870 se-

294 4911 543 4972 ctantur,
590 4907 637 4960 si
690 4922 748 4960 se
794 4922 909 4960 non
940 4906 1311 4969 correxerint,
1342 4905 1413 4958 ad
1471 4910 1745 4959 mteruam
1801 4906 1988 4974 perdi-

294 4996 512 5048 tionem
576 4994 842 5059 tendunt,
923 4995 1221 5048 Psalmista
1299 4994 1577 5047 dicente:
1634 4993 1844 5048 Omnes
1911 4993 1991 5048 dii

294 5084 551 5155 gentium
585 5089 721 5138 sunt
772 5082 1074 5137 daemonia.
1105 5084 1214 5147 Qui
1257 5098 1362 5153 per
1409 5082 1676 5152 deceptos
1727 5080 1991 5136 homines

292 5174 433 5227 alios
465 5172 728 5241 decipere
768 5171 1028 5242 quotidie
1072 5171 1348 5241 gestiunt,
1397 5176 1460 5224 ut
1494 5170 1834 5241 perditionis
1873 5186 1991 5224 sua:

289 5261 500 5315 faciant
533 5277 630 5315 eos
660 5276 781 5315 esse
834 5259 1159 5331 participes.
1193 5260 1389 5330 Itaque
1420 5259 1543 5312 haec
1587 5258 1807 5312 vanitas
1867 5274 1991 5312 ma-

291 5350 547 5419 gicarum
580 5349 812 5413 artium,
847 5364 914 5402 ex
953 5348 1266 5402 traditione
1296 5347 1635 5415 angelorum
1679 5347 1988 5413 malorum,

290 5436 351 5490 in
397 5442 518 5492 toto
548 5441 830 5492 terrarum
863 5436 1001 5491 orbe
1060 5436 1326 5506 plurimis
1381 5435 1605 5489 saeculis
1659 5434 1837 5489 valuit
1886 5450 1992 5505 per

290 5524 602 5592 quamdam
658 5524 955 5582 scientiam
1004 5523 1331 5579 futurorum
1387 5528 1446 5578 et
1490 5522 1874 5589 infernorum,
1933 5525 1993 5578 et

295 5626 402 5679 per
465 5611 825 5670 inventiones
896 5628 1099 5669 eorum
1171 5612 1403 5668 inventa
1481 5616 1619 5668 sunt
1680 5611 1988 5682 aruspicia,

2113 3147 2373 3203 cadaveri
2411 3147 2643 3217 sanguis
2702 3146 2988 3216 adjicitur.
3067 3146 3209 3200 Nam
3266 3161 3457 3200 amare
3519 3146 3813 3200 daemones

2110 3236 2451 3307 sanguinem
2497 3234 2815 3289 dicuntur:
2848 3234 3093 3304 ideoque
3143 3234 3366 3304 quoties
3412 3233 3815 3288 Necromantia

2107 3324 2191 3391 ﬁt,
2226 3339 2392 3377 cruor
2447 3339 2613 3393 aquae
2661 3323 2956 3389 miscetur,
2988 3327 3044 3376 et
3096 3323 3284 3376 colore
3317 3322 3614 3392 sanguinis
3668 3322 3811 3376 faci-

2110 3415 2219 3467 lius
2273 3417 2679 3484 provocantur.
2737 3411 3140 3482 Hydromantii
3188 3411 3260 3466 ab
3310 3427 3460 3481 aqua
3511 3410 3648 3465 dicti
3681 3427 3696 3465 :
3725 3416 3812 3464 est

2109 3502 2262 3555 enim
2332 3500 2733 3572 hydromantia
2802 3500 2861 3554 in
2924 3516 3089 3571 aquae
3172 3499 3523 3569 inspectione
3577 3499 3812 3552 umbras

2106 3590 2432 3645 daemonum
2468 3605 2728 3655 evocare,
2762 3594 2819 3643 et
2840 3589 3117 3659 imagines
3151 3587 3554 3643 ludificationis
3608 3604 3809 3642 eorum

2106 3679 2319 3745 videre;
2370 3678 2563 3749 ibique
2611 3678 2681 3731 ab
2732 3677 2813 3731 eis
2862 3677 3057 3748 aliqua
3107 3677 3329 3731 audire.
3392 3676 3499 3732 Ubi
3547 3677 3808 3732 adhibito

2105 3766 2406 3837 sanguine,
2435 3765 2648 3820 inferos
2681 3764 3058 3835 perhibentur
3087 3763 3378 3818 sciscitari.

2516 3854 2643 3909 CAP.
2688 3853 2870 3907 XLIll.
2897 3882 2966 3893 —
2996 3851 3079 3906 De
3106 3852 3290 3906 eadem
3311 3868 3386 3906 re.

2178 3940 2286 4012 (Em
2346 3940 2505 3995 dictis
2558 3940 2845 4010 ejusdem.)
2899 3940 3082 4010 Igitur
3132 3955 3315 4010 genus
3380 3938 3748 3993 divinationis
3780 3956 3812 3993 a

2106 4030 2290 4084 Persis
2318 4030 2500 4083 fertur
2531 4029 2790 4083 allatum.
2848 4028 3019 4082 Varro
3049 4034 3243 4082 autem
3296 4027 3436 4082 dicit
3502 4028 3810 4081 divinatio.

2104 4119 2195 4175 nis
2224 4124 2474 4190 quatuor
2530 4133 2651 4171 esse
2703 4132 2958 4187 genera:
3010 4120 3243 4184 terram,
3290 4133 3519 4186 aquam,
3590 4131 3807 4182 aerem,

2105 4209 2163 4259 et
2212 4203 2427 4275 ignem.
2508 4202 2650 4255 Hinc
2713 4200 3120 4272 geomantiam,
3185 4201 3668 4271 bydromantiam,
3720 4218 3812 4254 ae-

2104 4289 2475 4357 romantiam,
2503 4289 2949 4360 pyromantiam,
2980 4288 3191 4343 dictam
3245 4294 3565 4344 autumant.
3618 4289 3808 4343 Divini

2107 4379 2243 4435 dicti
2271 4382 2423 4443 sunt,
2455 4377 2619 4448 quasi
2646 4378 2760 4431 Deo
2793 4376 2968 4448 pleni.
3015 4375 3305 4431 Divinitati
3337 4377 3492 4431 enim
3524 4378 3725 4447 plenos
3747 4394 3808 4432 se

2106 4483 2226 4522 esse
2256 4466 2617 4535 assimulant,
2647 4471 2704 4521 et
2754 4465 2961 4519 astutia
2990 4464 3238 4535 quadam
3296 4465 3667 4519 fraudulenta
3707 4465 3809 4519 ho-

2106 4555 2356 4609 minibus
2389 4554 2582 4608 futura
2620 4557 2965 4623 conjectant.
3000 4554 3122 4609 Duo
3171 4558 3360 4607 autem
3409 4558 3543 4631 sunt
3589 4569 3807 4623 genera

2104 4642 2512 4699 divinationis:
2576 4658 2666 4696 ars
2718 4647 2775 4696 et
2829 4642 3007 4696 furor.
3067 4642 3452 4696 Incantatores
3491 4657 3625 4696 vero
3665 4642 3807 4697 dicti

2105 4736 2260 4800 sunt,
2294 4730 2393 4802 qui
2426 4734 2609 4785 artem
2638 4730 2826 4787 verbis
2869 4736 3175 4801 peragunt.
3209 4729 3385 4785 Arioli
3442 4730 3625 4783 vocati
3671 4737 3811 4786 sunt

2106 4825 2409 4891 propterea
2460 4820 2617 4891 quod
2669 4820 2819 4874 circa
2866 4836 2991 4874 aras
3042 4819 3328 4873 idolorum
3385 4817 3631 4872 nefarias
3686 4836 3812 4890 pre-

2104 4925 2198 4962 ces
2251 4908 2505 4963 enittunt
2557 4913 2615 4962 et
2680 4908 2906 4962 funesta
2953 4906 3230 4961 sacriﬁcia
3278 4906 3547 4972 oﬁ'erunt,
3599 4907 3809 4979 hisque

2106 4996 2527 5051 celebritatibus
2579 4996 2911 5051 daemonum
2967 5010 3245 5065 responsa
3300 4994 3608 5065 accipiunt.
3639 5000 3814 5051 Arus-

2108 5084 2289 5155 spices
2400 5085 2721 5154 nuncupati
2820 5087 2972 5150 sunt,
3064 5081 3229 5153 quasi
3333 5082 3608 5137 horarum
3716 5084 3808 5138 in-

2107 5176 2410 5242 spectores.
2494 5171 2624 5226 Dies
2689 5171 2846 5226 enim
2921 5174 2979 5225 et
3046 5171 3213 5224 horas
3270 5169 3334 5224 in
3399 5170 3636 5241 agendis
3702 5188 3805 5226 ne-

2105 5260 2276 5329 gotiis
2332 5258 2717 5338 operibusque
2779 5259 3163 5315 custodiunt:
3235 5257 3390 5328 quod
3446 5274 3550 5328 per
3614 5258 3811 5329 singu-

2107 5348 2159 5401 la
2220 5353 2472 5418 tempora
2526 5346 2830 5402 observare
2896 5347 3102 5401 debeat
3143 5347 3319 5400 homo
3369 5345 3698 5400 intendunt.
3739 5346 3807 5401 Hi

2107 5435 2280 5490 etiam
2335 5441 2463 5490 exta
2504 5436 2788 5506 pecudum
2842 5435 3177 5506 inspiciunt,
3226 5438 3285 5489 et
3355 5450 3425 5488 ex
3474 5433 3556 5488 eis
3612 5434 3807 5489 futura

2108 5524 2444 5595 praedicunt.
2468 5528 2730 5595 Augures
2767 5528 2918 5591 sunt,
2952 5524 3053 5596 qui
3081 5524 3305 5577 volatus
3337 5522 3528 5577 avium
3558 5527 3615 5576 et
3638 5538 3806 5577 voces

2109 5612 2442 5682 intendunt,
2491 5613 2721 5684 aliaque
2766 5612 2932 5685 signa
2988 5627 3186 5668 rerum
3229 5610 3319 5666 vel
3379 5608 3805 5666 observationes
