3966 6404
116 374 217 425 Sil

1108 372 1586 432 DECRETORUM
1629 375 1817 430 LIBRI
1856 376 1963 433 XX.
2007 405 2075 417 —
2114 378 2321 435 LIBER
2362 379 2686 437 DECIMUS.

3542 390 3647 444 842

36 532 37 537 η
114 494 472 565 improvisas
498 494 831 549 hominibus
887 500 1251 549 occurrentes
1290 496 1501 552 ferunt.
1562 500 1718 553 Idem
1776 504 1831 553 et
1860 504 1905 553 A
1947 505 2118 553 testas
2146 502 2459 557 immundis
2499 504 2812 575 spiritibus,
2862 511 2927 559 ut
2956 523 3189 577 pervasa
3220 510 3327 565 sibi
3357 517 3513 582 apta,
3541 513 3649 567 hoc

116 584 407 653 auspices.
458 584 601 637 Nam
636 588 690 636 et
731 583 985 653 auspicia
1025 589 1175 649 sunt,
1242 601 1370 654 quae
1413 586 1521 639 iter
1563 587 1834 641 facientes

116 673 448 726 observant.
501 673 656 726 Dicta
709 678 900 725 autem
956 677 1090 725 sunt
1139 676 1388 743 auspicia
1439 676 1602 745 quasi
1640 676 1833 729 avium

119 760 364 830 aspicia,
429 765 485 813 et
542 760 787 829 auguria
840 760 1005 830 quasi
1055 760 1246 814 avium
1301 763 1494 832 garria
1571 764 1679 817 hoc
1725 768 1829 827 est,

119 850 321 902 avium
350 864 515 902 voces
547 853 604 903 et
639 848 871 918 linguas.
916 849 1039 902 Jam
1083 850 1394 919 augurium
1436 852 1602 920 quasi
1638 851 1832 921 avige-

118 936 298 1000 rium,
336 935 491 1005 quod
536 950 676 1005 aves
723 938 953 1005 gerunt.
1016 936 1136 988 Duo
1189 940 1378 989 autem
1437 942 1568 990 sunt
1623 952 1835 1007 genera

116 1023 569 1095 auspiciorum:
609 1039 790 1077 unum
850 1024 917 1077 ad
966 1024 1184 1088 oculos,
1239 1026 1483 1078 alterum
1542 1026 1613 1079 ad
1669 1042 1835 1079 aures

114 1113 439 1182 pertinens.
486 1112 571 1167 Ad
602 1113 799 1166 oculos
856 1112 1067 1166 scilicet
1118 1113 1343 1167 volatus
1377 1130 1389 1167 :
1424 1114 1492 1167 ad
1533 1130 1700 1168 aures
1729 1131 1834 1168 vox

117 1202 339 1255 avium.
380 1201 714 1256 Pithonissze
747 1218 774 1254 a
802 1201 987 1255 Pithio
1016 1202 1343 1271 Appollinae
1376 1203 1563 1269 dictae,
1597 1203 1753 1274 quod
1787 1204 1837 1257 is

118 1296 326 1345 auctor
356 1291 530 1345 fuerit
562 1291 878 1345 divinandi.
912 1292 1203 1361 Astrologi
1234 1292 1368 1347 dicti
1401 1299 1532 1346 sunt
1582 1310 1649 1347 eo
1682 1296 1835 1365 quod

117 1379 184 1434 in
243 1380 417 1433 astris
482 1385 855 1451 augurantur.
936 1381 1290 1435 Genethliaci
1373 1382 1646 1452 appellati
1703 1388 1838 1437 sunt

119 1473 366 1539 propter
398 1469 799 1523 nataliciorum
828 1470 1315 1523 considerationes
1348 1470 1593 1525 dierum.
1647 1472 1836 1526 Gene-

120 1574 212 1611 ses
246 1558 402 1611 enim
439 1558 743 1612 hominum
770 1574 874 1629 per
912 1560 1003 1612 Xll
1038 1558 1199 1629 signa
1234 1559 1358 1613 coeli
1409 1559 1831 1627 describuntur,

119 1646 499 1717 siderumque
557 1662 777 1712 cursus,
846 1647 1202 1700 nascentium
1281 1664 1489 1714 mores,
1559 1655 1714 1703 actus
1781 1655 1837 1704 et

118 1741 364 1789 eventus
393 1735 705 1806 praidicare
736 1738 1039 1801 conantur,
1072 1735 1129 1789 id
1158 1740 1261 1803 est,
1296 1737 1443 1807 quis,
1479 1737 1635 1808 quali
1668 1738 1833 1809 signo
1867 1775 1903 1827 Β

115 1824 300 1877 fuerit
351 1828 545 1891 natus,
598 1827 695 1877 aut
742 1839 915 1894 quem
966 1824 1229 1878 effectum
1277 1824 1487 1879 habeat
1536 1826 1667 1879 vitas
1724 1828 1824 1897 qui

117 1913 381 1967 nascitur
418 1912 890 1983 interpretantur.
936 1914 1004 1968 [li
1055 1918 1190 1967 sunt
1240 1914 1339 1985 qui
1384 1915 1557 1985 vulgo
1602 1916 1821 1970 mathe-

114 2002 317 2056 matici
350 2006 642 2056 vocantur.
678 2002 851 2071 Cujus
882 2002 1302 2072 superstitionis
1341 2018 1526 2073 genus
1577 2004 1826 2057 constel-

115 2091 369 2145 lationes
413 2090 597 2145 Latini
636 2095 864 2159 vocant,
914 2090 973 2144 id
1032 2095 1136 2158 est,
1182 2091 1511 2145 notationes
1549 2092 1823 2160 siderum,

112 2180 413 2250 quomodo
440 2196 498 2233 se
528 2179 779 2234 habeant
806 2195 937 2233 cum
972 2179 1217 2250 quisque
1257 2181 1529 2235 nascitur.
1569 2182 1824 2235 Primum

118 2274 316 2323 autem
368 2268 522 2322 idem
574 2269 866 2322 stellarum
925 2268 1267 2339 interpretes
1323 2269 1479 2339 magi
1537 2286 1827 2340 nuncupa-

36 2342 37 2349 ‘
121 2358 357 2425 bantur,
393 2356 539 2410 sicut
568 2356 637 2411 de
668 2356 755 2410 bis
784 2356 996 2427 legitur
1043 2357 1143 2427 qui
1190 2357 1249 2410 in
1284 2358 1587 2428 Evangelio
1626 2364 1825 2412 natum

122 2445 417 2500 Christum
466 2446 981 2500 annunciaverunt.
1035 2447 1240 2500 Postea
1283 2446 1391 2498 hoc
1438 2444 1672 2499 nomine
1720 2445 1825 2498 soli

124 2533 518 2588 mathematici
561 2532 697 2587 dicti
755 2539 909 2599 sunt,
959 2534 1120 2603 cujus
1176 2534 1315 2587 artis
1362 2533 1599 2587 scientia
1648 2550 1825 2605 usque

125 2624 194 2677 ad
226 2622 602 2691 Evangelium
633 2621 744 2674 fuit
769 2637 1052 2688 concessa,
1078 2624 1160 2687 ut,
1192 2621 1417 2677 Christo
1448 2621 1622 2687 edite,
1654 2638 1825 2675 nemo

125 2711 329 2765 exinde
359 2710 718 2764 nativitatem
774 2710 1016 2780 alicujus
1069 2709 1139 2764 de
1187 2709 1331 2763 coelo
1385 2708 1821 2778 interpretetur.

127 2798 435 2869 Horoscopi
472 2798 611 2852 dicti
654 2801 807 2859 sunt,
867 2797 1020 2868 quod
1067 2797 1237 2850 horas
1276 2796 1593 2850 nativitatis
1633 2797 1823 2850 homi-

123 2904 259 2942 num
293 2888 752 2959 specularentur,
805 2885 1069 2940 dissimili
1118 2890 1172 2939 et
1220 2884 1443 2939 diverso
1474 2885 1607 2939 fato.
1645 2886 1823 2941 Sorti-

120 2969 232 3047 legi
270 2980 427 3041 sunt,
462 2975 563 3047 qui
593 2975 699 3028 sub
726 2976 959 3028 nomine
990 2974 1137 3028 ﬁcta:
1164 2974 1483 3044 religionis,
1516 2990 1622 3043 per
1650 2990 1822 3045 quas-

1946 595 2031 643 est
2080 606 2281 659 pravos
2336 592 2618 661 homines,
2676 594 2949 648 seducunt
3016 597 3142 650 illos
3199 599 3298 669 qui
3368 606 3650 670 spernunt

1945 678 2241 733 veritatem
2274 684 2329 733 et
2359 681 2598 735 credunt.
2644 683 2968 751 mendacio,
3016 689 3071 737 et
3096 686 3260 755 juxta
3303 689 3461 742 Pauli
3510 705 3646 743 sen-

1944 767 2183 822 tentiam
2236 784 2250 822 :
2305 771 2514 823 Sanam
2560 770 2879 825 doctrinam
2943 788 3060 826 non
3104 775 3493 845 sustinebunt,
3547 777 3646 832 sed

1944 857 2017 910 ad
2073 872 2174 910 sua
2224 856 2505 911 desideria.
2547 859 2964 913 coacervabunt
2990 861 3096 915 sibi
3144 864 3447 933 magistros
3500 881 3643 936 pru-

1944 947 2156 1000 rientes
2182 946 2436 1012 auribus,
2470 951 2527 999 et
2573 964 2605 1000 a
2653 948 2887 1001 veritate
2918 949 3151 1019 quidem
3183 953 3444 1007 auditum
3473 970 3641 1008 aver--

1944 1038 2089 1103 tant,
2121 1035 2193 1089 ad
2240 1035 2462 1089 fabulas
2508 1040 2701 1089 autem
2751 1042 3177 1094 convertentur.
3233 1041 3469 1096 Onerati
3516 1059 3644 1113 pec-

1944 1124 2104 1191 catis,
2137 1124 2427 1178 ducuntur
2470 1123 2642 1177 variis
2692 1124 3009 1192 desideriis,
3065 1144 3293 1200 semper
3337 1130 3639 1199 discentes,

1945 1220 2002 1269 et
2059 1229 2358 1284 nunquam
2414 1213 2481 1267 ad
2553 1213 2851 1267 scientiam
2904 1215 3160 1270 veritatis
3218 1220 3639 1288 pervenientes.

1944 1302 2439 1367 Quemadmodum
2491 1306 2681 1355 autem
2741 1304 2970 1356 Jamnes
3025 1309 3082 1358 et
3135 1307 3412 1363 Mambres
3471 1309 3640 1362 resti-

1945 1396 2136 1445 terunt
2180 1390 2335 1456 Mosi,
2390 1390 2469 1444 ita
2519 1395 2576 1443 et
2613 1389 2708 1443 isti
2766 1390 3038 1446 resistunt
3081 1393 3329 1460 veritati,
3378 1396 3643 1450 homines

1944 1479 2201 1550 corrupti
2230 1482 2439 1545 mente,
2471 1477 2703 1549 reprobi
2756 1479 2907 1532 circa
2948 1480 3142 1548 ﬁdem,
3193 1483 3291 1536 sed
3348 1484 3497 1537 ultra
3524 1502 3641 1539 nou

1945 1567 2265 1638 proﬁcient.
2322 1565 2659 1637 Insipientia
2709 1565 2864 1619 enim
2915 1582 3112 1620 eorum
3184 1569 3484 1623 manifesta
3534 1573 3640 1626 erit

1947 1657 2236 1722 omnibus,
2272 1655 2417 1709 sicut
2442 1658 2498 1708 et
2544 1654 2778 1707 illorum
2828 1655 2956 1709 fuit.
3012 1657 3121 1710 Nec
3152 1656 3279 1711 ideo
3332 1659 3637 1730 quisquam

1947 1747 2177 1801 credere
2240 1744 2428 1808 debet,
2518 1742 2775 1813 quolibet
2842 1744 3077 1813 magicis
3137 1746 3356 1800 artibus
3420 1749 3638 1819 aliquid

1936 1843 2121 1897 facere
2152 1850 2337 1905 posse,
2364 1831 2485 1885 sine
2508 1831 2793 1901 permissu
2810 1832 2933 1898 Dei,
2959 1832 3056 1903 qui
3089 1834 3281 1887 omnia
3313 1852 3441 1905 quae
3468 1836 3635 1899 ﬁunt,

1937 1933 2039 1982 aut
2070 1927 2227 1996 justo
2271 1920 2489 1992 judicio
2526 1919 2678 1987 facit,
2736 1925 2835 1973 aut
2890 1921 3176 1990 permissu
3237 1939 3339 1977 suo
3388 1924 3468 1978 ita
3514 1925 3639 1980 ﬁeri

1935 2015 2089 2071 sinit.
2124 2011 2286 2077 Quod
2343 2008 2599 2081 prmdicti
2656 2010 2812 2079 magi
2863 2011 3139 2080 leguntur
3176 2010 3387 2066 similia
3440 2011 3639 2069 fecisse

1936 2103 2100 2171 Mosi,
2144 2100 2242 2172 qui
2277 2099 2497 2168 virgam
2529 2113 2690 2151 suam
2722 2098 2982 2167 projecit,
3035 2103 3089 2152 et
3128 2116 3399 2154 conversa
3446 2106 3531 2156 est
3578 2103 3637 2157 in

1936 2194 2268 2257 draconem,
2297 2187 2796 2258 projeceruntque‘
2839 2186 2948 2256 ipsi
2996 2186 3211 2257 singuli
3256 2188 3443 2258 virgas
3486 2207 3637 2257 suas,

1937 2296 2063 2351 quas
2112 2293 2289 2332 versae
2339 2279 2471 2329 sunt
2530 2275 2590 2327 in
2651 2274 2945 2340 dracones,
2997 2275 3093 2328 sed
3142 2275 3438 2331 devoravit
3480 2278 3640 2349 virga

1936 2374 2126 2423 Aaron
2181 2366 2369 2435 virgas
2422 2379 2643 2417 eorum.
2700 2365 2823 2417 Non
2881 2379 3018 2433 ergo
3070 2364 3303 2418 fuerunt
3362 2372 3640 2421 creatores

1936 2460 2272 2521 draconum,
2308 2468 2410 2506 nec
2442 2451 2614 2521 magi,
2650 2467 2755 2505 nec
2797 2452 2991 2521 angeli
3044 2451 3203 2518 mali,
3234 2453 3443 2524 quibus
3478 2456 3643 2509 mini-

1935 2544 2063 2598 stris
2096 2544 2193 2597 illa
2224 2540 2637 2611 operabantur.
2683 2540 2883 2592 Insunt
2925 2538 3078 2593 enim
3129 2540 3300 2594 rebus
3350 2543 3641 2614 corporeis

1936 2649 2037 2703 per
2068 2630 2262 2686 omnia
2294 2630 2578 2682 elementa
2598 2627 2805 2681 mundi
2833 2627 3098 2697 quasdam
3128 2630 3364 2683 occultas
3386 2633 3642 2686 semina-

1934 2722 2035 2776 ries
2053 2720 2324 2784 rationes,
2349 2717 2557 2787 quibus
2579 2731 2708 2769 cum
2730 2715 2862 2769 data
2894 2715 3067 2769 fuerit
3089 2720 3488 2788 opportunitas
3504 2726 3641 2776 tem-

1934 2807 2147 2880 poralis
2180 2812 2349 2876 atque
2379 2802 2643 2869 causalis,
2668 2808 3057 2873 prorumpunt
3087 2804 3145 2858 in
3174 2807 3390 2875 species
3420 2808 3640 2864 debitas

1934 2898 2051 2951 suis
2082 2895 2270 2949 modis
2295 2898 2352 2947 et
2381 2892 2611 2947 ﬁnibus.
2639 2891 2706 2945 Et
2744 2891 2823 2945 sic
2848 2907 2963 2945 non
2995 2892 3263 2947 dicuntur
3291 2896 3504 2966 angeli,
3537 2898 3638 2969 qui

1935 2986 2044 3040 ista
2077 2984 2293 3039 faciunt
2323 2980 2661 3036 animalium
2691 2984 2997 3045 creatores,
3031 2981 3176 3036 sicut
3214 2999 3317 3037 nec
3371 2985 3638 3054 agricola:

122 3066 249 3119 dam
320 3080 463 3136 quas
523 3068 851 3117 sanctorum
920 3068 1099 3117 sortes
1164 3068 1391 3131 vocant,
1455 3063 1823 3117 divinationis
1858 3056 1896 3109 C
1934 3078 2213 3145 segetum,
2245 3071 2332 3124 vel
2364 3069 2659 3132 arborum,
2684 3068 3349 3139 velquommcunquein
3383 3074 3637 3141 terragi-

119 3153 417 3207 scientiam
470 3152 836 3223 proﬁtentur,
891 3156 989 3205 aut
1047 3167 1528 3222 quarumcumque
1585 3153 1824 3223 scriptu-

116 3258 313 3296 rarum
344 3240 600 3295 scientiaz
628 3240 986 3311 inspectione
1034 3240 1227 3294 futura
1256 3241 1619 3310 promittunt.
1672 3242 1821 3297 Sali-

116 3337 330 3384 satores
362 3328 545 3383 vocati
585 3335 719 3383 sunt
753 3345 765 3382 :
801 3330 937 3400 quia
965 3329 1101 3382 dum
1144 3328 1227 3382 eis
1260 3328 1630 3383 menbrorum
1662 3346 1821 3402 quaa-

113 3433 342 3490 cunque
373 3422 564 3488 partes
593 3417 871 3486 salierint,
924 3417 1142 3488 aliquid
1198 3417 1305 3471 sibi
1337 3418 1543 3473 exinde
1575 3435 1820 3491 prospe—

112 3524 241 3562 rum
274 3523 377 3561 seu
406 3507 567 3559 triste
599 3506 912 3576 signiﬁcari
944 3506 1283 3576 praedicunt.

114 3615 241 3669 CAP.
274 3613 459 3668 XLIV.
487 3642 558 3651 —-
600 3615 675 3666 De
719 3613 1113 3667 execrabilibus
1146 3611 1404 3666 remediis
1453 3629 1571 3682 quae
1624 3614 1822 3669 medici

468 3681 584 3738 suis
605 3686 662 3736 in
680 3684 1201 3752 praeantationibus
1225 3686 1459 3749 faciunt.

183 3775 292 3839 (Ea:
319 3771 481 3827 dictis
511 3772 796 3843 ejusdem.)
829 3773 915 3826 Ad
948 3774 1071 3827 haec
1101 3770 1297 3826 omnia
1328 3772 1654 3842 supradicta
1685 3789 1816 3844 per-

113 3862 303 3915 tinent
353 3865 409 3914 et
460 3861 723 3930 ligaturae
762 3861 1195 3917 exsecrabilium
1249 3861 1639 3918 remediorum
1687 3878 1817 3932 qua:

113 3966 201 4004 ars
262 3949 618 4003 medicorum
675 3950 1060 4018 commendat,
1121 3969 1222 4007 seu
1286 3953 1348 4006 in
1414 3950 1816 4021 praecantatio-

115 4038 305 4106 nibus,
339 4053 437 4091 seu
469 4038 524 4091 in
558 4038 941 4092 caracteribus
970 4040 1055 4093 vel
1088 4040 1148 4095 in
1172 4042 1612 4111 quibuscunque
1646 4039 1817 4093 rebus

113 4125 532 4196 suspendendis
562 4131 736 4197 atque
763 4126 1027 4196 ligandis.
1058 4130 1121 4183 In
1153 4131 1362 4201 quibus
1392 4128 1664 4183 omnibus
1726 4144 1816 4181 ars

112 4213 443 4268 diemonum
473 4217 573 4277 est,
609 4229 675 4267 ex
707 4213 955 4284 quadam
987 4217 1255 4285 pestifera
1303 4218 1571 4272 societate
1628 4216 1816 4271 homi-

112 4319 251 4357 num
292 4308 351 4357 et
398 4302 737 4373 angelorum
791 4303 1077 4358 malorum
1138 4311 1349 4361 exorta.
1406 4306 1565 4361 Unde
1614 4309 1815 4359 cuncta

114 4390 340 4444 vitanda
398 4400 531 4443 sunt
589 4389 931 4457 Christiano,
965 4397 1021 4445 et
1058 4394 1217 4447 omni
1268 4394 1501 4465 penitus
1560 4409 1813 4447 exsecra-

116 4479 270 4533 tione
304 4477 678 4548 repudianda,
721 4483 893 4548 atque
938 4479 1282 4535 damnanda.
1334 4480 1592 4551 Auguria
1623 4485 1813 4535 autem

118 4571 249 4621 sunt
278 4566 490 4621 avium.
527 4567 655 4619 Haec
684 4571 876 4620 autem
916 4569 1185 4639 Phryges
1214 4570 1389 4640 primi
1444 4570 1810 4623 invenerunt.

118 4654 473 4725 Przestigium
540 4669 673 4708 vero
741 4655 1050 4709 Mercurius
1107 4658 1330 4727 primus
1399 4656 1607 4710 dicitur
1655 4657 1814 4711 inve-

119 4744 283 4797 nisse.
322 4742 549 4796 Dictum
600 4747 793 4795 autem
833 4743 1218 4814 prmstigium,
1252 4744 1405 4815 quod
1449 4742 1817 4814 prmstringat

117 4833 292 4886 aciem
326 4832 647 4885 oculorum.
689 4831 1094 4901 Aruspicinam
1127 4838 1308 4887 artem
1350 4832 1569 4903 primus
1604 4831 1812 4885 Hetru-

118 4921 217 4975 scis
246 4919 547 4975 tradidisse
580 4918 789 4973 dicitur
818 4919 1055 4989 quidam
1087 4920 1337 4992 Strages.
1399 4920 1502 4975 Hic
1546 4936 1609 4973 ex
1660 4918 1815 4974 horis

116 5007 495 5078 aruspicinam
531 5007 783 5075 dictavit,
831 5012 887 5083 et
936 5013 1139 5078 postea
1166 5026 1281 5064 non
1334 5008 1621 5080 apparuit.
1671 5009 1813 5062 Nam

114 5098 316 5152 dicitur
345 5096 620 5162 fabulose,
657 5100 855 5150 araute
897 5097 1148 5167 quodam
1186 5097 1401 5152 rustico
1441 5096 1629 5150 subito
1660 5095 1815 5149 hunc

112 5204 173 5241 ex
202 5185 383 5253 glebis
412 5184 703 5251 exiluisse,
747 5189 805 5237 et
833 5186 1227 5256 aruspicinam
1259 5186 1523 5254 dictasse,
1562 5201 1674 5255 qua
1721 5184 1813 5237 die

113 5279 165 5328 et
206 5278 472 5328 mortuus
528 5275 630 5326 est.
699 5271 851 5336 Quos
897 5273 1078 5328 libros
1137 5274 1385 5329 Romani
1437 5290 1505 5327 ex
1542 5275 1815 5328 Hetrusca

111 5363 303 5433 lingua
337 5360 397 5414 in
429 5360 729 5431 propriam
771 5364 1165 5415 mutaverunt.
1216 5361 1310 5415 llis
1343 5376 1481 5431 ergo
1508 5359 1811 5431 portentis,

112 5467 209 5521 per
237 5448 597 5504 daemonium
623 5448 908 5502 fallaciam
933 5447 1198 5505 illuditur
1218 5448 1522 5503 curiositas
1538 5448 1812 5515 humana,

115 5538 340 5610 quando
369 5537 429 5591 id
472 5535 847 5607 impudenter
890 5541 1174 5607 appetunt
1230 5537 1393 5601 scire,
1450 5536 1603 5607 quod
1656 5536 1816 5589 nulla

113 5628 327 5683 ratione
357 5625 442 5680 eis
473 5624 752 5695 competit
794 5625 1166 5696 investigare.
1212 5626 1290 5679 Ac
1341 5623 1471 5679 ideo
1519 5625 1690 5679 datur
1714 5640 1812 5695 po-

469 5733 741 5798 PATROL.
798 5731 968 5797 CXL.

1933 3161 2237 3233 gnentium
2291 3164 2576 3213 creatores
2623 3156 2851 3211 dicendi
2888 3163 3040 3225 sunt,
3076 3160 3335 3229 quamvis
3374 3163 3641 3218 noverint

1930 3250 2191 3321 praebere
2217 3247 2496 3319 quasdam
2525 3245 2779 3299 visibiles
2810 3247 3273 3317 opportunitates
3301 3254 3357 3303 et
3415 3266 3634 3316 causas,

1931 3345 1995 3395 ut
2020 3339 2118 3393 illa
2147 3342 2475 3392 nascantur.
2508 3334 2666 3399 Quod
2700 3338 2896 3388 autem
2935 3335 3028 3389 isti
3060 3336 3280 3391 faciunt
3314 3338 3636 3403 visibiliter,

1931 3430 2038 3484 hoc
2069 3427 2151 3481 illi
2184 3424 2566 3479 invisibiliter.
2602 3424 2751 3477 Deus
2771 3439 2904 3477 vero
2937 3424 3093 3478 solus
3124 3442 3272 3480 unus
3303 3432 3526 3481 creator
3555 3433 3640 3483 est

1931 3516 2030 3589 qui
2059 3531 2258 3570 causas
2290 3514 2441 3584 ipsas
2484 3516 2542 3566 et
2589 3512 2840 3565 rationes
2892 3514 3232 3568 seminarias
3275 3516 3446 3569 rebus
3474 3516 3629 3571 inse-

1928 3605 2062 3659 ruit.
2095 3606 2372 3657 Praeterea
2402 3600 2638 3671 quidam
2683 3600 3061 3668 quaerendum
3085 3608 3314 3671 putant,
3345 3605 3637 3669 quomodo

1928 3692 2224 3762 Scriptura
2257 3692 2452 3743 narret
2510 3686 2891 3741 Pithonissam
2921 3688 3247 3744 Samuelem
3292 3692 3635 3762 prophetam

1928 3780 2236 3836 suscitasse
2290 3777 2363 3831 ad
2413 3775 2765 3846 colloquium
2818 3776 2950 3830 Saul
3000 3777 3326 3848 impiissimi
3387 3780 3559 3851 regis,
3587 3781 3635 3835 si

1931 3868 2235 3926 Pithonica
2268 3865 2563 3931 divinatio,
2623 3865 2807 3919 errori
2860 3866 3097 3936 magicae
3138 3868 3277 3921 artis
3309 3870 3638 3940 deputanda

1928 3962 2021 4015 sit.
2072 3958 2291 4024 Quibus
2335 3956 2414 4011 ita
2446 3953 2784 4025 responderi
2810 3958 3022 4024 potest,
3055 3954 3364 4027 indignum
3397 3958 3636 4013 omnino

1926 4049 2149 4105 facinus
2180 4061 2324 4111 esse,
2356 4043 2404 4098 si
2435 4043 2752 4097 secundum
2808 4043 2983 4097 verba
3021 4044 3272 4099 historia:
3307 4047 3636 4102 commode-

1926 4142 2021 4193 tur
2070 4150 2357 4190 assensus.
2401 4131 2699 4197 Quomodo
2745 4130 2897 4185 enim
2950 4136 3175 4201 poterat
3224 4132 3371 4199 ﬁeri,
3406 4140 3467 4188 ut
3518 4139 3636 4189 arte

1929 4224 2153 4294 magica
2182 4223 2570 4276 attraheretur
2596 4218 2703 4285 vir,
2733 4224 2791 4273 et
2816 4220 3110 4275 nativitate
3143 4226 3391 4290 sanctus,
3426 4228 3482 4276 et
3509 4223 3636 4277 vita:

1850 4335 1892 4389 Ι)
1934 4311 2204 4384 operibus
2230 4307 2462 4380 justus?
2492 4310 2607 4362 Aut
2638 4307 2683 4360 si
2717 4323 2835 4360 non
2861 4312 3135 4361 attractus
3185 4313 3290 4376 est,
3325 4310 3631 4365 consensit.

1927 4400 2087 4466 Quod
2115 4403 2427 4468 utrumque
2461 4396 2529 4449 de
2560 4395 2680 4448 viro
2722 4393 2877 4463 justo
2917 4396 3148 4448 credere
3183 4396 3484 4450 adversum
3527 4403 3631 4451 est.

1930 4487 2164 4541 Nullum
2196 4482 2539 4552 suffragium
2574 4481 2748 4536 habet
2772 4481 3019 4550 justitia,
3056 4483 3102 4535 si
3134 4489 3232 4536 aut
3278 4484 3634 4540 voluntarius

1927 4573 2121 4627 amisit
2169 4572 2441 4625 meritum
2494 4567 2787 4638 spiritalis,
2853 4584 3024 4636 quem
3074 4570 3292 4638 positus
3348 4569 3409 4623 in
3461 4587 3632 4627 carne

1928 4659 2283 4730 quaesiverat.
2344 4655 2504 4719 Quod
2561 4654 2722 4707 valde
2770 4653 3085 4708 absurdum
3134 4660 3264 4709 est:
3312 4656 3449 4726 quia
3496 4658 3633 4713 hinc

1926 4747 2027 4818 qui
2071 4748 2257 4817 justus
2316 4743 2548 4809 recedit,
2609 4746 2913 4812 permanet
2952 4743 3166 4813 justus.
3228 4746 3402 4798 Porro
3436 4752 3629 4802 autem

1924 4835 2032 4889 hoc
2083 4838 2167 4888 est
2218 4831 2575 4904 praestigium
2625 4830 2874 4895 Satanae,
2927 4847 3043 4901 quo
3092 4835 3156 4885 ut
3186 4832 3469 4901 plurimos
3524 4835 3630 4889 fal-

1926 4925 2024 4991 lat,
2056 4923 2227 4979 etiam
2275 4922 2454 4975 bonos
2496 4919 2556 4973 in
2605 4924 2890 4989 potestate
2941 4936 3000 4973 se
3048 4921 3260 4976 habere
3306 4923 3625 4995 conﬁngat;

1927 5010 2081 5082 quod
2114 5008 2419 5080 Apostolus
2452 5007 2603 5061 inter
2631 5010 2837 5061 caetera
2885 5009 3157 5076 ostendit,
3212 5010 3406 5065 dicens
3440 5027 3453 5066 :
3504 5013 3630 5083 Ipse

1926 5098 2159 5154 Satanas
2189 5096 2564 5166 transﬁgurat
2607 5111 2668 5148 se
2718 5093 2779 5149 in
2828 5096 3098 5166 angelum
3148 5098 3309 5152 lucis.
3359 5100 3429 5153 Ut
3474 5101 3629 5155 enim

1926 5201 2179 5241 errorem
2232 5178 2442 5238 faceret
2491 5183 2554 5237 in
2604 5198 2720 5254 quo
2767 5183 3133 5253 gloriaretur,
3168 5186 3227 5239 in
3278 5186 3473 5241 habitu
3524 5188 3630 5242 viri

1919 5272 2062 5345 justi
2118 5278 2173 5326 et
2226 5271 2463 5326 nomine
2519 5288 2580 5326 se
2634 5271 2989 5339 subornavit,
3051 5278 3113 5326 ut
3152 5273 3295 5326 nihil
3349 5274 3630 5343 proﬁcere

1927 5377 2087 5431 spem
2118 5377 2291 5431 quam
2324 5360 2721 5429 praedicabant
2752 5359 2855 5413 Dei
2903 5360 3218 5414 cultoribus
3262 5361 3627 5432 mentiretur,

1926 5450 2158 5521 quando
2188 5449 2325 5503 hinc
2349 5455 2621 5503 exeuntes
2660 5448 2847 5518 justos
2896 5448 3061 5502 tinxit
3098 5449 3159 5502 in
3214 5465 3314 5503 sua
3346 5454 3630 5520 potestate

1926 5554 2068 5592 esse.
2094 5538 2201 5593 Sed
2234 5538 2341 5592 hoc
2372 5537 2651 5608 quosdam
2685 5536 2852 5598 fallit,
2884 5536 3033 5607 quod
3084 5537 3156 5592 de
3182 5543 3365 5593 morte
3412 5538 3544 5594 Saul
3577 5546 3634 5597 et

1925 5624 2032 5680 ﬁlii
2061 5626 2184 5695 ejus
2210 5640 2325 5680 non
2361 5624 2435 5679 sit
2457 5623 2756 5693 mentitus,
2786 5624 2948 5695 quasi
2980 5640 3257 5697 maguum
3291 5625 3365 5681 sit
3404 5627 3632 5685 diabolo

3238 5741 3318 5798 ‘27
