3966 6406
405 424 509 478 843

1492 417 1901 474 BURCHARDI
1940 415 2474 474 WORMACIENSIS
2512 417 2846 473 EPISCOPI.

3812 422 3936 476 844

404 547 536 598 ante
561 557 824 596 occasum
855 542 1104 594 mortem
1133 538 1389 608 corporis
1411 539 1746 609 pravidere,
1778 555 1908 594 cum
1941 539 2106 610 signa
2135 542 2177 592 A
2218 554 2316 592 vos
2347 537 2622 592 Dominus
2666 539 2815 591 Deus
2857 540 3062 603 vester,
3095 542 3162 591 ut
3204 538 3395 608 palam
3429 537 3529 593 ﬁat
3563 544 3758 594 utrum
3793 541 3943 596 dili-

405 629 671 702 quadam
708 630 928 682 soleant
955 642 1229 699 apparere
1255 627 1568 693 morituris,
1592 627 1805 698 quippe
1832 645 1865 682 a
1893 628 2104 700 quibus

405 719 506 773 Dei
540 717 817 790 protectio
840 722 1028 770 amota
1057 716 1288 770 videtur
1319 732 1331 769 :
1380 721 1595 786 quanto
1644 715 1827 786 magis
1877 717 2103 771 diabolo

405 823 579 878 quem
613 806 872 876 angelica
907 805 1204 875 majestate
1235 804 1541 859 sublimem
1587 804 1920 876 prophetica
1969 821 2104 858 ora-

404 895 532 948 cula
560 893 731 948 fuisse
764 897 1061 960 testantur,
1097 891 1167 950 de
1188 892 1350 962 cujus
1376 892 1772 961 magnitudine
1799 893 2103 962 Apostolus

403 981 484 1036 ait
523 997 538 1035 :
569 985 654 1036 An
685 980 963 1051 ignoratis
993 979 1358 1034 altitudinem
1391 979 1655 1034 Satana?
1697 979 1844 1043 Quid
1889 979 2101 1033 mirum

404 1084 562 1139 ergo,
587 1069 633 1122 si
651 1068 1052 1125 imminentem
1075 1083 1258 1138 prope
1290 1073 1534 1122 mortem
1557 1067 1745 1138 potuit
1765 1069 2098 1137 pravidere,

404 1171 534 1209 cum
561 1155 667 1209 hoc
699 1156 770 1208 sit
811 1153 966 1208 unde
1014 1153 1176 1220 fallit,
1211 1158 1268 1208 et
1311 1169 1369 1207 se
1420 1152 1482 1206 in
1522 1153 1621 1206 Dei
1652 1157 1930 1223 potestate
1983 1155 2104 1207 vult

404 1241 670 1297 adorari?
703 1243 842 1295 Nam
872 1245 1032 1294 tanta
1068 1240 1414 1295 hebetudine
1461 1239 1696 1294 demens
1739 1239 1971 1293 effectus
2015 1245 2102 1293 est

403 1332 558 1398 Saul,
587 1335 650 1386 ut
693 1332 762 1386 ad
789 1329 1182 1402 Pythonissam
1200 1331 1551 1398 confugeret.
1577 1331 1924 1400 Depravatus
1944 1330 2099 1385 enim

402 1436 571 1474 causa
601 1424 817 1487 peccat,
865 1420 936 1473 ad
967 1419 1088 1472 hac
1126 1433 1184 1471 se
1230 1417 1473 1471 contulit
1521 1433 1649 1487 qua
1697 1417 2088 1473 damnaverat.

399 1509 507 1563 Sed
549 1509 596 1562 si
627 1509 756 1579 quis
783 1513 1016 1579 propter
1049 1507 1372 1568 historiam,
1403 1511 1460 1560 et
1490 1523 1555 1560 ea
1583 1523 1711 1577 qua
1756 1507 1942 1561 verbis
1996 1525 2097 1562 ex-

403 1612 600 1666 pressa
657 1601 812 1662 sunt,
857 1600 1020 1666 putet
1087 1611 1203 1648 non
1261 1595 1773 1665 pratermittenda,
1832 1611 1902 1650 ne
1957 1596 2095 1650 ratio

401 1683 654 1736 historia
701 1683 886 1737 inanis
935 1683 1023 1744 sit,
1073 1687 1220 1736 recte
1259 1681 1425 1738 faciat
1476 1681 1728 1752 quidem,
1783 1683 1831 1736 si
1878 1688 2092 1749 tamen,

400 1771 638 1825 minime
665 1772 817 1826 istud
849 1772 913 1824 ad
948 1772 1066 1824 veri
1099 1770 1281 1840 rapiat
1305 1771 1613 1836 rationem,
1644 1771 1739 1824 sed
1789 1771 1859 1825 ad
1911 1772 2092 1826 visum

401 1863 461 1912 et
513 1859 866 1913 intellectum
913 1860 1082 1913 Saul:
1130 1874 1317 1928 neque
1365 1858 1518 1912 enim
1563 1858 1839 1927 reprobus
1888 1859 2091 1924 factus,

401 1950 628 2016 poterat
651 1947 867 2001 bonum
898 1946 1249 2000 intellectum
1301 1945 1532 1998 habere.
1583 1945 1890 2001 Historicus
1937 1946 2092 1999 enim

402 2039 654 2086 mentem
711 2033 843 2086 Saul
899 2037 954 2086 et
1004 2033 1263 2086 habitum
1317 2033 1597 2088 Samuelis
1651 2033 1970 2103 descripsit,
2029 2051 2095 2086 ea

402 2138 530 2191 qua
579 2123 728 2175 dicta
767 2127 824 2175 et
879 2121 999 2173 visa
1047 2125 1180 2174 sunt
1225 2121 1569 2190 exprimens,
1625 2121 2091 2189 pratermittens,

399 2211 447 2262 si
478 2225 610 2262 vera
641 2226 710 2262 an
752 2209 892 2262 falsa
923 2209 1057 2262 sint.
1082 2209 1227 2272 Quid
1269 2209 1423 2262 enim
1455 2208 1555 2274 ait,
1593 2207 1851 2273 audiens,
1888 2208 1946 2261 in
1977 2225 2091 2279 quo

402 2295 601 2350 habitu
643 2302 791 2349 esset
820 2296 1140 2350 excitatus?
1168 2296 1474 2359 Intellexit,
1507 2296 1717 2366 inquit,
1758 2296 1909 2349 hunc
1970 2313 2091 2350 esse

397 2384 742 2438 Samuelem.
777 2383 923 2447 Quid
957 2384 1321 2449 intellexerit,
1355 2384 1546 2436 retulit
1577 2400 1590 2437 :
1619 2383 1752 2454 quia
1782 2384 1925 2437 bene
1975 2401 2093 2437 non

397 2472 696 2536 intellexit,
729 2478 926 2526 contra
958 2473 1309 2542 Scripturam
1343 2473 1560 2526 aerium
1617 2473 1886 2525 adoravit.
1918 2489 2090 2543 quam

397 2558 695 2612 dominum
728 2563 785 2611 et
815 2563 1021 2627 putans
1073 2558 1418 2621 Samuelem,
1475 2559 1734 2611 adoravit
1771 2559 2087 2624 diabolum,

397 2652 460 2700 ut
499 2647 745 2700 fructum
777 2647 1013 2700 fallacia
1044 2663 1160 2700 sua
1188 2647 1430 2700 haberet
1461 2646 1718 2700 Satanas.
1772 2649 1889 2701 Hoc
1936 2647 2089 2700 enim

396 2733 620 2797 nititur,
655 2738 719 2786 ut
762 2734 1031 2787 adoretur
1079 2733 1238 2804 quasi
1286 2734 1454 2787 Deus.
1510 2733 1566 2786 Si
1617 2732 1770 2786 enim
1826 2749 1952 2786 vere
1985 2733 2091 2787 Sa-

393 2822 546 2875 muel
587 2821 670 2874 illi
702 2821 1082 2892 apparuisset,
1117 2837 1228 2874 non
1264 2821 1462 2890 utique
1514 2820 1600 2872 vir
1645 2821 1833 2890 justus
1876 2821 2088 2889 permi-

393 2911 554 2963 sisset
579 2926 637 2963 se
671 2910 917 2976 adorari,
952 2910 1052 2980 qui
1089 2910 1500 2978 pradicaverat
1548 2909 1849 2961 Dominum
1902 2909 2088 2960 solum

393 3013 514 3051 esse
547 2998 899 3051 adorandum
933 3013 945 3050 :
1006 3002 1063 3050 et
1112 2997 1399 3066 quomodo
1444 2996 1614 3048 homo
1664 2994 1785 3060 Dei,
1819 2994 1917 3064 qui
1956 3010 2087 3048 cum

2217 627 2369 698 gatis
2399 642 2553 694 eum,
2584 643 2655 679 an
2685 642 2820 678 non.
2874 627 2938 679 In
2969 631 3088 680 toto
3137 627 3330 693 corde,
3373 631 3430 680 et
3487 627 3548 681 in
3579 634 3692 682 tota
3725 631 3944 683 anima

2215 721 2400 768 vestra
2434 717 2608 768 Deum
2664 719 2914 768 vestrum
2967 714 3300 785 sequimini,
3351 719 3408 769 et
3464 716 3652 786 ipsum
3696 718 3938 780 timete,

2216 803 2486 856 mandata
2518 803 2670 856 illius
2723 803 3023 870 custodite,
3055 809 3111 856 et
3144 804 3337 856 audite
3378 820 3571 858 vocem
3624 807 3765 875 ejus,
3808 806 3946 877 ipsi

2213 891 2492 956 servietis,
2525 896 2580 944 et
2609 891 2716 961 ipsi
2765 891 3149 959 adharebitis,
3185 897 3294 944 etc.
3355 891 3458 945 Ubi
3499 909 3633 946 sane
3663 893 3938 963 intelligi

2213 978 2416 1045 voluit,
2451 978 2623 1031 etiam
2655 979 2753 1032 illa
2779 995 2908 1050 qua
2939 995 2970 1032 a
3005 979 3400 1034 divinantibus
3431 997 3546 1034 non
3593 983 3936 1036 secundum

2215 1067 2393 1121 Deum
2457 1066 2746 1134 dicuntur,
2799 1068 2845 1120 si
2911 1067 3218 1121 acciderint
3266 1084 3396 1139 qua
3446 1069 3737 1138 dicuntur,
3789 1086 3934 1124 non

2212 1154 2562 1224 accipienda,
2613 1155 2702 1208 vel
2755 1155 2926 1208 etiam
2959 1155 3005 1208 si
3051 1155 3192 1209 ﬁant
3229 1171 3356 1226 qua
3390 1157 3809 1228 praecipiuntur
3843 1159 3931 1212 ab

2211 1243 2312 1305 eis,
2345 1247 2444 1296 aut
2475 1243 2736 1296 colantur
2787 1259 2915 1313 qua
2963 1244 3230 1297 coluntur
3269 1245 3342 1298 ab
3374 1244 3476 1298 eis.
3531 1246 3644 1299 Nec
3697 1251 3931 1316 prater

2209 1347 2371 1384 suam
2412 1334 2754 1402 potestatem
2792 1333 2936 1385 Deus
2970 1331 3223 1385 ostendit
3267 1347 3387 1386 esse
3437 1333 3588 1402 quod
3633 1333 3739 1386 ista
3770 1349 3931 1386 con-

2207 1420 2456 1489 tingunt,
2489 1419 2586 1472 sed
2617 1419 2779 1489 quasi
2803 1424 3160 1490 quareretur
3190 1435 3292 1473 cur
3321 1436 3385 1473 ea
3415 1420 3729 1490 permittat,
3763 1437 3930 1474 cau—

2207 1524 2326 1561 sam
2369 1507 2702 1561 tentationis
2754 1508 3034 1576 exposuit.
3085 1507 3171 1560 Ad
3218 1509 3668 1577 cognoscendam
3699 1509 3928 1579 utique

2206 1611 2406 1650 eorum
2439 1595 2800 1648 dilectionem
2835 1599 3026 1648 utrum
3085 1611 3212 1648 eam
3273 1595 3489 1650 habent
3537 1611 3672 1666 erga
3721 1597 3928 1650 Deum

2205 1699 2395 1736 suum.
2431 1683 2895 1752 Cognosceudam
2928 1698 3061 1735 vero
3091 1683 3162 1736 ab
3194 1682 3332 1752 ipsis
3363 1684 3572 1753 potius,
3626 1699 3804 1755 quam
3839 1685 3928 1739 ab

2206 1770 2328 1838 illo,
2361 1771 2461 1840 qui
2492 1771 2595 1824 scit
2623 1770 2841 1835 omnia,
2870 1776 3178 1840 antequam
3213 1771 3375 1825 tiant.

2496 1857 2626 1912 CAP.
2657 1858 2809 1913 XLV.
2848 1888 2908 1898 —
2943 1861 3016 1911 De
3045 1863 3248 1910 natura
3286 1858 3604 1913 daemonum.

2273 1943 2392 2014 (Ea:
2421 1945 2582 1998 dictis
2621 1945 2907 2013 ejusdem.)
2931 1945 3202 1998 Siendum
3235 1961 3366 2000 vero
3397 1953 3482 2000 est
3510 1949 3658 2001 hanc
3683 1948 3923 2002 damo—

2203 2047 2341 2085 num
2376 2048 2496 2085 esse
2519 2037 2803 2098 naturam,
2822 2039 2882 2086 ut
2906 2034 3324 2102 aereicorporis
3345 2051 3512 2087 sensu
3535 2041 3924 2090 terrenorum

2202 2135 2502 2189 corporum
2537 2137 2764 2173 sensum
2801 2120 2962 2174 facile
2995 2121 3342 2189 pracedant,
3375 2122 3661 2176 celeritate
3699 2124 3918 2194 etiam,

2201 2213 2436 2278 propter
2460 2208 2613 2261 aerei
2641 2208 2896 2278 corporis
2939 2209 3291 2279 superiorem
3340 2210 3736 2278 mobilitatem,
3783 2229 3919 2267 non

2199 2296 2383 2350 solum
2415 2313 2609 2350 cursus
2631 2297 3020 2367 quorumlibet
3043 2297 3368 2366 hominum,
3394 2299 3479 2351 vel
3503 2299 3774 2367 ferarum,
3803 2316 3914 2354 ve-

2199 2400 2326 2437 rum
2362 2385 2536 2438 etiam
2561 2389 2786 2439 volatus
2829 2385 3018 2439 avium
3065 2385 3590 2456 incomparabiliter
3636 2387 3906 2444 vincant.

2199 2471 2414 2535 Quibus
2462 2473 2684 2526 duabus
2731 2473 2900 2526 rebus
2958 2479 3238 2543 quantum
3288 2473 3360 2526 ad
3404 2490 3635 2528 aereum
3685 2491 3907 2545 corpus

2200 2559 2402 2613 attinet
2431 2560 2678 2630 praditi,
2700 2561 2807 2613 hoc
2837 2565 2942 2628 est,
2961 2561 3275 2614 acrimonia
3297 2577 3495 2615 sensus
3517 2567 3573 2616 et
3601 2563 3909 2616 celeritate

2199 2651 2406 2713 motus;
2432 2649 2614 2701 multo
2632 2655 2763 2702 ante
2786 2650 3032 2719 cogitata
3050 2650 3468 2719 pranunciant,
3485 2651 3571 2704 vel
3593 2651 3906 2719 nunciant,

2199 2751 2328 2807 qua
2355 2736 2617 2790 homines
2652 2753 2754 2806 pro
2785 2753 2984 2789 sensus
3015 2738 3228 2790 terreni
3260 2737 3531 2792 tarditate
3592 2739 3907 2795 mirentur.

2197 2824 2446 2878 Accessit
2476 2825 2646 2878 etiam
2678 2826 3037 2878 daemonibus
3068 2841 3171 2894 per
3197 2832 3310 2879 tam
3361 2827 3597 2897 longum
3642 2831 3906 2898 tempus,

2199 2928 2313 2980 quo
2340 2929 2540 2966 eorum
2591 2914 2975 2983 protenditur,
3025 2931 3218 2969 rerum
3270 2915 3440 2984 longe
3496 2916 3681 2986 major
3719 2932 3907 2986 expe-

2196 3000 2424 3067 rientia,
2484 3017 2658 3071 quam
2699 3007 2885 3072 potest
2915 3002 3244 3056 hominibus
3291 3007 3527 3074 propter
3557 3004 3910 3058 brevitatem

391 3085 676 3138 Abraham
712 3085 771 3138 in
803 3084 1099 3152 refrigerio
1132 3087 1274 3150 erat,
1308 3083 1531 3136 dicebat
1561 3083 1632 3136 ad
1664 3082 1848 3134 virum
1909 3083 2082 3152 pesti-
2123 3088 2163 3142 C
2197 3088 2322 3141 vita»,
2373 3089 2691 3158 provenire.
2741 3091 2847 3143 Per
2892 3091 2993 3144 has
3044 3091 3325 3144 efﬁcacias
3373 3108 3513 3162 quas
3564 3093 3717 3146 aerei
3763 3110 3909 3147 cor-

390 3173 605 3238 lentia,
637 3172 876 3240 dignum
911 3171 1150 3224 adorare
1173 3172 1452 3240 gehenna
1483 3186 1494 3222 :
1527 3185 1648 3222 cras
1679 3185 1900 3222 mecum
1933 3170 2084 3222 eris?

392 3260 490 3314 His
547 3259 769 3312 duobus
799 3257 979 3310 titulis
1012 3258 1386 3310 subtilitatem
1418 3257 1655 3309 fallacia
1689 3272 1805 3308 sua
1835 3257 2086 3324 providit

389 3346 743 3416 improvidus
773 3344 1010 3398 Satanas
1043 3360 1058 3396 :
1091 3343 1228 3412 quia
1257 3348 1314 3397 et
1343 3344 1567 3397 adorari
1596 3360 1654 3396 se
1684 3343 1946 3412 permisit
1979 3346 2083 3398 sub

387 3433 587 3490 habitu
618 3437 673 3486 et
702 3433 933 3486 nomine
965 3431 1248 3486 Samuelis
1301 3437 1504 3485 contra
1551 3432 1762 3501 legem,
1811 3435 1868 3486 et
1896 3433 2083 3486 virum

388 3522 636 3593 peccatis
665 3536 949 3590 pressum,
981 3537 1110 3573 cum
1144 3535 1354 3589 magna
1403 3519 1671 3572 distantia
1718 3525 2082 3588 peccatorum

388 3615 446 3664 et
488 3614 779 3680 justorum
829 3609 920 3674 sit,
965 3624 1092 3662 cum
1147 3608 1411 3662 Samuele
1462 3607 1777 3677 justissima
1823 3608 2080 3662 futurum

385 3698 664 3751 mentitus
694 3700 796 3750 est.
831 3697 1042 3749 Verum
1078 3699 1268 3764 potest
1316 3695 1519 3760 videri,
1554 3695 1651 3748 sed
1700 3695 1770 3748 de
1803 3695 2082 3749 Samuelis

386 3785 618 3839 nomine
648 3789 922 3847 taceatur,
956 3783 1092 3853 quia
1121 3783 1254 3836 Saul
1287 3799 1415 3836 cum
1440 3782 1668 3837 diabolo
1691 3784 1915 3837 futurus
1937 3790 2076 3838 erat.

386 3874 471 3928 Ad
505 3889 634 3926 eum
681 3872 837 3926 enim
889 3871 1342 3940 transmigravit,
1399 3888 1570 3942 quem
1621 3873 1890 3928 adoravit.
1927 3874 2081 3928 Sem-

382 3977 488 4031 per
537 3976 674 4031 ergo
716 3960 979 4014 diabolus
1034 3959 1139 4012 sub
1203 3960 1487 4014 velamine
1534 3961 1716 4014 latens
1761 3962 1952 4032 prodit
1996 3979 2074 4024 se,

381 4049 520 4102 dum
552 4065 619 4101 ea
649 4047 949 4117 contingit,
979 4063 1106 4117 qua
1158 4047 1434 4101 horreant
1477 4049 1753 4118 personis,
1802 4065 1907 4118 per
1937 4065 2079 4119 quas

381 4135 577 4190 fallere
611 4135 834 4189 nititur.
873 4134 931 4187 Si
981 4140 1172 4186 autem
1203 4134 1476 4204 quislibet
1515 4136 1676 4188 nobis
1731 4137 1971 4205 opponit
2015 4153 2079 4191 ac

382 4221 522 4277 dicit
551 4241 567 4275 :
603 4222 896 4292 quomodo
929 4223 1203 4275 eveniunt
1228 4223 1345 4288 illa,
1381 4239 1510 4293 qua
1541 4223 1624 4276 illi
1655 4223 1831 4276 divini
1873 4225 2078 4293 pradi-

380 4317 518 4365 cunt
567 4311 762 4364 futura
811 4315 909 4362 aut
969 4311 1254 4380 quomodo
1300 4317 1537 4379 possunt
1591 4313 1760 4380 agris
1814 4312 2073 4381 prabere

378 4399 678 4464 medelam,
725 4405 823 4450 aut
867 4398 1018 4450 sanis
1071 4398 1385 4451 immittere
1431 4399 1853 4468 aegritudinem,
1877 4399 1925 4452 si
1967 4400 2068 4452 ali-

377 4487 517 4556 quid
544 4487 793 4556 propria
853 4485 1074 4538 virtutis
1106 4502 1170 4538 ac
1199 4487 1496 4555 potestatis
1527 4502 1641 4538 non
1670 4485 1922 4540 habent?
1953 4488 2068 4540 Hoc

376 4591 409 4628 a
439 4575 600 4628 nobis
631 4574 864 4644 recipiat
895 4590 1231 4642 responsum
1268 4575 1417 4643 quod
1453 4575 1582 4627 ideo
1615 4574 1918 4644 quisquam
1949 4591 2065 4628 non

374 4663 542 4716 debet
597 4662 679 4715 eis
728 4662 1002 4715 credere:
1067 4660 1202 4731 quia
1255 4662 1563 4730 aliquando
1611 4661 1885 4715 eveniunt
1941 4679 2067 4732 qua

267 4762 273 4767 '
371 4751 714 4819 praedicunt,
750 4754 847 4802 aut
865 4765 1063 4802 sanare
1089 4749 1351 4802 videntur
1383 4750 1702 4819 languidos,
1740 4751 1823 4803 vel
1858 4751 2065 4805 ladere

373 4853 540 4890 sanos
582 4836 760 4906 :quia
804 4837 911 4889 hoc
969 4837 1250 4905 permissu
1303 4838 1401 4889 Dei
1451 4837 1537 4903 tit,
1571 4842 1633 4889 ut
1662 4837 1771 4906 ipsi
1816 4839 1914 4907 qui
1945 4839 2065 4892 hac

370 4925 631 4992 audiunt,
663 4925 747 4977 vel
791 4924 1004 4990 vident,
1044 4923 1443 4993 prohibentur,
1499 4930 1556 4978 et
1593 4930 1868 4994 appareat
1904 4927 2058 4995 quali

368 5014 482 5068 ﬁde
505 5014 640 5078 sint,
674 5012 760 5064 vel
808 5011 1110 5064 devotione
1169 5027 1304 5081 erga
1336 5013 1536 5066 Deum.
1591 5012 1746 5065 Sicut
1773 5012 1833 5065 in
1865 5014 2064 5067 Dente-

366 5101 635 5156 ronomio
679 5099 890 5169 legitur
942 5100 1152 5168 Moyses
1200 5099 1374 5152 verbo
1428 5100 1656 5152 Domini
1689 5101 1903 5170 populo
1961 5102 2060 5155 Dei

366 5188 694 5262 pracipisse
725 5187 802 5239 ita
833 5186 1026 5240 dicens
1067 5202 1079 5238 :
1114 5186 1172 5240 Si
1203 5186 1446 5240 surrexit
1478 5187 1536 5239 in
1571 5189 1756 5241 medio
1804 5188 1888 5241 tui
1933 5205 2059 5258 pro-

363 5277 630 5347 phetans.
663 5280 762 5327 aut
797 5273 896 5343 qui
942 5273 1228 5326 somnium
1270 5274 1471 5326 vidisse
1511 5290 1568 5326 se
1620 5274 1787 5337 dicat,
1822 5279 1878 5326 et
1907 5291 2060 5343 prae-

363 5366 572 5420 dixerit
615 5364 674 5416 in
736 5363 965 5432 signum
1017 5378 1078 5414 ac
1126 5365 1477 5430 portentum,
1526 5367 1581 5415 et
1626 5361 1847 5415 venerit
1903 5363 2058 5432 quod

363 5455 587 5507 locutus
647 5457 750 5516 est,
809 5456 864 5504 et
910 5450 1117 5504 dixerit
1161 5450 1306 5503 tibi:
1361 5452 1585 5516 Eamus,
1644 5455 1703 5502 et
1748 5465 2062 5520 sequamur

365 5541 504 5594 deos
555 5540 773 5593 alienos
831 5555 976 5610 quos
1025 5538 1254 5607 ignoras
1312 5545 1368 5591 et
1419 5539 1735 5591 serviamus
1777 5538 1880 5606 eis,
1941 5554 2057 5591 non

371 5628 569 5681 audies
598 5628 769 5683 verba
791 5628 1111 5698 propheta,
1145 5631 1244 5680 aut
1269 5627 1634 5681 somniatoris
1665 5641 1679 5680 ε
1715 5625 1851 5696 quia
1880 5630 2061 5681 tentat

2193 3175 2350 3247 poris
2381 3182 2588 3230 natura
2617 3178 2816 3243 sortita
2843 3182 2945 3244 est,
2988 3194 3103 3232 non
3133 3179 3318 3232 solum
3355 3179 3547 3234 futura
3577 3181 3910 3250 pradicunt

2195 3265 2504 3331 daemones,
2559 3281 2750 3319 verum
2802 3266 2975 3320 etiam
3031 3267 3176 3320 mira
3229 3268 3409 3320 multa
3469 3268 3702 3322 faciunt.
3755 3269 3905 3334 Qua

2193 3351 2468 3422 quoniam
2501 3353 2762 3407 homines
2793 3354 2981 3408 dicere
3013 3371 3076 3408 ac
3105 3355 3289 3409 facere
3347 3371 3463 3408 non
3493 3360 3749 3425 possunt,
3788 3374 3896 3411 eos

2193 3440 2394 3510 dignos
2425 3441 2656 3511 quidam
2701 3441 2910 3512 quibus
2967 3442 3232 3506 serviant,
3287 3448 3342 3496 et
3387 3443 3593 3513 quibus
3641 3445 3902 3500 honores

2191 3527 2414 3580 divinos
2464 3527 2742 3594 deferant,
2807 3528 3180 3596 arbitrantur,
3253 3530 3565 3600 instigante
3635 3533 3898 3586 maxime

2191 3615 2326 3668 vitio
2383 3616 2727 3670 curiositatis
2778 3619 3017 3686 propter
3065 3633 3318 3671 amorem
3367 3618 3652 3672 felicitatis
3701 3619 3894 3690 falsa,

2192 3707 2360 3772 atque
2385 3708 2650 3769 terrena,
2686 3708 2743 3756 et
2769 3704 3120 3759 excellentia
3151 3706 3500 3776 temporalis.
3538 3707 3645 3770 Qui
3691 3712 3892 3762 autem
3947 3702 3954 3712 ’

2189 3807 2247 3845 se
2271 3793 2339 3846 ab
2370 3792 2450 3846 eis
2479 3793 2888 3862 cupiditatibus
2919 3795 3219 3854 mundant,
3260 3811 3366 3848 nec
3396 3795 3476 3848 eis
3505 3812 3563 3848 se
3593 3796 3895 3851 feriendos

2188 3879 2607 3950 rapiendosque
2664 3881 3027 3950 permittunt,
3079 3882 3180 3936 sed
3223 3882 3546 3954 inquirunt,
3591 3889 3648 3937 et
3687 3891 3895 3940 amant

2189 3966 2404 4036 aliquid
2437 3967 2591 4036 quod
2619 3968 2819 4021 eodem
2846 3970 3015 4022 modo
3041 3985 3268 4039 semper
3295 3975 3400 4032 est,
3452 3972 3614 4040 cujus
3646 3974 3893 4042 partici-

2187 4055 2417 4122 patione
2439 4054 2590 4107 beati
2629 4054 2763 4121 sint,
2797 4056 3049 4124 primum
3083 4058 3449 4111 considerant
3478 4075 3593 4113 non
3621 4059 3751 4114 ideo
3775 4062 3890 4116 sibi

2188 4141 2607 4211 praeponendos
2640 4157 2761 4195 esse
2791 4143 3101 4206 damones,
3137 4148 3289 4214 quod
3319 4147 3535 4199 acriore
3558 4163 3728 4200 sensu
3755 4165 3890 4202 cor-

2187 4229 2343 4298 poris
2390 4229 2724 4298 pravalent,
2777 4230 2924 4283 aeris
2971 4232 3203 4296 scilicet,
3253 4233 3363 4286 hoc
3411 4241 3513 4300 est,
3565 4235 3887 4290 subtilioris
3940 4285 3950 4307 ,

2187 4315 2456 4367 clementi
2489 4331 2502 4368 :
2539 4316 2678 4386 quia
2703 4332 2806 4370 nec
2832 4317 2970 4387 ipsis
3001 4320 3245 4373 terrenis
3290 4323 3625 4392 corporibus
3669 4323 3884 4379 bestias

2185 4402 2290 4455 sibi
2321 4403 2742 4472 praponendas
2771 4409 2994 4473 putant,
3029 4422 3157 4475 qua
3187 4407 3374 4461 acrius
3415 4411 3596 4464 multa
3639 4428 3881 4481 persen-

2177 4489 2327 4542 tiunt
2359 4505 2372 4544 :
2403 4491 2581 4544 veluti
2622 4508 2883 4561 sagacem
2911 4510 3134 4559 canem,
3188 4495 3325 4565 quia
3373 4498 3652 4552 latentem
3693 4500 3879 4556 feram

2177 4577 2386 4631 olfactu
2419 4579 2699 4634 acerrimo
2760 4581 2839 4634 sic
2895 4583 3112 4636 invenit
3142 4588 3206 4636 ut
3250 4584 3321 4638 ad
3365 4601 3489 4638 eam
3529 4587 3878 4655 capiendam

2176 4666 2444 4720 ducatum
2475 4670 2781 4738 quemdam
2807 4671 3026 4724 homini
3055 4672 3328 4741 prabeat,
3359 4689 3474 4726 non
3509 4675 3705 4744 utique
3737 4694 3878 4746 pru-

2176 4753 2436 4809 dentiore
2503 4755 2796 4811 intellectu
2862 4759 3060 4824 animi,
3123 4761 3221 4813 sed
3287 4761 3541 4815 acutiore
3617 4767 3876 4834 corporis

2175 4858 2344 4896 sensu
2382 4859 2395 4896 :
2427 4844 2515 4896 vel
2570 4845 2878 4907 vulturem,
2940 4847 3095 4916 quia,
3151 4847 3405 4917 projecto
3462 4849 3755 4920 cadavere,
3809 4839 3943 4908 ex:

2172 4929 2400 4994 provisa
2456 4932 2880 5002 longinquitate
2937 4934 3202 4988 advolat:
3268 4950 3373 4989 nec
3414 4938 3692 5006 aquilam,
3737 4942 3876 5010 quia

2171 5015 2494 5071 sublimiter
2526 5020 2738 5087 volans,
2774 5021 2843 5073 de
2867 5026 3025 5075 tanto
3074 5022 3375 5077 intervallo
3425 5030 3718 5079 natantem
3767 5030 3873 5082 sub
3941 5029 3943 5046 '

2173 5101 2438 5157 fluctibus
2468 5104 2680 5174 piscem
2706 5107 2915 5161 dicitur
2964 5109 3298 5178 pravidere,
3339 5117 3396 5164 et
3444 5112 3692 5180 graviter
3725 5114 3873 5169 illisa

2173 5191 2380 5244 exertis
2431 5193 2674 5262 pedibus
2721 5200 2894 5265 atque
2937 5198 3231 5266 unguibus
3283 5215 3536 5268 rapere:
3612 5217 3715 5254 nec
3759 5204 3870 5257 alia

2175 5279 2354 5332 multa
2385 5281 2764 5335 animantium
2796 5299 3029 5353 genera,
3065 5301 3194 5354 qua
3239 5286 3392 5340 inter
3440 5287 3650 5341 herbas
3697 5290 3867 5344 saluti

2171 5381 2288 5418 sua
2347 5367 2545 5419 noxias
2613 5371 2896 5437 pascendo
2959 5371 3394 5441 circumerrant,
3477 5391 3582 5429 nec
3648 5377 3860 5447 aliquid

2169 5467 2365 5506 earum
2396 5469 2510 5523 quo
2544 5455 2846 5524 ladantur,
2882 5459 3194 5529 attingunt,
3233 5477 3364 5515 cum
3411 5478 3505 5515 eas
3565 5464 3739 5518 homo
3777 5467 3864 5519 vix

2171 5540 2514 5609 experiendo
2545 5559 2742 5598 cavere
2783 5545 3064 5609 didicerit,
3117 5554 3174 5601 et
3205 5551 3387 5604 multa
3415 5551 3668 5618 innoxia,
3711 5555 3862 5623 quod

2171 5629 2288 5682 sint
2323 5629 2635 5700 inexperta,
2686 5632 2978 5689 formidet.
3033 5636 3190 5690 Unde
3244 5639 3524 5708 conjicere
3568 5639 3734 5696 facile
3777 5648 3861 5696 est
