3966 6404
26 432 115 482 Si?)
1011 427 1479 486 DECRETORUM
1526 433 1709 487 LIBRI
1749 434 1858 489 XX.
1894 464 1961 476 —
2002 435 2208 491 LIBER
2247 435 2570 492 DECIMUS.

3439 447 3542 501 846

16 530 306 621 euentum
366 552 548 623 possit
596 552 655 605 in
723 550 893 605 aeriis
952 552 1287 621 corporibus
1343 569 1543 607 sensus
1611 571 1732 607 esse
1774 560 1818 611 Α
1847 572 1974 609 rum
2028 557 2331 611 malefacta
2388 559 2672 614 suadere:
2709 559 2778 614 de
2825 576 3070 631 quorum
3111 563 3366 618 moribus
3405 567 3544 620 certi

25 643 223 709 acrior,
287 657 393 694 nec
447 641 576 694 ideo
633 644 828 693 tamen
889 640 1197 703 daemones,
1256 640 1356 709 qui
1411 658 1477 694 eo
1507 642 1734 711 praediti

6 711 164 793 'suut,
205 728 378 780 bonis
407 727 740 780 hominibus
769 727 1194 797 praeponendos
1215 728 1466 797 prudens
1492 729 1735 798 quisque

25 816 336 869 censuerit.
388 818 506 869 Hoc
551 821 608 868 et
654 816 722 868 de
772 831 1078 884 corporum
1128 817 1417 869 celeritate
1470 816 1730 869 dicimus.

27 906 84 956 Et
134 904 244 957 hac
312 904 471 957 enim
531 902 864 972 prmstantia
922 918 1041 955 non
1102 904 1288 956 solum
1336 920 1367 956 a
1414 904 1735 957 volucribus

22 992 316 1059 homines,
363 1007 566 1044 verum
598 1008 629 1044 a
662 991 861 1044 multis
916 991 1090 1044 etiam
1136 991 1607 1060 quadrupedibus
1654 992 1735 1045 ita

21 1085 395 1151 superantur,
430 1086 492 1133 ut
522 1080 582 1133 in
614 1095 817 1133 eorum
867 1082 1297 1148 comparatione
1340 1081 1597 1149 plumbei
1630 1081 1734 1134 de—

19 1169 267 1237 putandi
294 1170 429 1235 sint,
478 1184 584 1221 nec
612 1173 807 1221 tamen
857 1168 987 1221 ideo
1021 1167 1129 1222 sibi
1178 1169 1299 1220 haec
1352 1168 1732 1222 animantium

6 1270 233 1323 genera
266 1256 603 1308 existimant
644 1256 1055 1325 praeponenda,
1104 1257 1315 1326 quibus
1345 1256 1634 1325 capiendis
1678 1261 1736 1309 et

23 1343 573 1409 mansuefaciendis,
630 1349 802 1413 atque
858 1346 917 1396 in
987 1360 1105 1397 suae
1162 1344 1470 1397 voluntatis
1538 1360 1730 1410 usum,

23 1431 512 1502 commodumque
561 1431 910 1500 redigendis,
957 1447 1076 1484 non
1115 1431 1170 1483 vi
1201 1432 1474 1501 corporis,
1510 1431 1606 1484 sed
1641 1448 1731 1484 ra-

24 1520 194 1572 tionis
236 1520 600 1588 imperitant.
637 1520 797 1572 Illam
845 1535 977 1572 vero
1008 1519 1233 1572 tertiam
1267 1520 1596 1572 dazmonum
1626 1536 1732 1589 po-

25 1607 289 1668 tentiam,
345 1608 499 1677 quod
554 1607 824 1660 diuturna
868 1623 1061 1660 rerum
1112 1608 1484 1676 experientia,
1534 1623 1734 1678 quem-

25 1695 341 1748 admodum
402 1700 795 1765 preenoscant,
851 1702 1023 1765 atque
1076 1696 1494 1765 praenuncient,
1552 1697 1731 1748 multa

24 1784 372 1846 didicerunt,
424 1784 504 1836 ita
553 1789 951 1850 contemnunt,
985 1784 1085 1853 qui
1138 1785 1258 1837 haec
1288 1783 1591 1853 vigilanter
1635 1799 1728 1835 cu-
1762 1822 1801 1873 Β

24 1876 144 1923 rant
183 1887 213 1924 a
268 1871 585 1924 verissima:
622 1870 763 1923 lucis
821 1872 1056 1924 veritate
1110 1872 1454 1938 discernere,
1517 1876 1580 1923 ut
1628 1887 1732 1924 nec

27 1961 203 2012 malos
238 1975 410 2012 senes
456 1962 621 2029 plura
656 1964 920 2028 eXpertos
964 1965 1019 2013 et
1052 1960 1123 2013 ob
1158 1961 1263 2013 hoc
1294 1961 1458 2030 quasi
1508 1960 1731 2012 doctio-

29 2064 108 2099 res
138 2047 273 2101 ideo
324 2047 495 2116 probi
548 2047 937 2100 adolescentes
986 2047 1097 2100 sibi
1147 2048 1485 2100 antecellere
1538 2047 1730 2100 existi-

30 2141 194 2198 ment,
258 2140 327 2187 ut
378 2151 484 2188 nec
544 2136 816 2200 medicos,
870 2151 975 2188 nec
1023 2140 1247 2201 nautas,
1298 2151 1403 2188 nec
1451 2137 1730 2205 agricolas

35 2239 166 2292 quos
212 2238 414 2292 pravae
461 2222 772 2275 voluntatis
820 2226 878 2276 et
906 2222 1122 2292 iniquis
1170 2224 1428 2276 moribus
1460 2223 1726 2289 viderint,

34 2310 152 2363 ideo
199 2315 415 2380 putent
444 2311 553 2362 sibi
594 2326 713 2363 esse
759 2310 1169 2378 praeferendos,
1221 2310 1371 2379 quod
1405 2310 1486 2361 illi
1517 2308 1585 2362 de
1632 2324 1726 2360 va-

38 2397 409 2464 letudinibus,
442 2398 525 2450 illi
556 2398 625 2451 de
660 2398 1121 2467 tempestatibus.
1155 2397 1239 2449 illi
1272 2398 1340 2451 de
1366 2397 1618 2449 arbustox
1635 2412 1725 2448 um

41 2485 439 2555 fructuumque
488 2486 795 2554 generibus
848 2486 1029 2536 multa
1078 2485 1156 2536 ita
1195 2484 1613 2553 praenunciant,
1666 2487 1731 2536 ut

42 2573 228 2626 harum
280 2589 481 2626 rerum
525 2573 820 2641 inexperto
868 2572 1125 2625 divinare
1183 2572 1503 2624 videantur.
1564 2571 1727 2631 Quod

40 2676 157 2714 vero
178 2678 299 2715 non
333 2662 521 2715 solum
553 2662 819 2731 quaedam
847 2660 1138 2714 daemones
1168 2659 1361 2712 futura
1383 2659 1726 2728 prmdicunt,

41 2764 217 2803 verum
242 2751 422 2803 etiam
453 2750 717 2819 quaedam
740 2749 971 2814 faciunt,
995 2765 1100 2818 pro
1128 2749 1251 2817 ipsa
1279 2747 1474 2817 utique
1497 2746 1586 2800 sui
1610 2763 1729 2801 cor-

41 2839 180 2905 poris
201 2839 563 2904 excellentia,
588 2854 688 2891 cur
711 2853 825 2891 non
845 2842 1245 2890 contemnatur
1276 2852 1308 2888 a
1328 2836 1723 2906 prudentibus,

24 2938 156 2978 ecum
190 2928 459 2998 plerique
490 2926 677 2996 iniqui
704 2941 768 2979 ac
796 2925 1010 2995 perditi
1043 2924 1309 2978 homines
1332 2924 1410 2977 ita
1431 2928 1729 2978 exerceant

43 3029 261 3085 corpora
292 3032 422 3080 sua,
453 3019 789 3083 tantamque
811 3013 1048 3066 divorsis
1067 3012 1284 3067 artibus
1309 3012 1553 3081 possint,
1581 3017 1642 3065 ut
1661 3028 1727 3065 ea

1848 649 2000 712 sunt,
2067 646 2217 715 quod
2259 646 2373 699 sint
2422 647 2502 699 eis
2561 648 2697 701 talia
2755 650 3125 705 suadentibus
3190 655 3539 709 consensuri.

1845 731 2097 785 Suadent
2127 737 2317 786 autem
2352 734 2512 786 miris
2542 740 2597 788 et
2628 735 3008 790 invisibilibus
3041 739 3228 792 modis
3258 756 3359 809 per
3384 740 3543 795 illam

1845 819 2215 872 subtilitatem
2272 837 2577 891 corporum
2628 839 2890 889 suorum,
2947 841 3186 894 corpora
3239 827 3542 883 hominum

1844 922 1962 959 non
2013 908 2385 961 sentientium
2440 911 2817 979 penetrando,
2869 916 2926 965 et
2980 928 3039 965 se
3097 914 3542 983 cogitationibus

1844 1010 2060 1047 eorum
2085 1010 2187 1064 per
2218 996 2485 1065 quaedam
2533 997 2878 1066 imaginaria
2906 999 3024 1053 visa
3055 1001 3370 1065 miscendo,
3425 1004 3542 1058 sive

1842 1082 2228 1151 vigilantium,
2258 1084 2373 1137 sive
2404 1084 2835 1141 dormientium.
2862 1086 3185 1157 Aliquando
3208 1096 3401 1145 autem
3425 1108 3542 1147 non

1843 1186 1972 1240 quas
2016 1170 2125 1241 ipsi
2168 1170 2405 1238 faciunt,
2434 1173 2532 1226 sed
2582 1189 2712 1243 quae
2746 1177 3104 1231 naturalibus
3138 1178 3316 1248 signis
3347 1180 3543 1235 futura

1842 1264 2229 1329 praenoscunt,
2271 1276 2398 1331 qua!
2447 1261 2610 1331 signa
2648 1262 2708 1315 in
2756 1262 3060 1318 hominum
3111 1282 3309 1320 sensus
3350 1270 3541 1324 venire

1842 1363 1955 1400 non
1990 1353 2250 1418 possunt,
2283 1355 2415 1402 ante
2447 1350 2788 1418 praedicunt.
2821 1348 3012 1421 Neque
3045 1354 3199 1407 enim
3232 1355 3368 1424 quia
3397 1373 3542 1426 prm-

1842 1436 1997 1488 videt
2050 1438 2307 1491 medicus
2366 1439 2519 1508 quod
2574 1440 2893 1508 praevidere
2950 1442 3134 1495 nescit
3182 1444 3352 1513 hujus
3403 1445 3541 1499 artis

1840 1522 2096 1592 ignarus,
2146 1524 2278 1578 ideo
2301 1525 2421 1594 jam
2467 1526 2693 1579 divinus
2747 1528 3043 1583 habendus
3090 1533 3193 1583 est.
3238 1530 3389 1594 Quid
3438 1549 3539 1585 au-

1840 1615 1957 1663 tem
1983 1612 2217 1673 mirum.
2249 1612 2294 1664 si
2326 1616 2813 1683 quemadmodum
2849 1616 2944 1671 ille
2971 1616 3030 1670 in
3053 1618 3310 1687 corporis
3340 1618 3541 1674 huma-

1841 1698 1922 1761 ni,
1954 1700 2041 1752 vel
2071 1701 2426 1769 perturbata,
2462 1703 2547 1755 vel
2580 1702 2909 1757 modiﬁcata
2956 1705 3256 1776 temperie,
3291 1722 3391 1761 seu
3434 1707 3540 1761 bo-

1842 1803 1966 1852 nas,
1998 1803 2099 1840 seu
2131 1789 2310 1841 malas
2340 1789 2558 1842 futuras
2591 1791 2867 1860 praevidet
2897 1792 3275 1860 valetudines,
3306 1795 3384 1847 sic
3415 1794 3539 1849 daa-

1842 1890 1977 1926 mon
2006 1874 2063 1927 in
2097 1875 2242 1928 aeris
2290 1870 2612 1944 affectione,
2644 1883 2817 1947 atque
2848 1878 3210 1935 ordinatione
3240 1882 3350 1934 sibi
3380 1887 3535 1949 nota,

1842 1962 2006 2015 nobis
2034 1962 2249 2032 ignota,
2282 1963 2501 2017 futuras
2531 1965 2809 2034 prmvidet
2829 1970 3242 2036 tempestates?
3269 1969 3539 2040 Aliquan-

1843 2049 1914 2103 do
1945 2054 2000 2103 et
2044 2050 2345 2104 hominum
2376 2052 2801 2122 dispositiones,
2846 2069 2963 2107 non
2993 2054 3178 2108 solum
3226 2072 3363 2109 voce
3394 2074 3535 2126 pro-

1840 2138 2001 2204 latas,
2042 2154 2239 2191 verum
2280 2139 2453 2193 etiam
2486 2140 2836 2210 cogitatione
2859 2148 3181 2211 conceptas,
3206 2160 3334 2197 cum
3375 2146 3538 2215 signa

1840 2226 2105 2295 quaedam
2141 2243 2205 2279 ex
2241 2227 2432 2281 animo
2477 2228 2881 2298 exprimuntur
2911 2229 2971 2282 in
3001 2245 3259 2300 corpore,
3292 2237 3410 2286 tota
3453 2233 3534 2286 fa-

1840 2314 2052 2367 cilitate
2106 2314 2457 2384 perdiscunt,
2501 2322 2673 2386 atque
2721 2316 2855 2369 hinc
2886 2317 3056 2370 etiam
3107 2320 3289 2371 multa
3348 2320 3538 2374 futura

1839 2402 2263 2471 praenunciant,
2310 2403 2437 2455 aliis
2482 2403 2751 2457 videlicet
2781 2404 2946 2471 mira,
2978 2403 3078 2474 qui
3120 2403 3229 2457 ista
3260 2405 3540 2472 disposita

1840 2504 1957 2541 non
1990 2490 2304 2542 noverunt.’
2321 2490 2477 2544 Sicut
2523 2490 2676 2544 enim
2716 2496 2956 2561 apparet
2990 2492 3331 2546 concitatior
3359 2494 3539 2547 animi

1839 2581 2030 2629 motus
2059 2577 2119 2629 in
2168 2578 2349 2640 vultu,
2384 2582 2449 2630 ut
2479 2578 2548 2631 ab
2576 2577 2909 2631 hominibus
2939 2595 3168 2649 quoque
3207 2581 3423 2651 aliquid
3452 2582 3537 2634 fo-

1838 2663 2094 2717 rinsecus
2124 2668 2466 2734 agnoscatur
2495 2666 2647 2735 quod
2692 2665 3035 2720 intrinsecus
3066 2668 3276 2737 agitur,
3311 2669 3388 2722 ita
3419 2685 3539 2723 non

1840 2751 2006 2805 debet
2054 2768 2174 2806 esse
2229 2753 2566 2807 incredibile
2615 2753 2662 2805 si
2714 2753 2887 2807 etiam
2933 2754 3183 2808 leniores
3233 2757 3535 2827 cogitatio-

1838 2855 1939 2892 nes
1973 2840 2109 2893 dant
2148 2840 2340 2909 aliqua
2368 2841 2532 2910 signa
2559 2856 2664 2910 per
2692 2857 2915 2911 corpus,
2967 2858 3096 2912 quae
3128 2843 3333 2896 obtuso
3366 2861 3537 2899 sensu

1836 2926 2139 2981 hominum
2166 2929 2434 2997 cognosci
2464 2945 2582 2981 non
2615 2935 2869 2999 possunt,
2906 2935 3071 2983 acuto
3102 2936 3294 2985 autem
3327 2933 3536 2987 daemo-

1836 3031 1976 3068 num
2009 3021 2269 3084 possunt.
2319 3017 2433 3069 Hac
2464 3019 2634 3086 atque
2664 3016 2999 3085 hujusmodi
3028 3018 3316 3085 facultate,
3355 3021 3537 3074 multa

12 3096 126 3171 ‘qui
155 3104 276 3157 haec
307 3104 595 3168 nesciunt,
627 3118 731 3156 nec
752 3101 1062 3171 aliquando
1094 3101 1379 3166 viderunt,
1406 3102 1579 3153 etiam
1605 3117 1731 3154 nar-
1760 3093 1800 3148 C
1839 3103 2128 3157 daemones
2154 3103 2347 3156 futura
2376 3103 2795 3173 pramunciaut,
2828 3121 2957 3157 cum
2986 3110 3179 3159 tamen
3212 3106 3281 3160 ab
3306 3107 3385 3159 eis
3416 3108 3536 3161 lon-

47 3196 151 3243 rata
176 3192 267 3245 vix
316 3191 577 3245 credant.
612 3190 792 3254 Quam
825 3191 1006 3243 multa
1036 3188 1380 3254 funambuli,
1422 3189 1727 3259 caeterique

48 3279 237 3333 theatri
287 3279 536 3333 artifices
570 3296 583 3333 :
622 3294 795 3349 quam
828 3279 1009 3331 multa
1056 3277 1308 3347 opiﬁces,
1366 3277 1728 3348 maximeque

46 3368 349 3421 mechanici
400 3366 663 3420 miranda
718 3365 1022 3420 fecerunt?
1081 3367 1227 3418 Num
1278 3364 1404 3418 ideo
1464 3366 1728 3418 meliores

45 3461 159 3508 sunt
206 3457 400 3521 bonis,
438 3462 494 3509 et
542 3459 734 3509 sancta
783 3454 997 3524 pietate
1047 3453 1302 3523 praeditis
1347 3453 1729 3506 hominibus?

44 3542 162 3605 Quae
198 3545 331 3599 ideo
369 3543 970 3610 commemoravimus,
1005 3545 1065 3594 ut
1104 3541 1201 3611 qui
1227 3541 1348 3594 haec
1392 3540 1514 3594 sine
1545 3540 1729 3609 pervi-

30 3632 199 3703 ’cacia,
232 3638 290 3687 et
319 3634 445 3685 sine
480 3648 627 3685 vana
658 3630 955 3685 resistendi
990 3628 1352 3683 animositate
1384 3628 1726 3695 considerat,

44 3718 194 3773 simul
227 3721 467 3791 cogitet,
502 3720 548 3773 si
579 3720 647 3773 de
680 3718 1000 3788 subjacenti
1044 3717 1319 3771 crassiore
1350 3715 1609 3779 materia,
1640 3716 1727 3768 vel

12 3809 119 3859 .sui
162 3810 411 3881 quisque
459 3808 735 3878 corporis,
783 3807 869 3859 vel
898 3810 1087 3871 terrae,
1128 3810 1182 3859 et
1212 3820 1397 3874 aquae,
1449 3804 1725 3873 lapidum,

44 3898 197 3963 atque
228 3897 545 3966 lignorum,
580 3895 1065 3964 metallorumque
1094 3893 1384 3947 variorum
1416 3897 1576 3945 tanta
1609 3892 1732 3961 qui-

49 3980 161 4036 dem
189 3984 460 4037 homines
507 3988 767 4053 possunt,
801 3986 866 4035 ut
898 3998 993 4035 eos
1035 3982 1123 4034 illi
1161 3981 1261 4050 qui
1290 3981 1411 4034 haec
1448 3995 1563 4034 non
1594 3996 1729 4050 pos-

51 4077 186 4136 sunt,
216 4072 566 4141 plerumque
598 4071 877 4140 stupendo
918 4070 977 4123 in
1007 4070 1094 4122 sui
1124 4068 1549 4138 comparatione
1588 4068 1730 4122 divi-

48 4173 138 4211 nos
180 4166 401 4225 vocent,
433 4176 562 4213 cum
593 4160 825 4229 quidam
861 4159 1089 4211 illorum
1123 4158 1239 4210 sint
1276 4156 1494 4211 artibus
1522 4160 1729 4227 poten-

6 4244 227 4313 .,tiores,
274 4249 512 4318 quidam
562 4246 805 4300 istorum
850 4246 1109 4299 moribus
1162 4244 1428 4298 meliores
1470 4253 1730 4314 :quanto

1840 3207 1911 3261 ge
1938 3191 2009 3244 sit
2037 3191 2280 3245 altitudo
2327 3191 2482 3245 illius
2510 3192 2830 3261 prophetiae
2864 3209 3036 3263 quam
3086 3195 3231 3248 Deus
3261 3211 3367 3264 per
3397 3211 3535 3250 san-

1839 3284 1955 3332 ctos
1992 3279 2228 3349 angelos
2274 3284 2330 3333 et
2360 3280 2670 3349 prophetas
2702 3286 2991 3349 operatur.
3032 3283 3174 3335 Nam
3217 3283 3261 3335 si
3293 3284 3429 3354 quid
3464 3284 3534 3338 de

1839 3366 1936 3419 illa
1982 3367 2081 3420 Dei
2129 3366 2502 3436 dispositione
2543 3368 2957 3438 praenunciant,
3015 3370 3257 3424 audiunt
3298 3376 3356 3425 ut
3386 3388 3532 3441 prte-

1839 3454 2137 3522 nuncient,
2184 3460 2240 3508 et
2283 3471 2411 3508 cum
2445 3471 2511 3508 ea
2559 3455 2881 3524 praedicunt
2924 3473 3052 3527 quae
3084 3458 3217 3511 inde
3272 3460 3532 3527 audiunt,

1838 3558 1957 3595 non
2013 3542 2220 3596 fallunt
2271 3559 2284 3596 :
2336 3544 2698 3597 veracissima
2752 3544 2906 3598 enim
2959 3550 3095 3599 sunt
3151 3548 3427 3617 angelica,
3479 3554 3537 3603 et

1839 3630 2173 3700 prophetica
2232 3631 2482 3684 oracula.
2530 3630 2619 3684 Sic
2668 3635 2858 3685 autem
2910 3632 3279 3702 indignanter
3327 3636 3535 3707 accipi-

1840 3723 1953 3784 tur,
1988 3718 2140 3787 quod
2163 3718 2355 3788 aliqua
2380 3717 2554 3771 etiam
2574 3717 2712 3771 talia
2738 3717 3028 3772 daemones
3057 3720 3293 3774 audiant
3318 3727 3372 3775 et
3393 3739 3537 3793 pras-

1839 3804 2049 3871 dicant,
2101 3806 2267 3875 quasi
2316 3804 2535 3875 aliquid
2592 3805 2899 3876 indignum
2947 3806 3037 3872 sit,
3089 3812 3153 3862 ut
3205 3810 3359 3879 quod
3405 3811 3536 3865 ideo

1840 3892 2050 3946 dicitur
2118 3898 2177 3946 ut
2213 3893 2549 3947 hominibus
2616 3893 2955 3960 innotescat,
3018 3894 3123 3948 hoc
3181 3912 3296 3949 non
3350 3898 3536 3952 solum

1837 3981 1999 4047 boni,
2046 3997 2246 4035 verum
2296 3982 2467 4035 etiam
2507 3982 2642 4035 mali
2673 3998 2789 4035 non
2819 3987 3064 4047 taceant,
3124 4000 3253 4037 cum
3306 3984 3363 4038 in
3396 3985 3536 4056 ipsis

1838 4068 2170 4123 hominibus
2201 4070 2374 4124 etiam
2418 4071 2548 4123 vitae
2580 4070 2745 4124 bona;
2778 4077 3063 4141 praecepta
3102 4073 3399 4126 videamus
3430 4091 3538 4145 pa-

1840 4158 1979 4211 riter
2027 4174 2055 4211 a
2107 4157 2277 4227 justis
2324 4158 2721 4229 perversisque
2760 4160 2999 4227 cantari,
3051 4176 3155 4214 nec
3178 4162 3377 4215 obesse
3431 4163 3536 4216 ali-

1842 4245 2002 4315 quid,
2035 4245 2151 4298 imo
2193 4246 2366 4299 etiam
2396 4247 2667 4316 prodesse
2697 4247 2768 4300 ad
2800 4248 3080 4318 majorem
3124 4248 3418 4313 noticiam,
3452 4250 3539 4304 fa-

48 4334 271 4388 meliora
292 4330 357 4389 et
386 4335 609 4404 majora
646 4351 751 4404 pro
782 4333 1140 4387 subtilissimi
1184 4333 1456 4403 corporis,
1486 4332 1593 4385 hoc
1624 4338 1725 4399 est,
1759 4361 1802 4413 D
1844 4349 2112 4402 mamque
2163 4334 2436 4398 veritatis,
2494 4350 2623 4387 cum
2668 4334 2739 4387 de
2789 4335 2887 4388 illa
2926 4336 3098 4389 etiam
3144 4338 3202 4390 hi
3253 4337 3538 4407 quidquid

47 4422 174 4474 aerii
219 4423 511 4484 facultate,
557 4438 620 4475 ac
666 4421 935 4475 facilitate
968 4421 1261 4475 dmmones
1310 4420 1549 4491 possint,
1600 4436 1730 4473 cum

47 4512 221 4563 tamen
256 4512 371 4564 sint
416 4526 605 4581 prava:
654 4508 986 4575 voluntatis,
1040 4509 1405 4578 maximeque
1448 4507 1729 4577 superbiae

49 4595 204 4663 fastu,
257 4605 312 4653 et
354 4597 605 4653 evidenti
649 4598 868 4652 malitia
919 4597 1155 4665 spiritus
1203 4596 1510 4663 immundi,
1560 4602 1729 4665 atque

49 4688 303 4750 perversi.
338 4688 629 4751 Quantum
679 4691 875 4738 autem
925 4683 1113 4738 valeat
1163 4684 1311 4737 aeris
1356 4684 1724 4748 elementum,

50 4786 152 4839 quo
188 4791 385 4830 eorum
417 4791 656 4845 corpora
684 4774 1001 4844 praevalent
1030 4773 1100 4826 ad
1131 4773 1313 4826 multa
1353 4770 1601 4824 visibilia
1640 4770 1727 4823 vi-

17 4859 273 4916 'sibiliter
308 4863 623 4930 molienda,
677 4862 982 4927 movenda,
1028 4861 1327 4924 mutanda,
1378 4863 1550 4929 atque
1606 4874 1728 4911 ver-

49 4950 229 5017 sanda,
277 4953 512 5022 longum
548 4956 632 5004 est
681 4966 834 5003 nunc
890 4949 1306 5013 demonstrare,
1358 4952 1415 5000 et
1456 4951 1725 5016 putamus

6 5048 9 5065 '
50 5037 190 5104 quod
216 5040 301 5092 vel
333 5038 699 5093 mediocriter
727 5036 1116 5090 consideranti
1145 5034 1309 5088 facile
1338 5037 1615 5087 occurrat.

244 5126 369 5180 CAP.
402 5125 579 5179 XLVI.
610 5154 678 5163 —
708 5128 783 5178 De
814 5124 1153 5177 divinatione
1193 5122 1511 5176 damonum.

117 5211 221 5279 (Ea:
241 5214 400 5268 dictis
426 5212 717 5283 ejusdem.)
749 5212 930 5282 Igitur
953 5227 1107 5265 nunc
1136 5210 1389 5281 primum
1432 5208 1727 5263 sciendum

55 5301 144 5360 est,
170 5302 439 5369 quoniam
471 5302 541 5355 de
573 5300 926 5354 divinatione
971 5300 1301 5353 daemonum
1350 5297 1592 5367 quaestio
1622 5300 1725 5359 est,

54 5382 166 5438 illos
191 5403 252 5441 ea
280 5390 600 5459 plerunque
626 5387 1028 5458 prenunciare
1050 5402 1179 5456 quae
1204 5385 1314 5455 ipsi
1342 5383 1544 5438 facturi
1574 5388 1722 5438 sunt.

22 5471 334 5542 ’Accipiunt
379 5476 536 5529 enim
581 5490 727 5545 saepe
760 5479 1105 5545 potestatem
1136 5478 1193 5526 et
1222 5472 1458 5525 morbos
1503 5471 1727 5525 immit—

57 5560 179 5627 tere,
208 5567 261 5616 et
290 5564 481 5633 ipsum
515 5578 705 5616 aerem
736 5561 991 5616 vitiando
1021 5560 1351 5614 morbidum
1383 5559 1640 5622 reddere,
1673 5562 1729 5612 et

6 5636 19 5665 '
60 5652 309 5712 perversis
363 5659 538 5722 atque
586 5651 939 5705 amatoribus
984 5654 1349 5704 terrenorum
1395 5647 1725 5702 commodo-

1846 4424 2146 4485 noverunt,
2201 4420 2418 4485 dicunt,
2454 4419 2553 4489 qui
2597 4420 2650 4474 ei
2678 4422 2961 4490 perversis
3008 4422 3263 4477 moribus
3305 4430 3538 4478 contra-

1840 4506 2056 4560 dicunt.
2106 4508 2169 4560 In
2196 4506 2414 4560 caeteris
2445 4512 2637 4560 autem
2669 4507 2786 4560 suis
2816 4508 3287 4576 praedictionibus
3316 4511 3538 4565 damo-

1838 4611 1938 4648 nes
1969 4595 2310 4665 plerumque
2351 4598 2408 4647 et
2437 4593 2645 4646 fallunt
2677 4600 2733 4646 ct
2762 4594 3043 4647 falluntur
3090 4596 3319 4665 quidem
3357 4613 3369 4650 :
3400 4598 3537 4668 quia

1838 4697 1963 4735 cum
2014 4697 2142 4734 suas
2192 4680 2596 4750 dispositiones
2642 4681 3059 4749 praeuunciant,
3106 4699 3171 4735 ex
3225 4684 3535 4753 improviso

1838 4770 2087 4837 desuper
2134 4768 2347 4837 aliquid
2398 4767 2651 4837 jubetur,
2694 4768 2845 4837 quod
2879 4784 3081 4821 eorum
3114 4770 3351 4824 consilia
3393 4787 3534 4826 cun-

1837 4861 1926 4909 cta
1982 4855 2323 4925 perturbat:
2372 4856 2528 4908 velut
2577 4853 2625 4906 si
2672 4855 2890 4924 aliquid
2925 4856 3235 4925 disponant
3292 4860 3537 4929 quilibet

1837 4944 2099 4998 homines
2143 4942 2466 5013 quibusque
2512 4943 2893 5012 potestatibus
2926 4944 3163 5012 subditi,
3214 4948 3363 5017 quod
3416 4964 3534 5004 non

1837 5030 2229 5102 prohibituros
2277 5047 2408 5084 suos
2438 5030 2778 5101 praepositos
2820 5030 3193 5100 arbitrentur,
3243 5034 3414 5105 idque
3444 5036 3535 5091 fa-

1837 5124 2028 5174 cturos
2073 5134 2132 5171 se
2188 5134 2309 5171 esse
2342 5118 2655 5188 promittat,
2706 5124 2764 5172 at
2814 5118 2896 5172 illi
2935 5134 3109 5188 penes
3159 5137 3302 5191 quos
3351 5123 3536 5193 major

1838 5209 2087 5277 potestas
2132 5208 2235 5270 est,
2291 5220 2355 5257 ex
2386 5205 2499 5258 alio
2552 5204 2846 5274 superiore
2906 5206 3145 5259 consilio
3198 5207 3308 5261 hoc
3348 5212 3533 5263 totum

1839 5292 2180 5362 dispositum
2230 5298 2400 5362 atque
2452 5298 2841 5363 praeparatum
2886 5299 3123 5362 repente
3170 5295 3530 5364 prohibeant.

1838 5383 2138 5438 Falluntur
2168 5381 2341 5435 etiam
2371 5396 2501 5434 cum
2529 5381 2714 5434 causis
2742 5382 3124 5450 naturalibus,
3157 5384 3304 5437 sicut
3350 5385 3533 5439 medi-

1837 5468 1906 5535 ci,
1941 5473 1997 5521 et
2042 5474 2285 5536 naturas,
2334 5475 2393 5523 et
2432 5468 2721 5539 agricolae,
2758 5469 2856 5523 sed
2906 5470 3076 5540 longe
3107 5471 3352 5541 acutius,
3402 5473 3535 5529 lon-

1837 5573 2022 5629 geque
2078 5556 2443 5628 praestantius
2500 5572 2603 5627 pro
2652 5556 2771 5610 aeri
2828 5558 3084 5629 corporis
3134 5575 3306 5616 sensu
3352 5562 3532 5617 soler-

1838 5646 1986 5701 tiore
2052 5650 2111 5700 et
2174 5644 2519 5701 excitatione
2584 5650 2954 5716 praenoscunt
3012 5662 3024 5701 :
3088 5648 3227 5719 quia
3289 5653 3345 5704 et
3409 5650 3533 5706 hac
