3966 6396
455 392 555 445 847

1521 384 1933 442 cnnamum
1973 383 2507 441 WORMACIENSIS
2546 382 2877 440 EPISCOPI.
3663 353 3679 370 ’
3869 386 3950 438 8i:

455 514 525 567 ab
587 511 809 582 angelis
863 511 978 564 Deo
1045 525 1273 562 summo
1328 507 1420 578 pie
1486 508 1862 562 servientibus
1926 525 1992 561 ex
2045 508 2230 561 aliaA
2269 511 2400 560 tura
2447 505 2761 559 certissime
2792 505 3022 570 scirent,
3072 505 3200 558 ideo
3233 520 3337 576 per
3367 521 3468 558 sua
3513 506 3732 576 templa
3781 511 3949 562 tacm

457 600 827 671 dispositione
894 597 1116 667 ignota,
1187 596 1548 650 dmmonibus
1605 612 1673 650 ex
1733 597 2045 666 improviso
2096 613 2159 650 ac

457 692 694 760 repente
755 690 1073 754 mutantur,
1136 691 1408 756 tanquam
1468 685 1515 738 si
1573 685 1792 756 aliquid
1855 701 2009 755 mgro
2061 701 2157 738 ex-

455 777 741 831 trinsecus
811 774 1046 828 accedat
1113 790 1226 844 quo
1297 773 1597 840 moriatur,
1666 789 1838 844 quem
1905 773 2159 827 medicus

458 865 606 918 veris
658 863 859 918 salutis
914 862 1374 932 praecedentibus
1442 861 1640 931 signis,
1697 862 1973 915 victarum
2041 876 2159 916 esse

457 953 820 1024 promiserat.
858 953 974 1005 Aut
1002 951 1049 1004 si
1097 950 1244 1004 aeris
1297 950 1572 1021 qualitate
1626 950 1852 1020 provisa
1899 949 1994 1003 diu
2047 953 2160 1002 sta-

458 1046 650 1096 tutum
713 1041 878 1094 illum
933 1044 1168 1093 ventum
1247 1043 1557 1092 nautarum
1627 1038 1805 1109 aliqui
1865 1037 2161 1107 praedixis-

461 1133 604 1197 sent,
657 1145 783 1183 eum
843 1127 1118 1182 Dominus
1175 1128 1430 1182 Christus
1478 1143 1605 1180 cum
1653 1126 1946 1196 discipulis
2002 1125 2162 1179 navi-

461 1235 602 1289 gans
655 1223 720 1271 ut
764 1217 1151 1287 requiesceret
1198 1216 1522 1286 imperavit,
1575 1219 1632 1268 et
1688 1215 1837 1268 facta
1877 1218 1962 1268 est
2010 1219 2164 1268 tran-

462 1305 716 1378 quillitas
759 1321 987 1374 magna.
1035 1304 1132 1357 Vel
1175 1304 1222 1357 si
1255 1302 1632 1372 agricolaillo
1663 1318 1816 1356 anno
1848 1301 2162 1355 fructiﬁca-

461 1400 652 1449 turam
697 1393 871 1447 vitem
919 1393 1172 1463 aliquam
1230 1391 1593 1461 polliceatur,
1648 1394 1915 1444 naturam
1965 1390 2161 1460 utique

459 1487 628 1536 terrae
659 1485 715 1536 et
745 1496 1015 1535 numeros
1046 1480 1335 1533 seminum
1366 1480 1598 1544 callens,
1633 1495 1746 1549 quo
1780 1483 1976 1532 tamen
2010 1495 2160 1532 anno

463 1587 586 1625 eam
647 1570 734 1623 vel
793 1568 1106 1639 improvisa
1149 1567 1274 1621 coeli
1322 1567 1691 1637 intemperies
1744 1567 2033 1635 arefaciat,
2081 1567 2160 1622 ita

464 1660 644 1714 multa
676 1658 846 1711 etiarn
874 1658 941 1710 ad
974 1657 1340 1727 praesentiam
1367 1656 1918 1726 praedictionemque
1950 1656 2158 1709 daemo-

465 1764 600 1802 num
625 1746 992 1816 pertinentia,
1023 1761 1149 1814 quae.
1181 1743 1504 1798 minoribus
1531 1748 1587 1798 et
1617 1744 2008 1798 usitatioribus
2038 1760 2162 1797 cau-

466 1836 539 1888 sis
565 1836 756 1888 futura
780 1833 1191 1904 prtevidentur,
1223 1832 1421 1885 eadem
1457 1832 1770 1901 majoribus
1801 1836 1860 1884 et
1889 1832 2159 1885 occultio-

465 1924 620 1976 ribus
651 1923 834 1975 causis
865 1921 1147 1990 impedita
1172 1925 1486 1974 mutantur.
1524 1921 1749 1974 Fallunt
1768 1926 1958 1973 autem
1987 1920 2158 1973 etiam

465 2012 652 2065 studio
682 2009 915 2064 fallendi
944 2014 998 2062 et
1027 2008 1222 2062 invida
1250 2010 1560 2076 voluntate,
1587 2012 1722 2078 quia
1752 2008 2053 2062 hominum
2079 2025 2163 2060 er-

464 2116 594 2154 rore
630 2101 914 2152 laetantur.
951 2097 1058 2152 Sed
1094 2113 1165 2150 ne
1195 2097 1348 2166 apud
1378 2097 1622 2150 cultores
1651 2112 1782 2150 suos
1811 2097 2036 2167 pondus
2065 2112 2162 2148 au-

465 2187 743 2240 ctoritatis
799 2185 1085 2250 amittant,
1122 2184 1178 2238 id
1230 2188 1430 2254 agunt,
1464 2189 1528 2237 ut
1583 2184 1995 2254 interpretibus
2043 2183 2160 2236 suis

465 2273 878 2342 signorumque
923 2287 1161 2326 suorum
1191 2273 1614 2342 conjectoribus
1651 2273 1819 2341 culpa
1850 2272 2154 2337 tribuatur,

464 2363 692 2430 quando
741 2361 825 2414 vel
887 2361 1106 2431 decepti
1161 2361 1396 2428 fuerint,
1447 2361 1533 2414 vel
1583 2361 1831 2417 mentiti.
1882 2361 2158 2414 Nonnun-

464 2465 635 2519 quam
678 2465 808 2502 vero
858 2449 965 2518 ipsi
1017 2449 1257 2518 maligni
1290 2449 1526 2519 spiritus
1559 2454 1615 2502 et
1666 2449 1928 2502 illusores
1971 2447 2158 2502 homi-

461 2552 601 2589 num
632 2540 802 2606 atque
834 2537 1107 2590 invisores
1138 2538 1337 2591 salutis
1368 2554 1588 2604 eorum,
1635 2537 1820 2590 solent
1848 2536 2157 2607 praedicere

462 2624 744 2678 defectum
777 2625 1012 2679 culturae
1045 2642 1162 2679 suae
1191 2629 1246 2679 et
1274 2626 1562 2679 idolorum
1591 2625 1842 2692 ruinam,
1876 2629 2159 2696 quatenus

458 2714 667 2782 prescii
718 2713 1020 2767 videantur
1067 2714 1204 2784 quid
1260 2713 1319 2767 in
1354 2713 1598 2784 singulis
1627 2713 1822 2783 regnis
1875 2719 1975 2767 aut
2020 2714 2157 2766 locis

458 2805 764 2854 venturum
812 2801 903 2867 sit,
952 2805 1004 2854 et
1040 2801 1174 2872 quid
1228 2801 1451 2855 adversi
1501 2818 1619 2855 sua;
1652 2801 1886 2855 factioni
1933 2801 2156 2856 contin-

458 2905 592 2959 gere
622 2891 820 2959 possit.
877 2890 1036 2953 Quod
1067 2891 1241 2944 etiam
1291 2890 1375 2944 illi
1408 2891 1506 2962 qui
1537 2891 1841 2961 gentilium
1889 2890 2156 2944 historias

455 2978 655 3048 legunt
697 2995 813 3032 non
849 2981 1136 3047 ignorant.
1179 2979 1327 3042 Quid
1367 2995 1504 3048 ergo
1553 2979 1784 3044 mirum,
1818 2978 1864 3032 si
1888 2979 2012 3048 jam
2054 2979 2159 3032 im-

2267 600 2422 660 runt,
2456 611 2528 648 ne
2569 594 2687 663 jam
2721 598 2856 647 tunc
2902 593 3221 662 inciperent
3261 593 3330 646 ab
3376 594 3710 648 hominibus
3754 595 3950 649 intelli

2268 683 2537 754 gentibus
2562 683 2744 736 deseri
2777 687 2949 752 atque
2971 682 3264 735 contemni
3292 698 3304 735 :
3335 682 3489 752 quod
3518 683 3586 736 de
3620 686 3949 754 templorux

2270 777 2325 825 et
2392 772 2830 824 simulacrorum
2899 786 3136 824 suorum
3200 772 3394 824 futura
3464 772 3757 827 eversione
3822 775 3915 826 eis

2268 859 2567 931 prophetis
2635 863 3020 925 attestaretur,
3085 859 3186 929 qui
3243 875 3342 913 eos
3394 860 3502 913 coli
3567 862 3949 930 prohibeban‘

2269 949 2433 1002 Nunc
2463 965 2598 1002 vero
2634 952 3008 1018 posteaquam
3047 953 3276 1018 tempus
3306 949 3538 1002 advenit
3569 967 3682 1020 quo
3717 952 3950 1020 compte

2270 1042 2471 1090 rentur
2503 1037 2770 1089 vaticinia
2823 1036 3235 1106 prophetarum
3281 1037 3379 1090 Dei
3415 1037 3607 1105 unius,
3656 1038 3786 1109 quis
3838 1036 3949 1109 istc

2271 1126 2406 1179 deos
2438 1125 2595 1189 dicit,
2635 1129 2691 1178 et
2721 1129 2786 1178 ut
2815 1125 3078 1178 colantur
3117 1124 3615 1179 vehementissime
3664 1105 3950 1198 praecipit

2270 1213 2456 1277 Quum
2490 1229 2603 1266 non
2633 1212 2740 1266 hoc
2766 1212 2938 1266 etiam
2964 1212 3074 1283 ipsi
3101 1220 3458 1282 compertum
3482 1215 3795 1284 praedicere
3829 1218 3950 1269 sint

2269 1305 2488 1367 rentur,
2523 1305 2584 1354 ut
2629 1301 2762 1355 inde
2789 1301 2996 1354 clarius
3027 1307 3330 1371 appareret
3383 1319 3480 1356 eos
3530 1303 3651 1357 haec
3683 1310 3863 1358 antea
3897 1321 3950 1358 Vt

2271 1390 2510 1444 minime
2569 1390 2892 1451 credidisse,
2949 1390 3035 1445 vel
3096 1390 3214 1444 suis
3279 1385 3594 1446 cultoribus
3659 1393 3950 1448 enunciar

2268 1478 2550 1544 timuisse,
2587 1479 2643 1532 in
2688 1479 2803 1532 fine
2849 1483 3038 1532 autem
3087 1484 3366 1550 tanquam
3399 1480 3540 1533 nihil
3592 1481 3844 1552 amplius
3880 1483 3950 1536 ha

2270 1567 2470 1622 bentes
2503 1567 2639 1638 quid
2673 1571 2936 1636 agerent,
2986 1567 3157 1622 etiam
3189 1569 3268 1622 ibi
3298 1569 3542 1623 voluisse
3592 1586 3755 1624 suam
3785 1577 3950 1624 oster

2271 1659 2389 1708 tare
2437 1654 2815 1721 divinitatem,
2869 1654 3110 1723 ubijam
3159 1656 3482 1725 produntur
3535 1656 3630 1710 diu
3672 1658 3950 1711 simulass

2271 1743 2728 1798 divinationem?
2756 1744 2970 1796 Tamen
3016 1759 3120 1796 nec
3152 1743 3258 1796 ista
3302 1743 3425 1813 ipsa
3474 1761 3602 1814 quae
3633 1745 3703 1799 ab
3753 1745 3836 1798 eis
3894 1763 3950 1798 Vl

2274 1848 2401 1886 raro
2443 1836 2498 1884 et
2545 1832 2804 1884 clanculo
2854 1831 3244 1899 proferuntur,
3305 1848 3536 1886 movere
3587 1849 3692 1886 nos
3736 1834 3950 1888 debent

2271 1921 2325 1974 Si
2359 1920 2626 1990 cuiquam
2669 1919 2996 1972 daemonum
3032 1923 3317 1972 extortum
3350 1924 3453 1982 est,
3486 1921 3540 1974 id
3573 1921 3819 1990 prodere
3855 1924 3950 1976 cul

2269 2009 2490 2062 toribus
2517 2008 2632 2060 suis
2659 2007 2810 2077 quod
2845 2007 3121 2060 didicerat
3151 2023 3216 2059 ex
3251 2007 3495 2077 eloquiis
3525 2010 3950 2078 prophetarum

2269 2097 2356 2151 vel
2393 2113 2456 2150 ex
2491 2095 2737 2149 oraculis
2764 2096 3125 2164 angelorum.
3161 2094 3319 2158 Quod
3353 2111 3454 2148 cur
3474 2111 3591 2148 non
3620 2096 3806 2163 fieret,
3843 2114 3950 2151 cur

2271 2191 2326 2238 et
2353 2185 2459 2238 ista
2505 2201 2623 2238 non
2674 2184 2787 2237 sint
2827 2183 3207 2253 oppugnatio,
3266 2183 3363 2237 sed
3407 2184 3636 2238 testatio
3668 2186 3939 2239 veritatis

2269 2273 2414 2328 Illud
2439 2273 2591 2327 enim
2623 2273 2777 2342 quod
2797 2274 2979 2325 solum
3000 2272 3070 2324 ab
3091 2271 3228 2342 ipsis
3250 2271 3570 2341 phanaticis
3592 2271 3950 2347 ﬂagitandur

2269 2366 2374 2427 est,
2433 2377 2536 2415 nec
2589 2377 2845 2431 unquam
2897 2365 3066 2413 antea
3114 2361 3499 2430 protulerunt,
3551 2376 3654 2414 nec
3712 2378 3950 2432 unquam

2269 2454 2486 2520 postea,
2554 2449 2662 2502 nisi
2719 2449 2867 2503 forte
2915 2448 3226 2501 confictum
3277 2448 3532 2518 proferre
3585 2449 3950 2504 conabuntui

2270 2538 2485 2608 aliquid
2534 2537 2670 2592 deos
2714 2554 2848 2591 suos
2897 2553 3002 2608 per
3027 2541 3182 2590 vates
3225 2553 3377 2601 suos,
3424 2542 3620 2590 contra
3665 2539 3850 2592 Deum
3904 2541 3950 2593 Is

2268 2628 2387 2680 rael
2419 2643 2586 2680 ausos
2631 2625 2805 2679 fuisse
2836 2624 3149 2694 praedicere
3179 2629 3279 2678 aut
3325 2625 3530 2679 dicere.
3579 2627 3655 2679 De
3688 2643 3805 2696 quo
3863 2629 3945 2681 De

2267 2713 2578 2769 doctissimi
2609 2729 2808 2766 eorum
2868 2715 3118 2776 autores,
3153 2711 3252 2782 qui
3290 2713 3486 2766 omnia
3516 2713 3611 2766 illa
3667 2715 3862 2784 legere
3917 2733 3946 2769 a

2267 2819 2434 2858 nosse
2457 2807 2788 2873 potuerunt,
2823 2802 3006 2872 magis
3037 2801 3430 2871 quaesiverunt
3459 2801 3586 2872 quis
3618 2803 3765 2856 Deus
3797 2809 3950 2857 esset

2268 2909 2440 2964 quam
2477 2893 2655 2946 Deum
2713 2907 2922 2961 negare
2964 2895 3290 2961 potuerunt.
3345 2891 3520 2944 Porro
3571 2895 3766 2944 autem
3819 2893 3949 2945 Deu

2264 2980 2372 3034 iste
2412 2996 2585 3050 quem
2633 2978 2825 3032 nullus
2887 2993 3087 3031 eorum
3152 2994 3361 3048 negare
3401 2995 3570 3031 ausus
3633 2985 3718 3032 est
3765 2995 3950 3034 verun

455 3067 710 3121 minante
772 3068 1121 3137 templorum
1191 3073 1244 3121 et
1303 3067 1744 3121 simulacrorum
1813 3067 2107 3122 eversione
2137 3109 2150 3135 ,
2187 3079 2227 3133 C
2267 3070 2471 3134 Deum,
2518 3067 2654 3138 quia
2684 3071 2741 3120 et
2774 3066 2820 3120 si
2852 3070 3090 3135 negaret
3122 3083 3238 3119 non
3289 3067 3475 3120 solum
3504 3067 3827 3136 subjaceret
3881 3069 3950 3122 de

455 3171 627 3225 quam
661 3155 958 3225 prophetae
992 3156 1092 3209 Dei
1137 3156 1348 3208 summi
1378 3161 1538 3208 tanto
1565 3161 1698 3209 ante
1749 3155 2151 3225 praedixerant,

452 3243 678 3312 Serapis
733 3243 960 3297 daemon
1030 3242 1201 3296 alicui
1259 3244 1547 3297 cultorum
1611 3259 1852 3297 suorum
1918 3244 2027 3298 hoc
2082 3244 2151 3298 de

450 3331 707 3400 proximo
755 3331 1025 3401 prodidit,
1077 3336 1140 3384 ut
1185 3347 1346 3384 suam
1389 3332 1552 3401 quasi
1599 3331 1960 3386 divinitatem
1995 3348 2151 3386 rece-

451 3420 590 3472 dens
623 3420 708 3472 vel
740 3419 968 3487 fugiens
1008 3419 1456 3473 commendaret.
1505 3421 1801 3489 Fugantur
1831 3421 1986 3474 enim
2034 3421 2148 3485 isti,

453 3508 538 3560 vel
569 3507 742 3560 etiam
778 3507 952 3578 jussis
999 3508 1392 3577 superioribus
1447 3509 1696 3579 colligati
1744 3509 2154 3565 abstrahuntur

453 3600 510 3650 et
571 3597 898 3650 alienantur
929 3613 962 3649 a
993 3596 1128 3650 locis
1179 3596 1317 3665 suis,
1384 3602 1445 3651 ut
1490 3598 1558 3651 de
1623 3597 1795 3651 rebus
1834 3598 1894 3650 in
1943 3598 2154 3668 quibus

452 3684 787 3738 colebantur
816 3684 917 3738 fiat
946 3687 1206 3738 voluntas
1258 3685 1377 3751 Dei,
1411 3687 1510 3755 qui
1539 3685 1646 3740 hoc
1690 3692 1849 3740 tanto
1889 3693 2020 3740 ante
2050 3702 2153 3756 per

452 3789 650 3826 omnes
681 3778 878 3843 gentes
927 3773 1186 3827 futurum
1234 3791 1356 3828 esse
1390 3775 1672 3844 praedixit,
1710 3779 1855 3828 etut
1885 3790 1990 3843 per
2020 3791 2150 3828 suos

448 3859 647 3913 fideles
674 3860 836 3914 fieret
864 3861 1187 3931 imperavit.
1224 3864 1336 3916 Cur
1357 3868 1552 3916 autem
1581 3863 1687 3916 hoc
1717 3879 1832 3916 non
1865 3863 2151 3917 sineretur

451 3950 679 4003 daemon
714 3951 1048 4019 praedicere,
1085 3967 1215 4005 cum
1251 3951 1356 4004 sibi
1391 3951 1509 4020 jam
1541 3955 1927 4020 praenosceret
1956 3951 2147 4004 immi-

449 4039 626 4092 nere?
651 4038 793 4093 Cum
842 4040 962 4093 haec
996 4040 1290 4110 praedictio
1337 4045 1394 4094 et
1423 4040 1482 4093 in
1514 4041 1807 4110 prophetis
1849 4045 2150 4095 attestare-

451 4131 545 4179 tur
591 4143 623 4179 a
674 4127 885 4196 quibus
942 4132 1078 4180 sunt
1123 4128 1232 4181 ista
1267 4128 1608 4198 conscripta,
1665 4134 1722 4182 et
1769 4129 2149 4198 prudentibus

449 4213 610 4268 daret
639 4214 885 4282 intelligi
925 4231 1096 4285 quam
1151 4215 1452 4285 vigilanter
1501 4220 1647 4269 esset
1691 4217 2021 4270 daemonum
2054 4233 2145 4270 ca-

447 4301 630 4354 venda
677 4301 919 4367 fallacia,
968 4303 1267 4372 cultusque
1318 4303 1645 4373 fugiendus,
1698 4305 1797 4374 qui
1837 4321 1966 4358 cum
2018 4309 2147 4358 ante

448 4405 552 4459 per
595 4395 712 4443 tam
758 4390 998 4460 longum
1039 4396 1268 4460 tempus
1300 4391 1357 4444 in
1401 4392 1630 4460 templis
1659 4392 1776 4445 suis
1806 4393 1928 4447 hac
1955 4393 2148 4447 futura

447 4477 776 4545 tacuissent,
839 4495 968 4549 quae
1026 4495 1132 4549 per
1183 4479 1495 4549 prophetas
1550 4481 1828 4548 praedicta
1879 4481 2146 4550 ignorare

447 4582 562 4620 non
608 4571 856 4637 possent,
903 4572 1275 4638 posteaquam
1327 4568 1788 4638 appropinquare
1827 4572 2144 4639 coeperunt,

446 4656 752 4709 voluerunt
797 4673 863 4709 ea
909 4656 1071 4727 quasi
1129 4657 1464 4726 praedicere,
1530 4673 1601 4710 ne
1663 4657 1851 4727 ignari
1896 4657 2144 4728 victique

447 4749 812 4813 putarentur.

853 4833 982 4886 CAP.
1015 4833 1216 4887 XLVII.
1250 4863 1318 4873 --
1354 4836 1422 4887 De
1449 4834 1634 4887 eadem
1662 4849 1740 4888 re.

515 4919 626 4986 (Ea:
657 4920 819 4974 dictis
840 4921 1121 4989 ejusdem.)
1143 4921 1283 4975 Cum
1313 4921 1486 4991 igitur
1509 4926 1626 4976 tam
1656 4922 1826 4992 longe
1847 4925 1980 4975 ante
2002 4938 2144 4992 prae-

445 5006 659 5061 dictum
704 5013 852 5062 esset
898 5013 1069 5079 atque
1101 5010 1511 5079 conscriptum,
1546 5016 1610 5064 ut
1662 5009 1773 5064 alia
1805 5010 2013 5064 iterum
2049 5016 2138 5065 ta-

441 5111 694 5162 ceamus,
725 5096 981 5150 dicamus
1019 5097 1163 5150 illud
1195 5097 1342 5168 quod
1373 5097 1696 5168 Sophonias
1737 5099 2022 5169 propheta
2052 5099 2139 5152 di-

439 5184 516 5238 cit
549 5201 561 5238 :
594 5185 930 5239 Przevalebit
975 5185 1251 5239 Dominus
1279 5187 1547 5240 adversus
1578 5203 1695 5254 eos,
1741 5187 2143 5242 exterminabit

438 5289 639 5326 omnes
670 5275 808 5326 deos
838 5273 1099 5343 gentium
1135 5278 1320 5340 terrae,
1357 5278 1411 5328 et
1431 5274 1756 5328 adorabunt
1785 5290 1939 5339 eum,
1967 5289 2142 5328 unus-

436 5360 682 5431 quisque
738 5360 806 5413 de
854 5361 976 5414 loco
1031 5378 1156 5426 suo,
1209 5378 1408 5415 omnes
1457 5363 1660 5416 insula
1707 5363 1990 5432 gentium.
2027 5367 2140 5416 Aut

436 5464 552 5502 non
596 5449 906 5502 credebant
954 5449 1064 5502 ista
1115 5449 1225 5502 sibi
1274 5455 1566 5517 eventura,
1623 5451 1758 5520 quia
1808 5449 1866 5502 in
1909 5451 2139 5521 templis

434 5538 692 5605 gentium
724 5538 1076 5606 colebantur,
1127 5541 1182 5592 et
1231 5538 1351 5592 haec
1379 5539 1506 5592 ideo
1555 5555 1660 5609 per
1711 5554 1844 5592 suos
1889 5545 2042 5593 vates
2075 5555 2138 5593 ac

433 5623 770 5689 phanaticos
801 5627 1168 5697 frequentare
1212 5628 1524 5682 noluerunt
1553 5643 1567 5681 :
1599 5631 1698 5682 aut
1735 5642 1864 5680 cum
1901 5643 1969 5681 ea
1997 5643 2134 5682 ven-

2263 3157 2396 3210 bitis
2424 3156 2630 3226 pmnis,
2661 3170 2856 3208 verum
2890 3153 3064 3207 etiam
3096 3155 3262 3207 certis
3293 3154 3724 3209 convinceretur
3754 3157 3950 3210 eﬂ‘ecti

2262 3247 2387 3300 bus.
2423 3246 2533 3299 Iste
2562 3261 2698 3314 ergo
2749 3245 2896 3298 Deus
2922 3259 3093 3314 quem
3117 3259 3303 3307 nemo,
3340 3249 3403 3297 ut
3423 3245 3688 3310 dirimus,
3721 3244 3950 3299 illorum

2262 3350 2474 3405 negare
2507 3349 2676 3386 ausus
2708 3336 2791 3386 est
2826 3347 3022 3385 verum
3057 3332 3259 3394 Deum,
3291 3332 3420 3386 illos
3451 3333 3619 3386 falsos
3647 3349 3768 3387 esse
3801 3334 3949 3395 deos

2263 3430 2320 3477 et
2351 3422 2587 3476 omnino
2632 3421 2995 3487 deserendos,
3031 3436 3350 3491 eorumque
3393 3422 3609 3492 templa
3649 3427 3705 3475 et
3733 3421 3949 3476 simula

2261 3527 2358 3565 cra
2385 3516 2443 3565 et
2467 3526 2624 3564 sacra
2667 3509 2977 3563 evertenda
3005 3525 3111 3578 per
3153 3525 3285 3562 suos
3331 3513 3504 3575 vates,
3539 3508 3646 3562 hoc
3695 3513 3781 3562 est
3834 3526 3941 3579 pro

2260 3599 2482 3670 phetas,
2518 3602 2719 3668 aperta
2745 3597 3112 3652 denunciatio
3135 3597 3421 3668 praedixit,
3455 3602 3654 3667 aperta
3682 3603 3950 3668 potestati

2259 3687 2549 3758 praecepit,
2584 3691 2781 3757 aperta
2830 3687 3066 3740 veritate
3109 3687 3438 3757 complevit.
3492 3687 3649 3742 Unde
3699 3687 3834 3757 quis
3886 3704 3950 3739 es

2260 3776 2359 3846 qui
2388 3791 2571 3846 usque
2594 3776 2736 3829 adeo
2770 3775 3035 3845 desipiat,
3057 3779 3122 3828 ut
3143 3792 3258 3828 non
3278 3791 3409 3829 eum
3437 3776 3630 3845 potius
3655 3776 3950 3830 colendun

2259 3865 2451 3934 eligat,
2486 3880 2655 3934 quem
2687 3864 2796 3917 coli
2831 3879 2941 3917 non
2975 3863 3282 3932 prohibent
3314 3880 3458 3934 quos
3488 3864 3744 3918 colebat?
3775 3865 3950 3930 Quen

2255 3954 2459 4024 procul
2507 3953 2681 4006 dubio
2733 3968 2862 4006 cum
2911 3952 3096 4004 colere
3131 3952 3386 4022 cmperit,
3433 3953 3560 4006 illos
3593 3953 3789 4024 utique
3839 3969 3950 4007 non

2257 4046 2340 4095 est
2369 4041 2646 4105 culturus,
2695 4056 2837 4110 quos
2889 4039 3160 4110 prohibet
3191 4040 3301 4094 coli
3351 4057 3524 4111 quem
3573 4041 3729 4096 colit.
3793 4040 3950 4106 Quod

2257 4135 2450 4182 autem
2499 4129 2689 4199 ipsum
2747 4132 2938 4181 essent
2992 4127 3233 4180 culturae
3287 4133 3512 4198 gentes,
3561 4130 3950 4184 exterminatis

2257 4217 2368 4270 diis
2408 4217 2562 4270 falsis
2592 4233 2736 4287 quos
2766 4221 2935 4270 antea
2965 4216 3248 4283 colebant,
3279 4234 3312 4270 a
3342 4218 3636 4286 prophetis
3679 4219 3804 4288 ejus
3839 4236 3950 4288 ess:

2257 4305 2596 4376 praedictum
2649 4304 2822 4374 paulo
2865 4307 2994 4357 ante
3043 4306 3640 4374 commemoravimus,
3701 4312 3760 4361 et
3803 4323 3950 4361 nunc

2257 4399 2605 4464 repetamus.
2663 4391 3019 4457 Praevalebit,
3075 4391 3285 4462 inquit,
3349 4394 3620 4448 Dominus
3686 4395 3950 4449 adversus

2256 4499 2374 4549 eos,
2405 4486 2462 4536 et
2505 4474 2916 4535 exterminabit
2955 4497 3154 4534 omnes
3186 4482 3319 4536 deos
3363 4483 3623 4552 gentium
3671 4487 3867 4550 terrae,
3903 4489 3950 4538 et

2255 4570 2578 4627 adorabunt
2625 4587 2776 4638 eum,
2834 4570 3227 4640 unusquisque
3273 4572 3341 4625 de
3406 4572 3527 4624 loco
3575 4588 3700 4634 suo,
3752 4588 3949 4627 omnes

2252 4659 2457 4712 insulae
2490 4660 2768 4729 gentium.
2807 4662 3001 4729 Neque
3034 4659 3183 4712 enim
3219 4660 3354 4713 solae
3388 4660 3590 4712 insulae
3625 4659 3716 4712 hic
3747 4661 3950 4715 intelli-

2254 4746 2456 4815 gendaa
2500 4749 2653 4813 sunt,
2706 4745 2801 4798 sed
2831 4747 3022 4817 potius
3052 4763 3252 4801 omnes
3283 4751 3482 4816 gentes
3523 4746 3582 4798 in
3627 4745 3716 4798 his
3749 4750 3949 4816 positae

2252 4835 2493 4888 adorant
2520 4835 2722 4887 Deum.
2771 4834 2882 4886 Nec
2914 4848 3135 4886 merum
3163 4832 3636 4902 quandoquidem
3670 4835 3809 4890 alibi
3841 4851 3949 4891 non

2251 4923 2468 4976 insulas
2520 4922 2800 4988 nominat,
2857 4922 2954 4974 sed
3007 4921 3332 4974 universum
3389 4920 3586 4974 orbem
3642 4927 3945 4990 terrarum,

2253 5011 2446 5066 dicens
2478 5026 2491 5064 :
2526 5009 3150 5065 Commemorabuntur
3193 5016 3250 5063 et
3295 5016 3703 5064 convertentur
3737 5013 3806 5066 ad
3845 5015 3944 5066 Do-

2251 5099 2478 5152 minum
2527 5099 2778 5152 universi
2825 5098 2967 5152 fines
3019 5105 3208 5165 terras,
3252 5104 3309 5151 et
3356 5098 3676 5152 adorabunt
3723 5098 3782 5152 in
3818 5116 3940 5152 con-

2251 5191 2446 5256 spectu
2497 5188 2618 5256 ejus
2650 5188 2931 5240 universae
2976 5187 3178 5257 patriae
3221 5187 3503 5257 gentium,
3537 5185 3812 5257 quoniam
3848 5189 3942 5241 Do~

2250 5274 2393 5326 mini
2424 5280 2507 5327 est
2538 5291 2801 5344 regnum,
2831 5281 2888 5329 et
2917 5275 3036 5344 ipse
3068 5275 3462 5328 dominabitur
3501 5276 3780 5344 gentium.
3817 5275 3942 5328 Haec

2249 5369 2440 5416 autem
2475 5379 2578 5432 per
2611 5363 2898 5417 Christum
2940 5363 3114 5417 fuisse
3159 5363 3521 5433 complenda,
3558 5368 3614 5415 et
3661 5362 3787 5416 aliis
3817 5364 3938 5433 plu-

2247 5452 2408 5505 ribus
2446 5453 2807 5516 testimoniis,
2863 5457 2917 5506 et
2961 5451 3020 5504 in
3073 5452 3274 5506 eodem
3330 5453 3454 5521 ipso
3513 5452 3732 5520 psalmo
3792 5450 3949 5505 unde

2248 5541 2822 5594 commemoravimus
2844 5541 2980 5594 satis
3005 5545 3263 5610 apparet.
3291 5540 3431 5593 Cum
3456 5540 3610 5591 enim
3642 5539 3812 5607 paulo
3845 5555 3930 5590 su-

2246 5628 2440 5698 perius
2469 5628 2722 5682 futuram
2749 5629 3075 5699 passionem
3105 5644 3267 5683 suam
3300 5643 3404 5697 per
3445 5627 3788 5695 Prophetam
3821 5627 3933 5696 ipse
