3966 6402
14 364 89 416 ινὲυ
974 364 1447 420 DECItETORUM
1494 367 1676 421 LIBRI
1716 368 1823 422 XX.
1868 399 1933 405 -—
1974 369 2178 423 LIBEIt
2226 367 2553 423 DECIMUS.

14 492 363 559 aqueretur,
395 487 589 543 dicens
625 504 638 543 :

13 596 168 645 neos,
207 578 738 632 dinumeraverunt
783 576 976 630 omnia
1036 594 1165 631 ossa
1219 594 1363 646 mea,
1407 579 1518 649 ipsi
1576 596 1710 632 vero

18 666 515 719 onsideraverunt
549 670 604 718 et
637 669 1057 734 conspexerunt
1090 682 1200 731 me,
1247 665 1565 719 diviserunt
1605 667 1712 719 sibi

22 750 341 807 estirrienta
402 770 527 807 mea
561 759 617 807 et
671 770 844 823 super
900 758 1115 807 vestem
1185 771 1373 807 meam
1429 755 1713 809 miserunt

16 851 249 907 ortem;
290 843 463 913 paulo
486 848 617 912 post
646 841 816 894 infert
844 841 989 894 illud
1009 841 1161 912 quod
1186 841 1484 911 posuimus
1510 859 1521 895 :
1545 842 1711 896 Com-

14 934 489 985 uemorabuntur
537 936 592 984 et
646 935 1054 984 convertentur
1102 930 1175 984 ad
1232 930 1541 984 Dominum
1583 931 1711 984 uni-

22 1022 139 1073 ersi
170 1020 326 1074 ﬁnes
358 1035 547 1085 terrae,
599 1024 733 1082 etc.,
768 1036 1099 1089 quanquam
1158 1024 1214 1072 et
1243 1020 1385 1073 illud
1456 1020 1712 1073 testimo-

14 1110 156 1162 cum
202 1109 360 1179 quod
385 1109 543 1179 prius
574 1108 830 1175 adhibui,
861 1108 959 1161 ubi
991 1108 1207 1161 dictum
1236 1112 1351 1173 est;
1380 1108 1713 1177 praevalebit

14 1199 285 1250 )ominus
311 1198 581 1249 adversus
612 1214 730 1261 eos,
779 1202 833 1249 et
895 1196 1301 1250 exterminabit
1333 1212 1533 1249 omnes
1575 1197 1711 1249 deos

11 1287 264 1351 gentium
296 1292 484 1350 terrm,
519 1285 579 1338 in
622 1302 687 1338 eo
746 1285 900 1355 quod
932 1284 1185 1354 positum
1215 1290 1320 1349 est,
1356 1284 1707 1355 praevalebit,

17 1375 125 1427 atis
160 1374 423 1427 ostendit
454 1374 627 1427 etiam
657 1374 763 1427 hoc
791 1373 1269 1443 prmnunciatum,
1315 1374 1467 1443 quod
1500 1372 1708 1443 pagani

12 1464 153 1516 Τίυὸ
243 1462 639 1532 oppugnaturi
709 1468 899 1515 essent
961 1462 1286 1526 Ecclesiam,
1380 1478 1707 1532 nomenque

12 1551 388 1605 lliristianum
446 1556 728 1621 quantum
787 1552 1042 1604 valerent
1108 1551 1485 1619 persecuturi,
1549 1556 1608 1604 ut
1662 1551 1707 1603 si

11 1643 110 1695 ieri
142 1647 364 1711 posset,
400 1642 468 1695 de
503 1647 650 1693 terra
682 1640 919 1693 omnino
968 1640 1272 1693 deleretur.
1309 1642 1368 1694 Et
1424 1640 1556 1711 quia
1612 1658 1708 1693 eos

12 1730 283 1782 'ratientia
317 1734 657 1798 martyrum,
690 1728 1162 1791 etmagnitudine
1186 1728 1618 1792 miraculorum,
1653 1736 1709 1780 et

11 1824 395 1888 :onsequente
427 1818 537 1871 tide
574 1818 919 1887 populorum
954 1821 1074 1869 erat
1130 1821 1521 1885 superaturus,
1577 1816 1703 1869 ideo

20 1908 68 1958 ic
104 1906 335 1959 dictum
376 1911 478 1973 est,
540 1904 875 1975 praevalebit
940 1904 1213 1958 Dominus
1273 1905 1541 1957 adversus
1585 1920 1701 1957 eos.

11 1996 114 2047 \‘on
163 1994 330 2047 enim
382 1994 684 2061 diceretur,
736 1993 1068 2064 praevalebit
1122 1994 1393 2046 adversus
1424 2009 1539 2060 eos,
1598 1993 1705 2045 nisi

11 2083 392 2153 )ppugnando
426 2082 511 2135 illi
564 2083 917 2135 resisterent.
965 2082 1120 2135 Unde
1179 2085 1235 2134 et
1268 2081 1328 2134 in
1373 2083 1597 2134 Psalmo
1631 2081 1707 2134 ita

10 2172 414 2240 prophetatum
474 2176 605 2223 est:
670 2171 737 2225 Ut
792 2170 931 2241 quid
980 2170 1341 2224 fremuerunt
1398 2176 1621 2239 gentes,
1654 2174 1709 2222 et

9 2262 191 2329 populi
226 2259 499 2313 meditati
540 2264 671 2312 sunt
702 2258 939 2312 inania?
968 2259 1289 2313 Astiterunt
1318 2275 1480 2328 reges
1516 2262 1701 2323 terrae,

9 2336 50 2401 et
75 2349 375 2419 principes
407 2354 800 2401 convenerunt
826 2347 884 2400 in
935 2364 1137 2415 unum,
1178 2347 1465 2400 adversus
1510 2348 1706 2399 Domi-

9 2452 131 2489 num
193 2442 255 2490 et
315 2436 589 2490 adversus
647 2436 935 2490 Christum
999 2437 1142 2505 ejus.
1204 2437 1267 2488 Et
1337 2436 1509 2505 paulo
1581 2440 1710 2505 post

10 2524 173 2577 dicit:
241 2523 527 2577 Dominus
592 2523 734 2577 dixit
792 2524 859 2577 ad
916 2540 1054 2576 me:
1110 2524 1284 2576 Filius
1317 2540 1479 2576 meus
1511 2539 1569 2575 es
1622 2528 1704 2587 tu,

9 2628 99 2682 ego
154 2613 335 2667 hodie
393 2612 568 2683 genui
620 2618 694 2666 te.
755 2614 985 2665 Postula
1031 2630 1064 2666 a
1120 2628 1231 2677 me,
1285 2617 1340 2664 et
1402 2612 1547 2665 dabo
1605 2611 1707 2663 tibi

10 2706 188 2766 gentes
244 2701 645 2754 haereditatem
716 2706 896 2765 tuam,
967 2706 1023 2752 et
1077 2700 1490 2768 possessionem
1548 2704 1708 2752 tuam

10 2791 135 2841 lines
165 2794 360 2842 terrae.
416 2789 513 2843 IIis
544 2794 715 2858 atque
757 2788 1092 2857 huiusmodi
1132 2788 1481 2859 propheticis
1536 2788 1707 2841 docu-

10 2879 205 2951 pientis
237 2878 589 2948 praedictum
620 2877 961 2943 ostenditur,
994 2878 1149 2947 quod
1192 2877 1450 2929 videmus
1482 2875 1709 2945 impleri

10 2982 100 3033 per
130 2967 452 3031 Christum,
485 2966 657 3019 fuisse
697 2966 957 3019 futurum
991 2970 1055 3018 ut
1103 2966 1249 3017 Deus
1298 2964 1491 3033 Israel,
1535 2980 1707 3035 quem

3425 372 3529 423 830

683 488 967 542 Foderunt
997 504 1202 542 manus
1254 505 1409 543 meas
1438 495 1493 543 et
1534 491 1705 561 pedes
1734 496 1777 543 Α
1813 490 2190 560 superemini,
2235 506 2339 544 nec
2389 492 2538 561 quod
2576 507 2670 543 vos
2704 495 2978 560 spernant
3034 489 3188 559 magi
3252 488 3527 544 duxeritis

1822 579 1977 633 Sicut
2009 580 2161 632 enim
2194 580 2625 648 vestimentum,
2669 580 2748 633 ita
2806 596 2911 649 per
2947 585 3173 648 tempus
3231 596 3524 632 assumen«

1825 671 1934 733 tur,
1966 673 2022 721 et
2057 669 2199 722 sicut
2251 670 2380 721 lana
2412 685 2441 721 a
2504 668 2657 721 tinea
2713 669 3085 721 comedentur
3114 684 3126 720 :
3155 668 3374 737 justitia
3423 684 3525 720 au-

1822 760 1938 808 tem
1972 772 2097 809 mea
2130 757 2189 808 in
2246 762 2527 808 aeternum
2560 761 2771 808 manet.
2822 756 3241 810 Attendendum
3275 762 3359 807 est
3389 772 3525 824 ergo

1823 850 1991 914 atque
2061 846 2220 897 omni
2274 845 2462 897 studio
2513 845 2851 910 cavendum,
2908 862 2979 897 ne
3032 845 3242 897 nostris
3303 850 3527 913 tempo-

1822 934 1979 987 ribus
2038 935 2096 986 in
2137 934 2345 1003 quibus
2398 934 2651 986 videmus
2709 934 3089 986 Christianam
3187 933 3521 1000 religionem

1819 1021 1880 1075 in
1912 1025 2029 1076 toto
2062 1021 2197 1075 orbe
2226 1021 2544 1083 dilatatam,
2571 1027 2803 1090 propter
2834 1022 3113 1074 desidiam
3146 1021 3524 1088 magistorum

1822 1114 1879 1163 et
1908 1109 2177 1164 inertiam
2199 1111 2515 1176 det-torum,
2550 1109 2717 1179 pauci
2749 1109 2833 1162 illi
2864 1109 2962 1179 qui
3003 1110 3186 1163 adhuc
3216 1114 3524 1179 supersunt

1821 1200 2361 1252 confundantritnm
2387 1200 2621 1251 culturae
2646 1198 2762 1251 veri
2790 1198 2996 1263 Dei,et,
3017 1198 3522 1251 dmmoniacisillu-

1822 1287 2082 1341 sionibus
2116 1288 2428 1358 depravati,
2477 1286 2861 1340 divinationes
2890 1286 3059 1338 falsas
3088 1286 3147 1337 in
3179 1287 3391 1355 populo
3424 1286 3521 1338 Dei

1820 1382 2014 1445 agant,
2050 1377 2292 1429 rusticos
2321 1381 2375 1428 et
2398 1374 2695 1443 imperitos
2720 1374 3074 1441 seducentes,
3110 1374 3189 1426 ila
3213 1378 3268 1425 ut
3299 1374 3523 1425 deserta

1818 1464 1943 1535 ipsa
1977 1465 2232 1530 veritate,
2266 1480 2392 1533 qua:
2418 1464 2511 1517 lux
2539 1469 2620 1515 est
2655 1464 2870 1527 mundi,
2897 1468 2953 1515 et
2980 1462 3269 1515 illuminat
3291 1478 3519 1515 onmem

1821 1554 2113 1606 hominem
2145 1552 2469 1605 venientem
2510 1552 2565 1603 in
2619 1551 2770 1604 hunc
2820 1551 3100 1603 mund'im
3150 1550 3519 1602 tenebrarum

1820 1644 2045 1708 harum,
2080 1652 2339 1712 quaerant
2372 1641 2665 1693 scientiam
2702 1641 3046 1704 futurorum,
3081 1646 3138 1692 et
3177 1658 3208 1692 a
3247 1640 3519 1709 decepto—

1820 1732 1977 1784 ribns
2053 1730 2354 1784 hominum
2397 1734 2658 1800 quierant
2705 1730 2947 1783 salutem
2998 1729 3343 1790 animarum,
3404 1728 3519 1781 sive

1816 1820 1989 1873 etiam
2022 1836 2325 1888 corporum
2362 1835 2617 1871 suorum.
2655 1818 2752 1873 His
2782 1818 2933 1871 enim
2959 1816 3522 1886 prmvaricationibus

1815 1908 2063 1961 maxime
2094 1908 2352 1959 irritatur
2386 1908 2550 1969 Deus,
2585 1912 2642 1959 et
2691 1907 2761 1959 ad
2794 1906 3096 1960 vindictam
3154 1910 3515 1975 provocatur.

1818 1996 1973 2050 Unde
2004 2011 2107 2065 per
2134 1994 2487 2047 Ezechielem
2541 1994 2928 2047 comminatur
2966 1994 3156 2047 dicens
3192 2011 3204 2047 :
3263 1995 3354 2046 Vas
3382 2010 3516 2062 pro-

1820 2084 2003 2154 phetis
2053 2083 2457 2153 insipientibus
2489 2082 2588 2153 qui
2632 2087 2961 2152 sequuntur
3017 2082 3283 2151 spiritum
3328 2098 3515 2147 suum,

1818 2178 1874 2227 et
1905 2172 2049 2225 nihil
2100 2172 2311 2225 vident.
2358 2171 2530 2235 Quasi
2584 2172 2779 2241 vulpes
2805 2171 2865 2223 in
2902 2171 3159 2236 desertis,
3222 2172 3518 2240 prophetas

1818 2261 1897 2315 tui
1930 2262 2102 2313 Israel
2144 2265 2325 2313 erant.
2361 2259 2628 2329 Nunquid
2664 2276 2777 2312 non
2806 2258 3082 2311 visionem
3112 2276 3326 2312 cassam
3377 2258 3517 2312 vidi-

1818 2348 2017 2412 stis,et
2057 2346 2469 2400 divinationem
2504 2346 2840 2400 mendacem
2898 2346 3071 2399 locuti
3119 2345 3270 2411 estis,
3326 2350 3381 2397 et
3428 2344 3519 2397 di—

1817 2435 1943 2489 citis
1977 2451 1989 2487 :
2018 2434 2110 2488 Ait
2146 2434 2442 2495 Dominus.
2477 2451 2608 2487 cum
2650 2451 2755 2504 ego
2795 2450 2904 2487 non
2928 2434 3033 2487 sim
3082 2433 3343 2488 locutus?
3382 2434 3521 2486 I’ro-

1818 2528 2015 2593 pterea
2046 2523 2166 2575 hmo
2215 2524 2351 2575 dicit
2406 2524 2687 2575 Dominus
2727 2524 2917 2576 Deus:
2964 2522 3108 2586 Quia
3166 2521 3340 2575 locuti
3388 2520 3520 2573 estis

1817 2628 1983 2676 vana,
2018 2618 2074 2664 et
2100 2610 2319 2664 vidistis
2372 2610 2758 2674 mendacium,
2793 2610 2921 2663 ideo
2966 2627 3092 2663 ecce
3121 2626 3225 2679 ego
3285 2610 3353 2663 ad
3399 2626 3517 2675 vos,

1818 2699 1897 2753 ait
1923 2699 2197 2753 Dominus
2234 2700 2379 2751 Deus
2412 2715 2423 2750 :
2463 2699 2525 2751 Et
2554 2698 2661 2751 erit
2691 2714 2897 2751 manus
2926 2714 3051 2751 mea
3072 2714 3244 2768 super
3271 2700 3518 2768 prophe-

1816 2796 1901 2842 tas
1960 2788 2059 2857 qui
2110 2788 2303 2840 vident
2361 2803 2527 2853 vana,
2581 2791 2634 2839 et
2685 2786 2945 2839 divinant
2999 2787 3411 2839 mendacium:
3457 2786 3518 2839 in

1817 2876 2060 2930 concilio
2092 2875 2292 2946 populi
2327 2877 2439 2928 mei
2471 2892 2583 2928 non
2619 2881 2809 2943 erunt,
2839 2880 2893 2928 et
2914 2876 2972 2928 in
3007 2876 3290 2945 scriptura
3312 2876 3519 2929 domus

1823 2965 1993 3018 Israel
2032 2981 2148 3017 non
2188 2963 2525 3029 scribentur,
2573 2980 2677 3017 nec
2734 2964 2795 3017 in
2837 2970 3043 3017 terram
3104 2965 3270 3017 Israel
3330 2963 3519 3033 ingre-

14 3071 174 3108 unum
202 3071 414 3109 verum
476 3056 656 3108 Deum
713 3054 1111 3123 intelligimus,
1169 3070 1285 3107 non
1324 3054 1385 3107 in
1445 3070 1556 3106 una
1584 3054 1705 3123 ipsa
1741 3045 1779 3098 Ο
1820 3053 2069 3106 dientur.
2102 3052 2188 3107 Ad
2228 3053 2486 3105 doctores
2513 3058 2701 3105 autem
2744 3068 2847 3121 per
2878 3054 3145 3106 eumdem
3178 3052 3517 3122 prophetam

16 3150 165 3210 gente
201 3160 338 3214 quae
373 3144 659 3213 appellata
690 3148 775 3196 est
804 3143 996 3207 Israel,
1030 3142 1129 3196 sed
1158 3142 1219 3195 in
1259 3142 1524 3195 omnibus
1561 3158 1705 3211 gen-

19 3231 147 3284 tibus
202 3234 514 3299 coleretur,
583 3236 638 3284 et
685 3246 881 3286 omnes
920 3231 1092 3283 falsos
1149 3230 1286 3283 deos
1343 3231 1602 3300 gentium
1652 3234 1708 3284 et

18 3322 230 3389 templis
295 3336 524 3383 eorum,
586 3325 644 3373 et
700 3336 731 3372 a
786 3319 1054 3372 cordibus
1123 3320 1409 3372 cultorum
1468 3336 1706 3373 suorum

12 3410 353 3463 amoliretur.
393 3409 562 3461 Erant
593 3424 746 3461 nunc
772 3407 863 3460 isti
893 3414 949 3459 et
981 3407 1164 3459 adhuc
1216 3412 1411 3459 contra
1442 3406 1706 3460 Christia-

14 3512 130 3549 nam
161 3498 533 3568 religionem,
568 3502 767 3549 contra
792 3511 991 3548 verum
1025 3494 1125 3548 Dei
1155 3497 1392 3558 cultum,
1428 3495 1705 3547 vanitates

12 3585 261 3650 pristinas
312 3584 658 3638 defensitare
689 3584 958 3647 audeant,
1016 3588 1077 3636 ut
1106 3600 1235 3636 cum
1292 3583 1534 3653 strepitu
1581 3599 1707 3652 per-

14 3677 143 3725 eant.
180 3674 328 3726 Nam
361 3677 417 3725 et
455 3672 566 3725 hoc
596 3671 664 3725 de
712 3671 824 3724 illis
863 3670 1201 3740 praedictum
1235 3674 1319 3723 est
1343 3670 1402 3722 in
1446 3670 1703 3740 psalmis,

12 3758 217 3814 dicente
247 3762 574 3831 Propheta:
619 3759 826 3815 Sedisti
875 3776 1048 3829 super
1089 3760 1383 3823 thronum,
1421 3757 1703 3828 quijudi-

8 3862 87 3898 cas
112 3850 469 3920 mquitatem.
506 3848 821 3919 Increpasti
866 3853 1086 3916 gentes,
1136 3852 1192 3901 et
1238 3847 1410 3917 periit
1466 3846 1701 3915 impius,

10 3952 203 3991 nomen
233 3954 442 3992 eorum
500 3937 699 3991 delesti
728 3938 788 3990 in
844 3942 1147 4003 aeternum,
1207 3942 1265 3989 et
1324 3936 1383 3989 in
1443 3936 1703 3989 secnlum

14 4027 191 4079 seculi.
241 4026 469 4080 Inimici
519 4026 853 4079 defecerunt
911 4025 1166 4093 frameae,
1199 4029 1255 4077 et
1309 4024 1562 4078 civitates
1606 4040 1703 4078 eo-

14 4128 129 4165 rum
158 4113 511 4168 destruxisti.
550 4113 722 4167 Periit
751 4113 1030 4166 memoria
1052 4129 1248 4167 eorum
1278 4129 1407 4167 cum
1440 4113 1701 4183 strepitu,

8 4205 57 4263 et
87 4202 359 4257 Dominus
389 4202 451 4256 in
484 4207 768 4256 aeternum
800 4206 1120 4272 permanet.
1171 4203 1406 4255 Necesse
1439 4207 1521 4255 est
1568 4218 1703 4272 ergo

1814 3143 2115 3211 increpans
2147 3157 2342 3195 eorum
2373 3141 2662 3208 inertiam,
2698 3142 2777 3194 ita
2819 3142 3073 3212 loquitur
3120 3142 3311 3195 dicens
3346 3158 3359 3194 :
3397 3142 3519 3194 Non

1816 3230 2150 3284 ascendistis
2206 3247 2275 3284 ex
2346 3230 2604 3295 adverso,
2644 3246 2829 3301 neque
2884 3230 3227 3301 opposuistis
3287 3245 3519 3282 murum

1816 3334 1919 3383 pro
1949 3319 2122 3372 domo
2158 3319 2330 3371 Israel
2366 3324 2428 3371 ut
2457 3318 2684 3371 staretis
2716 3318 2773 3371 in
2807 3320 3007 3387 prmlio
3041 3319 3099 3371 in
3149 3318 3239 3371 die
3272 3316 3515 3371 Domini.

1817 3408 1881 3459 Et
1911 3422 2142 3459 rursum
2178 3423 2189 3459 :
2226 3408 2338 3473 Vae,
2372 3407 2935 3477 inquit,pastoribus
2972 3407 3160 3472 Israel,
3196 3406 3293 3476 qui
3322 3422 3518 3475 pasce-

1817 3496 1953 3549 bant
1979 3495 2338 3564 semetipsos.
2385 3496 2585 3548 Nonne
2626 3513 2830 3565 greges
2860 3503 3176 3565 pascuntur
3212 3512 3240 3548 a
3273 3495 3512 3565 pastori-

1812 3583 1956 3636 bus?
1989 3584 2093 3636 Lac
2122 3583 2525 3649 comedebatis,
2563 3590 2620 3636 et
2642 3585 2788 3635 lanis
2805 3584 3243 3653 operiehamini,
3279 3590 3335 3637 et
3365 3583 3519 3653 quod

1813 3686 2063 3725 crassum
2099 3676 2222 3723 erat
2264 3670 2629 3736 occidebatis,
2659 3686 2895 3740 gregem
2936 3678 3129 3724 autem
3170 3688 3363 3723 meum
3402 3687 3520 3723 non

1813 3759 2153 3831 pascebatis.
2189 3758 2349 3822 Quod
2396 3758 2696 3812 inﬁrmum
2736 3760 2845 3812 fuit
2874 3776 2991 3813 non
3021 3758 3435 3822 consolidastis,
3464 3763 3519 3811 et

1815 3848 1967 3920 quod
2018 3852 2299 3916 aegrotum
2350 3864 2465 3901 non
2519 3848 2780 3909 sanastis,
2842 3854 2897 3901 et
2947 3849 3096 3917 quod
3132 3848 3374 3900 fractum
3435 3853 3519 3900 est

1814 3954 1930 3993 non
1986 3936 2288 4007 alligastis,
2350 3942 2407 3991 et
2459 3937 2612 4008 quod
2670 3938 2955 4007 abjectum
3016 3954 3133 3990 non
3186 3936 3515 4001 reduxistis,

1814 4026 1966 4097 quod
2023 4026 2273 4096 perierat
2320 4041 2434 4079 non
2491 4025 2778 4096 qumsistis
2812 4042 2824 4079 :
2856 4026 2954 4079 sed
3011 4042 3141 4079 cum
3194 4024 3519 4077 austeritate

1816 4116 2187 4184 imperabatis
2237 4113 2316 4167 eis
2367 4118 2424 4168 et
2453 4130 2585 4168 cum
2636 4115 2915 4184 potentia,
2980 4119 3036 4168 et
3086 4114 3358 4184 dispersae
3390 4117 3521 4165 sunt

1815 4220 1943 4258 oves
1968 4220 2133 4269 meas,
2155 4220 2222 4257 eo
2254 4203 2406 4273 quod
2434 4220 2552 4256 non
2577 4208 2721 4257 esset
2753 4209 2965 4275 pastor,
3000 4211 3055 4257 et
3079 4203 3349 4272 dispersa:
3390 4205 3522 4254 sunt

12 4290 67 4341 lit
92 4290 441 4361 impleantur
473 4290 669 4344 omnia
698 4290 837 4344 haec.
877 4291 987 4343 Nec
1035 4290 1207 4343 etiam
1242 4289 1383 4343 illud
1418 4289 1569 4359 quod
1598 4290 1696 4343 ad-
1735 4313 1776 4366 ι)
1816 4292 1873 4346 in
1898 4292 2326 4346 devorationem
2360 4292 2620 4345 omnium
2650 4292 2963 4345 bestiarum
2996 4291 3139 4361 agri,
3166 4297 3223 4343 et
3250 4290 3522 4359 dispersae

13 4377 111 4430 huc
137 4381 350 4433 audent
398 4379 508 4449 ipsi
557 4378 725 4449 pauci
764 4376 865 4449 qui
910 4382 1311 4431 remanserunt
1369 4378 1703 4447 vaniloquas

12 4480 127 4517 suas
182 4472 472 4521 ostentare
535 4466 842 4533 doctrinas,
902 4470 961 4519 et
1026 4464 1374 4519 Christianos
1428 4470 1705 4534 tanquam

16 4552 461 4623 imperitissimos
500 4554 764 4621 irridere,
799 4570 904 4607 nos
952 4569 1311 4608 commovere
1340 4553 1526 4619 debet,
1568 4554 1705 4607 dum

17 4638 68 4692 in
94 4642 167 4695 eis
198 4643 431 4715 impleri
494 4659 560 4697 ea
606 4660 736 4714 qum
786 4642 1061 4713 praedicta
1091 4646 1225 4695 sunt
1268 4641 1580 4695 videamus.
1630 4640 1706 4692 Ex

18 4743 120 4795 quo
142 4732 293 4785 enim
317 4732 684 4786 fremuerunt
716 4737 936 4801 gentes,
969 4735 1024 4784 et
1055 4729 1258 4800 populi
1288 4728 1551 4783 meditati
1573 4732 1710 4781 sunt

8 4814 202 4898 Iinania
276 4822 550 4874 adversus
610 4819 888 4873 Dominus
942 4824 1000 4872 et
1086 4818 1354 4871 adversus
1417 4816 1708 4870 Christum

20 4903 151 4971 ejus,
182 4910 410 4978 quando
450 4909 520 4963 ab
565 4909 646 4962 eis
678 4908 1024 4963 fundebatur
1079 4906 1309 4977 sanguis
1360 4910 1706 4967 sanctorum,

26 4998 74 5043 et
99 4996 425 5051 vastabatur
482 4996 748 5063 Ecclesia,
810 5012 992 5067 usque
1057 4995 1131 5049 ad
1184 4996 1290 5049 hoc
1346 5000 1595 5063 tempus,
1656 4999 1713 5047 et

26 5078 273 5154 deinceps
306 5084 565 5156 quotidie
614 5084 975 5138 minuuntur.
1040 5085 1152 5138 Nos
1183 5088 1396 5150 autem,
1430 5098 1573 5153 quos
1603 5081 1711 5135 ad-

30 5182 204 5223 versus
234 5189 435 5227 eorum
465 5172 778 5243 opprobria
812 5178 869 5227 et
918 5172 1191 5241 superbas
1234 5171 1547 5234 irrisiones,
1596 5170 1710 5223 for-

29 5254 257 5313 tissimos
308 5262 560 5315 reddunt
615 5262 847 5314 oracula
914 5261 1035 5327 Dei,
1068 5262 1137 5314 de
1201 5261 1306 5313 hac
1357 5275 1590 5330 quoque
1650 5276 1711 5313 re

32 5345 285 5403 audemus
306 5356 364 5405 et
394 5350 715 5419 gaudemus
747 5350 995 5420 impleri.
1032 5350 1121 5404 Sic
1146 5348 1300 5402 enim
1333 5366 1440 5402 nos
1469 5347 1713 5417 alloqui-

14 5434 116 5493 λὶῠῐ·
143 5452 237 5505 per
276 5440 624 5510 Prophetam
660 5455 672 5493 :
716 5439 924 5492 Audite
957 5454 1047 5491 me
1094 5438 1193 5509 qui
1223 5438 1374 5491 scitis
1407 5436 1712 5506 judicium,

38 5526 259 5591 populus
286 5545 469 5595 meus,
506 5526 563 5581 in
599 5544 845 5598 quorum
889 5528 1058 5581 corde
1089 5528 1176 5580 lex
1222 5544 1369 5592 mea,
1403 5526 1718 5597 opprobria

41 5608 310 5672 hominum
365 5617 547 5671 nolite
590 5622 863 5678 metuere,
899 5621 956 5670 et
1001 5615 1353 5670 detractione
1404 5631 1605 5669 eorum
1647 5632 1715 5669 ne

1814 4386 1965 4434 sunt.
2005 4380 2146 4433 Hinc
2178 4396 2281 4449 per
2318 4379 2664 4433 Hieremiam
2695 4380 2904 4433 dicitur
2936 4396 2948 4432 :
2982 4383 3027 4433 Α
3064 4378 3304 4431 minimo
3342 4394 3522 4447 usque

1814 4470 1883 4523 ad
1937 4468 2251 4522 maximum
2311 4484 2505 4521 omnes
2538 4468 2837 4521 avaritiam
2904 4472 3262 4536 sequuntur:
3298 4482 3330 4517 a
3382 4482 3521 4534 pro—

1814 4556 1988 4626 pheta
2031 4571 2212 4625 usque
2256 4555 2322 4608 ad
2355 4555 2727 4619 sacerdotem,
2761 4554 2950 4607 cuncti
3007 4553 3223 4605 faciunt
3278 4552 3522 4603 menda-

1815 4644 1988 4697 cium.
2025 4645 2089 4697 Et
2119 4643 2399 4696 sanabant
2440 4643 2840 4697 contritionem
2872 4642 3006 4695 tilia:
3046 4640 3245 4711 pOpuIi
3294 4640 3407 4692 mei
3450 4639 3523 4691 ad

1817 4732 2218 4802 ignominiam,
2252 4732 2528 4797 dicentes,
2576 4732 2687 4782 Pax
2717 4745 2849 4798 pax,
2882 4745 3012 4782 cum
3046 4746 3163 4781 non
3204 4733 3352 4781 esset
3381 4741 3519 4797 pax;

1817 4819 2033 4875 confusi
2064 4824 2238 4872 sunt:
2282 4817 2419 4887 quia
2460 4818 2947 4871 abominationem
2995 4817 3273 4870 fecerunt.
3305 4815 3520 4868 Idcirco

1818 4910 1941 4963 haec
2006 4908 2143 4962 dicit
2176 4906 2449 4960 Dominus
2506 4906 2855 4959 exercituum
2906 4906 3052 4959 Deus
3118 4905 3335 4958 Israel:
3389 4905 3524 4957 Ecce

1819 5012 1925 5066 ego
1955 4996 2156 5049 cibabo
2182 4995 2464 5064 populum
2495 4995 2667 5047 istum
2703 4994 3023 5065 absynthio,
3057 4998 3113 5047 et
3143 4998 3344 5063 potum
3376 4993 3524 5045 dabo

1820 5085 1903 5138 eis
1934 5099 2144 5153 aquam
2182 5082 2349 5149 fellis,
2391 5086 2448 5136 et
2491 5082 2820 5152 dispergam
2852 5099 2948 5135 eos
2998 5083 3057 5135 in
3088 5081 3353 5151 gentibus
3384 5096 3527 5151 quas

1823 5189 1937 5227 non
1971 5176 2274 5235 noverunt,
2308 5170 2418 5241 ipsi
2458 5176 2513 5225 et
2544 5178 2733 5241 patres
2793 5188 3011 5236 eorum,
3048 5176 3103 5224 et
3146 5169 3369 5223 mittam
3401 5173 3528 5238 post

1822 5278 1918 5314 eos
1947 5258 2201 5330 gladium
2232 5260 2411 5313 donec
2442 5264 2875 5313 consumantur.
2913 5259 3167 5322 Qualiter
3220 5272 3354 5325 ergo
3410 5255 3524 5309 dis-

1824 5348 2031 5419 pliceat
2077 5349 2191 5402 Deo
2260 5349 2645 5421 Omnipotenti
2694 5355 2992 5419 pastorum
3047 5345 3419 5417 negligentia,
3473 5350 3530 5399 et

1824 5437 2185 5491 subditorum
2216 5454 2398 5503 error,
2458 5455 2573 5491 non
2606 5438 2792 5490 solum
2841 5438 3175 5506 prophetica
3200 5434 3530 5489 testimonia

1824 5526 2153 5591 ostendunt,
2212 5528 2305 5578 sed
2359 5527 2531 5580 etiam
2594 5528 2737 5579 facta
2771 5527 3142 5595 antiquorum
3214 5524 3525 5587 declarant,

1824 5631 1953 5669 cum
1990 5613 2049 5667 in
2089 5614 2233 5667 libro
2264 5615 2485 5684 Regum
2532 5615 2742 5683 legitur
2780 5614 3064 5683 quomodo
3093 5612 3380 5683 malignus
3408 5611 3530 5681 spi-
