4380 6410
898 325 994 380 851

897 445 1041 500 ritus
1071 443 1360 515 deceperit
1405 444 1600 500 Achab
1657 460 1848 514 regem
1879 445 2048 500 Israel
2095 462 2198 516 per
2223 446 2391 501 falsos
2449 462 2581 516 pro-
2612 448 2659 501 A

896 533 1097 603 phetas
1156 533 1238 586 ita
1287 537 1354 586 ut
1406 532 1644 586 credens
1697 533 1778 587 eis
1844 533 2140 596 interierit,
2191 539 2248 586 et
2299 533 2586 604 quomodo

895 621 1166 677 Ochozias
1220 619 1372 673 ﬁlius
1429 621 1552 690 ejus
1605 627 1888 690 aegrotans
1937 621 2155 675 miserit
2223 622 2461 674 nuncios
2513 621 2580 673 ad

895 709 1304 762 consulendum
1332 709 1646 763 Beelzebud
1678 711 1857 762 Deum
1880 713 2152 774 Accaron,
2175 715 2368 764 utrum
2399 710 2585 764 vivere

895 802 1070 866 atque
1126 798 1514 851 convalescere
1560 803 1748 867 posset
1800 798 1869 851 de
1929 799 2259 852 inﬁrmitate
2317 816 2437 852 sua.
2504 799 2586 853 Ob

899 886 1050 956 quod
1103 886 1288 939 Helias
1330 886 1624 956 propheta,
1647 903 1680 940 a
1711 887 1825 941 Deo
1857 887 2084 955 missus,
2117 887 2373 957 increpat
2430 903 2584 954 eum,

899 973 984 1028 ita
1017 974 1256 1028 dicens:
1307 975 1448 1038 Quia
1503 975 1704 1028 misisti
1757 975 1993 1028 nuncios
2048 976 2119 1029 ad
2172 976 2587 1029 consulendum

904 1062 1218 1117 Beelzebud
1251 1064 1427 1117 Deum
1456 1065 1728 1131 Accaron,
1788 1063 1948 1133 quasi
1981 1081 2093 1118 non
2139 1071 2290 1120 esset
2348 1067 2492 1119 Deus
2529 1065 2588 1118 in

901 1150 1130 1204 Israela
1160 1165 1271 1220 quo
1316 1150 1492 1220 possit
1547 1151 1902 1221 interrogare
1950 1169 2296 1218 sermonem,
2348 1154 2476 1208 ideo
2519 1155 2588 1207 de

903 1237 1112 1291 lectulo
1170 1254 1340 1306 super
1396 1253 1567 1308 quem
1624 1239 1924 1293 ascendisti
1965 1257 2080 1294 non
2111 1241 2436 1308 descendes,
2490 1242 2590 1295 sed

900 1332 1088 1378 morte
1116 1325 1393 1379 morieris.
1441 1328 1694 1380 Mortuus
1731 1332 1817 1381 est
1863 1334 2052 1381 autem
2099 1329 2218 1399 ipse
2263 1331 2424 1398 juxta
2466 1345 2591 1383 ser-

901 1428 1129 1467 monem
1155 1414 1382 1467 Domini
1415 1429 1586 1484 quem
1618 1417 1838 1469 locutus
1863 1422 1947 1469 est
1982 1417 2186 1481 Helias,
2239 1423 2295 1472 et
2352 1420 2589 1472 salutem

903 1516 1075 1570 quam
1106 1502 1398 1570 quaerebat
1427 1517 1541 1554 non
1583 1502 1820 1557 invenit.
1872 1504 2231 1573 Quapropter
2277 1507 2591 1558 curandum

902 1603 1265 1658 summopere
1297 1594 1380 1642 est
1416 1590 1684 1644 omnibus
1713 1591 1910 1654 modis,
1967 1591 2077 1644 hoc
2107 1597 2208 1658 est,
2261 1593 2508 1662 praelatis
2538 1597 2594 1646 et

901 1675 1158 1742 subditis,
1219 1677 1533 1747 majoribus
1565 1683 1621 1732 at
1677 1678 2015 1746 minoribus,
2088 1680 2478 1734 sacerdotibus
2535 1685 2592 1734 et

900 1763 1072 1833 plebi,
1103 1780 1174 1818 ne
1213 1765 1465 1834 aliquem
1515 1766 1744 1820 seducat
1776 1783 1879 1836 per
1915 1768 2314 1836 hujuscemodi
2359 1768 2589 1823 illusio-

902 1867 1035 1905 nem
1065 1852 1240 1915 fraus,
1286 1852 1470 1921 dolus,
1499 1858 1558 1906 et
1604 1854 1866 1924 nequicia
1919 1856 2098 1909 hostis
2125 1857 2368 1926 antiqui,
2411 1856 2489 1909 ita
2529 1861 2591 1909 ut

903 1955 937 1993 a
965 1940 1334 1994 mendacibus
1363 1942 1607 1996 velimus
1661 1942 1877 1996 discere
1928 1944 2245 2006 veritatem,
2271 1949 2328 1998 et
2357 1960 2389 1996 a
2422 1943 2591 2014 pesti-

902 2029 1037 2082 feris
1066 2028 1278 2082 morbis
1305 2029 1624 2100 mortisque
1653 2032 1950 2085 autoribus
1991 2048 2317 2102 quaeramus
2344 2033 2590 2086 intirmi-

901 2117 1034 2170 tatis
1064 2122 1275 2170 nostras
1304 2118 1662 2172 remedium:
1697 2119 1796 2173 sed
1846 2120 2028 2190 magis
2076 2121 2148 2174 ad
2183 2122 2360 2174 Deum
2399 2121 2590 2174 vivum

902 2209 962 2259 et
995 2205 1402 2260 vivificatorem
1433 2207 1694 2260 omnium
1726 2207 2106 2278 confugiendo
2164 2209 2364 2263 devoto
2424 2210 2591 2264 corde

903 2309 1302 2364 properemus,
1356 2310 1457 2364 per
1515 2295 1798 2348 orationes
1849 2313 2052 2363 sacras,
2098 2298 2320 2368 jejunia
2361 2303 2418 2351 et
2447 2299 2592 2351 eIee-

908 2396 1175 2450 mosynas
1206 2381 1369 2434 illum
1395 2381 1785 2451 deprecantes,
1819 2389 1883 2436 ut
1912 2384 2030 2453 ipse
2059 2390 2294 2454 propter
2330 2385 2592 2454 benigni-

906 2473 1084 2522 tatem
1112 2485 1274 2522 suam
1303 2471 1562 2523 consulat
1585 2470 1761 2524 servis
1790 2471 1926 2537 suis,
1961 2473 2212 2541 eripiens
2242 2490 2345 2526 nos
2373 2474 2442 2526 de
2470 2490 2592 2526 om-

906 2557 1074 2610 nibus
1104 2557 1349 2610 inimicis
1398 2558 1626 2622 nostris,
1659 2558 1968 2630 doceatque
1998 2577 2100 2613 nos
2144 2562 2328 2615 facere
2387 2563 2594 2615 volun-

905 2648 1082 2698 tatem
1125 2661 1284 2698 suam
1319 2660 1331 2699 :
1389 2647 1526 2716 quia
1555 2646 1673 2717 ipse
1720 2653 1804 2700 est
1862 2649 2134 2702 Dominus
2191 2651 2340 2703 Deus
2379 2657 2591 2717 noster,

907 2733 1288 2804 spiritumque
1315 2749 1482 2787 suum
1513 2735 1728 2789 bonum
1764 2736 1926 2789 nobis
1957 2737 2188 2800 tribuat,
2222 2740 2454 2808 qui-nos
2490 2740 2593 2793 du-

905 2825 994 2874 cat
1020 2821 1077 2874 in
1110 2821 1257 2876 viam
1281 2827 1514 2888 rectam,
1547 2823 1905 2894 viviticetque
1939 2840 2044 2877 nos
2075 2825 2134 2878 in
2163 2826 2432 2896 aequitate
2456 2842 2590 2879 sua:

904 2913 1185 2979 quatenus
1215 2911 1335 2979 ejus
1376 2909 1706 2979 magisterio
1740 2911 1899 2965 omni
1949 2917 2207 2982 tempore
2239 2916 2365 2966 vitae
2389 2918 2594 2965 nostra“:

1969 324 2241 380 BURCHA
2254 324 2371 378 RDI
2412 324 2938 381 WORMACIENSIS
2974 323 3306 380 EPISCOPI.
4284 325 4344 376 85".?

2979 446 3105 500 CAP.
3140 445 3251 498 LII.
3284 473 3353 483 -—
3376 445 3450 498 De
3481 443 3591 498 illis
3620 445 3718 512 qui
3744 447 4110 498 murmurant.

2765 531 2884 602 (Ea:
2915 534 3135 587 concilio
3166 534 3426 599 Mogunti,
3457 534 3632 600 capite
3661 534 3737 598 8.)
3776 532 3833 586 Si
3868 531 3995 602 quis
4026 546 4344 585 murmurari

2694 621 2960 686 extiterit,
2995 621 3181 675 videat
3211 637 3281 674 ne
3309 636 3535 691 pmnam
3567 621 4056 674 murmurantium
4116 620 4344 674 incurrat

2693 709 2760 762 de
2787 725 2900 779 qua
2931 711 3233 779 Apostolus
3264 709 3400 763 dicit
3434 725 3446 762 :
3483 710 3677 778 Neque
3703 708 4210 763 murmuraveritis
4253 709 4344 762 sicu

2695 797 2925 867 quidam
2993 814 3192 850 eorum
3249 804 3771 860 umrmuraverunt,
3833 802 3888 850 et
3951 797 4257 867 perierunt
4316 799 4344 850 al

2693 885 3151 938 exterminatore.
3211 885 3376 937 Juxta
3439 897 3770 938 mensuram
3803 899 4061 954 Opusque
4121 885 4328 953 peccati

2694 972 2908 1041 quiain
2937 973 3042 1026 hoc
3100 971 3378 1025 sententia
3407 972 3664 1040 Apostoli
3722 972 3969 1042 pleniter
4037 972 4344 1026 declaratur

2695 1061 2998 1114 sacerdotis
3013 1060 3228 1131 judicio
3259 1058 3555 1130 poeniteat.

3119 1148 3245 1201 CAP.
3293 1148 3428 1201 LIII.
3462 1176 3528 1185 —
3561 1151 3634 1201 De
3663 1146 3846 1200 eadem
3878 1163 3952 1201 re.

2767 1236 2884 1305 (Ea:
2913 1236 3134 1300 eodem.)
3165 1235 3271 1300 Qui
3303 1237 3692 1289 contentiosus
3723 1242 3821 1288 aut
3843 1252 4222 1290 murmurans
4251 1237 4344 1289 exti

2696 1324 2846 1389 terit,
2869 1324 3178 1377 secundum
3212 1323 3511 1376 arbitrium
3558 1323 3766 1394 prioris
3802 1323 3880 1377 ita
3914 1323 4224 1396 pceniteat,
4257 1341 4344 1394 qua

2699 1412 2826 1465 liter
2845 1412 3028 1482 culpae
3056 1413 3300 1482 qualitas
3324 1416 3493 1464 extat.

3121 1500 3247 1553 CAP.
3300 1501 3427 1554 LIV.
3466 1529 3526 1539 —
3563 1503 3636 1554 De
3666 1499 3849 1553 eadem
3877 1516 3952 1553 re.

2771 1589 3074 1656 (Apostolus
3118 1589 3295 1657 dicit.)
3354 1589 3659 1659 Apostolus
3712 1589 3892 1642 dicit:
3963 1588 4184 1642 Omnes
4240 1588 4344 1642 facit

2700 1677 2819 1730 sine
2853 1677 3420 1730 murmurationibus.
3453 1677 3690 1730 Alienus
3722 1677 3795 1731 sit
3823 1693 3856 1730 a
3902 1677 4151 1731 fratrum
4183 1679 4344 1732 unital

2699 1764 2799 1834 qui
2832 1771 3172 1830 murmurat,
3206 1771 3261 1818 et
3291 1781 3434 1834 opus
3463 1766 3583 1835 ejus
3604 1765 3930 1834 abjiciatur.

3104 1854 3241 1906 CAP.
3279 1854 3383 1906 LV.
3417 1883 3484 1892 ——
3515 1857 3586 1907 De
3617 1855 3979 1907 contentiosis.

2769 1941 2876 2004 (Ea:
2899 1939 3040 1993 decr.
3073 1942 3296 2010 Hylarii
3321 1957 3500 2010 papae,
3550 1946 3724 2010 capite
3764 1944 3868 2008 l5.)
3903 1941 3958 1995 Si
3998 1939 4131 2012 quis
4179 1940 4344 1995 videtr

2696 2028 3084 2082 contentiosus
3111 2045 3251 2094 esse,
3287 2030 3510 2082 dicente
3543 2029 3815 2099 ApostoIo
3844 2045 3856 2082 :
3886 2030 3998 2082 Nos
4022 2029 4203 2082 talem
4267 2047 4344 2082 cer

2699 2116 3064 2170 suetudinem
3121 2133 3236 2170 non
3285 2118 3585 2183 habemus,
3653 2133 3840 2188 neque
3893 2117 4139 2170 Ecclesia
4201 2118 4313 2183 Dei,

2699 2205 2826 2276 quis
2848 2205 2953 2258 hoc
2984 2205 3117 2258 facit
3146 2210 3374 2258 notetur
3407 2223 3705 2276 usquequo
3735 2205 4074 2275 corrigatur.

2771 2293 2896 2346 CAP.
2944 2293 3072 2346 LVI.
3103 2323 3171 2333 —
3204 2297 3276 2347 De
3307 2295 3421 2348 illis
3454 2298 3623 2362 quiin
3654 2296 3843 2360 lingua
3872 2296 4066 2348 lascivi
4090 2295 4318 2360 fuerint.

2773 2383 2882 2447 (Ea:
2909 2385 3280 2450 paenitentiali
3325 2385 3578 2451 Theodo.)
3611 2385 3670 2438 Si
3720 2385 3849 2454 quis
3878 2386 4124 2438 lascivus
4180 2384 4241 2438 in
4287 2384 4344 2436 Iir

2703 2485 2815 2540 gua
2844 2470 3034 2538 fuerit,
3076 2471 3337 2525 triduana
3369 2473 3704 2541 pcenitentia
3729 2474 4012 2542 expietur.

2703 2577 2829 2632 CAP.
2885 2577 3048 2632 LVII.
3073 2607 3140 2618 —
3185 2581 3256 2632 De
3286 2580 3394 2632 illis
3421 2582 3517 2647 qui
3545 2595 3640 2647 per
3685 2581 3868 2634 odium
3898 2580 4229 2635 dissidentes
4267 2587 4343 2632 ert

3459 2653 3639 2703 ter-int.

2776 2735 2878 2800 (Ex
2907 2736 3066 2790 dictis
3098 2738 3152 2791 S.
3189 2735 3429 2799 Isidori.)
3461 2738 3515 2790 Si
3548 2738 3676 2807 quis
3706 2739 3920 2793 discors
3950 2742 4005 2791 et
4049 2737 4308 2808 litigans,
4341 2762 4343 2780 ι

2704 2841 2805 2894 per
2847 2825 3040 2878 odium
3096 2825 3379 2878 dissidens
3429 2826 3701 2892 extiterit,
3735 2842 3990 2896 quosque
4041 2826 4115 2879 ad
4183 2842 4341 2879 concc

2706 2913 2860 2965 diam
2918 2913 3132 2978 redeat,
3164 2929 3198 2966 a
3250 2918 3528 2967 conventu
3586 2919 3642 2968 et
3695 2915 3962 2969 societate
4021 2915 4344 2980 Ecclesiae“

904 2999 1132 3064 gratum
1189 2994 1480 3049 servitium
1529 2996 1581 3049 ei
1632 2998 1984 3063 exhibentes,
2038 3003 2169 3068 post
2220 2998 2366 3052 hanc
2423 2999 2593 3052 vitam
2628 3000 2667 3054 C
2704 3017 2951 3054 canones
2980 3001 3201 3070 jubent,
3235 3002 3454 3054 alienus
3487 3003 3711 3056 existat.

903 3098 1008 3153 per
1039 3083 1163 3152 ejus
1191 3081 1432 3152 gratiam
1473 3099 1800 3138 mereamur
1854 3085 2268 3139 beatitudinem
2305 3086 2593 3156 possidere

905 3169 1311 3240 sempiternam
1323 3210 1335 3222 .

909 3276 1041 3347 CAP.
1067 3275 1294 3347 XLVIII.
1323 3305 1391 3316 -—
1419 3279 1492 3330 De
1521 3277 1886 3331 sacerdotibus
1915 3282 1964 3331 et
1983 3282 2208 3347 reliquis
2225 3282 2596 3334 ecclesiasticis

944 3345 1226 3400 ordinibus
1255 3348 1352 3414 qui
1379 3361 1584 3413 magos,
1631 3350 1850 3412 ariolos,
1881 3353 1977 3401 aut
2004 3345 2214 3403 divinos
2261 3353 2558 3404 consulunt.

982 3433 1093 3502 (Ea:
1120 3435 1338 3487 concilio
1375 3436 1638 3502 Toletan.,
1673 3438 1848 3503 capite
1894 3437 2003 3504 29.)
2036 3437 2090 3490 Si
2122 3438 2249 3506 quis
2278 3438 2598 3507 episcopus,

909 3525 1009 3574 aut
1034 3521 1348 3589 presbyter,
1380 3522 1494 3575 sive
1543 3523 1835 3592 diaconus,
1865 3525 1954 3578 vel
1987 3525 2228 3594 quilibet
2275 3542 2341 3579 ex
2397 3527 2598 3580 ordine

908 3608 1265 3676 clericorum,
1297 3625 1516 3680 magos,
1565 3616 1666 3665 aut
1721 3612 2027 3681 aruspices,
2081 3618 2178 3667 aut
2233 3615 2461 3682 ariolos,
2512 3615 2598 3668 vel

908 3696 1226 3768 sortilegos,
1257 3701 1356 3751 aut
1411 3714 1510 3751 eos
1558 3698 1658 3768 qui
1689 3700 2029 3768 profitentur
2081 3707 2260 3754 artem
2321 3703 2594 3772 aliquam,

906 3790 1005 3839 aut
1035 3785 1253 3856 aliquos
1285 3802 1485 3840 eorum
1516 3786 1723 3841 similia
1765 3794 2087 3841 exercentes
2142 3791 2443 3844 consulens
2477 3791 2597 3845 fue-

909 3872 984 3925 rit
1013 3872 1420 3941 deprehensus,
1466 3874 1536 3926 ab
1565 3875 1782 3927 honore
1812 3875 2103 3946 dignitatis
2133 3894 2248 3931 sum
2284 3879 2595 3948 depositus,

910 3960 1322 4013 monasterium
1349 3961 1662 4029 ingressus,
1705 3961 1899 4033 ibique
1930 3969 2218 4034 perpetuae.
2249 3966 2599 4035 poenitentia:

911 4047 1155 4114 deditus,
1187 4048 1366 4100 scelus
1397 4048 1709 4111 admissum
1741 4051 2020 4122 sacrilegii
2047 4053 2183 4106 luat.

987 4151 1113 4206 CAP.
1137 4152 1314 4207 XLIX.
1333 4181 1397 4194 —
1421 4155 1492 4207 De
1516 4155 1746 4290 illisfqui
1765 4157 2121 4281 ad‘fascinum
2138 4161 2528 4214 incantationes

1653 4241 1822 4280 ecerm
1854 4269 1866 4282 .

1653 4241 1866 4282 εοενιηε.

986 4310 1096 4366 (Ea:
1143 4311 1360 4365 concilio
1387 4311 1680 4380 Cabillon.,
1721 4318 1896 4383 capite
1925 4317 2002 4385 5.)
2032 4315 2088 4369 Si
2119 4316 2246 4386 quis
2283 4323 2594 4386 praecanta-

917 4399 1060 4452 verit
1106 4398 1174 4452 ad
1230 4398 1524 4463 fascinum,
1585 4403 1671 4456 vel
1703 4405 2128 4472 qualescunque
2163 4406 2598 4473 praecantiones,

923 4487 1169 4558 exceptis
1225 4487 1496 4558 Symbolo
1554 4494 1610 4543 et
1671 4491 1928 4544 oratione
1985 4492 2301 4558 Dominica,
2339 4494 2438 4563 qui
2469 4511 2598 4548 can-

915 4580 1018 4641 tat,
1054 4579 1109 4630 et
1137 4575 1234 4646 qui
1279 4581 1562 4642 cantatur,
1596 4583 1712 4632 tres
1741 4579 2214 4648 Quadragesimas
2239 4581 2299 4634 in
2347 4598 2496 4652 pane
2548 4587 2604 4636 et

922 4680 1070 4733 aqua
1107 4665 1397 4735 pmniteat.

1021 4773 1148 4827 CAP.
1185 4773 1243 4826 L.
1279 4803 1346 4812 —-
1391 4772 1548 4836 Quod
1576 4771 1958 4826 dmoniacum
1988 4779 2168 4841 petras
2197 4776 2281 4829 vel
2307 4776 2497 4832 herbas

1266 4845 1382 4896 sine
1417 4845 1784 4895 incantatione
1816 4844 1973 4898 liceat
2010 4852 2243 4912 portare.

987 4929 1108 4998 (Ea:
1161 4928 1322 4982 dictis
1377 4927 1649 4996 Hierony.)
1709 4929 2065 4983 Daemonium
2117 4931 2422 4986 sustinenti
2474 4932 2604 4987 licet

915 5022 1106 5087 petras
1131 5017 1220 5069 vel
1249 5013 1466 5074 herbas.
1486 5015 1696 5069 habere
1724 5016 1844 5071 sine
1874 5018 2280 5074 incantatione.

986 5122 1115 5177 CAP.
1157 5121 1242 5174 LI.
1290 5150 1359 5159 —
1393 5123 1460 5175 Ut
1487 5122 1737 5175 maledici
1764 5126 1874 5176 nisi
1896 5139 1951 5177 se
1980 5128 2257 5191 cor-rigant
2311 5141 2534 5192 regnum

1464 5194 1562 5244 Dei
1586 5208 1692 5245 non
1727 5195 2055 5260 possideant.

991 5274 1304 5345 (Apostolus
1333 5274 1512 5344 dicit.)
1543 5277 1842 5345 Apostolus
1875 5278 2055 5330 dicit:
2099 5280 2295 5349 Neque
2340 5281 2603 5334 maledici

917 5377 1160 5432 regnum
1198 5362 1294 5415 Dei
1341 5363 1738 5433 possidebunt.
1773 5364 1827 5418 Si
1869 5366 1998 5436 quis
2041 5365 2144 5418 hoc
2174 5373 2466 5436 peccatum
2498 5369 2603 5423 ad-

919 5450 1160 5517 miserit,
1193 5455 1305 5504 tam
1337 5452 1550 5521 grande
1583 5452 1875 5523 pmniteat,
1937 5469 2108 5523 quam
2141 5456 2356 5524 grande
2394 5473 2605 5528 perpe-

919 5538 1070 5593 ravit
1095 5539 1454 5612 scelus,quod
1486 5558 1518 5595 a
1540 5556 1719 5613 regno
1752 5540 1850 5595 Dei
1880 5557 2000 5598 non
2028 5548 2342 5615 separetur.

2705 3107 2830 3160 CAP.
2865 3107 3048 3160 LVIII.
3083 3137 3150 3146 —
3183 3111 3259 3162 De
3288 3109 3379 3160 illo
3431 3111 3528 3176 qui
3573 3109 3694 3161 odio
3726 3109 3918 3162 habeat
3949 3109 4221 3176 aliquem,
4253 3113 4298 3162 et
4330 3123 4344 3157 ο

3211 3195 3395 3246 pacem
3419 3182 3616 3232 reverti
3634 3181 3883 3232 noluerit.

2792 3265 2898 3332 (Ea:
2929 3264 3154 3332 eodem.)
3176 3265 3230 3319 Si
3260 3266 3388 3336 quis
3435 3267 3566 3319 odio
3599 3266 3768 3319 habet
3817 3267 4094 3336 aliquem,
4132 3267 4220 3320 ita
4252 3273 4344 3318 uta

2702 3368 2900 3422 pacem
2931 3353 3136 3405 reverti
3161 3369 3270 3406 non
3296 3353 3446 3417 velit,
3490 3354 3634 3407 SICllt
3692 3354 3870 3406 sancti
3922 3355 4124 3408 Patres
4210 3360 4343 3406 statui

2705 3445 2860 3507 runt,
2931 3441 3455 3494 excommunicetur
3519 3446 3574 3495 et
3623 3442 3692 3495 ab
3766 3442 4010 3496 Ecclesia
4080 3449 4343 3514 separetu;

2707 3528 2886 3582 donec
2919 3529 3334 3582 reconcilietur.

3139 3618 3265 3670 CAP.
3305 3618 3432 3671 LIX.
3462 3646 3530 3657 —
3569 3620 3642 3671 De
3677 3617 3860 3670 eadem
3885 3633 3960 3671 re.

2777 3706 2884 3768 (Em
2941 3704 3085 3756 decr.
3121 3705 3356 3758 Fabiani
3396 3721 3574 3773 papae,
3617 3710 3792 3774 capite
3824 3705 3900 3774 3.)
3941 3706 3999 3760 Si
4040 3706 4180 3776 quis
4213 3713 4344 3759 cont:

2706 3795 2884 3844 status
2910 3793 3159 3845 noluerit
3189 3793 3545 3846 reconciliari
3599 3794 3976 3847 satisfaciente
4009 3811 4079 3846 eo
4126 3795 4235 3865 qui
4283 3811 4344 3846 CUI

2706 3879 2970 3947 tristavit,
3021 3881 3307 3934 acerrimis
3367 3887 3684 3935 macerctur
3739 3882 3966 3949 inediis,
4024 3898 4223 3953 usque
4281 3884 4337 3935 du

2708 3969 2954 4037 gratanti
2982 3969 3172 4022 animo
3204 3970 3642 4022 satisfactionem
3684 3971 3943 4040 recipiat.

3167 4058 3291 4111 CAP.
3322 4058 3421 4112 LX.
3457 4087 3527 4098 -
3555 4061 3628 4112 De
3650 4059 3835 4111 eadem
3860 4074 3935 4111 re.
3961 4088 3964 4090 -

2779 4142 2883 4210 (Ea:
2911 4143 3134 4210 eodem.)
3165 4144 3221 4198 Si
3251 4145 3378 4215 quis
3410 4162 3520 4198 non
3550 4147 3671 4199 vult
3712 4146 4075 4200 reconciliari
4110 4148 4277 4202 fratri

2630 4273 2671 4326 Β
2711 4246 2881 4301 quem
2914 4231 3043 4284 odio
3084 4232 3270 4297 habet,
3315 4233 3530 4286 tamdiu
3564 4233 3621 4286 in
3655 4250 3803 4304 pane
3839 4240 3895 4287 et
3925 4251 4078 4306 aqua
4113 4237 4344 4306 poenitea

2708 4334 2890 4388 usque
2918 4319 3054 4372 dum
3087 4321 3480 4373 reconcilietur
3512 4321 3582 4374 ei.

3148 4408 3274 4460 CAP.
3310 4408 3440 4461 LXI.
3470 4439 3537 4447 —
3571 4410 3649 4462 De
3676 4408 3857 4462 eadem
3878 4424 3955 4461 re.

2779 4493 2886 4562 (Ex
2938 4496 3156 4548 concilio
3187 4499 3474 4562 Agatensi,
3507 4500 3686 4566 capite
3722 4498 3796 4562 7.)
3830 4497 4051 4550 Placuit
4096 4499 4296 4560 etiam,
4339 4511 4344 4538 τ

2709 4579 2853 4633 sicut
2875 4581 3214 4651 plerumque
3248 4584 3310 4636 ﬁt
3344 4588 3402 4636 ut
3429 4585 3755 4654 quicunque
3786 4590 3882 4638 aut
3907 4586 4248 4657 longinqua
4277 4589 4343 4639 in?»

2708 4684 2766 4720 se
2806 4669 2901 4721 lite
2930 4669 3328 4737 discesserunt,
3356 4676 3410 4724 et
3467 4673 3537 4726 ad
3569 4689 3766 4741 pacem
3830 4676 4095 4728 revocari
4152 4677 4344 4729 diutur‘;

2709 4755 3024 4810 intentione
3053 4759 3434 4827 nequiverint,
3459 4760 3528 4813 de
3571 4760 3829 4814 Ecclesiae
3882 4767 4037 4815 cmtu
4106 4765 4343 4835 justissii:

2710 4845 3299 4899 excommunicatione
3331 4848 3638 4916 pellantur.

2710 4950 2836 5003 CAP.
2873 4950 3024 5004 LXII.
3057 4982 3124 4989 ——
3157 4955 3230 5007 De
3269 4954 3378 5008 illis
3408 4957 3506 5022 qui
3553 4957 3916 5008 contentiones
3946 4960 3997 5009 et
4062 4960 4234 5012 rixas
4277 4975 4343 5008 cm

3447 5028 3642 5077 cerint.

2783 5109 2894 5170 (Er
2927 5109 3122 5175 eodem,
3157 5113 3332 5178 capite
3363 5114 3438 5176 5.)
3468 5112 3524 5165 Si
3555 5113 3682 5182 quis
3709 5111 4130 5169 contentiones
4163 5118 4248 5169 vel
4278 5117 4344 5167 τίς

2711 5197 3004 5261 amaverit,
3038 5199 3124 5250 vel
3168 5199 3534 5253 manifestum
3585 5199 3896 5254 convitium
3938 5201 4088 5256 frati
4149 5205 4343 5258 intuler:

2705 5282 2868 5352 juxta
2889 5284 3190 5338 arbitrium
3215 5287 3447 5340 rectoris
3470 5288 3823 5358 modumque
3844 5292 4102 5358 peccati,
4138 5294 4344 5346 diuturz.

2713 5373 2972 5442 expietur
2992 5375 3343 5442 paenitentia.

2711 5461 2819 5514 CAP
2879 5462 3053 5515 LXIII.
3078 5490 3150 5504 —
3171 5466 3240 5516 De
3270 5465 3378 5516 illis
3405 5466 3502 5533 qui
3520 5465 3708 5530 faciles
3729 5470 3856 5518 sunt
3876 5466 3955 5520 ad
4001 5468 4344 5524 detrahentis

2782 5549 2903 5616 (Ea:
2928 5550 3125 5617 eodem,
3160 5554 3338 5620 capite
3379 5553 3487 5620 IO.)
3527 5553 3583 5607 Si
3621 5552 3750 5624 quis
3778 5561 4106 5626 promptus
4138 5560 4344 5624 facilis-p
